3896 6198
345 352 476 418 ’159

1455 352 1688 416 FLORI
1731 349 2051 416 DIAGONI
2093 349 2670 416 LUGDUNENSIS.

3655 351 3766 414 {60

357 485 635 546 stantiam
664 485 948 546 existendi
977 484 1065 546 vel
1094 485 1453 546 subsistendi
1484 493 1920 560 terram,aquas
1943 491 1999 541 et
2026 487 2082 560 Α
2109 501 2274 558 quam
2303 485 2578 554 occiderit,
2603 486 2760 542 habet
2787 492 3096 559 potestatem
3123 488 3338 546 mittere
3358 503 3419 543 2n
3434 485 3765 558 gehennam;

357 575 542 651 ignes,
576 577 789 634 herbas
818 583 873 634 et
912 579 1147 634 arbores
1196 583 1251 633 et
1296 594 1658 650 quaecunque
1709 577 1997 648 ejusmodi

355 671 514 734 sunt,
529 666 680 723 sicut
708 665 885 722 etiam
919 666 1185 722 novimus
1216 671 1272 722 et
1293 667 1587 722 credimus
1609 666 2000 722 substantiam

342 755 638 812 'existendi
669 760 726 809 et
747 755 1103 811 subsistendi
1129 755 1339 810 habere
1361 755 1588 810 animas
1614 754 2004 821 hominum,et

355 843 601 916 spiritus
629 843 968 916 angelorum
995 845 1283 899 bonorum
1315 843 1434 900 sive
1484 843 1899 916 malignorum.
1935 844 2002 898 Et

356 931 1234 1005 proptereaafﬁrmatdiabolicaa
1248 932 1720 1004 praesumptionis
1733 932 1996 1000 audacia,

353 1021 537 1077 Deum
569 1020 726 1077 solas
756 1038 949 1076 rerum
983 1021 1347 1076 substantias
1377 1025 1433 1075 et
1467 1020 1614 1076 scire
1645 1026 1700 1075 et
1735 1019 2000 1091 praescire

354 1114 411 1166 et
429 1110 838 1182 praedestinare
871 1109 1156 1181 potuisse;
1191 1127 1258 1164 ea
1305 1126 1438 1165 vero
1485 1126 1612 1180 quae
1661 1108 1806 1182 ipsis
1860 1111 1997 1164 sub-

354 1199 588 1254 stantiis
619 1199 908 1254 contraria
939 1202 994 1252 et
1037 1197 1288 1270 poenalia
1333 1203 1490 1265 sunt,
1526 1198 1664 1270 quia
1710 1198 1997 1253 existendi

345 1288 740 1344 substantiam
774 1304 888 1342 non
921 1286 1502 1350 habent,nullatenus
1532 1305 1565 1342 a
1595 1287 1710 1342 Deo
1743 1287 1997 1359 praesciri

348 1377 436 1433 vel
470 1375 900 1450 praedestinari;
933 1394 999 1432 ac
1029 1393 1132 1448 per
1163 1376 1269 1430 hoc
1301 1393 1406 1431 nec
1437 1375 1571 1431 sciri
1606 1376 1886 1448 potuisse.

418 1467 568 1539 Ergo
599 1483 701 1522 nec
725 1470 1029 1538 peccatum
1059 1465 1232 1537 primi
1264 1464 1520 1520 hominis
1544 1465 1995 1538 przescivit,quia

345 1560 643 1628 peccatum
671 1555 1063 1610 substantiam
1087 1553 1368 1609 existendi
1391 1571 1503 1609 non
1530 1554 1728 1621 habet;
1757 1572 1860 1609 nec
1884 1572 1996 1627 pm-

345 1660 478 1698 nam
501 1641 718 1714 peccati
745 1641 1117 1713 prazscivit,id
1149 1647 1236 1696 est
1258 1641 1996 1714 mortem,miseriam,sup-

343 1730 582 1804 plicium
615 1731 1039 1803 sempiternum
1068 1747 1080 1785 :
1108 1730 1247 1802 quia
1266 1729 1389 1785 bene
1404 1729 1674 1786 similiter
1704 1731 1761 1785 in
1785 1731 1994 1804 scipsis

341 1819 808 1876 substantialiter
839 1836 951 1874 non
981 1818 1256 1874 existunt.
1291 1823 1354 1872 Et
1385 1819 1482 1874 ubi
1515 1823 1605 1873 est
1642 1821 1797 1891 quod
1849 1819 1992 1876 fides

339 1908 678 1965 firmissime
735 1913 794 1964 et
849 1907 1232 1964 immobiliter
1282 1912 1485 1963 tenet:
1520 1907 1990 1981 Omnipotentcm

339 1998 526 2054 Deum
539 1997 840 2054 verissime
859 1997 1170 2069 praescium
1192 2013 1321 2052 esse
1345 1997 1674 2056 futurorum
1687 1997 1986 2053 omnium:

341 2086 440 2142 ubi
453 2091 544 2144 est
565 2087 719 2158 quod
737 2103 837 2158 per
851 2085 1163 2158 prophetas
1175 2084 1400 2154 suos,in
1413 2085 1733 2157 Scripturis
1745 2087 1987 2152 sanctis,

339 2179 426 2234 tot
454 2180 690 2248 peccata
717 2174 1149 2242 huminum,tot
1179 2192 1400 2246 pmnas,
1424 2179 1481 2230 et
1509 2174 1705 2231 clades
1737 2179 1792 2230 et
1815 2176 1988 2230 mise-

339 2263 456 2322 rias
487 2268 858 2337 peccatorum
889 2263 1098 2336 spiritu
1125 2281 1230 2319 suo
1259 2268 1533 2320 venturas
1563 2264 1858 2335 przedicit?
1880 2265 1986 2321 Ubi

339 2353 515 2409 etiam
547 2353 701 2426 quod
725 2352 851 2425 ipse
884 2351 1220 2424 unigenitus
1241 2352 1339 2408 Dei
1365 2351 1568 2417 Filius,
1591 2351 1691 2424 qui
1721 2357 1811 2409 est
1832 2354 1988 2408 Veri-

338 2446 430 2499 tas
449 2446 691 2510 ‘cterna,
715 2446 800 2497 tot
830 2441 1266 2514 persecutiones
1292 2440 1558 2497 Ecclesiae
1592 2459 1732 2508 suaa,
1757 2445 1843 2498 tot
1863 2441 1988 2498 bel-

338 2529 529 2588 lorum
553 2529 992 2598 commotiones,
1021 2535 1079 2586 ct
1107 2529 1372 2586 laborum
1403 2547 1470 2586 ac
1501 2534 1791 2587 terrorum
1825 2548 1986 2603 pres-

340 2637 532 2688 suras,
565 2624 934 2676 terrtemotus
965 2619 1140 2676 etiam
1171 2624 1230 2675 ct
1278 2619 1663 2691 pestilentias,
1697 2624 1753 2676 et
1801 2620 1986 2676 fames

339 2709 543 2782 utique
575 2708 932 2781 prmscicndo
964 2708 1333 2781 praenuntiat,
1359 2713 1416 2764 et
1459 2713 1521 2764 ut
1560 2709 1986 2780 patientissime

317 2815 374 2854 'a
399 2797 525 2854 suis
555 2797 1126 2854 tolerenturmouet?
1147 2814 1252 2852 cur
1280 2802 1400 2853 tam
1439 2803 1706 2871 apertum
1741 2799 1984 2855 menda-

334 2887 514 2954 cium,
537 2888 655 2943 imo
683 2892 804 2942 tam
839 2887 1161 2944 inauditam
1193 2891 1250 2942 et
1281 2887 1524 2959 impiam
1557 2886 1984 2960 blasphemiam

333 2975 444 3034 iste
475 2977 694 3050 impius
724 2976 981 3049 proferre
1011 2993 1194 3034 ausus
1225 2981 1333 3044 est,
1349 2981 1554 3032 contra
1574 2976 1755 3033 totius
1771 2981 1984 3033 sancte

314 3066 598 3124 Ecclesia:
630 3067 826 3138 fidem,
847 3070 1050 3122 contra
1079 3065 1512 3138 Scripturarum
1543 3064 1866 3122 cmlestium
1887 3083 1983 3122 ve-

331 3156 584 3222 ritatem,
616 3159 819 3211 contra
847 3155 1308 3226 omnipotentem
1340 3154 1439 3210 Dei
1473 3155 1838 3226 majestatcm
1884 3172 1981 3210 ore

2115 577 2190 630 ita
2217 574 2336 630 dico
2364 577 2533 644 vobis,
2567 575 2713 631 hunc
2741 577 2922 633 timete
2952 577 3101 649 (Luc.
3135 595 3234 641 xu,
3257 579 3332 647 5).
3364 577 3483 633 Iste
3513 581 3711 633 autem
3738 594 3764 633 e

2110 662 2402 718 contrario
2425 663 2566 718 dicit
2597 681 2802 721 omnes
2828 683 3057 737 pcenam
3083 666 3510 738 suppliciorum
3536 669 3766 723 aeterna-

2111 751 2405 819 lium,tam
2429 751 2736 809 hominum
2761 771 2938 825 quam
2961 753 3302 827 angelorum
3319 753 3763 826 malorumque:

2112 839 2227 895 illis
2241 841 2597 896 comminata
2616 846 2672 896 et
2684 849 3008 915 praeparata
3029 844 3434 912 sunt,omnino
3451 843 3602 899 nihil
3621 860 3762 899 esse.

2111 929 2168 984 Si
2201 933 2397 984 autem
2431 946 2610 1001 paenae
2642 935 2869 986 aeterna:
2902 931 3295 1004 malignorum
3335 932 3684 1005 angelorum
3715 937 3765 988 et

2108 1016 2414 1074 hominum
2446 1019 2838 1090 pessimorum
2871 1020 3291 1092 prmdestinatze
3315 1038 3431 1076 non
3457 1022 3760 1093 sunt,quid

2106 1107 2362 1178 estquod
2379 1107 2897 1180 ipsejustusjudcx
2910 1109 3566 1184 etdamnatoripsorum
3588 1111 3648 1165 in
3673 1110 3762 1166 ille

2095 1194 2322 1267 judicio
2344 1213 2406 1252 se
2429 1196 2724 1252 dicturum
2749 1197 3047 1269 prmdixit:
3072 1199 3166 1266 Ite,
3181 1198 3480 1264 maledicti,
3503 1202 3562 1254 in
3587 1201 3761 1268 ignem

2105 1288 2498 1356 teternum.qui
2510 1294 2740 1357 paratus
2750 1295 2826 1342 est
2845 1287 3058 1342 diabolo
3079 1296 3132 1344 et
3147 1289 3362 1358 angelis
3382 1289 3502 1360 ejus
3517 1292 3545 1343 ?
3557 1288 3757 1356 (Matth.

2103 1390 2229 1441 xxv,
2263 1375 2377 1441 41.)
2400 1374 2456 1429 Si
2487 1379 2726 1445 paratus
2760 1374 3046 1447 utique,et
3069 1377 3545 1448 praedestinatus,
3564 1395 3643 1432 an
3665 1395 3758 1432 an-

2103 1462 2249 1534 gelis
2279 1463 2575 1518 damnatis
2598 1468 2655 1519 et
2674 1464 3028 1520 damnandis
3047 1471 3137 1521 est
3159 1465 3618 1538 praedestinatus
3635 1486 3647 1534 ;
3665 1466 3759 1522 im-

2103 1551 2218 1622 piis
2246 1556 2464 1615 autem,
2502 1552 2602 1623 qui
2625 1553 2828 1609 eodem
2852 1558 3066 1610 aeterno
3089 1555 3208 1626 igni
3231 1554 3446 1627 pariter
3479 1556 3757 1628 puniendi

2103 1645 2382 1709 sunt,non
2402 1646 2489 1696 est
2509 1646 2747 1713 paratus
2773 1659 2873 1697 nec
2899 1643 3390 1714 praedestinatus?
3413 1643 3526 1700 Sed
3554 1645 3761 1718 praede-

2101 1729 2345 1784 stinatas
2370 1730 2568 1802 impiis
2590 1748 2791 1802 pmnas
2813 1736 2869 1786 et
2885 1732 3180 1804 supplicia
3205 1733 3573 1804 sempiterna
3585 1735 3759 1790 etiam

2101 1818 2338 1872 beatum
2363 1818 2982 1891 Enoch,patriarcham
3003 1820 3481 1893 antiquissimum
3507 1823 3763 1896 (quiam-

2101 1905 2324 1962 bulavit
2353 1924 2486 1962 cum
2521 1913 2651 1974 Deo,
2678 1912 2735 1962 ct
2765 1925 2877 1963 non
2910 1909 3257 1981 comparuit,
3290 1910 3430 1982 quia
3461 1912 3606 1967 tulit
3628 1930 3759 1967 eum

2099 1993 2576 2068 Dominus),ante
2607 1996 2893 2053 diluvium
2925 1998 3556 2071 prephetasse,beatus
3577 2001 3760 2058 Judas

2097 2083 2417 2155 apostolus,
2463 2085 2711 2158 loquens
2758 2087 2828 2142 de
2888 2087 3257 2160 impiissimis
3315 2089 3614 2147 haereticis
3659 2092 3760 2162 qui

2097 2172 2242 2243 ipsis
2273 2174 2633 2245 temporibus
2654 2174 3053 2246 apostolorum
3088 2177 3436 2250 impugnare
3453 2185 3763 2250 amperunt

2097 2260 2414 2318 Ecclesium
2443 2262 2558 2329 Dei,
2592 2261 2674 2318 ita
2706 2267 2954 2320 testatur
2985 2265 3184 2322 dicens
3217 2283 3230 2321 :
3263 2268 3621 2338 Prophetavit
3661 2286 3761 2323 au-

2096 2357 2201 2406 tem
2229 2359 2278 2405 et
2306 2350 2370 2406 de
2400 2351 2486 2407 his
2526 2355 2788 2424 septimus
2839 2352 2908 2408 ad
2936 2353 3108 2410 Adam
3147 2357 3336 2411 linoch
3361 2355 3553 2412 dicens
3583 2373 3596 2410 :
3633 2357 3763 2412 Ecce

2095 2441 2240 2495 venit
2268 2442 2535 2497 Dominus
2565 2443 2626 2496 in
2653 2443 2860 2497 sanctis
2881 2442 3128 2499 millibus
3145 2446 3262 2500 suis
3279 2446 3463 2516 facere
3473 2445 3762 2516 judicium

2093 2536 2282 2584 contra
2310 2546 2516 2595 omnes,
2545 2539 2596 2587 et
2639 2547 2872 2601 arguere
2919 2548 3103 2588 omnes
3153 2535 3349 2605 impio:
3395 2533 3460 2590 de
3499 2537 3761 2594 omnibus

2093 2618 2345 2688 operibus
2372 2620 2670 2691 impietatis
2698 2636 2906 2685 eorum,
2941 2621 3135 2692 quibus
3168 2624 3336 2694 impie
3363 2633 3682 2692 egerunt,et
3700 2625 3762 2680 de

2094 2708 2347 2764 munibus
2374 2707 2548 2776 duris,
2564 2724 2690 2780 qua:
2718 2710 2884 2765 locuti
2911 2718 3039 2765 sunt
3065 2719 3255 2767 contra
3284 2727 3410 2767 eum
3447 2722 3760 2784 peccatores

2096 2797 2256 2868 impii
2284 2796 2432 2864 (Iud.
2466 2796 2554 2861 l4,
2592 2799 2701 2868 15).
2738 2797 3166 2870 llocjudicium
3196 2799 3605 2856 damnationis
3651 2801 3760 2857 im-

2095 2883 2324 2958 piorum
2353 2890 2409 2941 et
2437 2885 2774 2957 iniquorum
2797 2891 2853 2943 et
2874 2886 3412 2959 blasphemantium
3436 2889 3758 2947 hominum

2095 2975 2166 3030 ab
2200 2971 2363 3028 initio
2395 2972 2600 3029 mundi
2631 2979 2751 3030 tam
2805 2974 3151 3031 mirabiliter
3192 2977 3563 3048 praedictum,
3599 2984 3660 3034 et
3700 2978 3759 3038 in

2093 3063 2268 3119 tinem
2317 3062 2523 3120 mundi
2571 3062 2872 3120 verissime
2923 3063 3289 3137 implendum
3327 3066 3503 3121 etiam
3542 3067 3758 3124 beatus

2091 3151 2298 3208 Petrus
2329 3151 2630 3224 apostolus
2660 3152 2754 3208 his
2784 3151 2976 3208 verbis
3008 3152 3544 3223 denuntiat,dicens
3572 3174 3586 3211 :
3616 3160 3756 3214 Fue-

330 3242 613 3315 sacrilego
661 3246 718 3298 et
761 3242 956 3298 verbis
1007 3224 1204 3314 impiis
1251 3224 1676 3314 obstrependo?
1705 3243 1850 3306 Quid
1893 3224 2054 3299 est-C
2092 3249 2224 3296 runt
2271 3257 2392 3297 vero
2440 3248 2492 3298 et
2527 3240 3013 3314 pseudOprop’ieta’
3059 3245 3119 3297 in
3162 3244 3382 3314 populo,
3413 3245 3561 3300 sicut
3612 3249 3752 3301 etin

315 3335 527 3390 autem
559 3331 715 3403 quod
747 3330 806 3385 in
840 3335 1072 3386 tantum
1122 3327 1434 3385 consilium
1483 3335 1541 3384 et
1577 3330 1978 3404 deceptionem

329 3418 548 3476 diaboli
582 3416 799 3474 imitari
830 3422 887 3473 et
907 3418 1185 3490 adjuvare
1203 3421 1540 3482 conatur,ut
1559 3435 1630 3473 ea
1651 3436 1776 3490 qua:
1801 3419 1978 3474 veris-

333 3508 482 3568 sime
509 3512 569 3564 et
585 3506 912 3562 certissime
933 3504 1145 3578 impios
1167 3522 1444 3578 passuros
1457 3506 1610 3562 Deus
1632 3509 1983 3578 praenuntiat

335 3599 394 3650 et
423 3594 840 3660 comminatur,
873 3594 930 3648 id
963 3598 1051 3648 est
1083 3598 1297 3648 aeterna
1330 3593 1635 3666 supplicia,
1662 3594 1771 3651 iste
1810 3595 1980 3652 labiis

336 3682 556 3754 iniquis
585 3687 641 3739 et
671 3681 871 3754 lingua
911 3683 1115 3738 dolosa
1163 3681 1318 3737 velut
1366 3683 1765 3754 peccatoribus
1816 3684 1981 3741 blan-

335 3772 549 3829 diendo
567 3772 818 3827 afﬁrmet
847 3770 992 3828 nihil
1015 3787 1172 3838 esse;
1203 3771 1357 3827 sicut
1381 3787 1620 3843 serpens
1644 3771 1700 3826 in
1726 3772 1984 3844 initio,ut

333 3863 616 3917 terrorem
649 3859 879 3928 mortis,
909 3877 1086 3933 quam
1122 3864 1272 3916 Deus
1303 3858 1696 3917 comminatus
1719 3862 1925 3930 fuerat,
1947 3880 1983 3918 a

336 3950 508 4006 corde
538 3948 795 4006 hominis
823 3949 1239 4016 excluderet,et
1267 3949 1339 4004 ad
1357 3949 1633 4020 peccandi
1655 3950 1983 4008 delectatio-

335 4055 468 4096 nem
498 4041 832 4111 provocaret
863 4055 876 4094 :
909 4054 1273 4111 nequaquam,
1315 4037 1415 4106 ait,
1449 4046 1620 4094 morte
1668 4042 1984 4096 moriemini

337 4127 487 4198 (Gen.
521 4145 605 4194 ιιι,
639 4129 720 4198 4);
755 4127 836 4184 ita
865 4144 1120 4199 namque
1149 4131 1206 4182 et
1235 4127 1365 4193 iste,
1387 4127 1675 4200 serpentis
1697 4128 1978 4199 imitator,

335 4216 580 4273 dicendo
611 4216 763 4288 quod
797 4219 1091 4272 tormenta
1121 4219 1353 4283 eterna,
1388 4233 1516 4288 quae
1549 4221 1702 4273 Deus
1723 4223 1983 4290 peccato~

335 4305 500 4361 ribus
527 4303 858 4369 denuntiat,
893 4303 1038 4359 nihil
1074 4308 1233 4372 sunt,
1265 4304 1405 4376 quid
1436 4303 1596 4360 aliud
1629 4305 1768 4379 agit,
1803 4324 1982 4378 quam

323 4398 403 4448 ut
429 4398 710 4448 terrorem
745 4392 1043 4450 salubrem
1073 4411 1108 4450 a
1137 4393 1414 4450 cordibus
1463 4393 1828 4449 audientium
1879 4394 1984 4450 tol-

337 4481 688 4553 lat,~eosque
717 4482 790 4538 ad
840 4483 1202 4554 peccandum
1247 4482 1503 4538 infrenos
1549 4491 1610 4537 et
1655 4481 1984 4554 pra-cipites

335 4570 560 4626 reddat.

406 4659 477 4714 Et
491 4658 621 4716 ideo
638 4658 1119 4716 constantissime
1137 4663 1196 4714 et
1214 4657 1498 4714 immobili
1526 4658 1638 4714 ﬁde
1663 4660 1872 4716 tenend
1885 4677 1980 4716 um

333 4747 790 4821 omnipotentem
812 4749 998 4805 Deum
1030 4747 1228 4804 omnia
1257 4747 1455 4802 futura
1485 4747 1774 4817 praascire,
1799 4748 1855 4803 id
1891 4753 1981 4804 est

335 4837 488 4893 bona
507 4841 562 4893 et
583 4837 870 4907 mala,nec
892 4835 1082 4893 solum
1107 4839 1346 4891 naturas
1369 4835 1632 4890 omnium
1657 4852 1991 4904 rerum,an-.

333 4930 570 5000 tequam
587 4943 686 4982 eas
708 4923 1258 4996 crearet,praascisse
1273 4941 1286 4989 ;
1303 4924 1404 4979 sed
1427 4923 1602 4978 etiam
1620 4941 1982 4999 quaecunque

332 5014 477 5088 ipsis
491 5016 715 5071 naturis
728 5019 1114 5086 possuntesse
1126 5011 1503 5080 contraria,et
1517 5013 1766 5084 pmnalia
1778 5015 1982 5071 simili-

333 5108 419 5159 ter
446 5103 768 5176 przescisse.
788 5103 914 5158 Non
947 5101 1084 5174 quia
1105 5100 1572 5156 substantialiter
1593 5103 1980 5170 existunt,sed

333 5194 474 5264 quia
504 5191 853 5247 substantiis
884 5192 957 5247 ab
987 5207 1052 5246 eo
1100 5187 1352 5245 conditis
1401 5189 1702 5262 pmnaliter
1748 5198 1977 5249 nocent.

335 5281 494 5335 Hanc
522 5279 678 5334 enim
706 5280 882 5335 (idem
903 5277 1204 5349 Scriptura
1235 5277 1542 5334 conﬁrmat
1579 5280 1779 5336 dicens
1803 5299 1816 5337 :
1841 5283 1981 5339 Deus

331 5377 552 5432 aeterne,
581 5369 678 5437 qui
705 5367 1142 5422 absconditorum
1170 5382 1224 5420 es
1252 5369 1518 5434 cognitor,
1550 5371 1648 5439 qui
1675 5377 1818 5426 nosti
1865 5389 1980 5426 om-

331 5459 430 5511 nia
461 5463 754 5527 antequam
782 5455 920 5524 ﬁant
948 5456 1108 5522 (Dan.
1141 5472 1259 5522 xm,
1294 5456 1402 5528 42).
1429 5457 1497 5511 Et
1539 5455 1663 5530 ipse
1697 5460 1979 5516 Dominus

336 5544 393 5599 in
443 5541 750 5616 Evangelio
799 5543 869 5598 de
912 5542 1005 5600 his
1053 5542 1252 5601 ﬁdeles
1299 5561 1438 5602 suos
1488 5550 1684 5615 terret,
1727 5547 1974 5605 dicens:

336 5631 621 5707 Ostendam
649 5632 796 5688 vobis
814 5647 972 5704 quem
999 5635 1232 5692 linteatis
1258 5653 1276 5690 :
1301 5637 1496 5697 Timete
1534 5653 1660 5692 eum
1688 5638 1802 5710 qui,
1829 5645 1977 5709 post-

2087 3329 2237 3385 vobis
2265 3338 2426 3385 erunt
2455 3331 2716 3400 magistri
2743 3329 3046 3397 mendaces,
3077 3333 3178 3402 qui
3207 3331 3555 3390 introducent
3573 3344 3753 3391 sectas

2084 3418 2427 3490 perditionis,
2457 3426 2508 3474 et
2533 3434 2659 3474 eum
2687 3420 2786 3490 qui
2806 3420 2936 3475 emit
2963 3435 3048 3475 eos
3071 3421 3368 3476 Dominum
3396 3432 3632 3493 negant,
3663 3440 3754 3480 su-

2084 3507 2436 3580 perdueentes
2463 3508 2574 3562 sibi
2597 3508 2824 3563 celerem
2843 3508 3204 3579 perditionem
3229 3510 3306 3580 (II
3316 3511 3464 3566 Petr.
3490 3528 3552 3578 ιι,
3579 3513 3663 3585 4).
3678 3513 3756 3568 De

2090 3596 2307 3667 quibus
2331 3601 2390 3650 et
2420 3595 2592 3668 paulo
2621 3600 2754 3668 post
2781 3595 3049 3670 adjungit
3076 3614 3088 3651 :
3115 3597 3321 3666 Quibus
3330 3599 3620 3671 judicium
3632 3603 3759 3673 jam

2089 3686 2223 3742 olim
2249 3701 2359 3740 non
2389 3693 2580 3751 cessat,
2595 3693 2646 3742 et
2670 3685 2906 3757 perditio
2937 3702 3125 3744 eorum
3146 3703 3255 3743 non
3275 3687 3540 3744 dormitat
3565 3690 3758 3757 (Ibid.,

2087 3775 2166 3843 3).
2192 3773 2250 3828 Si
2279 3790 2416 3846 ergo
2448 3773 2767 3845 quaerimus
2802 3774 2973 3830 istius
3013 3773 3222 3845 judicii
3268 3781 3549 3832 aeternam
3596 3779 3756 3851 apud

2090 3863 2273 3918 Deum
2309 3862 3228 3934 praedestinationem,audiamus
3259 3863 3575 3937 vigilanter
3597 3867 3757 3940 quod

2091 3951 2172 4007 ait
2207 3969 2219 4005 :
2255 3952 2463 4018 Quibus
2485 3951 2607 4022 jam
2635 3952 2768 4007 olim
2787 3951 3066 4022 judicium
3095 3968 3204 4008 non
3231 3953 3485 4020 cessat,id
3519 3961 3759 4024 est,non

2093 4056 2246 4095 nunc
2281 4039 2536 4111 primum
2561 4039 2933 4110 judicantur;
2970 4056 3076 4096 nec
3100 4044 3240 4097 tunc
3273 4043 3533 4114 primum
3567 4062 3761 4116 quan-

2090 4129 2164 4185 do
2189 4129 2261 4184 de
2292 4144 2530 4200 corpore
2571 4127 2763 4184 exient
2793 4129 2863 4184 ad
2894 4128 3255 4202 supplicium
3297 4131 3760 4204 sempiternum.

2087 4217 2199 4273 Sed
2231 4216 2339 4272 hoc
2360 4216 2655 4288 judicium
2689 4216 3086 4275 damnationis
3109 4233 3312 4274 eorum
3331 4217 3462 4289 jam
3496 4219 3644 4276 olim
3669 4228 3764 4280 est

2092 4306 2412 4372 decretum,
2437 4306 2565 4376 jam
2596 4303 2735 4360 olim
2768 4321 2836 4361 ex
2865 4306 3185 4362 aeternitate
3231 4307 3760 4380 praedestinatum;

2091 4399 2151 4450 et
2173 4394 2299 4466 jam
2331 4392 2471 4448 olim
2521 4393 2606 4448 eis
2657 4392 2971 4466 praeparari
3024 4411 3140 4450 non
3192 4399 3406 4454 cessat.
3441 4395 3502 4451 Si
3556 4403 3761 4454 autem

2094 4482 2414 4556 quaerimus
2443 4497 2570 4553 quae
2601 4498 2771 4554 pmna
2799 4479 2918 4538 illis
2961 4481 3244 4538 inferatur
3289 4482 3390 4538 tali
3415 4485 3678 4556 judicio,
3708 4496 3762 4544 et

2089 4571 2346 4643 perditio,
2381 4569 2594 4642 inquit,
2617 4585 2807 4625 eorum
2833 4587 2945 4627 non
2974 4569 3254 4642 (tenuitati,
3272 4571 3409 4628 item
3431 4573 3504 4628 de
3529 4574 3759 4632 eisdem

2093 4658 2292 4731 impiis
2322 4663 2378 4714 et
2408 4657 2980 4731 blasphematoribus
3014 4659 3170 4716 idem
3214 4659 3518 4732 apostolus
3565 4663 3716 4720 dicit
3744 4681 3757 4718 2

2089 4748 2158 4804 Hi
2184 4756 2314 4804 sunt
2341 4748 2515 4818 fontes
2541 4748 2663 4802 sine
2693 4763 2858 4819 aqua,
2891 4755 2945 4803 et
2967 4748 3188 4806 nebula:
3201 4750 3528 4806 turbinibus
3557 4755 3761 4822 magi-

2090 4845 2240 4902 tatae,
2272 4836 2470 4908 quibus
2497 4835 2674 4903 caligo
2706 4835 3052 4891 tenebrarum
3083 4843 3391 4891 reservatur
3411 4837 3485 4904 (Il
3513 4843 3668 4893 l’etr.
3696 4857 3759 4905 ιι,

2092 4925 2176 4996 17)
2213 4943 2225 4979 :
2259 4923 2556 4988 Quomodo
2604 4923 2687 4979 eis
2739 4927 3086 4991 reservatur,
3121 4924 3235 4980 nisi
3285 4925 3426 4996 quia
3484 4927 3632 4999 ipsis
3688 4929 3763 4984 ab

2091 5014 2258 5070 initio
2286 5016 2374 5069 est
2402 5020 2742 5086 pmparata,
2761 5018 2821 5068 et
2848 5012 2907 5068 in
2931 5013 3045 5069 ﬁne
3064 5014 3415 5072 reddenda?
3447 5017 3615 5082 Quod
3647 5016 3764 5073 eis-

2089 5104 2224 5159 dem
2255 5118 2400 5175 pene
2428 5100 2621 5156 verbis
2654 5101 2859 5157 beatus
2881 5101 2910 5157 J
2921 5103 3068 5158 udas
3098 5101 3404 5174 apostolus
3437 5108 3766 5162 attestatur

2090 5192 2289 5247 dicens
2324 5206 2336 5244 :
2373 5191 2452 5244 Ili
2473 5197 2604 5244 sunt
2631 5189 2799 5245 nubes
2827 5191 2949 5246 sine
2978 5207 3141 5263 aqua,
3176 5206 3303 5263 quae
3344 5209 3379 5247 a
3439 5196 3617 5248 ventis
3647 5197 3766 5249 cir-

2087 5282 2507 5351 cumferuntur:
2529 5278 2752 5334 arbores
2781 5280 3154 5347 autumnales,
3189 5279 3272 5336 bis
3301 5283 3764 5352 mortmzz,eradi~

2086 5377 2232 5425 cate
2263 5386 2280 5421 ε
2312 5368 2508 5436 ﬂuctus
2536 5368 2648 5437 feri
2672 5369 2845 5423 maris
2889 5367 3268 5439 despumantes
3315 5385 3445 5426 suas
3473 5373 3758 5442 confusio-

2085 5455 2418 5524 nes;sideca
2457 5457 2724 5522 errantia,
2753 5457 2951 5528 quibus
2995 5457 3238 5528 procella
3285 5459 3643 5516 tenebrarum
3677 5461 3757 5514 :in

2086 5554 2356 5605 aeternum
2383 5551 2596 5600 servata
2624 5551 2703 5600 est
2730 5544 2882 5617 (Iud.
2920 5545 3008 5613 12,
3043 5545 3152 5617 13).

2157 5635 2369 5692 Contra
2415 5632 2537 5690 hac
2582 5637 2701 5689 tam
2752 5633 3063 5702 horrenda,
3097 5637 3218 5692 tam
3268 5634 3576 5706 terribilia,
3621 5654 3754 5714 qua:
