3896 6198
156 363 255 426 161

1106 357 1331 421 LIBER
1375 354 1785 422 ADVERSUS
1829 356 2199 421 JOANNEM
2242 357 2586 421 SCORUM.

3436 358 3552 425 162

152 493 501 566 omnipotens
527 490 687 547 Deus
735 507 834 564 per
874 490 1189 565 prophetas
1221 494 1279 547 et
1326 490 1618 565 apostolos
1650 508 1789 548 suos
1818 492 1869 560 Α
1904 495 1967 547 ut
1997 508 2130 547 cum
2161 489 2405 565 flagellis
2438 491 2701 559 caeditur,
2726 489 2940 567 gladiis
2960 491 3415 562 vulneratur,vel
3437 495 3560 569 qui-

155 580 339 657 impiis
385 585 440 637 et
487 578 897 653 peccatoribus
967 579 1379 649 comminatur,
1445 579 1586 636 dicit
1627 578 1737 636 iste
1780 596 1792 636 :

155 673 307 729 Omne
331 668 561 737 malum,
583 675 865 741 peccatum
907 676 960 724 et
1006 668 1124 739 ejus
1159 685 1378 741 pernam
1424 685 1533 724 non
1563 684 1695 724 esse.
1728 666 1798 722 Et

153 758 348 816 iterum
378 756 590 814 asserit
616 774 630 812 :
664 757 893 813 Natura?
922 758 1306 829 integritatem,
1338 757 1526 823 vitam,
1561 756 1794 813 beatitu-

150 848 317 905 dinem
349 846 530 904 esse.E
562 844 853 901 contrario
886 848 1080 901 autem
1105 852 1658 917 peccatum,mortem,
1682 846 1794 900 mi-

149 938 337 994 seriam
359 936 579 1007 penitus
610 950 719 990 non
748 950 880 990 esse.
911 932 1150 990 Addidit
1181 933 1373 990 adhuc
1398 951 1410 990 :
1435 950 1649 991 omnem
1664 951 1796 1007 per-

148 1041 302 1083 versa:
331 1025 624 1081 voluntatis
650 1024 912 1095 defectam
958 1024 1051 1083 vel
1077 1026 1466 1096 privationem,
1500 1025 1581 1081 vel
1603 1041 1795 1097 pecca-

149 1114 552 1186 tum,ﬁnemque
580 1114 753 1185 ipsius
783 1121 1006 1169 mortem
1035 1115 1381 1169 ctmiserium
1400 1114 1797 1187 suppliciorum

148 1202 486 1261 J'ternalium
515 1202 738 1257 omnino
767 1202 914 1257 nihil
938 1218 1051 1258 esse
1072 1220 1090 1256 :
1141 1220 1204 1258 ac
1227 1219 1329 1275 per
1375 1203 1471 1259 hoc
1521 1220 1618 1258 nec
1643 1217 1792 1275 pra:-

148 1292 272 1348 sciri
297 1309 331 1347 a
358 1291 488 1358 Deo,
518 1308 617 1347 nec
640 1289 1049 1363 prwdestinan.
1083 1289 1163 1348 De
1203 1291 1417 1365 quibus
1438 1292 1712 1347 omnibus
1743 1290 1792 1347 si

150 1380 356 1454 aliquid
387 1378 734 1452 singillatim
784 1379 1097 1436 dicendum
1146 1384 1256 1449 est,
1289 1379 1595 1437 manifeste
1638 1378 1795 1436 novit

150 1470 283 1526 fides
312 1468 451 1542 quia
482 1467 705 1525 malum
739 1468 893 1541 quod
926 1472 1014 1524 est
1044 1468 1402 1525 contrarium
1436 1470 1610 1536 bono,
1643 1468 1795 1526 sicut

149 1556 338 1614 vitium
368 1557 590 1625 virtuti,
624 1557 872 1614 tenebrae
896 1556 1354 1624 luci,inﬁrmitas
1385 1556 1790 1625 sanitati,sub-

150 1646 487 1704 stantialiter
518 1662 634 1702 non
667 1650 775 1704 est.
810 1646 976 1716 Quia,
1010 1647 1165 1703 sicut
1199 1648 1326 1719 jam
1358 1664 1538 1720 supra
1566 1646 1789 1703 dictum

149 1742 249 1803 est,
279 1735 672 1792 substantiam
705 1753 808 1810 per
824 1752 886 1792 se
916 1734 1199 1793 existendi
1220 1739 1276 1792 et
1292 1736 1651 1793 subsistendi
1677 1754 1789 1793 non

149 1826 330 1894 habet,
364 1825 521 1882 sicut
551 1808 785 1893 malum,
817 1828 990 1893 terra,
1023 1814 1197 1898 aqua,
1225 1843 1344 1898 aer,
1366 1808 1544 1899 ignis,
1578 1830 1635 1881 et
1657 1823 1787 1881 reli-
1819 1863 1867 1930 Β

150 1932 255 1987 qua
282 1913 398 1970 sive
421 1930 702 1987 corporea
730 1912 850 1970 sive
887 1912 1171 1987 spiritalis
1215 1919 1501 1971 creatura.
1536 1913 1647 1970 Sed
1681 1914 1784 1970 de-

146 2003 309 2063 sertio
337 2002 559 2059 summi
591 2002 751 2075 boni,
783 2003 898 2069 cui,
925 2007 990 2059 ut
1020 2003 1189 2060 beata
1220 2020 1348 2059 esse
1374 2003 1579 2077 possit,
1603 2002 1783 2059 iuba:-

150 2108 259 2148 rere
288 2090 456 2148 debet
483 2097 753 2149 creatura
774 2091 1077 2149 rationalis
1099 2091 1361 2166 angelica
1383 2091 1468 2149 vel
1499 2091 1779 2161 humana,

150 2180 248 2237 hoc
279 2196 487 2236 nomen
522 2180 745 2254 accepit
794 2185 858 2236 ut
901 2180 1131 2236 dicatur
1158 2180 1402 2238 malum.
1453 2180 1783 2237 Deserendo

148 2285 270 2343 ergo
300 2268 599 2325 rationalis
629 2274 915 2338 creatura,
944 2268 1003 2324 in
1035 2268 1261 2342 angelis
1293 2268 1411 2325 sive
1443 2269 1502 2324 iu
1534 2268 1785 2326 homini-

149 2357 248 2414 bus
275 2359 675 2431 peccantibus,
697 2375 1001 2415 summum
1041 2358 1283 2427 bonum,
1317 2357 1525 2415 defecit
1554 2359 1626 2414 ab
1658 2359 1784 2432 ipso

149 2446 305 2515 bono,
337 2450 395 2503 et
424 2447 650 2520 privata
682 2452 772 2503 est
821 2447 994 2514 bono,
1027 2450 1083 2504 et
1111 2445 1220 2503 hoc
1262 2447 1313 2504 ei
1359 2451 1449 2503 est
1481 2464 1783 2504 summum

151 2535 516 2592 malum.Sive
549 2553 686 2610 ergo
703 2536 972 2593 dicamus
988 2536 1209 2592 malum
1241 2554 1370 2593 esse
1395 2536 1784 2593 desertionem

149 2624 292 2694 boui,
322 2624 407 2681 vel
440 2625 734 2682 defectum
761 2642 796 2682 a
850 2626 1024 2693 bono,
1054 2625 1141 2682 vel
1202 2624 1585 2699 privationem
1623 2625 1782 2694 boni,

149 2713 455 2771 rectissime
483 2714 763 2784 dicimus,
788 2715 1009 2771 sicutet
1028 2714 1236 2771 vitium
1260 2714 1509 2771 desertio
1531 2713 1783 2782 virtutis,

148 2808 200 2859 et
228 2804 470 2860 tenebrae
504 2804 754 2877 privatio
783 2802 953 2873 lucis,
986 2808 1043 2860 et
1071 2803 1385 2861 inﬁrmitas
1424 2802 1568 2859 nihil
1602 2803 1782 2872 aliud,

148 2907 310 2965 quam
342 2891 609 2950 defectus
640 2897 730 2949 est
761 2892 1070 2963 sanitatis;
1094 2890 1367 2950 similiter
1394 2897 1450 2950 et
1478 2899 1784 2966 peccatum

148 2981 439 3039 manifeste
471 2981 699 3038 nullam
716 2980 892 3039 habet
910 2981 1375 3039 substantiamin
1409 2999 1470 3038 se
1498 2980 1783 3040 existendi

148 3073 197 3124 et
225 3070 598 3127 subsisteudi.
633 3069 745 3127 Sed
778 3070 1028 3127 desertio
1062 3069 1307 3143 justitiai
1366 3074 1424 3127 et
1461 3070 1721 3128 defectus
1752 3089 1787 3129 a

142 3159 360 3230 justitia
386 3157 503 3215 tale
537 3176 750 3215 nomen
776 3158 1110 3232 accepit.lta
1129 3158 1304 3215 etiam
1326 3176 1485 3216 mors
1508 3161 1785 3217 substano

1904 580 2249 654 buscunque
2278 579 2587 637 tormentis
2618 585 2896 638 vexatur:
2931 581 3085 655 quod
3118 581 3294 643 etiam
3324 583 3382 645 iu
3414 602 3558 657 sup-

1903 668 2093 743 pliciis
2115 669 2347 726 aeternis
2365 670 2629 726 futurum
2652 670 2867 739 est,ubi
2887 672 3296 731 damnatorum
3318 690 3560 746 corpora

1904 757 2024 832 igni
2058 763 2113 814 et
2138 757 2419 833 sulphure
2460 759 2913 832 torqucbuntur.
2974 759 3081 827 Qui
3124 763 3321 819 tamen
3353 778 3558 820 omnes

1903 844 2133 904 dolores
2162 852 2219 903 et
2250 846 2916 922 cruciatus,corporibus
2935 849 3005 904 de
3028 849 3369 923 corporibus
3386 850 3553 919 illati,

1904 934 1987 992 sic
2018 936 2170 991 fiunt
2210 934 2268 991 in
2317 954 2575 1009 corpore,
2611 941 2676 991 ut
2725 955 2829 1010 per
2877 954 3089 1010 corpus
3140 937 3314 994 etiam
3348 938 3555 997 animis

1903 1024 2042 1080 sint.
2073 1025 2285 1081 Anima
2317 1042 2570 1098 namque
2602 1025 2726 1082 sine
2758 1042 2997 1100 corpore
3032 1030 3087 1082 et
3116 1025 3308 1085 dolere
3338 1033 3394 1084 et
3424 1044 3553 1084 cru-

1904 1113 2043 1170 ciari
2077 1118 2299 1187 potest;
2336 1114 2488 1171 sicut
2518 1113 2619 1170 illa
2650 1115 2910 1171 damnati
2959 1114 3153 1171 divitis
3212 1116 3269 1171 in
3305 1117 3552 1187 inferno,

1903 1204 2102 1261 anima
2131 1204 2503 1260 cruciabatur
2524 1203 2625 1276 qui
2660 1204 2759 1275 ait,
2784 1208 2913 1277 quia
2944 1208 3159 1262 crucior
3180 1207 3237 1261 in
3268 1207 3368 1263 hac
3394 1208 3552 1277 ﬂam-

1900 1310 1992 1349 ma
2021 1295 2172 1363 (Luc.
2204 1310 2319 1360 xw,
2348 1293 2470 1362 24);
2505 1309 2716 1366 corpus
2748 1310 2880 1349 vero
2938 1294 3064 1349 sine
3114 1294 3312 1352 anima
3360 1294 3554 1353 dolere

1901 1398 2018 1437 non
2050 1386 2259 1454 potest.
3476 1370 3486 1382 ’

1972 1470 2367 1543 Omnipotenti
2399 1470 2596 1544 itaque
2618 1470 2734 1527 Deo
2757 1470 2827 1526 de
2850 1487 2963 1545 quo
2983 1470 3265 1545 scriptum
3297 1475 3417 1529 est:
3452 1472 3554 1529 Do-

1898 1562 2050 1617 mino
2076 1562 2225 1617 enim
2245 1561 2368 1628 Deo,
2402 1568 2693 1633 antequam
2733 1568 3073 1629 crearentur,
3106 1562 3293 1617 omnia
3328 1563 3557 1633 fuerunt

1897 1651 2089 1720 agnita
2114 1668 2132 1705 :
2160 1651 2239 1705 sic
2264 1658 2316 1705 et
2340 1656 2459 1722 post
2507 1651 2808 1722 perfectum
2855 1651 3078 1722 respicit
3124 1651 3311 1706 omnia
3365 1650 3549 1719 (Eccli.

1896 1756 2057 1807 xxm,
2087 1738 2199 1810 29).
2234 1739 2299 1794 Et
2329 1738 2540 1793 iterum
2571 1755 2584 1795 :
2626 1742 2672 1795 .-l
2699 1738 2900 1795 sa’culo
2926 1746 2977 1795 et
3004 1755 3172 1811 usque
3209 1740 3269 1795 in
3289 1740 3555 1797 arculum

1898 1829 2137 1900 respicit,
2171 1835 2221 1884 et
2247 1827 2393 1883 nihil
2421 1836 2500 1883 est
2548 1843 2747 1883 novum
2778 1829 2837 1883 in
2887 1834 3174 1900 conspectu
3219 1828 3336 1900 ejus
3366 1828 3549 1897 (Ibid,

1894 1934 2084 1985 χχχιχ,
2115 1917 2227 1985 21).
2262 1917 2328 1971 Et
2358 1916 2570 1972 iterum
2602 1933 2737 1972 cum
2769 1916 2840 1973 de
2868 1915 3210 1973 hominibus
3253 1916 3554 1990 Scriptura

1893 2004 2230 2077 loqueretur
2252 2004 2369 2060 ait:
2409 2010 2473 2062 Et
2498 2007 2687 2062 omnia
2731 2022 2895 2077 opera
2936 2022 3125 2061 eorum
3171 2006 3333 2078 quasi
3380 2006 3463 2063 sol
3491 2008 3552 2062 in

1892 2102 2173 2167 conspectu
2203 2095 2341 2150 Dei:
2370 2110 2482 2150 non
2504 2095 2756 2166 praeterit
2782 2094 2944 2149 illum
2974 2095 3149 2150 omnis
3191 2094 3474 2165 cogitatus,
3500 2101 3553 2150 et

1892 2200 2003 2238 non
2031 2181 2386 2239 absconditur
2415 2182 2481 2238 ab
2509 2200 2568 2238 eo
2598 2182 2748 2238 ullus
2789 2198 2967 2238 sermo
3010 2181 3201 2252 (Eccli.
3235 2198 3371 2250 xvn,
3406 2182 3501 2251 26)
3532 2199 3546 2239 :

1894 2268 2872 2344 Isti,inquam,omnipotentissimo
2894 2275 2951 2325 et
2968 2268 3248 2326 ineffabili
3270 2269 3548 2340 Creatori,

1893 2359 2007 2428 cui,
2044 2363 2359 2432 antequam
2392 2362 2747 2426 crearentur,
2783 2359 2841 2414 in
2893 2362 3108 2414 aeterna
3165 2358 3411 2415 scientia
3443 2376 3550 2416 sua

1893 2447 2091 2505 omnia
2122 2450 2360 2505 fuerunt
2387 2448 2605 2522 agnita,
2635 2448 2757 2521 qui,
2789 2446 2965 2504 etiam
3007 2451 3320 2522 postquam
3352 2448 3551 2504 omnia

1893 2537 2151 2611 perfecit,
2187 2555 2301 2594 non
2336 2536 2523 2604 aliter,
2550 2537 2648 2593 sed
2670 2536 2751 2593 sic
2785 2536 3022 2608 respicit
3052 2536 3384 2605 facta,sicut
3405 2536 3550 2593 vidit

1894 2626 2177 2693 facienda,
2213 2624 2359 2681 nihil
2392 2624 2658 2681 videlicet
2702 2628 2865 2681 extra
2895 2642 2976 2691 se,
3011 2625 3112 2681 sed
3169 2624 3226 2679 in
3261 2641 3323 2682 se
3353 2625 3553 2682 omnia

1893 2715 2278 2773 cernendo.Et
2310 2714 2436 2772 ideo
2466 2715 2524 2770 in
2547 2718 2860 2788 conspectu
2884 2715 3012 2787 ejus
3025 2712 3173 2772 nihil
3198 2718 3287 2770 est
3310 2730 3549 2783 novum,

1894 2821 1999 2861 nec
2026 2804 2259 2877 quando
2291 2802 2545 2876 primum
2580 2806 2669 2859 est
2696 2806 2979 2871 creatum,
3013 2802 3150 2875 quia
3180 2819 3414 2877 semper
3441 2802 3552 2860 fuit

1893 2893 1952 2949 in
1984 2894 2112 2966 ejus
2142 2892 2384 2951 scientia
2414 2896 2695 2948 aeternum
2722 2908 2918 2964 :quem
2937 2891 3137 2947 omnia
3166 2908 3343 2965 opera
3362 2892 3551 2948 homi-

1895 3000 2058 3045 num.
2095 2982 2246 3038 sicut
2275 2981 2331 3036 in
2365 2979 2693 3036 clarissimo
2713 2978 2833 3036 sole
2855 2997 2970 3037 non
3000 2978 3183 3036 latent
3203 2997 3398 3053 ;quem
3422 2980 3550 3037 nul-

1893 3071 1988 3128 lus
2019 3070 2324 3128 hominum
2339 3069 2961 3143 praeteritcogitatus,a
2992 3085 3106 3141 quo
3128 3067 3327 3125 nullus
3347 3086 3547 3125 eorum

1895 3178 2086 3219 sermo
2119 3159 2535 3227 absconditur;
2571 3158 2679 3214 iste
2736 3163 2857 3213 tam
2897 3156 3184 3214 mirabilis
3225 3157 3464 3214 Creator
3494 3161 3552 3214 et

147 3248 277 3303 tiam
309 3247 367 3303 in
397 3265 461 3305 se
487 3247 773 3305 existendi
803 3253 861 3304 et
890 3248 1287 3305 substantiam
1319 3246 1379 3304 in
1410 3266 1474 3305 se
1502 3248 1786 3306 existendi
1815 3233 1859 3302 C
1897 3250 2269 3324 gubernator,
2304 3247 2455 3305 sicut
2483 3246 2748 3304 omnium
2771 3263 2967 3303 rerum
2983 3264 3111 3319 qua:
3130 3246 3337 3303 futura:
3362 3251 3547 3318 erant,

146 3336 261 3392 vite
291 3336 531 3394 amissio
555 3336 671 3394 tale
696 3354 909 3394 nomen
941 3336 1179 3410 accepit.
1212 3337 1355 3394 Item
1388 3338 1542 3411 quod
1572 3338 1788 3395 dicitur

149 3442 309 3498 penna
334 3424 559 3482 nullam
588 3426 650 3482 in
666 3443 729 3483 se
754 3425 1039 3484 existeudi
1063 3425 1458 3483 substantiam
1480 3426 1785 3495 habet,sed

149 3513 302 3571 dolor
327 3516 384 3571 et
413 3532 484 3571 ex
513 3513 713 3572 dolore
751 3516 1046 3572 cruciatus
1102 3514 1218 3571 tale
1276 3532 1490 3572 nomen
1523 3515 1782 3591 accepit:

149 3602 288 3675 quod
319 3602 465 3659 nihil
499 3607 591 3660 est
618 3602 777 3659 aliud
809 3621 985 3677 quam
1009 3602 1452 3677 tranquillitatis
1482 3608 1539 3660 et
1566 3603 1784 3678 quietis

146 3691 414 3749 naturalis
445 3691 828 3765 perturbatio,
858 3691 946 3748 vel
981 3692 1358 3759 amissio,hoc
1392 3710 1647 3765 namque
1662 3694 1785 3767 agit

144 3797 317 3853 poma,
348 3786 413 3837 ut
444 3780 843 3854 tranquillitas
872 3786 931 3838 et
960 3782 1127 3855 quies
1160 3786 1380 3837 natura:
1427 3781 1555 3856 ipso
1586 3781 1783 3839 dolore

146 3873 195 3924 et
219 3869 471 3926 cruciatu
504 3870 773 3926 turbetur
801 3869 889 3927 vel
918 3870 1244 3927 amittatur.

206 3958 308 4014 Sed
334 3957 457 4017 haec
487 3959 710 4028 omnia,
740 3957 797 4015 id
829 3963 920 4016 est
950 3958 1195 4026 malum,
1228 3963 1554 4033 peccatum,
1586 3978 1777 4034 paena,

143 4061 303 4116 mors,
335 4048 597 4117 miseria,
632 4066 759 4122 qua:
798 4053 854 4104 et
902 4049 1032 4122 ipsa
1063 4047 1209 4104 nihil
1262 4053 1354 4106 est
1408 4048 1568 4106 aliud
1600 4068 1777 4123 quam

140 4135 359 4194 amissio
390 4135 711 4205 felicitatis,
739 4137 878 4194 licet
898 4156 1002 4212 per
1028 4156 1091 4194 se
1121 4144 1177 4195 et
1206 4138 1266 4193 in
1300 4155 1362 4196 se
1389 4138 1778 4196 existendivel

138 4222 484 4283 subsistendi
503 4225 727 4283 nullam
748 4226 1008 4284 habeant
1019 4226 1636 4297 substantiam,tamen
1660 4245 1778 4285 om-

138 4313 261 4370 nino
290 4332 531 4373 necesse
561 4319 650 4373 est
680 4318 744 4371 ut
772 4314 831 4372 in
864 4314 1060 4389 aliqua
1073 4314 1160 4372 vel
1192 4333 1261 4373 ex
1281 4316 1481 4390 aliqua
1509 4318 1777 4374 substan-

139 4400 209 4457 tia
236 4402 549 4461 ﬁant.Nam
572 4409 631 4461 et
660 4402 913 4462 desertio
943 4404 1263 4478 boni,quod
1297 4403 1511 4462 dicitur
1526 4405 1771 4477 malum,

138 4495 187 4545 et
210 4486 454 4550 desertio
480 4493 748 4565 justitize,
784 4492 939 4565 quod
971 4492 1298 4567 appellatur
1322 4498 1775 4568 peccatum,ma-

140 4576 326 4672 nifeste
356 4578 650 4672 in_animo
681 4580 832 4636 fiunt
861 4580 947 4672 vel
969 4579 1230 4655 angelico
1260 4578 1347 4638 vel
1374 4580 1654 4672 humano.
1678 4582 1771 4639 Sic
1802 4606 1849 4672 Β

139 4666 355 4724 amissio
384 4667 543 4737 vitae,
577 4686 703 4743 qua:
731 4668 1058 4743 appellatur
1078 4673 1322 4740 mors,et
1351 4670 1591 4727 amissio
1607 4675 1771 4728 tran-

140 4753 427 4824 quillitatis
457 4755 549 4812 vel
580 4756 794 4830 quietis
826 4757 1277 4831 naturalis,tu
1307 4759 1632 4832 appellatur
1657 4777 1772 4834 pce-

137 4857 234 4911 na;
264 4849 317 4901 et
345 4844 590 4903 amissio
620 4844 934 4917 felicitatis,
970 4865 1098 4920 quae
1128 4850 1370 4904 vocatur
1421 4847 1676 4918 miseria,
1708 4848 1769 4905 in

137 4933 358 5008 utroque
388 4934 519 4992 ﬁeri
551 4933 947 5007 inveniuntur,
972 4935 1029 4993 id
1079 4940 1168 4993 est
1196 4940 1253 4992 et
1281 4935 1341 4992 in
1371 4935 1588 5005 anima,
1622 4942 1680 4993 et
1708 4936 1769 4995 in

136 5033 370 5094 corpore.
400 5022 555 5079 Nam
586 5029 644 5080 et
664 5024 865 5080 anima
881 5024 1129 5081 moritur
1140 5024 1463 5082 desertione
1480 5025 1607 5081 vita:
1625 5042 1764 5094 suae,

137 5110 269 5179 quod
296 5110 455 5170 Deus
486 5112 573 5169 illi
605 5117 694 5169 est
718 5130 731 5169 :
764 5116 822 5169 et
845 5130 1057 5187 corpus
1079 5113 1331 5170 moritur
1359 5114 1675 5171 amissione
1694 5114 1769 5170 vi-

136 5197 194 5250 te
221 5214 352 5271 suae,
388 5200 551 5275 quod
596 5201 797 5258 anima
845 5200 929 5258 illi
958 5206 1085 5259 est:
1119 5206 1176 5258 et
1232 5202 1354 5259 haec
1413 5204 1550 5274 duo,
1596 5203 1653 5259 id
1681 5207 1769 5261 est

137 5290 274 5344 mors
295 5289 508 5346 anima:
533 5293 591 5346 et
620 5307 781 5348 mors
825 5291 1109 5365 corporis,
1141 5290 1283 5365 quid
1331 5291 1489 5349 aliud
1522 5292 1581 5348 in
1613 5296 1769 5349 utro-

137 5387 233 5446 que
252 5376 364 5435 nisi
382 5378 475 5435 vel
494 5377 791 5437 felicitatis
816 5379 905 5437 vel
925 5378 1371 5452 tranquillitatis
1392 5380 1631 5438 amissio
1644 5380 1769 5438 est?

137 5459 290 5521 Praua
311 5471 509 5524 autem
535 5485 662 5542 qua:
693 5467 751 5525 in
786 5469 1047 5525 cruciatu
1076 5472 1133 5524 et
1148 5468 1343 5526 dolore
1373 5469 1768 5539 sentitur,ma-

138 5550 324 5632 nifeste
350 5557 441 5614 vel
471 5557 533 5614 in
564 5546 764 5616 anima
793 5558 988 5632 agitur
1014 5556 1104 5612 vel
1151 5558 1210 5613 in
1242 5573 1512 5632 corpore;
1547 5562 1603 5614 et
1632 5574 1766 5614 cum

134 5630 188 5701 in
211 5652 445 5725 corpore
474 5645 671 5728 agitur
695 5630 948 5710 maxime
973 5661 1043 5707 ex
1062 5645 1177 5707 alio
1197 5630 1437 5725 corpore
1447 5646 1765 5725 irrogatur:

1894 3343 2166 3397 naturam
2196 3342 2254 3396 et
2284 3337 2537 3412 speciem
2568 3340 2624 3393 et
2652 3335 2915 3392 ordinem
2945 3335 3004 3391 in
3035 3352 3143 3393 sua
3171 3339 3386 3392 aeterna
3410 3353 3551 3410 prae-

1894 3428 2139 3486 scientia
2168 3443 2399 3500 semper
2428 3424 2697 3494 novit,ita
2711 3424 2888 3481 etiam
2919 3423 3180 3498 ipsarum
3204 3442 3399 3483 rerum
3428 3430 3548 3482 sta-

1891 3521 2041 3585 tum,
2069 3519 2127 3573 et
2157 3516 2275 3572 sive
2305 3514 2377 3571 ad
2396 3512 2636 3571 meliora
2665 3513 3137 3587 profectum,sive
3165 3515 3236 3570 ad
3260 3513 3548 3572 deteriora

1893 3606 2184 3663 defectum
2216 3602 2564 3661 eternaliter
2593 3602 2858 3677 praevidit
2883 3621 2898 3671 ;
2922 3607 2979 3659 et
3009 3618 3135 3676 quae
3176 3603 3249 3659 ad
3283 3620 3345 3659 se
3367 3602 3548 3678 proii-

1892 3695 2182 3751 cientibus
2212 3692 2471 3766 praamia,
2488 3708 2613 3764 quae
2637 3695 2881 3748 autema
2902 3708 2964 3747 se
2994 3690 3399 3748 deficientibus
3413 3709 3547 3765 sup-

1891 3783 2069 3858 plicia
2100 3779 2842 3852 deberenturjustissimus
2872 3780 3065 3853 operis
3092 3780 3183 3836 sui
3216 3779 3538 3846 ordinatur,

1891 3877 1947 3929 et
1975 3870 2260 3947 praescivit
2287 3873 2345 3926 et
2372 3867 2886 3942 praedestinavit,et
2916 3885 2977 3924 se
2997 3867 3380 3943 impleturum
3394 3885 3546 3943 prae-

1889 3961 2052 4019 dixit.
2085 3962 2155 4017 Et
2186 3960 2313 4016 ideo
2346 3958 2465 4015 sive
2499 3956 2722 4014 malum
2757 3960 2813 4013 et
2869 3961 3197 4030 peccatum,
3232 3957 3292 4013 in
3324 3958 3541 4030 quibus

1887 4056 1976 4110 est
2004 4050 2263 4107 defectus
2295 4066 2329 4104 a
2351 4048 2503 4104 bono
2532 4046 2672 4115 ;sive
2695 4063 2855 4103 mors
2886 4049 2943 4101 et
2967 4063 3302 4120 poenaque
3332 4044 3417 4102 illi
3447 4046 3544 4103 de-

1887 4139 2062 4197 fectui
2089 4139 2249 4211 juste
2278 4136 2781 4208 debetur,semper
2796 4133 2907 4190 fuit
2928 4133 2986 4190 in
3013 4134 3378 4209 praescientia
3400 4134 3545 4191 Con-

1886 4227 2129 4296 ditoris;
2164 4226 2265 4300 qui
2298 4240 2634 4282 mensuram
2667 4222 3007 4297 proficiendi
3050 4227 3108 4280 et
3138 4223 3445 4280 deiiciendi
3478 4222 3540 4280 in

1883 4317 2161 4375 creatoris
2192 4314 2316 4373 suis
2347 4313 2508 4372 solus
2539 4311 2820 4369 veraciter
2871 4312 3154 4387 agnoscit,
3187 4316 3243 4369 et
3274 4312 3538 4386 ipsorum

1882 4408 2208 4481 profectum
2239 4408 2413 4478 atque
2441 4403 2777 4460 defectuum
2808 4402 2970 4460 solus
2994 4402 3178 4476 judex
3200 4403 3403 4475 justus
3428 4401 3542 4457 exi-

1882 4497 2005 4554 stit.
2040 4497 2127 4552 Ita
2156 4499 2216 4551 et
2246 4510 2403 4551 mors
2435 4496 2493 4549 et
2521 4496 2824 4566 peccatum
2846 4497 2904 4548 et
2934 4491 3128 4548 omnis
3151 4508 3323 4566 pcena
3343 4507 3410 4547 ac
3433 4488 3539 4546 mi-

1881 4584 2033 4642 seria
2046 4602 2170 4659 qua:
2194 4586 2497 4658 peccatum
2518 4580 3122 4655 consequentur,quia
3144 4578 3538 4638 substantiam

1882 4673 2107 4731 nullam
2137 4672 2357 4730 habent
2387 4671 2446 4727 in
2478 4688 2540 4729 se
2571 4670 2881 4740 existendi,
2913 4670 3058 4727 nihil
3090 4674 3248 4726 sunt.
3281 4669 3352 4725 Et
3400 4667 3540 4742 quia

1879 4768 2157 4821 creaturae
2190 4760 2480 4828 rationali,
2514 4761 2685 4832 cujus
2734 4760 2996 4817 defectus
3027 4763 3085 4816 et
3115 4756 3411 4831 corruptio
3443 4756 3537 4812 his

1878 4851 2219 4909 nominibus
2249 4850 2674 4924 signiﬁcantur,
2704 4848 2883 4905 nimis
2898 4851 3128 4916 nocent,
3164 4847 3220 4902 in
3253 4846 3382 4917 ejus
3405 4844 3539 4903 sub-

1878 4941 2094 5000 stantia
2123 4938 2209 4996 vel
2240 4936 2549 5011 corporali,
2580 4935 2668 4994 vel
2697 4934 3257 5010 spiritali,veraciter
3278 4932 3538 4990 sentiun-

1875 5031 2066 5088 tur.Et
2092 5046 2218 5103 quae
2246 5045 2362 5083 non
2393 5030 2532 5082 sunt
2562 5025 2896 5082 substantia
2922 5022 3393 5092 existeudo,sunt
3414 5035 3535 5076 om-

1876 5117 2130 5175 nimodis
2158 5116 2485 5191 perniciosa
2514 5112 3045 5170 nocendo.Desinat
3057 5128 3194 5185 ergo
3223 5110 3533 5182 hujusmo-

1877 5208 1937 5264 di
1968 5205 2356 5279 blasphemia,
2389 5207 2447 5259 et
2475 5202 2846 5276 omnipotens
2886 5201 3044 5257 Deus
3076 5200 3227 5258 sicut
3266 5198 3529 5255 omnium

1878 5300 2222 5353 naturarum
2275 5291 2562 5358 conditor,
2596 5295 2653 5346 et
2700 5294 2893 5347 status
2950 5306 3152 5346 earum
3183 5287 3528 5345 verissimus

1877 5385 2229 5458 agnoscatur
2257 5377 2543 5451 cognitor,
2575 5382 2632 5435 et
2651 5377 3030 5450 justissimus
3060 5377 3385 5435 ordiuator.

2515 5518 2753 5576 CAPUT
2791 5519 2883 5578 ΧΙ.

1948 5644 2267 5708 Undecimo
2298 5641 2554 5720 capitulo
2582 5642 2849 5723 sequitur
2878 5644 3009 5722 iste,
3038 5650 3097 5707 et
3125 5643 3286 5706 dicit.
