3896 6198
352 293 463 354 163

1445 288 1675 350 FLOR]
1720 286 2031 349 DIACONI
2078 286 2655 350 LUGDUNENSIS.

3644 292 3745 353 164

422 427 469 480 Ι.
503 425 619 481 Non
647 441 759 480 esse
786 424 885 480 Dei
929 422 1484 496 praedestinationcm,
1516 424 1630 477 nisi
1671 421 1734 476 (Ic
1781 423 1864 475 his
1896 422 1993 492 qui
2021 423 2075 489 Α
2104 420 2420 492 Scripturis
2445 419 2801 493 propheticis
2822 437 3056 476 omnem
3090 437 3259 476 suam
3284 420 3742 493 praedicationem

339 514 647 587 pra’parati
670 520 797 567 sunt
824 510 895 567 ad
920 521 1188 568 aeternam
1212 511 1553 581 felicitatem.

412 605 466 656 2.
500 602 727 657 Abusive
754 600 1123 671 translataque
1148 598 1264 654 dici
1275 601 1538 671 praescire
1562 600 1733 654 Deum
1761 606 1811 653 ct
1836 613 1989 669 prte-

340 691 613 747 destinare
633 709 651 744 :
682 707 717 745 a
743 690 925 745 simili
947 689 1230 761 prwscivit
1286 704 1413 760 quae
1460 690 1706 759 [acturus
1755 694 1927 754 esset;
1956 704 1991 741 a

340 781 614 836 contrario
642 779 941 851 przscivit,
975 792 1101 850 quae
1125 780 1377 849 facturus
1423 793 1530 832 non
1579 784 1734 841 esset,
1761 793 1863 848 pro
1894 792 1990 830 ne-

338 871 517 925 scivit.
548 868 822 924 Similiter
846 884 878 921 a
907 867 1087 922 simili
1106 865 1523 939 prcedestinavit
1551 882 1684 937 quos
1707 880 1991 937 praepara-

338 960 417 1014 vit
443 957 514 1013 ad
540 958 802 1027 gratiam.
840 956 879 1011 A
910 957 1186 1012 contrario
1220 954 1635 1027 praedestinavit
1684 955 1891 1026 impius
1918 953 1991 1008 ad

340 1048 621 1105 interitum
648 1046 730 1101 vel
758 1044 1092 1117 supplicium
1114 1054 1385 1101 aeternum
1406 1046 1480 1099 :si
1502 1046 1652 1100 enim
1699 1043 1987 1115 prwdesti-

336 1137 460 1191 nati
492 1142 639 1199 sunt,
692 1135 996 1189 necessario
1035 1135 1314 1206 peribunt,
1368 1149 1661 1205 parnasi/ue
1709 1134 1992 1204 patientur

340 1221 704 1278 inevitabiles.
740 1221 890 1290 Quod
919 1222 971 1275 si
1000 1222 1077 1276 ita
1104 1228 1204 1286 est,
1238 1220 1501 1293 quomodo
1541 1222 1687 1293 juste
1703 1219 1987 1291 judicabi-

337 1320 430 1368 tur
453 1310 711 1378 mundus,
752 1326 912 1382 quem
970 1311 1257 1365 necessitas
1304 1309 1811 1382 prcedestinalionis
1849 1311 1989 1381 cogit

332 1401 536 1472 perire.

407 1489 462 1543 3.
494 1487 719 1544 Sanctas
747 1488 1059 1559 Srripturas
1074 1488 1485 1560 prmscientiam
1501 1485 1677 1542 simul
1702 1494 1755 1543 et
1777 1487 1987 1559 prcede-

335 1578 707 1644 stinationem,
742 1583 838 1631 aut
865 1576 1037 1631 solam
1075 1576 1381 1631 ahsolutam
1421 1574 1985 1647 prwdestinationem,

336 1683 444 1723 non
474 1667 590 1721 nisi
610 1667 669 1720 in
696 1667 764 1721 iis
790 1682 922 1737 quos
949 1666 1089 1721 Deus
1116 1665 1281 1733 elegit
1306 1663 1377 1719 ad
1404 1673 1675 1721 aeternam
1697 1664 1985 1720 beatitudi-

336 1773 462 1812 nem
485 1753 890 1828 possidendam.
918 1755 1274 1810 inveniantur
1296 1756 1564 1826 posuisse.

408 1846 462 1901 4.
498 1844 815 1917 Αροειοιαηι
839 1844 1252 1915 prmscieutiam
1285 1851 1335 1899 et
1360 1842 1900 1916 praedestinationem
1931 1843 1991 1897 in

335 1934 467 1990 solis
494 1934 722 1998 sanctis,
748 1932 1113 2001 Augustinum
1139 1932 1427 2004 aliquoties
1456 1933 1515 1986 in
1537 1933 1778 2004 reprobi:
1808 1948 1840 1986 a
1861 1948 1987 1986 con-

336 2024 513 2080 trario
539 2022 804 2094 posuisse.

410 2109 705 2183 lmprimis
737 2109 888 2182 quod
920 2108 1078 2177 dicit,
1110 2126 1220 2165 non
1254 2127 1368 2166 esse
1396 2110 1494 2165 Dei
1542 2109 1988 2181 prmtlestinatio-

336 2218 463 2257 nem
488 2201 602 2255 nisi
630 2198 696 2254 de
724 2197 812 2253 his
838 2200 937 2270 qui
950 2201 1258 2271 praeparati
1283 2207 1409 2254 sunt
1438 2199 1508 2254 ad
1535 2206 1799 2256 xternam
1818 2198 1993 2270 felici-

337 2289 657 2346 tatem.Sive
687 2304 754 2343 ex
801 2302 909 2342 suo
941 2304 1116 2344 sensu
1172 2286 1279 2343 hoc
1319 2287 1549 2359 dixerit,
1602 2287 1723 2342 sive
1754 2285 1826 2342 ab
1860 2285 1991 2342 aliis

338 2378 608 2444 audierit,
647 2393 753 2432 nos
784 2381 979 2432 tamen
1010 2376 1291 2432 veraciter
1321 2377 1545 2433 scimus
1596 2376 1736 2448 quia
1766 2376 1874 2431 iste
1903 2378 1993 2430 est

339 2483 500 2524 error
528 2464 793 2521 moderni
824 2463 1104 2537 temporis
1149 2465 1303 2537 apud
1358 2464 1664 2537 plurimos,
1699 2465 1838 2519 dum
1872 2480 1989 2518 non

337 2559 550 2629 putant
578 2553 1148 2628 pradestinationem
1180 2553 1302 2621 Dei,
1336 2553 1451 2608 nisi
1490 2554 1548 2608 in
1581 2557 1745 2625 parte
1774 2551 1989 2608 electo-

340 2661 494 2713 rum,
520 2642 580 2699 in
611 2642 928 2716 Scripturis
948 2641 1190 2698 inveniri
1215 2659 1341 2698 :nec
1364 2641 1559 2715 ipsum
1590 2643 1823 2698 beatum
1844 2641 1991 2696 Pau-

338 2733 463 2791 lum
480 2730 811 2806 apostolum
826 2730 883 2787 in
899 2730 1171 2804 Epistolis
1184 2730 1328 2800 suis,
1346 2730 1457 2787 nisi
1472 2732 1543 2787 de
1560 2730 1700 2787 solis
1721 2729 1993 2785 similiter

338 2821 537 2879 electis
568 2819 1140 2894 praedestinationem
1186 2819 1476 2893 posuisse,
1518 2819 1671 2876 sicut
1724 2822 1782 2875 et
1810 2819 1868 2874 in
1898 2835 1989 2874 se-

339 2911 657 2984 quentibus
682 2908 959 2965 dicit.Sed
984 2908 1478 2982 acquieseendum
1511 2914 1566 2964 et
1596 2908 1989 2965 obcdiendum

338 2998 751 3057 esthumiliter
774 2998 1007 3055 veritati
1022 3004 1100 3067 ;et
1128 3015 1245 3055 non
1278 2999 1437 3071 quod
1468 2997 1647 3054 semel
1672 2996 1840 3054 nobis
1860 3013 1991 3069 per-

340 3106 581 3146 suasum
613 3092 723 3154 est,
755 3087 1117 3143 contentiosa
1176 3087 1633 3154 defendendum,
1666 3087 1765 3143 sed
1798 3086 1995 3159 potius

2100 511 2407 565 conﬁrmat
2429 525 2443 575 ;
2469 509 2568 564 sed
2590 507 2765 565 etiam
2789 509 2849 564 in
2868 510 3137 582 ipsorum
3158 507 3587 582 prophetarum
3608 510 3743 567 Scri-

2099 598 2290 670 pturis
2306 596 2646 670 diligentius
2670 596 3224 670 investigandam,et
3239 597 3395 670 quod
3410 598 3474 653 in
3498 597 3743 673 utrisque

2100 687 2248 742 festa
2275 686 2536 741 veritatis
2564 684 2954 742 declarations
2973 686 3150 743 fuerit
3176 686 3745 755 inventum,ﬁdeliter

2100 774 2289 842 nobis,
2323 777 2379 829 et
2409 774 2536 829 sine
2575 773 2698 830 ulla
2739 775 3276 832 controversiarum
3336 774 3743 848 disceptatione

2098 862 2454 919 omnimodis
2487 864 2878 937 sequendum.

2170 952 2362 1007 Primo
2393 952 2590 1025 itaque
2639 953 2783 1025 quid
2809 953 2934 1026 ipse
2989 952 3331 1026 Apostolus,
3359 953 3465 1027 qui
3518 971 3580 1010 se
3618 953 3743 1010 nihil

2097 1045 2260 1098 extra
2290 1041 2481 1097 dicere
2502 1041 2615 1098 nisi
2633 1059 2762 1114 qua:
2783 1041 3003 1115 scripta
3031 1043 3253 1100 suntin
3275 1042 3403 1118 lege
3429 1047 3492 1099 et
3521 1042 3745 1117 prophe-

2097 1130 2173 1187 tis
2200 1135 2468 1199 testatur,
2500 1131 2571 1186 de
2597 1131 2707 1187 hac
2737 1146 2797 1186 re
2830 1131 2987 1188 dicat
3016 1132 3351 1202 audiamus,
3386 1149 3498 1188 nec
3522 1137 3639 1188 tam
3656 1132 3743 1188 ab-

2096 1219 2282 1288 surdi,
2318 1236 2424 1275 nec
2453 1220 2801 1276 contentiosi
2832 1221 3024 1278 simus
3053 1225 3139 1287 ut,
3174 1221 3275 1278 ubi
3305 1221 3440 1295 ipsa
3471 1220 3648 1289 res,id
3666 1226 3743 1278 est

2096 1308 2629 1381 prazdestinationis
2650 1308 2867 1367 veritas
2895 1315 3159 1384 apparet,
3184 1310 3320 1388 ideo
3346 1327 3636 1385 negemus
3654 1327 3740 1383 pro

2095 1396 2600 1470 praedestinatione
2626 1398 2873 1470 dictum,
2906 1399 3049 1472 quia
3091 1416 3473 1473 nequaquam
3507 1398 3586 1454 ibi
3616 1416 3740 1471 pra-

2095 1486 2509 1542 destinationis
2538 1504 2753 1543 nomen
2782 1487 3044 1560 positum
3076 1486 3414 1544 inveniatur
3439 1505 3455 1544 :
3492 1488 3615 1555 sed,
3636 1488 3740 1544 sive

2096 1579 2263 1631 sonet
2289 1574 2369 1629 ibi
2401 1591 2672 1648 expresse
2702 1576 3289 1649 prazdestinatio,sive
3321 1576 3520 1649 ipsius
3540 1577 3740 1649 praede-

2096 1664 2427 1720 stinationis
2456 1664 2669 1721 veritas
2698 1665 3027 1722 certissime
3056 1665 3361 1731 clarescat,
3396 1683 3525 1721 una
3549 1670 3605 1721 et
3632 1664 3741 1738 pari

2095 1754 2209 1809 ﬁde
2239 1753 2613 1826 suscipiatur.
2648 1754 2798 1810 Dicit
2827 1754 3024 1827 itaque
3056 1755 3181 1828 ipse
3211 1756 3480 1827 primum
3535 1755 3605 1810 de
3634 1754 3742 1811 sola

2098 1842 2605 1915 praedestinatione
2634 1842 2955 1899 electorum
2987 1843 3108 1900 ita:
3140 1845 3281 1899 Nam
3319 1860 3458 1916 quos
3483 1846 3743 1916 praesciuit

2097 1940 2149 1986 et
2171 1932 2586 2004 praedestinavit
2631 1934 2932 2004 eonformes
2978 1934 3105 2004 ﬁeri
3163 1935 3432 2003 imaginis
3476 1933 3616 1988 Filii
3649 1949 3741 2002 sui,

2098 2028 2157 2076 ut
2186 2022 2260 2076 sit
2288 2036 2401 2093 ipse
2449 2022 2852 2093 primogenitus
2906 2024 2965 2077 in
3020 2022 3215 2077 multis
3269 2022 3590 2093 fratribus:
3618 2026 3745 2091 Quos

2101 2117 2280 2165 autem
2306 2109 2744 2182 prmdestinavit,
2777 2112 2873 2165 hos
2918 2119 2969 2167 et
3016 2112 3254 2179 vocavit;
3284 2120 3335 2167 et
3363 2127 3503 2183 quos
3532 2112 3743 2177 vocavit,

2098 2199 2192 2254 hos
2222 2206 2271 2254 et
2316 2199 2685 2272 justi/icavit;
2718 2216 2851 2271 quos
2904 2209 3087 2256 autem
3129 2201 3484 2274 justiﬁeavit,
3546 2201 3664 2255 illos
3704 2208 3748 2255 et

2097 2289 2473 2358 magni/icavit
2504 2288 2677 2360 (Rom.
2711 2306 2834 2357 mi,
2864 2288 2957 2357 29,
2986 2289 3099 2358 30).
3153 2289 3289 2345 Post
3327 2306 3460 2360 qum
3511 2289 3680 2344 verba
3704 2288 3745 2343 si

2100 2376 2246 2432 nihil
2276 2376 2516 2432 omnino
2544 2377 2787 2433 dixisset
2814 2376 2885 2433 de
2916 2382 3081 2450 parte
3139 2378 3551 2450 reproborum,
3584 2378 3742 2433 etiam

2101 2464 2302 2539 utique
2323 2482 2352 2521 e
2384 2466 2675 2522 contrario
2714 2464 3035 2538 intelligere
3089 2467 3491 2523 debueramus
3522 2466 3661 2539 quid
3685 2466 3745 2521 de

2101 2555 2187 2611 eis
2216 2558 2371 2610 esset
2402 2553 2799 2624 sentiendum,
2829 2554 3116 2627 videlicet,
3153 2560 3218 2611 ut
3246 2574 3315 2613 ex
3368 2555 3743 2628 praedestina-

2100 2643 2255 2700 tione
2300 2642 2617 2699 electorum
2650 2643 2723 2698 ad
2775 2641 3022 2716 gloriam
3076 2660 3542 2717 agnosceremus
3588 2644 3743 2700 etiam

2099 2731 2670 2805 praedestinationem
2694 2748 2823 2788 esse
2861 2733 3243 2805 reproboxum
3275 2734 3347 2789 ad
3380 2750 3638 2805 pcenam.
3669 2731 3741 2787 Si-

2100 2825 2198 2877 cut
2228 2820 2354 2877 etin
2377 2820 2640 2894 symbolo
2662 2822 3072 2877 tantummodo
3086 2821 3263 2877 vitam
3292 2819 3743 2894 aeternam,un

2099 2915 2190 2967 est
2217 2910 2526 2983 praemium
2556 2915 2897 2966 sanctorum
2957 2910 3226 2966 videmur
3253 2912 3526 2967 conﬁteri
3553 2930 3566 2981 ;
3600 2914 3652 2967 et
3674 2915 3741 2966 ta-

2100 3016 2233 3054 men
2265 2998 2608 3055 econtrario
2658 2998 2930 3056 similiter
2977 2999 3380 3056 indubitanter
3440 3000 3675 3056 credere
3699 3004 3745 3054 et

2100 3087 2423 3161 intelligere
2439 3088 2721 3143 debemus
2739 3092 2987 3144 mortem
3001 3089 3467 3161 aaternam,quod
3488 3089 3744 3163 est:dam-

340 3178 854 3251 Scripturasancta
869 3174 1204 3248 diligentius
1218 3175 1783 3248 perscrutanda,non
1798 3174 1991 3233 solum
2022 3162 2069 3229 C
2104 3176 2264 3235 natio
2296 3177 2821 3250 iniquorum.Hanc
2838 3178 2994 3233 enim
3018 3176 3280 3251 regulam
3310 3162 3676 3252 intelligendi
3698 3176 3745 3230 in

341 3265 792 3339 apostolica,sed
823 3264 1000 3319 etiam
1032 3263 1391 3336 prophetica;
1423 3280 1492 3320 ex
1508 3281 1624 3337 qua
1646 3263 1837 3320 omnis
1859 3282 1994 3338 apo-

341 3354 546 3412 stolica
556 3352 874 3409 auctoritas
892 3352 1385 3408 descendit.Sicut
1407 3352 1529 3425 ipse
1552 3352 1759 3408 beatus
1777 3352 1991 3409 Paulus

341 3443 540 3500 statim
572 3443 628 3499 in
664 3440 949 3515 principio
980 3440 1252 3514 Epistolas
1273 3440 1345 3497 ad
1379 3441 1672 3497 Romanos
1702 3442 1995 3499 evidenter

342 3532 615 3598 declarat,
646 3537 987 3602 segregatum
1018 3546 1080 3586 se
1128 3546 1256 3586 esse
1308 3530 1508 3587 dicens
1538 3532 1599 3586 in
1631 3532 1993 3601 Evangelium

338 3622 457 3689 Dei,
489 3618 631 3692 quod
659 3627 787 3674 ante
811 3620 1141 3690 promiserat
1156 3634 1259 3690 per
1298 3620 1587 3691 prophetas
1607 3635 1732 3675 suos
1760 3621 1818 3675 in
1842 3622 1991 3677 Scri-

336 3711 519 3782 pturis
547 3709 751 3764 sanctis
782 3708 955 3779 (Rom.
989 3725 1029 3773 ι,
1064 3709 1136 3775 1).
1190 3707 1257 3762 Et
1300 3706 1358 3762 in
1390 3708 1504 3764 ﬁne
1560 3708 1824 3780 ejusdem
1855 3708 1993 3782 Epi-

342 3798 500 3854 stolas
532 3813 705 3853 omne
738 3795 1079 3870 mysterium
1101 3795 1443 3869 evangeliea:
1475 3797 1993 3870 praedicationisﬁn

342 3904 458 3960 qua
476 3891 564 3944 est
584 3886 758 3942 etiam
784 3884 1313 3958 profundissimam
1328 3884 1673 3959 mysterium
1696 3886 1994 3958 przescien-

340 3977 432 4032 tiae
461 3980 518 4032 et
540 3972 1069 4049 przedestinatiouis
1090 3974 1211 4042 Dei,
1220 3991 1324 4048 per
1349 3974 1681 4048 Scripturas
1698 3975 1994 4049 propheti-

341 4082 439 4122 cas
469 4064 779 4121 conﬁrmat
810 4080 939 4120 esse
969 4062 1309 4133 revelatum,
1341 4063 1423 4120 ita
1454 4064 1783 4121 dicensin
1811 4074 1995 4121 autem

340 4157 438 4227 qui
464 4162 650 4227 potens
679 4162 755 4210 est
786 4169 876 4208 vos
904 4153 1247 4225 conﬁrmare,
1296 4154 1591 4210 secundum
1633 4156 1994 4225 Evangelium

339 4260 544 4311 meum,
574 4244 628 4298 ei
650 4241 1098 4314 praedicationem
1124 4244 1250 4299 Iesu
1276 4242 1499 4312 Christi,
1516 4243 1815 4299 secundum
1844 4260 1991 4299 reve-

342 4331 603 4386 lationem
630 4331 881 4402 mystcrii
895 4332 1118 4387 aeternis
1148 4332 1481 4403 temporibus
1497 4333 1672 4398 taciti,
1692 4331 1832 4404 quod
1846 4347 1995 4386 nunc

336 4420 671 4493 patefactum
722 4426 803 4475 est
849 4435 952 4491 per
1024 4420 1336 4493 Scripturas
1402 4420 1819 4492 Prophetarum.
1880 4423 1990 4475 etc.

2100 3266 2420 3339 Scripturis
2450 3265 2576 3340 ipse
2604 3283 2714 3323 nos
2742 3266 3053 3340 Apostolus
3086 3267 3273 3334 docet,
3289 3266 3389 3338 qui
3422 3284 3561 3322 cum
3593 3264 3745 3322 dixis-

2100 3358 2207 3422 set,
2241 3354 2312 3409 de
2340 3353 2767 3412 resurrectione
2823 3354 3172 3428 disputans:
3220 3356 3549 3412 Seminatur
3575 3369 3744 3427 corpus

2100 3443 2362 3511 animale,
2392 3450 2579 3512 surget
2620 3459 2818 3515 corpus
2869 3443 3165 3516 spirituale
3201 3444 3249 3517 (ι
3277 3443 3399 3500 Cor.
3433 3462 3530 3512 xv,
3566 3444 3653 3511 44,
3683 3458 3740 3497 ne

2101 3532 2227 3589 sine
2253 3532 2595 3588 auctoritate
2621 3530 2931 3604 Scriptura:
2963 3531 3269 3605 spirituale
3297 3549 3517 3606 corpus
3547 3530 3742 3588 dixisse

2100 3620 2414 3693 videretur,
2447 3620 2647 3676 statim
2670 3620 2825 3693 quod
2856 3637 2887 3677 e
2908 3620 3199 3677 contrario
3229 3614 3525 3679 veraciter
3548 3618 3740 3678 intelli-

2102 3710 2357 3783 gendum
2390 3714 2545 3766 esset
2574 3708 2860 3781 adjunxit,
2910 3710 3147 3766 dicens:
3181 3710 3247 3767 Si
3295 3720 3375 3767 est
3410 3727 3611 3785 corpus
3636 3710 3742 3766 asi-

2105 3800 2252 3855 male
2278 3808 2329 3856 et
2374 3799 2666 3872 spirituale
2722 3798 2929 3869 (Ibid.).
2986 3799 3057 3854 Et
3105 3798 3386 3855 continuo
3447 3803 3747 3869 utrumque

2103 3889 2461 3944 conﬁrmans
2491 3886 2656 3960 ponit
2683 3886 3093 3943 testimonium
3122 3887 3463 3961 Scripturae,
3496 3892 3556 3944 et
3584 3885 3740 3942 dicit:

2101 3976 2256 4033 Sicut
2306 3978 2571 4049 scriptum
2616 3984 2715 4045 est,
2764 3978 2942 4048 factus
2992 3985 3071 4032 est
3094 3978 3314 4049 primus
3372 3976 3542 4033 homo
3595 3974 3743 4031 Adam

2102 4067 2161 4122 in
2191 4067 2437 4139 animam
2456 4067 2723 4121 viventem
2745 4066 3095 4122 :novissimus
3114 4065 3286 4122 Adam
3319 4067 3378 4121 in
3407 4067 3666 4139 spiritum
3680 4079 3744 4117 m-

2101 4153 2569 4228 viﬁcantem(ibid.
2581 4153 3000 4226 ,45).Similiter
3015 4158 3073 4210 et
3088 4153 3257 4210 illiud
3275 4153 3483 4227 utique
3495 4150 3745 4224 intelligi-

2103 4247 2199 4298 tur
2228 4243 2407 4315 quod,
2440 4259 2574 4298 cum
2607 4242 2761 4298 Deus
2794 4242 2982 4315 primo
3019 4242 3246 4299 homini
3277 4242 3556 4302 dixisset:
3588 4243 3658 4298 De
3682 4239 3742 4294 li-

2102 4348 2208 4401 gno
2254 4332 2503 4389 scientiae
2552 4331 2686 4387 boni
2726 4340 2780 4387 et
2821 4333 2963 4387 mali
3005 4350 3076 4388 ne
3130 4332 3413 4400 comedas;
3444 4342 3742 4405 quocunque

2102 4421 2191 4476 die
2217 4419 2512 4476 comederis
2571 4436 2641 4475 ex
2686 4437 2768 4487 eo,
2823 4429 2997 4477 morte
3049 4423 3305 4478 morieris
3358 4425 3519 4491 (Gen.
3556 4438 3615 4487 ιι,
3647 4418 3736 4489 17).

344 4511 516 4582 (Rom,
548 4508 1144 4582 xv1,‘25,26).ltemque
1172 4509 1229 4564 in
1244 4508 1487 4565 Actibus
1502 4506 1900 4580 apostolorum
1923 4508 1995 4563 de
2023 4531 2071 4595 Β
2104 4508 2313 4581 Utique
2342 4507 2700 4565 inobedienti
2748 4509 3145 4567 comminatus
3191 4515 3283 4566 est
3336 4514 3621 4577 mortem;
3652 4504 3739 4563 sed

343 4598 535 4671 seipso
564 4597 824 4671 loquitur
872 4598 1070 4655 dicens
1095 4614 1108 4654 :
1146 4600 1320 4670 Usque
1367 4599 1428 4653 in
1484 4598 1810 4654 hodiernum
1850 4597 1995 4652 diem
2102 4597 2371 4670 nunquid
2389 4614 2503 4654 non
2526 4597 2789 4670 agnoscit
2812 4598 2958 4655 ﬁdes
2981 4599 3124 4671 quid
3148 4598 3487 4655 econtrario
3508 4597 3738 4655 sentien-

340 4696 422 4744 sto
446 4687 736 4759 testiﬁeans
758 4688 984 4755 minori,
1018 4695 1179 4759 atque
1197 4686 1569 4759 majori,nihil
1598 4693 1756 4742 extra
1784 4684 1989 4754 dicens,

343 4793 506 4850 quam
532 4793 595 4832 ea
626 4791 752 4849 quae
806 4777 1091 4849 Propheta:
1134 4784 1264 4830 sunt
1320 4776 1488 4832 locuti
1536 4776 1733 4848 futura
1777 4791 1906 4831 esse.
1942 4781 1992 4830 et

341 4864 544 4939 Moyses
576 4865 706 4938 (Act.
781 4882 935 4933 xxvx,
964 4867 1079 4931 22).
1131 4867 1274 4919 Cum
1324 4880 1460 4937 ergo
1511 4863 1636 4936 ipse
1679 4862 1993 4936 Apostolus

342 4956 611 5012 ostendat
636 4959 811 5027 atque
842 4954 1149 5009 conﬁrmet
1192 4952 1248 5007 in
1284 4952 1428 5008 illud
1459 4952 1837 5026 Evangelium
1869 4951 1992 5019 Dei,

344 5044 499 5116 quod
520 5047 653 5099 ante
683 5042 953 5115 promisit
974 5059 1077 5115 per
1106 5041 1420 5115 prophetas
1442 5058 1580 5098 suos
1601 5040 1659 5097 in
1682 5040 1997 5114 Scripturis

343 5132 563 5188 sanctis
606 5148 669 5187 se
699 5134 1091 5205 segregatum,
1127 5134 1185 5186 et
1231 5146 1402 5186 omne
1459 5129 1602 5185 illud
1653 5131 1999 5203 mysterium

345 5219 499 5291 quod
529 5219 886 5291 evangelizat
912 5236 1016 5291 per
1034 5218 1363 5292 Scripturas
1382 5218 1799 5291 prophetarum
1831 5223 2000 5275 teste-

346 5310 446 5362 tur
468 5307 844 5379 patefactum,
876 5306 1141 5380 nihilque
1167 5323 1230 5362 se
1260 5311 1421 5363 extra
1451 5307 1846 5382 dicere,quam
1869 5324 1995 5381 quae

345 5395 565 5468 scripta
592 5398 734 5451 sunt
765 5393 824 5448 in
856 5393 981 5467 lege
1029 5401 1086 5451 et
1143 5394 1465 5468 prophetis,
1500 5397 1878 5454 manifestum
1909 5399 1999 5452 est

344 5484 525 5555 hujus
556 5483 656 5551 rei,
691 5482 747 5538 id
779 5485 870 5537 est
900 5482 1105 5539 divina:
1126 5484 1501 5557 preseientiaa
1530 5491 1589 5543 et
1615 5486 1996 5560 praedestina-

345 5571 543 5643 tionis,
577 5569 948 5631 altitudinem
979 5588 1095 5631 non
1134 5572 1325 5635 solum
1373 5575 1432 5635 in
1464 5575 1759 5654 Apostolo,
1794 5575 1896 5652 qui
1926 5590 1996 5636 ex

2100 4686 2241 4743 dum
2274 4686 2388 4756 sit;
2414 4687 2472 4743 id
2494 4691 2583 4742 est
2609 4686 2766 4759 quod
2798 4686 3090 4744 obedienti
3114 4688 3527 4761 praeparaverit
3545 4681 3739 4742 vitam?

2101 4774 2246 4832 Item
2275 4792 2408 4831 cum
2427 4774 2687 4849 loquitur
2702 4776 2856 4832 Deus
2876 4776 2948 4832 ad
2970 4775 3264 4832 Abraham
3286 4777 3589 4835 :Masculus
3606 4773 3739 4846 cujus

2097 4866 2367 4938 pra'putii
2392 4880 2524 4921 caro
2551 4882 2664 4921 non
2690 4867 2863 4937 fuerit
2886 4867 3213 4921 circumcisa
3233 4874 3423 4922 octava
3451 4862 3742 4938 die,prit

2103 4956 2294 5010 anima
2325 4954 2428 5010 illa
2455 4953 2521 5010 de
2530 4954 2749 5027 populis
2774 4955 2889 5010 suis
2913 4956 3068 5028 :quia
3081 4963 3305 5027 pactum
3323 4972 3511 5012 meum
3540 4954 3737 5010 irritum

2103 5045 2233 5116 fecit
2261 5042 2671 5116 (Gen.xvu,tlt).
2687 5042 3065 5099 Manifestum
3092 5048 3182 5099 est
3199 5043 3533 5100 masculum
3555 5043 3733 5107 istum,

2110 5132 2210 5204 qui
2234 5149 2348 5188 non
2381 5136 2471 5189 est
2500 5135 2701 5188 octava
2730 5131 2824 5187 die
2866 5132 3271 5201 circumcisus,
3333 5132 3654 5206 periturum
3678 5128 3735 5183 de

2106 5219 2343 5294 populis
2372 5221 2520 5285 suis.
2552 5221 2693 5292 quia
2738 5224 2975 5293 pactum
3006 5221 3105 5278 Dei
3162 5221 3397 5279 irritum
3431 5221 3599 5279 fecit:
3629 5218 3735 5274 Non

2106 5308 2309 5381 utique
2338 5307 2398 5363 in
2429 5312 2594 5363 utero
2621 5313 3019 5376 materno,nec
3051 5309 3112 5365 in
3142 5308 3245 5364 illa
3274 5313 3398 5366 tam
3432 5306 3642 5367 recenti
3665 5303 3733 5359 in-

2104 5396 2549 5469 fantia,quando
2570 5395 2791 5471 aliquid
2817 5398 3035 5455 bonum
3057 5402 3160 5454 aut
3174 5396 3402 5455 malum
3424 5397 3731 5455 nullatenus

2104 5501 2275 5558 agere
2305 5484 2512 5558 potuit,
2546 5485 2646 5541 sed
2678 5485 2880 5558 utique
2910 5476 2968 5542 in
3000 5487 3295 5561 paradiso,
3329 5489 3397 5544 in.
3417 5486 3729 5560 praevarieae

2103 5575 2248 5635 tione
2274 5572 2430 5648 Adae,
2461 5576 2518 5633 in
2551 5591 2654 5654 quo
2684 5590 2889 5647 omnes,
2912 5575 3064 5637 sicut
3091 5575 3407 5655 Apostolus
3438 5576 3596 5651 dicit,
3620 5587 3731 5651 ρσσε
