3896 6198
143 339 256 400 165

1098 335 1330 397 LIBER
1371 334 1790 398 ADVERSUS
1833 333 2200 395 JOANNEM
2243 333 2585 398 SCOTUM.

3430 336 3546 396 166

142 477 392 526 caverunt
422 471 602 540 (Rom.
638 488 693 535 v,
731 471 851 542 12);
886 469 983 541 qui
1017 485 1082 524 ex
1115 467 1212 523 illa
1262 469 1539 523 damnata
1567 467 1785 541 origine
1819 469 1865 533 Α
1901 466 2153 522 divinam
2210 467 2776 538 praedestinationem
2829 468 3302 525 manifestissime
3348 475 3545 525 osten-

143 557 516 615 descendunt.
553 559 722 614 Sicut
750 575 884 630 ergo
917 557 1024 613 iste
1052 562 1253 612 octava
1280 556 1374 612 die
1406 555 1648 610 minime
1679 557 1784 609 cir-

140 646 449 712 cumcisus,
483 647 796 703 manifeste
829 646 1122 719 periturus
1150 644 1530 700 denuntiatur
1560 645 1633 698 ob
1668 661 1787 698 rea-

139 743 256 792 tum
284 734 485 807 primae
519 734 1128 807 praevaricationis,ita
1157 750 1186 788 e
1217 733 1506 788 contrario
1538 731 1787 787 ﬁdeliter

142 823 581 895 intelligendum
612 811 856 880 esfeum
880 823 979 895 qui
1003 821 1110 877 rite
1129 826 1186 877 et
1204 821 1464 895 legitime
1485 826 1638 877 esset
1666 820 1782 877 cir-

141 913 454 979 cumcisus,
486 913 559 968 ab
589 911 690 968 illo
721 917 882 968 reatu
915 910 1355 968 absolvendum.

210 1003 331 1058 Haec
362 1002 627 1057 diximus
668 1007 733 1056 ut
780 1001 1088 1057 manifeste
1146 999 1546 1072 intelligamus
1604 999 1781 1072 quod,

141 1090 362 1149 etiamsi
396 1089 714 1164 Apostolus
747 1090 804 1145 in
837 1089 939 1145 illa
968 1089 1497 1162 prmdestinationis
1528 1089 1787 1160 disputa-

142 1182 291 1237 tione
321 1180 395 1236 de
426 1180 806 1252 reproborum
849 1183 1012 1250 parte
1042 1177 1343 1245 tacuisset,
1376 1178 1677 1233 debuisset
1703 1181 1785 1232 ta-

140 1287 266 1325 men
300 1269 449 1324 ﬁdes
478 1273 697 1334 nostra,
729 1268 870 1340 quid
902 1269 973 1323 de
1001 1267 1086 1323 eis
1127 1266 1498 1322 sentiendum
1547 1271 1723 1332 esset,
1754 1283 1784 1321 e

140 1357 426 1414 contrario
485 1359 781 1413 advertere
829 1362 885 1412 et
929 1355 1292 1428 intelligere;
1327 1356 1428 1411 sed
1461 1372 1576 1410 non
1611 1359 1782 1418 tacet,

140 1465 266 1503 cum
280 1446 483 1502 statim
503 1451 635 1519 post
646 1445 904 1518 aliquam
919 1450 975 1501 et
986 1445 1388 1512 electorum,et
1403 1444 1716 1516 reproboru
1728 1461 1782 1498 m

142 1533 791 1604 similitudinem,simul
809 1551 1032 1607 ponens
1045 1534 1100 1588 in
1115 1534 1346 1589 duobus
1357 1533 1609 1604 geminis
1627 1533 1784 1588 Isaae

142 1631 195 1680 et
223 1625 493 1680 Rebeccae
523 1624 606 1679 ita
635 1625 918 1696 adiungat
947 1640 960 1678 :
997 1625 1132 1678 Cum
1181 1624 1328 1678 enim
1389 1622 1614 1678 necdum
1663 1624 1788 1677 nati

143 1721 324 1780 essent,
356 1722 458 1769 aut
487 1713 699 1785 aliquid
727 1715 957 1783 egissent
986 1714 1186 1768 bonum
1228 1720 1325 1766 aut
1353 1712 1561 1766 malum
1589 1717 1678 1777 (ut
1700 1726 1783 1766 se-

1893 573 2018 610 sam
2039 572 2050 610 :
2069 557 2208 611 dum
2223 560 2278 610 et
2292 555 2454 611 electi
2472 555 2631 611 nullo
2646 574 2752 613 suo
2767 557 2994 621 merito,
3012 557 3111 612 sed
3127 557 3250 612 sola
3267 557 3365 612 Dei
3382 558 3548 613 honi-

1894 649 2011 698 tate
2044 644 2537 716 przedestinantur
2564 646 2636 700 ad
2668 647 2879 712 vitam;
2905 649 2958 700 et
2992 645 3221 717 reprobi
3256 645 3414 700 nullo
3447 647 3547 702 Dei

1893 733 2253 804 przejudicio,
2271 733 2371 788 sed
2390 733 2510 788 solo
2524 750 2630 788 suo
2646 734 2733 788 vel
2757 733 3026 806 originali
3043 733 3128 789 vel
3145 734 3357 789 actuali
3371 735 3548 790 meri.

1891 825 1950 875 to
1966 821 2535 892 praedestinanturnd
2550 822 2874 887 interitum,
2892 840 2996 878 nec
3019 825 3101 878 eis
3115 823 3313 879 divina
3328 825 3547 896 przede-

1893 909 2132 965 stinatio
2151 910 2555 966 necessitatem
2580 913 2857 983 pereundi
2883 911 3314 984 imponit,sicut
3335 929 3440 968 nec
3453 929 3550 968 ne-

1892 999 2222 1054 cessitatem
2246 1000 2547 1072 peccandi,
2573 1001 2672 1055 sed
2698 1001 3101 1057 necessitatem
3135 1003 3548 1058 tantummodo

1882 1087 2049 1157 justa
2061 1087 2347 1160 supplicia
2366 1088 2652 1160 patiendi:
2671 1094 2734 1144 ut
2756 1090 2855 1160 qui
2878 1089 3174 1146 voluntate
3195 1094 3542 1162 permanent

1890 1176 1949 1230 in
1986 1178 2258 1248 peccatis,
2293 1177 2638 1232 necessitate
2671 1178 3005 1234 crucientur
3035 1179 3092 1233 in
3128 1179 3334 1251 poenis.

1964 1266 2048 1320 Ita
2076 1266 2306 1320 etiamsi
2340 1270 2504 1321 tanta
2531 1265 2630 1320 illa
2649 1265 2908 1338 Apostoli
2929 1268 2999 1322 de
3017 1267 3123 1322 hac
3143 1285 3201 1324 re
3220 1268 3541 1340 disputatio

1892 1370 1960 1408 ex
1992 1354 2100 1408 hoc
2154 1353 2276 1408 loco
2336 1371 2522 1426 usque
2581 1355 2652 1409 ad
2715 1355 2911 1418 ﬁnem,
2961 1356 3058 1410 ubi
3107 1356 3187 1411 ait
3219 1373 3232 1412 :
3265 1359 3546 1414 Conclusit

1891 1445 2040 1498 enim
2082 1444 2218 1497 Deus
2264 1445 2449 1498 omnia
2489 1445 2548 1498 in
2580 1443 2978 1509 iiwredulitate,
3013 1454 3075 1499 ut
3106 1448 3353 1501 omnium
3379 1449 3546 1503 mise-

1892 1540 2078 1588 reatur
2106 1536 2280 1599 (Rom.
2314 1550 2389 1594 x1,
2421 1534 2512 1601 32)
2546 1549 2558 1586 :
2595 1531 2924 1605 diligenter,
2957 1537 3012 1589 et
3053 1534 3304 1590 ﬁdeliter
3350 1535 3542 1592 consi-

1893 1621 2146 1688 deretur,
2171 1621 2240 1675 de
2267 1619 2572 1692 utriusque
2594 1621 2775 1693 partis
2799 1621 3325 1693 praadestinatione,
3342 1623 3460 1680 sive
3483 1623 3542 1679 in

1893 1727 2010 1764 uno
2041 1709 2254 1782 populo
2305 1709 2642 1765 Judzeorum
2691 1710 2751 1764 in
2793 1711 2905 1777 his,
2943 1711 3043 1784 qui
3075 1713 3364 1780 exczecati,
3399 1717 3456 1768 et
3486 1713 3546 1768 in

144 1803 375 1859 cundum
403 1804 718 1858 electionem
742 1804 1080 1874 propositum
1108 1803 1208 1857 Dei
1252 1808 1535 1867 maneret),
1579 1817 1688 1855 non
1717 1816 1787 1854 ea:
1821 1837 1864 1901 Β
1895 1799 1987 1854 his
2017 1799 2118 1870 qui
2149 1799 2472 1855 secundum
2505 1798 2844 1855 electionem
2869 1801 3068 1872 gratiae
3088 1801 3300 1857 salvari
3321 1819 3553 1858 merue-

146 1893 416 1963 operibus,
447 1891 542 1947 sed
570 1907 641 1946 ea:
664 1899 881 1946 vocante
908 1891 1114 1946 dictum
1146 1898 1224 1945 est
1254 1909 1272 1944 :
1307 1890 1446 1957 Quia
1474 1889 1654 1960 major
1680 1906 1790 1944 ser-

151 1984 247 2038 viet
268 1982 498 2044 minori,
528 1981 670 2035 sicut
725 1981 988 2051 scriptum
1046 1984 1126 2033 est
1160 1995 1174 2032 :
1207 1980 1376 2036 Jaeob
1423 1978 1617 2045 dilexi,
1650 1979 1794 2032 Esau

146 2079 318 2125 autem
347 2069 476 2125 odio
506 2067 679 2123 habui
711 2069 883 2138 (Rom.
917 2085 994 2133 1x,
1031 2069 1116 2133 11,
1153 2069 1238 2136 12,
1271 2067 1377 2132 13;
1411 2067 1538 2122 Μαι.
1567 2083 1604 2128 ι,
1629 2066 1679 2132 1,
1712 2066 1790 2135 2).

151 2158 451 2214 Manifesta
472 2157 653 2230 igitur
676 2155 735 2210 in
760 2156 868 2212 hoc
891 2155 1172 2228 exemplo,
1199 2160 1256 2210 et
1276 2155 1331 2209 in
1355 2156 1554 2214 Jacob.
1571 2155 1795 2226 absque

152 2247 277 2303 ullis
308 2247 540 2302 meritis
571 2244 781 2300 dilecto
812 2249 868 2300 et
897 2244 1099 2309 electo,
1135 2244 1234 2315 qui
1267 2243 1537 2299 similiter
1567 2245 1796 2297 teneba-

151 2343 241 2391 tur
258 2334 562 2408 originalis
583 2333 805 2408 peccati
828 2333 1134 2399 obnoxius,
1152 2337 1216 2387 ut
1236 2334 1412 2388 frater
1431 2337 1486 2387 et
1507 2350 1572 2388 ex
1595 2333 1794 2387 eadem

151 2425 412 2482 veniebat
464 2440 663 2480 massa
709 2423 767 2478 in
824 2423 1008 2477 Adam
1058 2423 1354 2488 damnata,
1389 2420 1680 2477 declarata
1709 2425 1800 2476 est

154 2512 582 2586 praedestinatio
631 2512 950 2569 electorum
983 2512 1054 2566 ad
1089 2511 1288 2565 vitam.
1324 2511 1386 2565 In
1419 2511 1569 2565 Esau
1603 2514 1799 2565 autem

157 2603 272 2658 solo
297 2601 606 2674 originalis
637 2601 856 2674 peccati
890 2604 1049 2655 reatu
1083 2600 1217 2655 odio
1249 2598 1469 2666 habito,
1503 2598 1801 2670 praedesti-

159 2691 308 2747 natio
356 2691 741 2763 reproborum
787 2689 860 2745 ad
892 2689 1217 2744 interitum.
1252 2687 1390 2743 Tale
1419 2692 1526 2754 est,
1561 2692 1617 2742 et
1648 2688 1802 2759 quod

163 2786 286 2853 post
317 2778 628 2853 paululum
658 2779 727 2835 de
758 2783 1006 2851 utraque
1035 2783 1196 2851 parte
1226 2777 1635 2849 subjungitur:
1667 2779 1804 2849 Ergo

160 2871 309 2940 cujus
339 2870 461 2924 vult
487 2871 795 2932 miseretur,
827 2875 879 2922 et
909 2884 1067 2939 quem
1112 2868 1230 2922 vult
1261 2866 1486 2921 indurat
1516 2867 1690 2938 (Rom.
1727 2884 1804 2932 ix,

170 2959 272 3029 18).
312 2958 381 3012 Et
420 2958 578 3029 quod
620 2957 831 3012 deinde
871 2955 1068 3011 addit:
1093 2957 1284 3012 Annon
1315 2955 1472 3010 habet
1493 2963 1810 3027 potestatem

165 3047 358 3116 ﬁgulus
389 3047 500 3102 luti
525 3062 597 3101 ex
623 3045 808 3101 eadem
836 3061 1018 3101 massa
1063 3047 1244 3116 facere
1285 3045 1438 3100 aliud
1466 3044 1684 3116 quidem
1713 3061 1808 3100 vas

167 3139 223 3191 in
253 3137 532 3203 honorem,
565 3135 720 3191 aliud
766 3150 889 3190 vero
938 3136 997 3189 in
1035 3135 1421 3190 contumeliam
1466 3133 1646 3206 (Ibid.,
1677 3136 1806 3202 2t);

166 3226 233 3280 de
262 3225 483 3297 quibus
515 3223 668 3280 vasis
699 3222 939 3279 honoris
963 3227 1021 3278 et
1041 3223 1410 3279 contumeliae
1442 3204 1642 3278 statim
1675 3223 1808 3278 sub-
1839 3204 1881 3269 (ἶ

160 3313 351 3387 jungit
382 3330 396 3369 :
427 3313 584 3383 Quod
612 3315 664 3368 si
686 3313 869 3369 volens
900 3316 1044 3368 Deus
1063 3313 1338 3369 ostendere
1369 3315 1598 3381 iram,et
1624 3321 1812 3367 notam

166 3407 336 3474 facere
387 3404 686 3476 potentiam
741 3419 899 3457 suam
953 3403 1217 3457 sustinuit
1246 3404 1302 3456 in
1333 3403 1508 3457 multa
1542 3403 1812 3474 patientia

166 3509 288 3547 vasa
319 3494 427 3549 ira?
469 3500 659 3564 aptata
698 3493 758 3546 in
809 3493 1097 3547 interitum
1132 3507 1145 3547 :
1176 3499 1237 3546 ut
1263 3491 1558 3546 ostenderet
1586 3492 1810 3546 divitias

167 3582 358 3650 gloriae
383 3596 506 3638 sua:
535 3581 595 3636 in
625 3596 753 3636 vasa
782 3579 1196 3644 misericordiae,
1229 3595 1354 3651 qua?
1380 3581 1723 3652 praeparavit
1751 3581 1812 3634 in

168 3670 397 3738 gloriam
423 3673 453 3723 ?
483 3674 593 3724 etc.
643 3668 832 3739 (Ibid.,
862 3670 952 3734 22,
984 3669 1098 3734 23.)
1148 3668 1209 3722 In
1264 3668 1479 3740 quibus
1534 3667 1809 3723 omnibus

169 3757 598 3814 evidentissime
648 3758 986 3830 agnoscitur
1030 3756 1370 3828 Apostolum
1421 3773 1537 3811 non
1585 3757 1656 3812 de
1688 3755 1811 3812 sola

169 3846 697 3918 electorum,quam
729 3847 917 3918 primo
949 3844 1072 3900 loco
1097 3845 1311 3918 posuit,
1340 3846 1440 3901 sed
1465 3845 1524 3900 in
1546 3851 1667 3902 toto
1699 3845 1810 3902 isto

170 3935 582 4008 disputationis
599 3952 718 3990 suae
735 3941 1026 4003 contextu,
1043 3935 1113 3990 de
1135 3935 1440 4006 utriusque
1463 3936 1644 4007 partis
1666 3952 1808 4007 prae-

171 4024 576 4093 destinatione,
609 4022 728 4078 sive
782 4024 837 4078 in
898 4024 1095 4091 vitam,
1147 4023 1266 4079 sive
1319 4023 1379 4078 in
1433 4027 1720 4091 mortem;
1754 4029 1812 4080 et

171 4113 470 4186 exemplis,
495 4118 551 4167 et
573 4111 925 4168 testimoniis
949 4116 1230 4167 tractasse
1261 4111 1637 4184 propheticis,
1666 4113 1809 4168 dum

172 4203 225 4256 in
255 4203 435 4258 Jacob
468 4200 741 4273 proponit
764 4201 1011 4256 tormam
1045 4199 1382 4266 electorum,
1404 4201 1463 4255 in
1494 4202 1645 4258 Esau
1677 4218 1810 4258 vero

173 4291 410 4347 formam
445 4289 850 4362 reproborum.
877 4289 939 4344 In
963 4289 1179 4361 quibus
1200 4289 1400 4362 utique
1430 4291 1660 4346 duabus
1684 4309 1812 4364 par-

174 4380 343 4448 tibus,
366 4380 527 4451 cujus
546 4379 666 4434 vult
683 4380 822 4434 Deus
840 4380 1147 4441 miseretur,
1165 4386 1216 4433 et
1235 4394 1391 4450 quem
1414 4379 1531 4435 vult
1549 4379 1774 4436 indurat
1795 4398 1808 4436 :

175 4469 265 4525 sed
275 4471 575 4524 miseretur
592 4466 1049 4523 misericorditer
1059 4467 1641 4538 adjuvando,indurat
1652 4470 1813 4540 juste

1901 1892 2066 1954 runt;
2091 1888 2210 1942 sive
2240 1888 2297 1942 in
2330 1893 2596 1960 utroque,
2622 1889 2679 1943 id
2703 1893 2791 1944 est
2809 1889 3148 1945 Judzeorum
3172 1895 3229 1946 et
3250 1891 3548 1961 Gentium,

1901 1976 2144 2031 dumilli
2175 1982 2455 2048 tanquam
2488 1977 2785 2032 naturales
2817 1979 2962 2034 rami
2999 1979 3163 2035 fracti
3195 1985 3436 2036 sunt:et
3457 1981 3555 2035 isti

1903 2071 2185 2137 tanquam
2230 2067 2460 2121 oleaster
2502 2068 2561 2121 in
2625 2067 2822 2122 bonam
2879 2068 3080 2123 olivam
3143 2071 3340 2124 inserti
3367 2069 3554 2140 (Ibid.,

1905 2156 2014 2224 17),
2048 2154 2449 2209 indubitanter
2493 2171 2627 2210 eum
2688 2155 2946 2210 inveniet
2995 2162 3053 2211 et
3103 2157 3227 2212 suis
3257 2158 3468 2225 verbis,
3502 2163 3557 2214 et

1906 2242 2154 2298 maxime
2168 2244 2518 2298 testimoniis
2533 2245 2890 2316 propheticis
2914 2245 3332 2317 disputantem.
3352 2247 3414 2302 In
3428 2247 3556 2319 qui-

1906 2333 2016 2386 bus
2033 2337 2227 2388 tamen
2249 2333 2604 2405 propheticis
2623 2334 3002 2398 testimoniis,
3020 2352 3145 2407 quae
3161 2336 3330 2392 nobis
3353 2337 3558 2392 beatus

1906 2421 2217 2492 Apostolus
2249 2425 2414 2476 tanta
2445 2423 2792 2478 auctoritate
2820 2423 3142 2496 proposuit,
3175 2429 3238 2479 ut
3267 2424 3412 2480 nihil
3434 2442 3559 2481 om-

1909 2511 2048 2565 nino
2080 2511 2150 2565 de
2181 2509 2360 2581 hujus
2395 2511 2496 2575 rei,
2529 2511 2587 2566 id
2621 2516 2729 2572 est.
2755 2512 2962 2568 divinae
2995 2513 3053 2568 in
3087 2518 3398 2586 utramque
3428 2532 3560 2587 par-

1910 2604 2029 2654 tem
2083 2600 2612 2672 prmdestinationis
2661 2601 3076 2672 profunditate,
3108 2606 3166 2658 et
3206 2605 3562 2661 obscuritate

1913 2688 2027 2744 nisi
2083 2705 2151 2743 ex
2207 2705 2407 2744 eorum
2468 2690 2760 2760 ﬁrmitate,
2795 2695 2852 2745 et
2887 2691 3133 2746 evidenti
3193 2695 3562 2750 attestatione

1913 2778 2120 2831 docere
2143 2777 2409 2832 voluerit.
2436 2777 2584 2832 Illud
2610 2779 2896 2850 praecipue
2929 2779 3087 2835 omni
3106 2780 3340 2852 pietatis
3371 2783 3562 2837 consi-

1916 2866 2212 2921 deratione
2253 2866 2672 2922 attendendum
2705 2872 2790 2923 est
2823 2869 2976 2939 quod
3010 2885 3143 2923 cum
3177 2886 3469 2942 nusquam
3503 2871 3562 2926 in

1916 2955 2000 3009 eis
2021 2971 2292 3026 expresse
2315 2959 2372 3010 et
2392 2955 2624 3027 proprie
2645 2956 2886 3011 verbum
2918 2957 3450 3028 prmdestinationis
3471 2976 3562 3015 so-

1920 3047 2018 3098 net
2046 3061 2059 3109 ;
2093 3048 2287 3099 tamen
2312 3044 2450 3116 quia
2472 3044 2593 3116 ipse
2617 3061 2707 3101 res
2739 3046 2811 3100 ad
2843 3049 3155 3118 utramque
3187 3047 3563 3119 praedestina-

1919 3132 2138 3186 tionem
2161 3131 2518 3203 pertinentes
2538 3133 3032 3189 manifestissimae
3055 3141 3430 3207 apparent,et
3447 3136 3565 3192 evi-

1921 3220 2278 3276 dentissima:
2310 3221 2700 3289 declarantur,
2729 3223 3224 3280 conﬁdentissime
3251 3224 3567 3298 Apostolus

1920 3310 1990 3364 ad
2023 3314 2199 3364 tantae
2247 3311 2327 3364 rei
2379 3311 2903 3376 conﬁrmationem,
2936 3316 3111 3385 atque
3142 3313 3465 3369 doctrinam
3498 3332 3567 3370 ea

1920 3398 2264 3469 assumpsit,
2279 3403 2334 3453 et
2349 3399 2429 3453 ita
2439 3399 2691 3453 tenenda
2704 3404 2878 3472 atque
2900 3399 3277 3474 intelligenda
3296 3403 3564 3459 Ecclesiae

1919 3485 2163 3541 tradidit
2187 3504 2199 3542 :
2225 3504 2333 3542 sua
2358 3487 2582 3542 scilicet
2596 3490 2964 3556 auctoritate,
2989 3495 3046 3546 et
3067 3490 3330 3562 exemplo
3352 3509 3458 3548 nos
3484 3493 3568 3548 in-

1922 3575 2182 3631 formans
2212 3581 2270 3631 et
2301 3576 2621 3643 instruens,
2656 3583 2721 3633 ut
2751 3595 2865 3634 non
2896 3581 3255 3637 contentiose
3285 3586 3342 3637 et
3363 3599 3565 3654 snper-

1917 3681 2097 3720 vaeue
2128 3665 2199 3719 de
2233 3665 2356 3737 ipso
2387 3666 2561 3720 verbo
2593 3668 3120 3739 prtedestinationis
3143 3670 3200 3725 in
3223 3676 3563 3728 sanctorum

1919 3753 2336 3825 prophetarum
2386 3754 2633 3826 eloquiis
2681 3757 2832 3812 inter
2874 3774 2980 3813 nos
3025 3759 3442 3831 disceptemus,
3477 3761 3564 3816 vel

1919 3843 2095 3914 (quod
2129 3842 2304 3910 absit)
2333 3843 2508 3898 etiam
2536 3845 2827 3913 rixemur;
2861 3848 2958 3901 sed
2995 3849 3234 3918 paciﬁca
3262 3853 3320 3904 et
3351 3849 3444 3920 pia
3474 3849 3563 3904 in-

1918 3930 2260 4002 telligentia,
2279 3931 2613 4003 ubicunque
2635 3949 2726 3988 res
2741 3933 2869 4005 ipsa
2885 3936 3364 3992 manifestissime
3379 3937 3566 3994 decla-

1920 4025 2101 4087 ratur,
2128 4020 2526 4075 indubitanter
2556 4021 2794 4076 omnino
2825 4022 3078 4078 divinam
3111 4025 3566 4096 prtedestinatio-

1919 4125 2051 4164 nem
2078 4113 2136 4164 et
2165 4125 2497 4180 agnoscere,
2532 4113 2587 4163 et
2619 4126 2876 4165 asserere
2905 4111 3241 4168 debeamus.

1989 4196 2252 4252 Primum
2278 4214 2532 4270 namque
2549 4198 2946 4254 testimonium
2970 4201 3394 4273 propheticum,
3411 4205 3564 4276 quod

1921 4287 1991 4341 de
2025 4286 2132 4340 hac
2165 4285 2444 4357 reposuit,
2475 4285 2617 4341 illud
2646 4303 2714 4342 ex
2745 4287 2954 4342 Genesi
2988 4290 3166 4344 estde
3189 4307 3304 4362 quo
3327 4291 3406 4345 ita
3435 4292 3517 4347 ait
3549 4309 3562 4348 :

1923 4376 2313 4431 Promissionis
2359 4377 2506 4430 enim
2562 4375 2782 4431 verbum
2839 4377 2943 4432 hoc
2984 4385 3061 4432 est
3093 4395 3105 4433 :
3138 4370 3444 4435 Secundum
3473 4379 3570 4436 hoe

1921 4475 2130 4536 tempus
2183 4465 2424 4530 veniam,
2479 4473 2530 4520 et
2585 4467 2692 4520 erit
2744 4467 2904 4522 Sorae
2956 4467 3108 4536 ﬁlius
3144 4470 3318 4537 (Rom.
3352 4483 3428 4536 lx,
3460 4467 3564 4538 9):

175 4558 520 4624 deserendo;
554 4562 612 4612 et
642 4562 924 4628 tanquam
954 4554 1162 4626 figulus
1193 4558 1300 4611 luti
1325 4572 1395 4612 ea:
1422 4557 1606 4613 eadem
1632 4575 1814 4614 massa
1846 4574 1891 4638 Β
1923 4555 2021 4608 ubi
2055 4553 2189 4608 licet
2220 4571 2333 4609 non
2365 4553 2633 4610 videatur
2663 4571 2872 4610 sonare
2914 4557 3366 4627 praedestinatio,
3401 4562 3572 4613 sonat

175 4645 340 4702 simul
369 4651 498 4702 tota
518 4645 814 4712 damnata,
841 4644 976 4700 facit
994 4644 1152 4699 aliud
1173 4661 1272 4700 vas
1295 4646 1351 4699 in
1371 4647 1628 4701 honorem
1648 4647 1818 4703 misc-

175 4735 349 4791 ricord
360 4735 474 4791 iter
503 4733 825 4803 liberanda,
849 4733 1006 4789 aliud
1034 4749 1155 4790 vero
1179 4734 1239 4788 in
1259 4735 1641 4790 contumeliam
1654 4736 1815 4807 juste

175 4823 534 4878 damnando:
569 4827 633 4878 ut
658 4823 772 4878 duo
803 4839 870 4878 ex
900 4821 993 4878 his
1022 4821 1258 4878 ordines
1287 4823 1814 4896 existant,quorum

177 4911 265 4966 alii
286 4913 404 4968 sint
424 4929 531 4968 vas
551 4911 670 4979 ire,
694 4916 752 4966 et
771 4910 867 4966 alii
889 4928 990 4967 vas
1022 4909 1467 4978 misericordia;
1501 4911 1601 4967 illa
1629 4921 1816 4984 aptata

178 5002 230 5054 in
258 4999 699 5067 interitum,ista
720 5002 779 5055 in
799 5000 1034 5070 gloriam
1059 5006 1401 5072 praeparata.
1417 5001 1526 5056 Sed
1549 5009 1736 5072 aptata
1757 5003 1818 5056 in

179 5093 455 5146 interitum
486 5093 544 5145 et
572 5105 679 5145 suo
707 5089 935 5159 merito,
967 5093 1024 5145 et
1055 5089 1156 5145 Dei
1178 5089 1344 5161 justo
1367 5088 1593 5159 judicio
1618 5107 1631 5156 ;
1663 5104 1816 5160 prte-

173 5188 359 5250 parata
388 5183 591 5235 autem
622 5180 680 5233 in
707 5179 940 5250 gloriam
969 5177 1130 5234 nullo
1161 5195 1268 5234 suo
1301 5177 1529 5244 merito,
1565 5178 1663 5233 sed
1695 5177 1816 5234 solo

179 5267 373 5324 divinae
404 5265 612 5341 gratiae
641 5266 1104 5322 beneﬁcio.Cum
1128 5282 1264 5340 ergo
1297 5271 1416 5322 tam
1449 5270 1645 5338 aperte
1666 5266 1820 5321 dicat

178 5355 482 5426 Apostolus
519 5373 532 5411 :
566 5356 632 5410 Et
660 5372 791 5410 vasa
817 5357 924 5413 ira
970 5364 1156 5427 aptata
1186 5358 1246 5411 in
1276 5357 1581 5424 interitum,
1615 5363 1664 5410 et
1689 5371 1821 5409 vasa

178 5445 564 5501 misericordia:
591 5453 908 5516 prwparata
929 5447 985 5500 in
1006 5446 1263 5516 gloriam,
1276 5453 1328 5500 et
1341 5461 1411 5501 ea:
1428 5445 1621 5501 eadem
1641 5459 1822 5499 massa

178 5535 322 5589 aliud
338 5551 433 5590 vas
453 5535 582 5605 ﬁeri
603 5535 662 5588 in
692 5535 965 5601 honorem,
987 5533 1144 5590 aliud
1162 5550 1286 5589 vero
1307 5535 1366 5589 in
1385 5533 1773 5590 contumeliam
1804 5547 1817 5586 :

181 5623 299 5698 quis
330 5640 449 5682 non
480 5621 776 5700 intelligat
805 5622 863 5680 in
894 5623 986 5682 his
1027 5623 1217 5683 verbis
1273 5622 1580 5700 utriusque
1640 5620 1822 5698 partis

1925 4647 2120 4698 tamen
2146 4648 2344 4715 aperte
2367 4644 2700 4714 promissio,
2725 4661 2854 4716 quae
2881 4662 2996 4700 non
3028 4644 3196 4700 aliter
3227 4653 3376 4702 recte
3409 4645 3570 4702 intel-

1922 4730 2145 4803 ligitur,
2178 4731 2290 4786 nisi
2322 4732 2450 4804 ipsa
2488 4732 2801 4804 promissio
2846 4733 3097 4789 ﬁdeliter
3140 4735 3570 4806 praedestinatio

1923 4819 2246 4890 accipiatur
2270 4819 2437 4875 electi
2470 4820 2712 4876 seminis
2742 4821 3007 4893 Abrahae,
3031 4821 3088 4876 id
3120 4827 3207 4876 est
3236 4838 3436 4877 eorum
3467 4823 3569 4894 qui

1924 4906 2027 4961 ﬁlii
2062 4908 2162 4963 Dei
2195 4910 2572 4980 deputantur,
2604 4915 2660 4964 et
2685 4926 2720 4964 a
2744 4909 2878 4964 ﬁliis
2925 4908 3122 4965 carnis
3160 4909 3354 4965 divina
3382 4909 3572 4983 gratia

1925 4996 2160 5051 discreti
2191 5002 2346 5052 sunt.
2381 4997 2544 5052 Sicut
2591 4998 2715 5069 ipse
2765 4997 3074 5069 Apostolus
3122 4997 3180 5052 in
3211 4998 3412 5053 eodem
3445 4997 3570 5056 loco

1925 5085 2159 5156 exponit
2187 5085 2388 5142 dicens
2422 5104 2434 5141 :
2469 5092 2591 5144 Non
2644 5087 2741 5158 qui
2793 5087 2906 5156 ﬁlii
2957 5088 3162 5152 carnis,
3191 5087 3252 5141 hi
3296 5088 3406 5158 ﬁlii
3441 5096 3571 5143 sunt

1924 5176 2021 5230 Dei
2043 5192 2056 5241 ;
2088 5174 2180 5230 sed
2201 5177 2296 5246 qui
2324 5176 2436 5245 ﬁlii
2460 5183 2589 5231 sunt
2610 5176 2992 5246 promissionis
3019 5177 3368 5232 .z’stimantur
3396 5177 3457 5231 in
3481 5193 3570 5231 se-

1923 5265 2072 5317 mine
2103 5264 2294 5333 (lbid.,
2328 5265 2402 5330 8).
2437 5263 2701 5318 Secundo
2758 5261 2882 5318 loco
2940 5263 3081 5318 illud
3124 5263 3334 5321 iterum
3366 5281 3434 5321 ex
3463 5265 3570 5321 Ge-

1927 5352 2052 5406 nesi
2081 5350 2486 5406 testimonium
2511 5352 2704 5422 posuit
2738 5369 2750 5406 :
2783 5354 2858 5407 De
2885 5352 3091 5409 duobus
3139 5357 3375 5424 geminis
3423 5354 3574 5409 Isaac

1926 5448 1976 5495 et
1995 5439 2258 5506 Rebeccae,
2290 5454 2406 5509 quo
2437 5439 2649 5495 dictum
2675 5442 2860 5510 fuerat
2894 5459 2907 5496 :
2945 5444 3096 5514 Quia
3150 5445 3329 5514 major
3380 5445 3577 5499 serviet

1928 5529 2132 5583 minori
2159 5528 2314 5594 (Gen.
2346 5543 2476 5591 xxv,
2507 5529 2597 5594 23)
2627 5545 2640 5581 :
2674 5528 2772 5582 ubi
2817 5528 2954 5585 licet
3000 5531 3431 5604 praedestinatio
3465 5532 3573 5586 mi-

1930 5616 2086 5674 nime
2115 5630 2323 5678 sonare
2351 5613 2638 5688 videatur,
2652 5621 2846 5680 tamen
2868 5636 2960 5678 res
2990 5620 3177 5698 ipsius
3202 5621 3578 5700 praedestina-
