3896 6198
361 303 474 360 187

1459 301 1686 364 FLORI
1735 301 2050 364 DlACONl
2098 304 2666 367 LUGDUNENSIS;
3670 309 3774 374 168

359 433 534 490 tionis
585 438 703 492 tam
753 434 1036 506 profunde
1065 437 1122 489 et
1151 432 1448 506 granditer
1493 434 1573 490 ibi
1605 436 2005 491 demonstrata
2032 439 2087 505 Α
2119 437 2582 510 potuerit,quam
2608 443 2751 494 utex
2765 440 2951 494 forma
2973 439 3220 497 istorum
3245 439 3625 514 geminorum
3640 440 3773 498 alios

359 528 467 590 est,
502 527 566 578 ut
595 527 830 580 moneat
859 540 985 591 nos,
1014 526 1072 578 et
1099 522 1342 579 solerter
1369 523 1578 580 excitet
1605 523 1917 595 Apostolus
1950 523 2007 579 in

357 617 480 668 toto
509 611 608 667 illo
640 611 1066 684 oraculo,quod
1099 615 1240 667 tunc
1273 613 1539 668 Rebecca:
1561 613 1632 668 de
1662 613 1882 669 eisdem
1910 630 2006 686 ge-

356 701 538 758 minis
586 699 884 767 divinitus,
919 716 1266 772 responsum
1315 704 1424 766 est,
1461 700 1568 756 hoc
1615 701 1924 773 vigilanter
1953 705 2007 756 et

358 789 608 846 fideliter
633 789 953 858 intendere,
987 793 1044 845 et
1073 789 1443 846 considerare
1466 789 1694 853 debere,
1723 791 1878 862 quod
1901 806 2005 846 nec

355 878 616 934 damnati
673 884 838 933 erant
894 895 963 934 ex
1008 882 1171 934 utero
1216 882 1498 945 materno,
1531 879 1760 934 necdum
1792 881 2006 952 aliquid

352 975 573 1038 egerant
605 969 802 1022 bonum
832 975 930 1022 aut
959 968 1168 1024 malum
1199 967 1260 1022 in
1290 967 1410 1022 vita
1436 968 1687 1040 propria,
1716 973 1774 1024 et
1802 969 2004 1040 utique

351 1073 420 1112 ex
450 1073 567 1112 uno
598 1060 764 1112 erant
812 1056 1126 1112 concubitu
1175 1056 1458 1128 procreati
1485 1075 1496 1125 ;
1531 1061 1587 1112 et
1616 1061 1810 1112 tamen
1841 1062 2005 1113 tanta

351 1145 1014 1218 distantiaomnipotens
1029 1147 1181 1202 Deus
1203 1146 1355 1202 inter
1375 1152 1694 1219 utrumque
1710 1147 2000 1216 discrevit,

350 1241 415 1291 ut
443 1235 622 1292 nullis
649 1252 850 1292 eorum
886 1234 1348 1307 praecedentibus
1379 1235 1468 1290 vel
1501 1236 1691 1302 bonis,
1716 1235 1802 1292 vel
1830 1235 2002 1292 malis

349 1324 598 1390 meritis,
631 1322 755 1380 sola
785 1322 1063 1388 bonitate,
1097 1323 1396 1395 etjudicio
1448 1341 1555 1379 suo
1602 1342 1788 1380 unum
1819 1341 1888 1380 ex
1918 1324 2001 1380 eis

349 1413 666 1486 praeferret,
698 1417 756 1468 et
788 1411 1035 1468 alterum
1069 1412 1333 1468 servituti
1366 1413 1733 1487 subjugaret.

419 1503 488 1557 Et
506 1519 580 1558 ne
600 1501 707 1557 hoc
736 1518 944 1573 parum
973 1518 1101 1558 esse
1130 1501 1621 1570 existimaremus,
1648 1503 1803 1575 quod
1828 1503 1998 1576 quasi

347 1592 418 1647 de
439 1589 718 1647 humanis
736 1596 791 1646 et
818 1590 1158 1647 inhumanis
1178 1592 1351 1648 rebus
1373 1590 1593 1646 dictum
1625 1609 1753 1648 esse
1772 1592 2001 1648 videba-

345 1685 463 1745 tur,
495 1681 624 1751 quia
653 1680 832 1750 major
873 1681 1070 1735 serviet
1117 1682 1363 1747 minori;
1395 1680 1662 1738 videlicet
1691 1681 1859 1753 quasi
1890 1682 1998 1737 hoc

346 1769 754 1825 tantummodo
769 1769 826 1825 in
843 1784 1035 1825 rerum
1051 1768 1462 1842 temporalium
1487 1773 1642 1826 statu
1667 1770 1722 1824 in
1738 1771 1822 1826 eis
1843 1775 1999 1827 esset

344 1857 890 1930 implendum,dum
922 1857 983 1912 in
1014 1873 1215 1914 eorum
1249 1859 1495 1930 posteris
1527 1876 1682 1913 unus
1710 1876 1885 1932 regno
1903 1877 1996 1915 su-

344 1947 646 2014 blimatus,
661 1945 826 2003 alteri
851 1947 966 2002 sibi
989 1947 1244 2014 subdito,
1261 1952 1317 2002 et
1331 1947 1603 2004 servienti
1624 1948 1993 2004 dominatur:

343 2037 514 2110 erigit
544 2036 735 2091 adhuc
765 2035 1077 2107 Apostolus
1127 2035 1582 2108 intelligentiam
1630 2041 1889 2092 nostram
1922 2037 1995 2093 ad

343 2124 586 2197 majoris
614 2124 695 2178 rei
727 2122 1252 2179 considerationem
1277 2124 1555 2194 adjuncto
1578 2124 1914 2180 testimonio
1929 2141 1996 2180 ex

342 2213 629 2270 Malachia
660 2211 964 2284 propheta,
995 2211 1056 2266 in
1089 2229 1204 2283 quo
1234 2213 1304 2268 de
1335 2212 1553 2268 eisdem
1599 2213 1848 2286 geminis
1880 2230 1993 2270 non

342 2300 762 2375 temporaliter,
788 2301 888 2356 sed
922 2300 1270 2357 aternaliter
1299 2301 1591 2369 discretis,
1619 2319 1806 2374 neque
1829 2302 1884 2358 in
1912 2320 1996 2358 re-

341 2393 453 2448 bus
482 2395 712 2447 tantum
758 2389 1184 2462 temporalibus
1237 2391 1336 2446 sed
1397 2391 1572 2446 etiam
1621 2391 1993 2447 zeternalibus

341 2497 555 2554 magna
571 2478 852 2536 distantia
866 2479 1302 2551 separatis,ipse
1321 2480 1473 2534 Deus
1487 2479 1989 2552 loquiturdicens:

337 2570 500 2628 Iacob
526 2569 720 2637 dilexi,
756 2570 903 2624 Esau
932 2577 1114 2624 autem
1141 2569 1265 2624 odio
1295 2570 1465 2624 habui
1489 2570 1634 2637 (Mal.
1661 2587 1698 2634 ι,
1721 2572 1796 2637 2).
1830 2569 1994 2624 Unde

340 2676 453 2715 non
470 2657 639 2714 aliter
652 2655 1165 2728 recteintelligitur
1185 2657 1293 2712 hoc
1317 2656 1719 2712 testimonium
1742 2657 1988 2728 prophe-

338 2748 540 2815 ticum,
557 2745 671 2802 nisi
695 2745 942 2802 fideliter
972 2745 1055 2800 illi
1078 2746 1232 2818 quod
1255 2763 1323 2802 ex
1340 2746 1550 2802 Genesi
1577 2752 1881 2818 sumptum
1903 2750 1993 2802 est

339 2835 672 2892 testimonio
702 2835 1113 2907 conjungatur,
1146 2839 1208 2889 ut
1234 2835 1475 2902 scilicet,
1497 2835 1648 2891 sicut
1668 2835 1812 2890 illud
1835 2835 1990 2906 quod

337 2925 414 2982 ibi
448 2925 670 2981 dictum
712 2928 820 2995 est,
843 2926 988 2994 Quia
1018 2925 1194 2996 major
1219 2927 1414 2980 serviet
1443 2926 1670 2990 minori,
1702 2923 1783 2980 ita
1812 2923 1988 2980 etiam

334 3013 492 3071 istud
518 3015 671 3086 quod
695 3013 754 3068 in
779 3012 1060 3086 propheta
1086 3018 1238 3069 Deus
1271 3013 1537 3086 loquitur
1561 3031 1574 3068 :
1597 3016 1761 3070 Iacob
1791 3013 1985 3082 dilexi,

335 3107 488 3159 Esau
517 3111 699 3159 autem
732 3101 854 3158 odio
885 3103 1075 3167 habui,
1092 3106 1407 3174 antequam
1426 3101 1547 3157 nati
1567 3107 1784 3169 essent,
1805 3107 1863 3157 et
1883 3119 1985 3156 an-

335 3197 573 3265 tequam
595 3189 815 3262 aliquid
837 3190 1096 3262 egissent
1111 3171 1328 3245 bonum
1347 3194 1448 3246 aut
1462 3189 1775 3246 malum.ln
1789 3190 1987 3245 divino
2019 3171 2062 3238 C

335 3281 538 3352 utique
562 3279 731 3350 juxto
754 3277 979 3350 judicio
1004 3281 1322 3350 utrumque
1347 3277 1714 3350 praecessisse
1744 3277 1986 3350 accipia-

334 3373 452 3434 tur,
476 3369 533 3424 id
557 3372 646 3424 est
668 3371 726 3422 et
747 3364 979 3422 dilectio
1010 3365 1108 3422 Dei
1144 3365 1203 3420 in
1235 3366 1437 3432 Jacob,
1473 3370 1530 3421 et
1563 3367 1762 3422 odium
1794 3366 1889 3422 Dei
1925 3367 1982 3422 in

337 3458 510 3514 Esau.
545 3457 612 3512 Et
641 3472 776 3511 cum
807 3454 927 3510 haec
961 3455 1098 3520 duo,
1127 3454 1182 3509 id
1229 3459 1318 3510 est
1359 3453 1416 3509 in
1449 3454 1698 3511 alterum
1729 3455 1982 3521 dilectio,

335 3550 393 3601 et
423 3546 482 3600 in
515 3544 763 3602 alterum
804 3542 1003 3599 odium
1041 3543 1158 3608 Dei,
1191 3549 1248 3598 et
1279 3543 1642 3599 nativitatem
1673 3560 1895 3612 eorum,
1928 3547 1987 3600 et

336 3649 510 3690 omne
536 3631 811 3689 meritum
842 3631 971 3687 vita:
1002 3648 1201 3687 eorum
1227 3633 1399 3703 juxta
1421 3649 1622 3687 verum
1641 3636 1696 3687 et
1717 3631 1986 3705 apostoli-

335 3738 470 3779 cum
492 3737 733 3778 sensum
758 3720 1179 3792 praecesserint,
1205 3737 1339 3776 cum
1367 3737 1471 3776 nec
1495 3720 1592 3776 isti
1615 3726 1853 3793 possent
1874 3720 1982 3776 im-

338 3811 528 3883 putari
550 3809 708 3866 mala
726 3809 924 3881 aliqua
945 3827 1070 3881 qua:
1096 3809 1344 3866 necdum
1369 3809 1602 3878 fecerat,
1621 3809 1986 3865 necillibona

335 3899 555 3970 aliqua,
589 3915 718 3971 quae
775 3896 939 3954 nulla
995 3902 1444 3970 perpetraverat,
1478 3898 1559 3953 ita
1615 3898 1984 3956 solummodo

327 3988 488 4061 juste
516 3989 668 4044 facta
697 3985 1126 4060 intelliguntur,
1161 3991 1227 4043 ut
1257 3987 1627 4059 omnipotens
1672 3987 1847 4053 Deus,
1883 3985 1983 4060 qui

333 4075 684 4133 aaternaliter
703 4076 816 4133 ista
837 4076 897 4131 in
920 4093 1026 4132 suo
1041 4076 1285 4147 judicio,
1303 4081 1359 4133 et
1380 4077 1452 4132 de
1479 4076 1654 4133 unius
1682 4076 1982 4145 electione,

331 4169 391 4222 et
405 4167 475 4221 de
506 4165 748 4222 alterius
781 4164 1182 4236 reprobatione
1212 4169 1518 4234 statuerat,
1541 4183 1608 4222 ac
1629 4166 1985 4238 praedefinie-

335 4258 442 4322 rat,
467 4253 810 4326 originalem
833 4252 892 4308 in
915 4253 998 4309 eis
1023 4258 1248 4310 reatum
1269 4271 1335 4311 ex
1357 4253 1828 4327 praevaricatione
1847 4255 1981 4309 Adae

333 4343 683 4409 venientem,
720 4342 812 4397 cui
847 4342 1050 4415 utique
1079 4345 1252 4400 ambo
1295 4344 1596 4416 aequaliter
1633 4343 1985 4400 tenebantur

334 4430 588 4496 obnoxii,
622 4431 886 4487 futurum
921 4432 1262 4504 prmviderit,
1296 4450 1480 4488 unum
1526 4432 1983 4488 misericorditer

2119 525 2487 596 omnipotens
2508 527 2660 583 Deus
2681 532 2895 584 aeterna
2919 529 3322 586 misericordia
3344 547 3454 586 sua
3477 530 3769 598 dilexisse,

2118 612 2263 670 alios
2284 621 2497 672 esterno
2525 633 2630 672 suo
2644 617 2870 687 judicio
2893 619 3107 687 odisse,
3133 637 3242 676 sua
3264 619 3650 675 attestatione
3667 636 3776 675 ma~

2117 703 2440 760 nifestetur.

2186 791 2330 846 Huic
2359 792 2694 850 testimonio
2725 795 3062 866 prophetico
3107 799 3164 851 et
3193 797 3395 853 sensui
3429 796 3768 870 apostolico,

2112 879 2378 936 videlicet
2405 898 2518 952 quo
2550 882 2862 939 etdilectio
2894 889 2950 940 et
2980 884 3181 941 odium
3214 885 3317 941 Dei
3349 885 3407 941 in
3429 887 3669 942 duobus
3685 904 3769 959 ge-

2113 970 2294 1024 minis
2316 970 2508 1026 adhuc
2541 972 2598 1026 in
2632 975 2794 1028 utero
2825 978 3089 1030 materno
3121 973 3328 1046 positis
3361 992 3430 1029 ex
3448 975 3771 1031 misericor-

2112 1059 2208 1115 dia
2240 1065 2296 1116 et
2318 1061 2545 1131 judicio
2581 1061 2675 1116 Dei
2709 1061 3076 1134 intelligitur,
3109 1063 3285 1119 etiam
3335 1063 3482 1119 illud
3519 1065 3592 1119 de
3626 1064 3772 1119 Isaia

2112 1149 2396 1220 proliheta
2447 1150 2802 1211 mirabiliter
2857 1157 3141 1208 consonat
3193 1156 3253 1208 et
3297 1153 3642 1216 concordat,
3676 1151 3766 1207 ubi

2111 1237 2481 1309 omnipotens
2513 1237 2688 1306 Deus,
2708 1238 2869 1295 electi
2907 1240 3105 1312 populi
3138 1240 3210 1296 ab
3242 1247 3406 1296 utero
3430 1240 3763 1307 auxiliator,

2110 1331 2167 1381 et
2196 1343 2226 1382 e
2259 1325 2548 1383 contrario
2583 1327 2811 1399 reprobi
2845 1328 3042 1400 populi
3076 1328 3349 1384 similiter
3376 1334 3670 1401 tanquam
3702 1346 3762 1384 ex

2109 1420 2273 1472 utero
2286 1420 2412 1471 tran
2421 1416 2738 1488 sgressoris
2752 1417 3172 1473 condemnator
3182 1418 3385 1474 ostend
3396 1418 3768 1484 itur,dicente

2108 1504 2313 1560 eodem
2336 1504 2687 1576 prophetain
2707 1505 2914 1577 primis
2932 1506 3002 1561 ad
3025 1506 3305 1579 populum
3325 1506 3577 1562 electum
3598 1523 3611 1562 :
3641 1512 3768 1564 Ιιιῖιε

2106 1592 2241 1648 dicit
2275 1595 2542 1648 Dominus
2579 1595 2789 1664 faciem
2844 1602 2898 1651 et
2939 1597 3186 1666 [ornatus
3217 1603 3288 1661 te,
3319 1597 3388 1650 ab
3415 1604 3572 1651 utero
3603 1599 3768 1651 auxi-

2108 1682 2273 1737 liator
2300 1690 2426 1738 tuus
2453 1682 2579 1753 (lsa.
2612 1700 2764 1749 κων,
2796 1686 2872 1752 2).
2906 1682 3124 1740 Deinde
3167 1689 3298 1756 post
3329 1683 3532 1756 aliqua
3564 1685 3638 1740 ad
3669 1703 3765 1756 po-

2106 1769 2309 1842 pulum
2362 1771 2677 1843 rcprobum
2726 1789 2796 1828 cx
2835 1789 3087 1844 persona
3121 1773 3214 1828 Dei
3249 1773 3627 1845 subjungens
3661 1790 3676 1828 :
3711 1775 3770 1829 Et

2107 1866 2554 1929 transgressorem
2611 1877 2681 1916 ex
2734 1869 2920 1918 ventre
2977 1863 3166 1918 vocavi
3193 1869 3242 1917 te
3272 1863 3396 1933 (Isa.
3436 1879 3632 1928 vam,
3664 1864 3721 1934 8)
3752 1879 3764 1917 :

2106 1947 2505 2004 utcertissime
2527 1950 2679 2020 quod
2705 1949 2762 2004 in
2785 1948 3020 2006 illorum
3053 1950 3424 2022 geminorum
3459 1952 3655 2006 forma
3676 1952 3768 2006 de-

2107 2041 2497 2094 monstratum
2513 2038 3296 2110 declaratApostelus,hocin
3314 2039 3534 2112 duplici
3552 2056 3765 2113 genere

2105 2126 2432 2192 hominum,
2469 2126 2788 2183 electorum
2834 2128 3058 2184 scilicet
3087 2132 3144 2183 et
3173 2129 3582 2200 reproborum,
3620 2128 3767 2183 luci-

2104 2215 2346 2270 dissime
2378 2215 2693 2271 tenendum
2728 2221 3024 2288 appareat.
3055 2216 3203 2271 Dum
3236 2221 3293 2272 et
3313 2216 3410 2272 isti
3444 2216 3646 2272 divino
3672 2218 3768 2287 ju-

2105 2302 2253 2358 dicio
2285 2320 2352 2357 ex
2379 2308 2577 2358 ventre
2626 2309 3090 2376 transgressores
3140 2311 3475 2376 arguuntur
3507 2322 3519 2361 :
3556 2309 3616 2361 et.
3646 2305 3764 2359 illis

2103 2391 2374 2447 similiter
2403 2392 2556 2448 Deus
2587 2409 2655 2448 ex
2690 2398 2851 2449 utero
2881 2393 3193 2448 auxiliator
3221 2395 3576 2458 ostenditur,
3613 2412 3763 2466 qua-

2099 2484 2273 2536 tenus
2303 2496 2374 2536 ex
2401 2480 2588 2536 eadem
2629 2498 2812 2536 massa
2861 2481 3224 2554 originaliter
3253 2487 3374 2537 tota
3403 2484 3676 2538 damnata
3711 2487 3764 2538 in

2101 2578 2252 2624 utero
2281 2579 2527 2625 materno
2572 2571 2709 2639 ﬁant
2763 2571 2879 2624 alia
2911 2588 3041 2625 vasa
3071 2573 3131 2626 in
3157 2570 3435 2636 honorem,
3468 2580 3519 2626 et
3549 2574 3672 2626 alia
3709 2576 3762 2627 in

2098 2660 2494 2714 contumeliam
2529 2659 2702 2725 (Rom.
2737 2676 2815 2724 1x,
2848 2660 2938 2727 2t,
2974 2661 3082 2727 15).
3119 2659 3403 2716 Similiter
3463 2660 3524 2714 in
3589 2662 3764 2716 tertio

2100 2747 2436 2802 testimonio
2469 2746 2827 2818 prophetico,
2863 2748 3017 2819 quod
3048 2747 3127 2802 ita
3160 2749 3384 2820 posuit:
3417 2749 3592 2820 Moysi
3611 2753 3763 2804 enim

2098 2835 2276 2892 dicit:
2339 2836 2628 2892 Miscrebor
2681 2838 2775 2892 cui
2822 2837 3138 2903 miserebor,
3194 2846 3247 2892 et
3314 2838 3760 2898 miscricordiam

2094 2925 2366 2997 pra’stabo
2414 2927 2569 2998 cujus
2618 2926 2913 2982 miserebor
2941 2925 3131 2997 (Exod.
3160 2943 3361 2990 χχχιιι,
3396 2927 3486 2991 19)
3521 2943 3533 2980 :
3573 2927 3763 2988 mani-

2098 3014 2244 3070 feste
2262 3014 2508 3070 verbum
2529 3014 3058 3086 praedestinationis
3079 3030 3193 3069 non
3215 3019 3406 3070 sonat.
3427 3015 3541 3071 Res
3561 3021 3761 3073 tamen

2097 3103 2180 3160 ita
2201 3103 2511 3160 manifesta
2539 3108 2648 3170 est,
2673 3108 2738 3158 ut
2766 3104 2836 3159 de
2866 3121 2934 3160 ea
2965 3102 3303 3160 nullatenus
3336 3104 3602 3160 dubitari
3623 3123 3760 3178 pos-

2096 3191 2191 3247 sit.
2224 3196 2367 3247 Cum
2399 3191 2768 3264 omnipotens
2823 3192 2974 3248 Deus
3025 3192 3302 3249 omnibus
3352 3192 3664 3264 aequaliter
3695 3211 3760 3250 ex

2095 3280 2286 3353 prima
2305 3280 2406 3336 illa
2421 3281 2887 3353 transgressione
2916 3281 3236 3350 damnatis,
3259 3298 3374 3338 non
3394 3281 3605 3354 utique
3622 3282 3760 3339 ullis

2094 3369 2556 3442 praecedentibus
2613 3369 2782 3426 bonis
2842 3369 3087 3436 meritis,
3115 3370 3216 3426 sed
3259 3369 3384 3427 sola
3420 3371 3618 3442 gratia
3649 3388 3758 3428 sua

2094 3457 2443 3514 misereatur
2496 3457 2589 3514 cui
2648 3458 2980 3525 miseretur,
3015 3462 3072 3514 et
3117 3457 3452 3515 misericors
3500 3459 3629 3526 fiat,
3664 3460 3759 3514 cui

2094 3545 2556 3603 misericordiam
2597 3546 2973 3620 praestiterit;
3006 3546 3316 3603 manifeste
3343 3547 3596 3615 caeteris,
3633 3551 3761 3621 qui-

2093 3636 2205 3692 bus
2225 3635 2376 3691 banc
2405 3636 2652 3708 gratiam
2686 3636 2948 3694 conferre
2979 3634 3249 3700 noluerit,
3267 3637 3432 3708 justo
3456 3643 3518 3694 et
3538 3641 3758 3696 aeterno

2093 3741 2199 3780 suo
2221 3724 2448 3795 judicio
2479 3725 2610 3782 odio
2642 3724 2857 3780 habitis
2888 3728 3063 3797 atque
3092 3725 3407 3782 damnatis.

2163 3812 2426 3870 Postbzec
2448 3817 2723 3886 quartum
2742 3813 3145 3869 testimonium
3169 3813 3577 3885 prepheticum
3603 3815 3761 3871 sicut

2090 3906 2146 3958 et
2176 3901 2416 3958 tertium
2449 3901 2520 3956 de
2553 3901 2742 3956 Exodo
2773 3901 2991 3974 posuit,
3026 3901 3108 3956 ita
3151 3902 3524 3975 subjungens
3558 3920 3572 3957 :
3613 3907 3763 3960 Dicit

2089 3991 2238 4046 enim
2267 3991 2549 4062 Scriptura
2581 3989 2861 4046 Pharaoni
2883 4008 2896 4046 :
2924 3991 3065 4058 Quia
3087 3992 3147 4046 in
3175 3992 3273 4048 hoc
3303 3994 3486 4062 ipsum
3509 3996 3762 4049 excitavi

2090 4087 2161 4146 te,
2197 4086 2257 4134 ut
2285 4078 2562 4134 ostendam
2594 4081 2652 4134 in
2683 4084 2736 4134 te
2780 4080 3033 4136 virtutem
3075 4095 3276 4146 meam,
3307 4088 3359 4135 et
3388 4083 3762 4138 annuntietur

2087 4185 2285 4225 nomen
2335 4184 2519 4224 meum
2568 4169 2630 4224 in
2660 4169 2919 4224 universa
2970 4176 3119 4224 terra
3149 4169 3322 4240 (Rom.
3355 4186 3432 4233 1x,
3470 4170 3582 4242 17).
3619 4171 3753 4236 Ubi,

2089 4255 2226 4312 licet
2253 4273 2465 4313 nomen
2499 4256 3028 4328 praedestinationis
3075 4274 3345 4329 expresse
3389 4275 3508 4314 non
3561 4265 3754 4324 sonet,

2089 4349 2286 4400 tamen
2311 4345 2438 4417 ipsa
2455 4345 2888 4417 praedestinatio
2917 4346 3206 4404 malorum
3240 4347 3447 4403 merito
3477 4346 3760 4420 iniquita-

2089 4433 2165 4491 tis
2177 4451 2296 4491 suae
2310 4434 2381 4489 ad
2397 4432 2699 4490 interitum
2721 4434 3299 4506 sempiternum,tam
3327 4439 3530 4506 aperte
3551 4443 3753 4493 osten-

333 4518 628 4592 diligendo
651 4517 1982 4592 liberaret,alterumjusteodiendoreprobaret
2009 4538 2059 4605 D
2088 4522 2267 4588 ditur,
2297 4526 2362 4577 ut
2394 4522 2495 4594 qui
2527 4522 2650 4578 haec
2681 4521 2932 4578 fideliter
2962 4523 3146 4587 audit,
3176 4527 3234 4579 et
3261 4521 3565 4596 intelligit,
3585 4525 3661 4582 de
3681 4542 3752 4582 ea

333 4612 507 4680 atque
538 4608 865 4664 damnaret.
885 4611 1182 4674 Quatenus
1205 4625 1273 4664 ex
1297 4609 1404 4665 hoc
1426 4607 1674 4664 ﬁdeliter
1693 4606 1982 4679 intelliga-

333 4712 468 4756 mus
497 4696 934 4768 profundiorem
965 4702 1022 4753 et
1052 4697 1427 4754 occultiorem
1459 4695 1639 4752 divini
1663 4695 1870 4767 judicii
1903 4698 1986 4753 di-

333 4784 983 4857 spositionem,etillam
1015 4784 1345 4858 generalem
1380 4784 1439 4839 in
1468 4784 1653 4840 Adam
1684 4784 1862 4840 totius
1879 4785 1983 4841 hu-

335 4874 493 4931 ιιιαηί
523 4873 756 4946 generis
800 4873 1236 4930 damnationem
1270 4872 1637 4928 illuminante
1668 4889 1774 4928 nos
1804 4889 1981 4930 sensu

334 4961 650 5034 apostolico
682 4961 857 5018 altius
889 4961 1341 5036 perspiciamus:
1367 4977 1435 5016 ex
1461 4977 1577 5032 qua
1607 4961 1980 5034 omnipotens

333 5049 509 5119 Deus,
538 5055 595 5106 et
642 5068 791 5122 quos
838 5049 1083 5107 voluerit
1131 5049 1254 5105 sola
1303 5066 1413 5106 sua
1445 5049 1633 5122 gratia
1660 5049 1889 5118 liberat,
1926 5055 1983 5107 et

333 5155 481 5210 quos
509 5137 762 5196 noluerit
788 5143 1005 5195 interna
1042 5155 1150 5194 sua
1192 5136 1463 5209 aequitate
1507 5139 1874 5196 condemnat.
1909 5143 1978 5198 Et

332 5225 468 5284 licet
488 5228 546 5284 in
569 5228 676 5284 hoc
697 5227 1036 5300 prophetico
1055 5225 1412 5293 testimonio,
1435 5228 1589 5298 quod
1613 5227 1765 5284 Deus
1787 5229 1928 5286 dicit
1959 5248 1972 5287 :

330 5315 492 5374 Jacob
519 5316 714 5383 dilexi,
747 5316 892 5370 Esau
921 5323 1104 5374 autem
1131 5315 1252 5370 odio
1282 5316 1470 5383 habui,
1495 5333 1609 5372 non
1645 5322 1811 5374 sonet
1849 5336 1976 5376 ver-

331 5405 473 5462 bum
506 5403 1068 5477 praedestinationis;
1097 5402 1228 5474 ipsa
1279 5408 1474 5460 tamen
1525 5405 1605 5461 rei
1655 5407 1867 5464 veritas
1895 5408 1978 5465 ita

332 5495 628 5552 evidenter
656 5495 916 5563 apparet,
948 5489 1007 5546 in
1041 5491 1346 5566 utriusque
1377 5495 1562 5567 partis
1609 5493 1973 5567 electionem,

332 5581 420 5646 vel
437 5579 929 5660 reprobationem,
953 5585 1017 5640 ut
1039 5581 1183 5643 nihil
1204 5582 1411 5644 fortius
1431 5587 1486 5642 et
1508 5584 1841 5662 expressius
1862 5586 1976 5646 dici

2091 4611 2359 4667 dubitare
2390 4629 2504 4666 non
2537 4610 2725 4683 possit
2751 4628 2765 4666 :
2801 4611 2945 4666 dum
2977 4610 3075 4668 ille
3105 4611 3346 4684 impius,
3371 4616 3429 4670 et
3459 4613 3674 4680 durus,
3699 4619 3756 4670 et

2090 4699 2470 4756 indomabilis
2501 4716 2598 4755 rex
2620 4699 3249 4772 [Egyptiorumﬁivino
3262 4701 3512 4773 judicio,
3539 4702 3664 4759 sive
3685 4719 3757 4758 ex

2091 4806 2291 4845 massa
2333 4790 2619 4846 damnata.-
2665 4789 2932 4861 originis,
2967 4788 3087 4845 sive
3119 4790 3191 4846 ad
3221 4794 3574 4862 potestatem
3606 4793 3753 4866 regii

2091 4877 2350 4944 honoris,
2375 4877 2434 4931 in
2458 4877 2566 4934 hoc
2586 4879 2998 4936 tantummodo
3021 4879 3305 4936 excitatus
3325 4883 3436 4948 est,
3457 4885 3527 4936 ut
3548 4881 3654 4953 qui
3684 4899 3756 4938 ex

2089 4966 2423 5038 semetipso,
2458 4969 2514 5021 et
2569 4965 2629 5020 in
2681 4967 2997 5039 semetipso
3055 4967 3270 5040 dignus
3323 4972 3451 5024 erat
3505 4969 3753 5026 interitu

2087 5059 2325 5126 aeterno,
2359 5058 2687 5128 apponente
2747 5054 2862 5112 Deo
2916 5056 3008 5122 [αι.
3041 5055 3130 5129 eo]
3161 5056 3540 5128 iniquitatem
3575 5075 3756 5131 super

2088 5144 2457 5216 iniquitatem
2479 5143 2873 5215 ejus,augeret
2894 5148 3295 5217 contemptum
3317 5145 3378 5201 in
3399 5145 3751 5214 Dominum,

2086 5251 2201 5306 quo
2221 5233 2405 5289 tantis
2429 5248 2494 5289 ac
2516 5231 2733 5288 talibus
2763 5230 2955 5305 plagis
2986 5233 3319 5290 admirabili
3351 5234 3617 5306 potentia
3647 5235 3752 5307 Dei

2087 5325 2410 5378 mereretur
2439 5319 2742 5394 ﬂagellari,
2769 5325 2826 5376 et
2846 5321 2915 5378 ad
2943 5321 3217 5378 ultimum
3249 5339 3386 5380 cum
3403 5323 3568 5380 omni
3588 5324 3753 5381 simi-

2086 5411 2219 5467 liter
2246 5409 2428 5482 impio
2460 5408 2675 5482 populo
2706 5426 2814 5465 suo
2842 5413 3058 5465 aaterna
3087 5411 3520 5480 submersione,
3542 5418 3604 5468 et
3625 5429 3753 5484 per-

2085 5498 2306 5555 ditione
2337 5497 2515 5556 deleri
2542 5515 2555 5566 ;
2591 5501 2656 5554 ut
2685 5502 2742 5553 et
2767 5497 2849 5552 illi
2874 5498 3211 5570 justissime
3240 5500 3570 5573 reciperent
3587 5501 3750 5573 quod

2086 5588 2498 5661 merebantur;
2533 5589 2589 5648 et
2617 5586 2990 5664 omnipotens
3020 5587 3123 5652 Dei
3155 5588 3365 5664 virtus,
3394 5589 3518 5651 sive
3546 5589 3611 5650 in
3641 5589 3750 5650 ﬂa-
