3896 6198
98 359 207 419 169

1050 361 1286 427 LIBER
1329 358 1743 419 ADVERSUS
1786 357 2157 418 JOANNEM
2196 358 2535 421 SCOTUM.

3383 361 3499 422 170

98 490 256 561 gello,
275 490 390 545 sive
413 490 469 545 in
498 492 821 562 perditione
840 509 1035 546 eorum
1066 492 1537 564 magniﬁcentius
1562 490 1746 543 omni-
1778 492 1825 556 Α
1862 491 1981 555 (lar.
2011 508 2165 560 xvm,
2189 496 2220 545 2
2246 496 2413 562 seq).
2444 492 2704 561 Cumque
2756 492 3056 564 ingressus
3106 492 3316 547 fuisset
3364 511 3501 565 pro-

98 583 201 636 bus
229 580 640 643 innotescerct,
664 585 720 635 et
743 597 811 635 ex
830 580 1007 635 unius
1031 598 1202 652 pugna
1232 580 1430 650 plures
1456 580 1524 633 ad
1551 578 1746 650 cogni-

93 670 301 725 tionem
333 668 433 723 Dei
465 673 523 723 et
556 668 806 725 salutem
841 687 1011 725 suam
1044 669 1407 741 proﬁcerent.

158 758 313 814 Sicut
343 758 415 811 de
448 758 561 812 hac
598 775 658 813 re
698 758 902 813 beatus
931 757 1276 813 Ambrosius
1307 756 1743 813 evidentissime

90 850 360 911 tractans,
393 846 477 901 ita
520 846 663 901 dicit
697 863 709 901 :
743 847 966 913 [Justus
1000 846 1281 901 Dominus
1332 845 1392 900 in
1443 845 1739 917 periculis,

86 938 275 1007 justus
297 934 356 989 in
375 934 632 1001 damnis,
646 936 847 1005 justus
870 936 928 990 in
949 935 1271 991 ultionihus
1288 942 1395 1002 est,
1412 951 1524 989 non
1549 934 1739 989 solum

92 1024 221 1097 quia
247 1023 658 1096 unusquisque
676 1025 831 1096 juste
856 1024 1038 1095 culpa:
1062 1041 1178 1079 sua:
1204 1024 1455 1095 pretium
1483 1023 1626 1078 luit:
1652 1039 1742 1078 ve-

91 1131 210 1169 rum
243 1113 782 1185 etiam,quia,dum
815 1131 970 1169 unus
1000 1113 1262 1184 punitur,
1289 1112 1523 1185 plurimi
1558 1112 1735 1167 corri-

90 1206 318 1273 guntur.
354 1202 610 1257 Ammius
654 1200 711 1255 in
760 1202 1001 1255 Actibus
1033 1200 1431 1273 apostolorum
1487 1199 1737 1254 fraudati

87 1290 266 1363 pretii,
293 1291 452 1362 quod
502 1291 572 1346 de
613 1290 734 1362 agri
768 1290 1095 1345 venditione
1128 1294 1478 1361 perceperat,
1513 1290 1734 1343 crimen

87 1380 336 1443 admisit,
361 1379 465 1451 qui
502 1383 769 1451 potuerat
819 1379 963 1433 nihil
1019 1379 1244 1440 offerre,
1268 1384 1323 1433 et
1354 1379 1572 1433 crimen
1604 1394 1732 1432 eva-

86 1466 459 1523 dere.Verum
483 1483 555 1521 ne
576 1466 706 1539 quis
738 1467 980 1538 impune
1004 1466 1572 1522 circumscribendos
1595 1482 1733 1538 apo-

86 1555 255 1610 stolos
305 1554 712 1626 arbitraretur,
739 1560 841 1609 aut
892 1554 1304 1609 misericordia:
1354 1573 1470 1611 suae
1516 1569 1733 1610 munus

86 1644 277 1700 fraude
290 1644 695 1699 contaminare
714 1644 993 1715 perﬁdia),
1012 1644 1183 1698 morti
1197 1644 1464 1699 addictus
1482 1650 1730 1715 internae,

86 1735 379 1788 universos
407 1734 481 1787 ad
508 1733 638 1787 lidei
668 1733 930 1787 studium
958 1734 1119 1803 justo
1144 1738 1360 1787 terrore
1382 1734 1729 1804 composuit.

86 1823 296 1878 Pharao
318 1839 459 1877 cum
488 1821 701 1893 populo
722 1839 828 1876 suo
851 1822 1129 1877 ﬂuctibus
1155 1840 1383 1876 mersus
1419 1824 1730 1878 mundanae
1761 1858 1809 1924 Β

84 1911 536 1967 conversationis
558 1910 889 1981 exemplum
918 1916 1025 1973 est,
1051 1928 1121 1966 ne
1153 1911 1286 1982 quis
1317 1912 1415 1965 Dei
1450 1912 1731 1983 populum

84 2007 429 2073 pcrscquatu
441 2018 484 2054 r.
506 2000 764 2070 Denique
787 1999 973 2071 potuit
994 2001 1146 2055 Deus
1165 2017 1296 2055 eum
1315 2000 1595 2055 voluntati
1616 2019 1734 2056 suae

84 2091 257 2145 facere
275 2088 781 2155 obedientem,sed
802 2089 850 2159 ej
863 2107 930 2144 us
950 2106 1117 2160 pmna
1132 2106 1335 2144 omnes
1347 2090 1475 2144 volu
1488 2090 1529 2144 it
1544 2107 1739 2147 emen-

81 2178 217 2234 dari.
241 2178 498 2249 Ideoque
520 2176 661 2231 dicit
684 2176 756 2231 ad
780 2193 916 2231 eum
940 2176 1254 2232 Dominus:
1276 2180 1421 2247 Quia
1442 2178 1630 2234 adhoc
1652 2181 1734 2251 ip-

78 2286 189 2323 sum
210 2276 256 2322 te
273 2258 571 2332 suscitavi,
582 2275 642 2321 ut
659 2265 935 2320 ostendam
954 2268 1013 2320 in
1029 2274 1078 2321 tc
1097 2269 1347 2322 virtutem
1366 2277 1619 2337 numm,et
1639 2286 1737 2322 an-

80 2359 357 2411 nuntictur
376 2372 575 2410 nomen
598 2372 780 2409 meum
802 2357 860 2409 in
880 2357 1137 2410 universa
1161 2364 1306 2410 terra
1330 2358 1501 2427 (Rom.
1527 2375 1599 2423 Ix,
1622 2358 1730 2424 l7).

84 2447 197 2502 Non
221 2445 432 2517 utique
454 2444 738 2499 Dominus
760 2461 879 2499 sua:
911 2444 1122 2511 laudis,
1148 2446 1246 2499 sed
1276 2450 1487 2499 nostrae
1509 2462 1731 2501 correc-

81 2536 246 2590 tionis
263 2535 632 2589 incrementa
647 2533 985 2605 quaerebat]
1008 2534 1134 2587 Haec
1148 2534 1350 2587 beatus
1365 2535 1729 2591 Ambrosius.

142 2621 459 2696 Apostolus
473 2638 608 2676 vero
626 2621 944 2693 praemissis
963 2622 1194 2677 duobus
1216 2622 1730 2695 testinioniis,quo-

85 2729 205 2766 rum
228 2729 418 2767 unum
442 2710 513 2765 ad
538 2711 1023 2773 misericordiam,
1040 2728 1164 2781 quae
1188 2710 1383 2765 electis
1405 2714 1728 2768 conlertur:

81 2801 320 2856 alterum
347 2801 421 2855 ad
439 2799 926 2872 judicium,quod
949 2799 1207 2871 reprobis
1232 2799 1540 2871 irrogatur,
1562 2802 1733 2873 perti-

81 2896 189 2956 net;
213 2895 269 2945 et
289 2888 457 2945 velut
480 2893 799 2960 utrumque
819 2888 1257 2953 concludens,et
1284 2893 1599 2961 utrumque
1621 2890 1731 2945 cle-

83 2978 252 3035 menti
274 2980 517 3050 etjusta
540 2977 838 3032 voluntate
860 2978 960 3033 Dei
986 2978 1107 3033 ﬁeri
1129 2978 1366 3040 docens,
1392 2979 1726 3051 subjungit:

79 3069 211 3133 Ergo
229 3068 390 3139 cujus
412 3066 532 3122 vult
552 3069 862 3133 miseretur,
885 3076 935 3122 et
965 3083 1121 3138 quem
1153 3068 1268 3122 vult
1300 3067 1522 3123 indurat
1547 3068 1728 3139 (Ibid,

1854 579 2049 650 pheta,
2091 596 2220 634 ecce
2269 579 2487 652 ﬁgulus
2537 580 2782 635 faciebat
2813 598 3020 653 opuse
3051 580 3174 636 luto
3226 582 3500 637 munibus

1855 668 2000 732 suis,
2024 673 2080 723 et
2112 669 2304 724 subito
2336 668 2684 740 dissipatum
2725 674 2812 723 est
2837 686 2986 741 opus
3016 671 3172 741 quod
3204 670 3451 725 faciet-at
3482 686 3496 725 :

1854 757 2052 812 statim
2111 775 2425 813 conversus
2484 758 2617 812 fecit
2673 758 2816 814 illud
2872 776 2973 813 vas
3031 759 3300 827 alterum,
3347 759 3501 814 sicut

1852 844 2152 917 placuerat
2180 848 2241 901 in
2275 847 2459 902 oculis
2489 848 2636 917 ejus.
2672 849 2835 902 Tunc
2866 848 3148 920 propheta
3174 850 3382 920 jussus
3413 851 3502 903 est

1850 936 1931 990 ire
1955 940 2010 990 et
2032 935 2284 991 clamare
2310 936 2379 990 ad
2406 936 2687 1008 populum
2712 953 2779 991 ex
2804 954 3052 1008 persona
3074 937 3207 992 Dei:
3237 937 3500 1011 Nunquid

1847 1025 1988 1078 sicut
2011 1025 2215 1094 ﬁgulus
2246 1026 2341 1079 istc
2362 1041 2468 1079 non
2488 1034 2673 1095 potero
2693 1028 2871 1096 facere
2891 1028 3055 1093 vobis,
3080 1026 3267 1082 domus
3288 1027 3502 1082 Israel?

1847 1114 1935 1167 Ait
1966 1115 2226 1168 Dominus
2250 1132 2267 1167 :
2290 1115 2419 1167 Ecce
2444 1115 2584 1168 sicut
2615 1115 2789 1169 lutum
2816 1116 2874 1168 in
2901 1131 3071 1169 manu
3099 1116 3277 1186 ﬁguli,
3298 1118 3379 1170 sic
3406 1131 3497 1171 vos

1848 1203 1907 1254 in
1939 1218 2109 1256 manu
2131 1219 2273 1267 mea,
2296 1206 2401 1255 etc.
2429 1202 2612 1266 (1ὺὶ‹ἰ.,
2634 1204 2709 1272 7).
2735 1204 2859 1267 Qua
2886 1202 3129 1258 lectione
3161 1203 3497 1275 prophetica

1845 1290 2149 1344 manifeste
2173 1291 2323 1344 Deus
2347 1291 2601 1344 ostendit
2622 1295 2676 1344 et
2703 1308 2763 1345 se
2794 1308 2921 1345 esse
2954 1292 3222 1363 ﬁgulum,
3248 1298 3304 1348 et
3325 1310 3495 1348 omne

1844 1377 2171 1432 humanum
2231 1394 2375 1449 gens
2417 1379 2474 1432 in
2527 1396 2705 1433 manu
2768 1379 2953 1451 ipsius
2986 1382 3153 1452 quasi
3212 1380 3400 1436 lutum
3434 1382 3495 1437 in

1845 1483 2021 1521 manu
2056 1467 2240 1538 ﬁguli,
2267 1474 2329 1522 ut
2362 1484 2429 1523 ex
2459 1484 2525 1523 eo
2558 1467 2730 1523 faciat
2757 1485 2895 1524 vasa
2926 1469 3172 1533 diversa,
3198 1470 3347 1525 sicut
3379 1471 3499 1542 pla-

1842 1555 2025 1611 cuerit
2046 1557 2102 1610 in
2128 1556 2311 1611 oculis
2336 1558 2501 1625 ejus:
2528 1574 2593 1611 ex
2627 1575 2743 1611 una
2763 1557 3028 1613 videlicet
3060 1575 3273 1625 massa,
3299 1565 3356 1614 et
3378 1564 3497 1614 tota

1842 1645 1901 1698 in
1928 1646 2111 1699 Adam
2138 1644 2437 1716 aequaliter
2456 1646 3026 1712 damnata,efﬁciens
3051 1664 3189 1702 vasa
3208 1664 3313 1704 suo
3338 1648 3496 1717 judi-

1841 1735 1929 1788 cio
1961 1733 2237 1789 distincta
2268 1738 2442 1805 atque
2480 1734 2731 1798 diversa,
2755 1735 2895 1789 dum
2935 1735 3093 1789 aliud
3126 1752 3193 1791 ex
3223 1737 3307 1791 eis
3341 1738 3404 1791 ﬁt
3432 1736 3492 1791 in

1841 1822 2147 1889 honorem,
2171 1822 2329 1877 aliud
2355 1840 2485 1878 vero
2510 1823 2566 1877 in
2593 1823 3005 1878 contumeliam
3033 1841 3045 1878 :
3074 1829 3129 1879 et
3152 1824 3291 1880 illud
3316 1825 3492 1881 etiam

1844 1929 1946 1967 vas
1969 1913 2121 1983 quod
2147 1928 2252 1966 suo
2276 1911 2502 1978 merito,
2519 1918 2574 1967 et
2596 1912 2788 1967 divino
2815 1912 3037 1983 judicio
3064 1914 3303 1986 ﬁngitur
3323 1915 3380 1970 in
3404 1916 3493 1971 in-

1845 2001 2107 2068 teritum,
2137 2001 2184 2055 si
2209 2000 2403 2055 subito
2436 2018 2536 2072 per
2567 2001 2967 2072 pcenitentiam
3000 2002 3161 2073 ﬁguli
3193 2003 3346 2059 inter
3364 2022 3492 2060 ma-

1846 2106 1958 2144 nus
1980 2088 2318 2161 dissipetur,
2339 2090 2538 2159 utjam
2565 2106 2677 2144 non
2701 2090 2774 2143 sit
2798 2094 3062 2160 aptatum
3087 2091 3144 2145 in
3167 2090 3490 2161 interitum,

1844 2179 2118 2233 continuo
2138 2195 2239 2249 per
2256 2177 2600 2249 sapientiam
2620 2184 2675 2231 et
2692 2179 3012 2234 bonitatem
3032 2178 3194 2252 ﬁguli
3213 2181 3499 2239 formatur

1845 2273 1901 2321 et
1932 2268 2181 2321 efﬁcitur
2212 2284 2310 2321 vas
2342 2266 2612 2330 alterum,
2649 2271 2714 2320 ut
2751 2267 2798 2321 si
2838 2267 3141 2335 honorem,
3176 2273 3240 2323 ut
3271 2269 3496 2341 placeat

1843 2356 2029 2411 oculis
2051 2356 2396 2411 conditoris:
2418 2361 2662 2426 tumque
2686 2356 2742 2409 in
2759 2357 3035 2412 omnibus
3057 2356 3150 2413 his
3166 2359 3356 2414 verbis
3378 2376 3493 2416 non

1844 2445 2175 2500 inveniatur
2205 2445 2434 2516 proprie
2465 2461 2737 2515 expressa
2776 2446 3230 2515 prccdeslinatio,
3257 2447 3384 2519 ipsa
3414 2454 3495 2504 ta-

1843 2550 1974 2588 men
2011 2532 2536 2604 prtedestinationis
2561 2534 2745 2587 virtus
2776 2538 2832 2587 et
2852 2534 3063 2590 veritas
3094 2535 3151 2589 in
3185 2539 3496 2609 utramque

1842 2627 2090 2693 partem,
2115 2627 2169 2675 et
2218 2621 2531 2675 electorum
2577 2622 2841 2675 videlicet
2888 2627 2947 2677 et
3000 2624 3402 2695 reproborum,
3438 2630 3496 2681 et

1838 2728 2112 2765 vasorum
2146 2710 2201 2763 in
2238 2710 2540 2776 honorem,
2570 2715 2626 2764 et
2655 2727 2927 2765 vasorum
2960 2711 3019 2766 in
3052 2714 3489 2783 contumeliam,

1838 2804 2004 2855 tanta
2026 2800 2151 2854 luce
2175 2799 2605 2863 manifestatur,
2632 2802 2794 2852 tanta
2815 2798 3162 2856 discretione
3184 2801 3493 2875 distingui-

1839 2894 1955 2954 tur,
1979 2893 2035 2944 et
2064 2888 2209 2942 nihil
2242 2887 2477 2951 certius,
2506 2886 2588 2941 vel
2617 2886 2986 2943 manifestius
3006 2888 3249 2944 inveniri
3282 2892 3488 2961 possit.

1839 2982 1973 3044 Qua:
2006 2977 2205 3033 omnia
2231 2976 2446 3030 idcirco
2480 2981 2598 3030 tam
2631 2976 2900 3044 sollicita,
2924 2981 2981 3032 et
3009 2978 3270 3050 diligenti
3294 2979 3488 3035 consi-

1838 3066 2134 3121 deratione
2164 3064 2494 3137 legentibus
2522 3065 2898 3136 proponenda
2922 3065 3406 3137 existimavimus,
3427 3073 3493 3125 ut

84 3157 181 3222 l8).
205 3155 429 3210 Deinde
462 3156 740 3209 adversus
785 3154 1087 3209 audaciam
1125 3158 1180 3209 et
1212 3156 1726 3226 praesumptionem
1768 3221 1800 3228 μ
1831 3157 2000 3228 juxta
2045 3154 2194 3209 hanc
2232 3154 2479 3209 formam
2530 3170 2740 3209 sensus
2787 3154 3091 3226 apostolici
3122 3156 3180 3210 in
3213 3157 3491 3213 omnibus

79 3221 515 3315 hominum,qui
537 3260 649 3297 non
668 3247 1147 3315 recognoscentes
1166 3221 1537 3316 fragilitatem
1558 3261 1725 3299 suam
1759 3221 1802 3292 α
1832 3221 2156 3316 Deripturis
2202 3242 2558 3315 propheticis
2606 3259 2719 3297 non
2770 3221 3021 3298 multum
3055 3243 3389 3302 laboremus
3420 3247 3491 3302 de

79 3349 174 3387 nec
194 3334 437 3405 propria
450 3332 1257 3399 meritaattendentes,divina
1278 3333 1726 3404 potiusjudicia,

77 3440 196 3493 que
209 3440 327 3477 non
342 3420 701 3493 intelligunt,
718 3421 1139 3492 reprehendere
1153 3438 1266 3476 non
1286 3422 1726 3493 pertimescunt,

79 3512 344 3581 proponit
364 3509 643 3583 quintum
663 3509 1064 3565 testimonium
1089 3527 1155 3565 ex
1173 3511 1321 3567 Isaia
1345 3512 1627 3591 propheta
1649 3512 1731 3568 ita

76 3600 268 3655 dicens
295 3618 308 3654 :
336 3599 379 3655 0
411 3600 590 3665 homo,
623 3607 683 3654 tu
714 3601 810 3670 qui
835 3615 909 3663 es,
930 3602 1027 3670 qui
1056 3600 1375 3671 respondeas
1405 3602 1551 3655 Deo?
1578 3619 1728 3657 nun-

76 3689 199 3757 quid
225 3689 367 3743 dicit
394 3689 719 3759 ﬁgmcntum
746 3690 801 3742 ei
827 3690 925 3759 qui
950 3705 1005 3743 se
1032 3688 1206 3759 ﬁnxit
1228 3706 1241 3744 :
1267 3690 1416 3756 Quid
1440 3706 1527 3745 me
1553 3693 1731 3760 fecisti

74 3778 187 3832 sic?
215 3780 348 3843 (lsa.
383 3795 522 3844 xcv;
559 3778 708 3832 Rom.
732 3780 833 3844 ix.)
857 3776 962 3832 Ubi
995 3782 1052 3831 et
1085 3777 1325 3832 verbum
1353 3779 1728 3849 praedestina-

79 3866 246 3921 tionis
264 3867 519 3921 minime
535 3870 737 3921 sonat:
758 3871 811 3920 et
835 3871 1028 3921 tamen
1051 3866 1179 3937 ipsa
1199 3866 1256 3920 in
1278 3871 1590 3939 utramque
1608 3886 1733 3940 par-

81 3959 185 4010 tem
218 3954 758 4027 przedestinationis
792 3954 1026 4024 justitia
1061 3958 1178 4010 tam
1212 3955 1364 4010 clare
1396 3961 1452 4010 et
1483 3958 1733 4028 perfecte

81 4043 428 4111 defenditur,
446 4047 513 4097 ut
533 4043 774 4098 omnino
796 4042 1107 4114 compellat
1131 4043 1377 4099 ﬁdeliter
1400 4046 1732 4102 audientem

80 4131 371 4188 verissime
406 4132 938 4204 cognoscere,quia
974 4131 1069 4185 ille
1108 4131 1478 4204 omnipotens
1501 4134 1735 4191 Creator

78 4238 237 4277 verus
256 4225 348 4276 est
376 4220 681 4293 ﬁgulus,et
696 4237 902 4276 omnes
924 4220 1193 4277 homines
1218 4222 1288 4276 de
1313 4221 1453 4279 limo
1475 4227 1637 4278 terra
1660 4224 1733 4279 ab

79 4310 391 4376 esconditi,
406 4310 540 4379 ejus
555 4310 902 4381 ﬁgmentum
920 4326 933 4363 :
950 4313 1008 4364 et
1022 4309 1496 4381 ideojustissima
1512 4314 1734 4369 ratione

79 4415 182 4453 non
206 4415 383 4470 posse
397 4397 671 4469 judicare
696 4398 1041 4470 ﬁgmentum
1065 4399 1136 4453 de
1158 4398 1337 4471 ﬁgulo
1362 4417 1488 4467 suo,
1514 4403 1613 4457 sed
1638 4420 1740 4475 po-

80 4488 183 4542 tius
205 4487 459 4560 ﬁgulum
485 4488 557 4542 de
580 4487 862 4560 ﬁgmento
884 4504 1011 4558 suo,
1030 4487 1130 4559 qui
1155 4488 1314 4543 solus
1347 4490 1503 4544 novit
1524 4496 1736 4549 esterno

1836 3336 2010 3389 verbo
2033 3330 2559 3405 praadestiuationis
2581 3349 2710 3386 cum
2736 3333 2973 3388 omnino
3009 3334 3139 3405 ipsa
3157 3334 3369 3390 veritas
3403 3352 3491 3391 re-

1839 3440 1969 3477 rum
1989 3422 2059 3476 ad
2074 3421 2327 3476 divinam
2352 3421 2913 3488 praedestinationem
2930 3423 3350 3493 pertinentium
3369 3428 3490 3480 tam

1838 3512 2010 3577 clare,
2026 3515 2082 3566 et
2105 3508 2507 3581 multipliciter
2523 3509 2600 3563 ibi
2626 3516 3004 3582 proponatur,
3024 3516 3087 3566 ut
3103 3512 3196 3566 vix
3218 3517 3273 3567 et
3293 3512 3492 3569 omnia

1839 3601 2097 3657 invenire
2124 3599 2211 3653 vel
2244 3615 2447 3669 capere
2494 3598 2748 3654 sutliciat
2778 3599 3039 3656 humana
3070 3601 3374 3673 fragilitas.
3410 3602 3491 3658 De

1839 3691 2055 3763 quibus
2080 3688 2171 3743 hic
2188 3688 2406 3759 aliqua,
2421 3687 2667 3759 exempli
2690 3689 2898 3759 gratia,
2916 3690 3291 3763 subjungere,
3312 3691 3492 3746 maxi-

1841 3795 2105 3850 me,qure
2138 3776 2405 3848 planiora
2451 3780 2506 3830 et
2553 3775 2911 3831 evidentiora
2968 3783 3106 3833 sunt
3163 3778 3491 3835 necessario

1841 3868 2204 3935 studuimus,
2226 3870 2290 3920 ut
2319 3882 2386 3919 ex
2417 3864 2510 3919 bis
2529 3869 2585 3919 et
2612 3864 2869 3936 paciﬁce,
2890 3882 2954 3920 ac
2980 3865 3225 3922 ﬁdeliter
3246 3869 3492 3923 audien-

1840 3963 1949 4022 tes,
1975 3955 2205 4011 facilius
2227 3954 2634 4018 informentur,
2656 3958 2713 4007 et
2734 3954 3098 4021 contentiosi,
3116 3955 3163 4010 si
3184 3956 3490 4012 veritatem

1842 4046 2137 4116 suscipere
2168 4060 2281 4098 non
2315 4042 2632 4107 renuerint,
2666 4041 2838 4096 citius
2871 4042 3257 4115 corrigantur.

1912 4135 2027 4190 Nec
2041 4134 2111 4187 de
2130 4131 2229 4186 illa
2248 4146 2400 4184 nunc
2414 4128 2728 4184 electorum
2748 4131 3257 4202 praedestinatione
3268 4132 3381 4205 aliq
3392 4133 3489 4190 uid

1843 4223 2266 4287 dicimus,cum
2287 4219 2357 4272 ad
2381 4234 2508 4272 eam
2533 4216 2995 4290 intelligendam,
3021 4237 3085 4274 ac
3108 4220 3356 4276 ﬁdeliter
3374 4238 3492 4277 cre-

1842 4313 2093 4368 dendam
2120 4314 2177 4365 et
2207 4306 2567 4380 plenisisime
2589 4306 2826 4362 omnino
2845 4308 3138 4363 sufﬁciant
3154 4309 3491 4382 prophetica

1844 4399 2199 4462 testimonia,
2218 4398 2289 4452 ab
2314 4394 2607 4468 Apostolo,
2628 4396 2781 4451 sicut
2802 4397 3187 4465 ostendimus,
3208 4397 3496 4457 lucidissi-

1846 4508 1939 4547 me
1962 4488 2205 4563 prolata.
2226 4486 2339 4541 Nec
2362 4485 2430 4540 de
2450 4501 2535 4552 ea,
2564 4485 2805 4540 Domino
2827 4485 3126 4557 largiente,
3153 4486 3363 4560 aliquis
3385 4506 3492 4543 no-

79 4576 312 4632 consilio
337 4593 450 4632 suo
475 4575 942 4647 unumquodque
967 4593 1068 4632 vus
1099 4581 1219 4631 tam
1246 4578 1442 4650 magni
1468 4579 1729 4652 ﬁgmenti
1761 4588 1808 4652 1)
1839 4587 2027 4639 strum
2054 4576 2307 4641 dubitet;
2332 4574 2431 4628 sed
2462 4577 2694 4628 tantum
2716 4574 2786 4628 de
2818 4572 2919 4629 illa
2941 4575 3087 4645 justi
3114 4574 3323 4645 judicii
3348 4593 3491 4647 pra:-

80 4665 159 4718 sui
192 4666 448 4738 benigne
480 4665 753 4731 formare,
787 4669 845 4720 et
889 4665 960 4720 ad
995 4683 1141 4737 quos
1184 4683 1329 4721 usus
1368 4668 1418 4722 ei
1452 4668 1734 4740 placuerit

81 4753 265 4825 utique
287 4755 496 4825 justos
539 4757 597 4807 et
639 4752 868 4809 debitos
897 4752 1167 4809 ordinare
1196 4760 1372 4826 atque
1402 4756 1729 4829 disponere.

141 4843 300 4906 Quod
324 4848 397 4897 ut
417 4841 614 4897 adhuc
636 4841 896 4913 apertius
915 4842 1195 4906 insinuet,
1215 4844 1485 4917 adjungit
1505 4852 1733 4903 sextum

81 4930 484 4987 testimonium
526 4947 595 4986 ex
636 4930 891 4986 Jeremia
918 4930 1220 5002 propheta,
1245 4936 1300 4986 et
1339 4932 1477 4988 dicit
1506 4952 1517 4988 :
1542 4938 1733 4991 Annon

83 5019 224 5074 habet
249 5028 573 5091 potestatem
619 5020 822 5089 ﬁgulus
867 5020 975 5074 luti
997 5037 1067 5075 ea"
1095 5021 1281 5075 eadem
1330 5039 1511 5078 massa
1558 5027 1737 5096 facere

84 5107 223 5163 aliud
250 5108 484 5181 quidem
512 5124 609 5163 vas
641 5110 697 5162 in
730 5109 1005 5177 honorem,
1031 5107 1195 5163 aliud
1224 5125 1347 5165 vero
1379 5113 1438 5165 in
1466 5122 1737 5171 contume-

86 5196 249 5251 liam?
270 5199 452 5270 (Rom.
484 5214 563 5262 Ix,
585 5197 699 5266 2t.)
728 5196 812 5250 lbi
864 5213 1139 5268 namque,
1169 5196 1225 5250 id
1275 5202 1364 5254 est
1398 5199 1453 5253 in
1483 5200 1739 5259 Jeremia

82 5285 356 5357 propheta
388 5285 647 5357 legimus
678 5283 895 5340 dixisse
918 5284 1231 5339 Dominum
1258 5287 1329 5365 ad
1364 5304 1522 5355 eum,
1543 5290 1734 5363 Surge,

84 5371 325 5431 descende
375 5377 439 5431 in
486 5374 710 5431 domum
736 5375 914 5445 ﬁguli,
936 5381 989 5429 et
1035 5375 1117 5429 ibi
1158 5375 1345 5431 audies
1398 5380 1559 5434 verba
1616 5398 1739 5437 mea

1842 4666 2232 4727 destinatione
2258 4680 2375 4735 qua
2406 4661 2619 4734 impios
2645 4663 2716 4718 ad
2749 4663 3048 4718 interitum
3084 4664 3493 4736 praeordinavit

1842 4777 1908 4816 ac
1923 4752 2382 4831 praedestinavit;
2404 4752 2475 4806 de
2489 4768 2605 4822 qua
2618 4751 2769 4807 inter
2781 4752 2995 4807 multos
3010 4752 3195 4807 multa
3206 4752 3492 4809 hzesitatio

1842 4852 1954 4916 est,
1968 4861 2154 4919 pauca
2170 4859 2237 4897 ex
2260 4840 2483 4906 multis,
2499 4844 2555 4894 et
2577 4839 2887 4894 manifesta
2911 4841 3242 4896 testimonia
3259 4841 3497 4913 replica-

1844 4953 1998 4991 mus.
2020 4932 2295 5003 Legimus
2318 4930 2514 5000 itaque
2539 4929 2595 4983 in
2621 4928 2769 4983 libro
2787 4928 3048 4991 Genesis,
3063 4930 3214 5000 quod
3235 4930 3497 5001 omnipo-

1844 5030 1973 5081 tens
2005 5028 2157 5077 Deus
2189 5018 2370 5073 totius
2400 5016 2643 5072 humani
2677 5016 2905 5089 generis
2935 5017 3236 5071 interitum
3268 5018 3497 5088 (praeter

1845 5131 1943 5169 eos
1966 5113 2063 5184 qui
2090 5105 2489 5164 misericordia
2522 5105 2707 5177 ipsius
2737 5104 2794 5158 in
2829 5121 2962 5159 arca
2993 5110 3158 5159 erant
3184 5105 3491 5177 salvandi),

1846 5205 2079 5275 propter
2111 5196 2325 5253 nimias
2349 5193 2687 5265 iniquitates
2709 5198 2764 5248 et
2786 5192 3116 5263 impietates
3136 5193 3496 5266 ipsorum,ut

1846 5287 2195 5365 generaliter
2218 5290 2275 5339 et
2295 5283 2355 5337 in
2389 5280 2658 5353 praesenti
2692 5280 2964 5353 perirent,
2990 5297 3162 5352 poena
3182 5281 3381 5338 diluvii
3402 5283 3497 5339 de-

1847 5379 1999 5444 lecti,
2015 5380 2072 5431 et
2094 5376 2151 5428 in
2176 5374 2369 5428 futuro
2389 5370 2464 5439 (α)
2482 5377 2695 5424 aeterna
2715 5368 3088 5426 damnatione
3113 5371 3304 5444 puniti
3324 5371 3497 5445 longe

1073 5480 1288 5537 ΝΟΤᾹΞ
1326 5482 1665 5543 DUVALLII
1705 5483 2057 5545 DOCTORIS
2100 5474 2502 5535 SORBONICI.

144 5573 216 5638 (α)
243 5571 457 5627 Gravis
520 5573 614 5643 est
662 5569 985 5643 quaestio,a
1016 5568 1219 5642 paucis
1279 5572 1569 5643 exagitata
1610 5580 1667 5631 et
1711 5594 1745 5634 a

87 5643 454 5715 paucioribus
487 5641 703 5699 soluta.
727 5641 1042 5714 Negantem
1078 5645 1302 5717 partem
1335 5641 1544 5704 suadet
1572 5646 1738 5708 locus

392 5769 675 5835 PATROL.
720 5766 879 5833 XIX.

1855 5576 1877 5631 Ι
1908 5559 2063 5628 Petri
2091 5581 2187 5621 In:
2224 5564 2469 5619 Christus
2510 5564 2675 5635 semel
2704 5580 2804 5635 pro
2828 5566 3063 5635 peccatis
3110 5568 3311 5623 nostris
3356 5581 3502 5622 mor-

1852 5654 1979 5705 tuus
2008 5646 2108 5707 est,
2132 5637 2317 5710 justus
2331 5648 2434 5708 pro
2466 5633 2717 5707 injustas;
2736 5643 2797 5693 ut
2824 5633 2921 5693 nos
2941 5636 3159 5709 oﬁmet
3178 5640 3301 5710 Deo,
3321 5639 3510 5697 morti-

3145 5764 3184 5839 6
