3896 6198
401 315 510 376 ΓΜ
1499 315 1728 376 FLORI
1772 312 2088 375 DIACONI
2135 309 2708 372 LUGDUNENSIS.
3691 314 3789 372 172

403 450 536 502 into
568 446 918 518 prmdixerit,
945 447 1014 502 ad
1061 451 1328 502 sanctum
1381 447 1772 520 patriarcham
1806 446 1923 500 Non
1976 445 2052 499 ita
2086 447 2135 512 Α
2166 445 2362 512 tet-itu,
2393 445 2488 516 qui
2522 444 2712 499 educti
2741 460 2808 497 cx
2839 447 3074 515 Aigypto
3103 458 3204 514 per
3228 442 3464 514 Moysen
3489 446 3702 496 terram
3725 458 3792 497 re-

403 535 652 608 loquens
677 553 690 590 :
715 538 874 592 Finis
904 538 1172 592 universa:
1201 539 1386 592 carnis
1428 539 1575 592 venit
1605 552 1790 592 coram
1817 551 1920 590 me.
1958 535 2052 590 Re-
2166 532 2572 605 promissionis
2622 536 2858 604 propter
2887 530 3357 586 incredulitatem
3399 546 3571 585 suam
3603 529 3793 586 intrare

401 625 549 697 pleta
577 632 655 680 est
685 631 831 680 terra
859 626 1154 696 iniquitate
1181 643 1215 680 a
1241 628 1384 697 facie
1411 641 1620 690 eorum,
1645 631 1697 680 et
1725 639 1822 693 ego
1850 623 2055 694 disper-
2165 637 2280 676 non
2313 625 2653 693 potuerunt,
2682 621 2782 676 scd
2816 636 3018 676 eorum
3047 620 3327 675 cadavera
3357 623 3654 690 prostrata
3677 624 3795 673 sunt

405 713 541 768 dam
569 728 655 768 eos
682 729 807 768 cum
835 721 982 768 terra
1015 713 1162 785 (Gen.
1187 731 1261 781 vn,
1290 715 1398 784 13).
1424 715 1504 769 De
1533 730 1649 785 qua
1680 711 1855 768 etiam
1888 729 2057 784 gene—
2165 709 2224 764 in
2255 709 2505 777 deserto,
2537 709 2616 764 ita
2647 708 2910 764 dolenter
2956 713 3014 764 et
3061 706 3518 764 lamentabiliter
3565 706 3798 778 loquitur

408 799 514 858 rali
536 799 800 857 omnium
834 801 1156 874 perditione
1189 801 1363 874 paulo
1385 803 1656 874 superius
1677 802 1880 857 eadem
1903 800 2056 855 Scri-
2166 797 2366 853 dicens
2401 816 2413 853 :
2448 798 2562 854 Non
2611 807 3017 854 exornaverunt
3044 813 3142 869 pro
3169 797 3402 868 peccatis
3444 798 3564 851 suis
3607 799 3798 868 antiqui

408 893 580 972 ptura
619 889 759 945 dicit
784 907 797 945 :
821 891 1078 962 Dixitque
1116 893 1255 948 Deus
1277 911 1294 946 :
1317 893 1434 947 Non
1460 891 1803 964 permanebit
1831 891 2058 962 spiritus
2164 889 2433 956 gigantes,
2467 889 2566 960 qui
2591 886 2853 942 destructi
2887 894 3016 942 sunt
3041 885 3365 956 conﬁdentes
3413 900 3539 942 sua’
3585 886 3758 940 virtuti
3783 903 3794 940 :

406 994 560 1034 meus
589 979 650 1033 in
681 979 900 1034 homine
928 981 991 1035 in
1018 987 1307 1044 aeternum,
1331 981 1465 1051 quia
1504 995 1631 1034 caro
1661 986 1756 1034 est.
1781 979 2060 1049 Erantque
2165 983 2217 1032 et
2243 993 2354 1031 non
2387 977 2627 1047 pepercit
2663 976 3103 1047 peregrinationi
3132 975 3380 1040 illorum,
3411 982 3465 1029 et
3512 983 3796 1028 exsecratus

407 1066 524 1122 dies
559 1066 712 1122 illius
753 1075 968 1122 centum
1015 1076 1066 1124 et
1109 1069 1311 1137 viginti
1363 1083 1638 1124 annorum
1665 1066 1849 1134 (Ibid,
1882 1068 1956 1136 3).
1991 1067 2059 1121 Et
2165 1073 2241 1120 est
2271 1065 2394 1120 illos
2419 1079 2542 1135 prae
2568 1065 2826 1136 superbia
2871 1065 3116 1120 illorum.
3149 1065 3264 1119 Non
3291 1067 3552 1118 misertus
3579 1070 3655 1118 est
3681 1063 3794 1128 illis,

409 1159 541 1230 post
571 1171 758 1226 pauca
790 1173 802 1210 :
841 1156 1032 1213 Videns
1059 1165 1243 1212 autem
1268 1159 1410 1212 Deus
1456 1156 1595 1229 quod
1635 1156 1810 1210 multa
1837 1157 2058 1210 malitia
2167 1161 2378 1222 gentem
2414 1161 2578 1210 totam
2609 1153 2862 1224 perdens,
2894 1161 2946 1208 et
2999 1153 3343 1209 extollentem
3370 1168 3428 1207 se
3459 1153 3520 1206 in
3567 1154 3680 1206 suis
3701 1169 3796 1222 pec-

409 1243 694 1299 hominum
720 1252 854 1300 esset
897 1245 955 1300 in
998 1252 1165 1310 terra,
1195 1253 1246 1300 et
1273 1252 1468 1300 cuncta
1521 1246 1772 1315 coyitatio
1828 1245 2062 1298 humani
2166 1245 2320 1300 catis.
2344 1243 2408 1297 Et
2433 1243 2574 1298 sicut
2599 1250 2849 1297 sexcenta
2873 1243 3066 1297 millia
3089 1240 3354 1312 peditum,
3389 1242 3488 1312 qui
3510 1243 3797 1310 congregati

409 1331 588 1390 cordis
619 1334 825 1388 intenta
855 1342 989 1389 esset
1011 1334 1079 1388 ad
1104 1335 1315 1389 malum
1343 1335 1496 1388 omni
1533 1342 1787 1404 tempore,
1804 1333 2063 1404 paenituit
2165 1339 2292 1388 sunt
2323 1332 2382 1386 in
2412 1331 2626 1386 duriiia
2654 1329 2832 1385 cordis
2861 1331 2952 1384 sui
2981 1347 3001 1384 :
3032 1336 3082 1384 et
3109 1331 3162 1384 si
3187 1345 3332 1384 tinus
3368 1329 3570 1399 fuisset
3595 1330 3798 1384 cervica-

409 1438 534 1480 eum
575 1422 717 1494 quod
762 1423 1039 1478 hominem
1092 1425 1305 1494 fecisset
1361 1425 1422 1478 in
1478 1430 1625 1478 terra
1677 1421 1861 1490 (Ibid,
1893 1423 1947 1488 5,
1980 1421 2056 1485 6).
2169 1429 2274 1488 tus,
2303 1421 2512 1475 mirum
2548 1436 2599 1475 si
2645 1421 2840 1490 fuisset
2895 1419 3178 1474 immunis.
3212 1417 3602 1474 Misericordia
3652 1419 3792 1486 enim,

411 1510 519 1567 Ubi
549 1516 604 1566 et
647 1509 820 1582 paulo
869 1515 1001 1584 post
1050 1512 1322 1567 subditur
1355 1529 1368 1566 :
1402 1513 1594 1567 Delebo
1647 1513 1848 1584 inquit,
1880 1513 2062 1566 homi-
2167 1517 2220 1565 et
2249 1511 2336 1564 ira
2365 1517 2444 1564 est
2472 1525 2597 1564 cum
2627 1509 2742 1563 illo.
2767 1508 2962 1562 Potens
2984 1508 3250 1578 σχον-σεῖο,
3272 1514 3322 1562 et
3351 1507 3638 1578 effundens
3659 1509 3793 1562 iram.

409 1615 554 1667 nem,
589 1615 746 1671 quem
773 1603 974 1667 creavi,
1007 1617 1040 1654 a
1068 1602 1211 1672 facie
1240 1608 1421 1666 terrm,
1453 1600 1520 1655 ab
1551 1601 1769 1655 homine
1798 1616 1964 1672 usque
1991 1599 2062 1655 ad
2167 1597 2480 1654 Secundum
2527 1596 2964 1652 misericordiam
3001 1613 3178 1663 suam,
3209 1597 3292 1652 sic
3347 1597 3619 1668 correptio
3670 1597 3798 1651 illius

410 1690 741 1756 animantia,
773 1707 808 1744 α
839 1691 1024 1760 reptili
1069 1706 1237 1760 usque
1275 1690 1344 1743 ad
1374 1690 1614 1745 volucres
1659 1690 1799 1744 caeli.
1833 1691 2064 1745 Paenitet
2171 1688 2445 1743 hominem
2500 1687 2797 1742 secundum
2849 1702 3013 1758 opera
3065 1703 3168 1742 sua
3215 1685 3434 1756 judicat
3490 1686 3679 1754 (Eccli.
3705 1703 3796 1753 im,

410 1779 692 1876 cnim-me
733 1779 927 1849 fecisse
979 1795 1043 1834 ea
1073 1778 1352 1850 (Ibid.,7).
1377 1778 1528 1844 Quid
1575 1777 1902 1834 evidentius
1956 1777 2059 1832 tali
2095 1813 2140 1876 Β
2172 1778 2350 1845 8-13).

411 1864 780 1938 prmdictionc
803 1869 861 1922 et
883 1865 1394 1938 praedestinationc
1415 1867 1486 1922 de
1523 1865 1775 1938 generali
1799 1865 2063 1922 omnium

410 1953 974 2026 impiorum,quibus
988 1959 1126 2010 tunc
1146 1955 1404 2010 mundus
1423 1954 1630 2026 plenus
1642 1959 1784 2021 erat,
1801 1955 2065 2010 interitu?

411 2043 596 2106 Quam
619 2047 675 2098 et
696 2047 897 2099 sancto
919 2048 975 2098 et
996 2042 1176 2098 electo
1199 2043 1544 2114 patriarcha:
1567 2043 1736 2115 longe
1757 2048 1889 2098 ante
1912 2043 2064 2098 Deus

412 2131 761 2186 annuntiare
791 2131 993 2198 voluit,
1023 2136 1078 2186 et
1109 2131 1262 2202 apud
1303 2147 1364 2186 se
1418 2131 1476 2186 in
1508 2136 1722 2186 acterna
1749 2137 1808 2186 et
1835 2131 2068 2186 interna

421 2219 649 2276 consilii
679 2219 770 2276 sui
803 2219 1187 2292 dispositione
1232 2221 1438 2276 statuit
1467 2237 1532 2275 ac
1565 2219 1890 2292 praeﬁnivit,
1924 2221 2067 2276 dum

423 2325 536 2365 non
567 2325 670 2382 per
689 2307 984 2382 angelum,
1009 2325 1114 2364 nec
1141 2325 1242 2382 per
1262 2309 1602 2380 prophetam
1627 2309 1882 2380 aliquem
1907 2309 2067 2364 illius

419 2395 842 2468 temporis,scd
888 2397 1041 2469 apud
1087 2397 1494 2468 semetipsum,
1521 2396 1639 2451 hac
1689 2397 1968 2453 statuisse
2013 2401 2069 2453 et

417 2485 739 2557 praefinisse
759 2485 1105 2542 ostenditur.
1125 2487 1193 2541 Et
1213 2488 1408 2540 tamen
1430 2485 1848 2558 benignissime
1859 2487 2066 2557 judcx,

418 2580 476 2630 et
505 2574 770 2630 conditor
799 2574 974 2630 etiam
1005 2572 1156 2641 illos,
1177 2591 1324 2646 quos
1365 2574 1592 2642 merito,
1624 2577 1687 2628 ut
1717 2575 2064 2643 ostenditur,

415 2663 792 2736 iniquitatum
824 2669 880 2720 et
918 2663 1284 2736 impietatum
1317 2679 1518 2719 eorum
1558 2663 1626 2718 ad
1671 2669 1789 2718 tam
1823 2663 2067 2718 horren-

418 2753 560 2808 dum
589 2753 828 2809 exitium
851 2757 1028 2824 atque
1059 2753 1363 2809 interitum
1396 2752 1925 2824 praedestinaverat,
1951 2770 2065 2808 non

413 2841 545 2908 sine
577 2841 988 2898 misericordia
1022 2858 1140 2896 sua:
1171 2840 1428 2896 bonitate
1459 2845 1517 2898 et
1556 2841 1769 2912 pietate
1812 2839 2066 2913 reliquit,

418 2929 682 2986 tribuens
712 2930 797 2985 eis
825 2934 1060 3002 tempus
1092 2934 1150 2984 et
1174 2929 1428 3002 spatium
1461 2929 1802 3001 pcnnitendi,
1823 2932 1887 2984 ut
1916 2928 2070 2984 intra

418 3023 650 3076 centum
683 3024 742 3074 et
773 3018 978 3091 viginti
1019 3035 1226 3085 annos,
1255 3023 1356 3074 aut
1388 3018 1560 3090 digne
1594 3017 1920 3090 pmnitendo
1952 3019 2067 3074 Deo

417 3107 952 3176 satisfacerent,aut
971 3107 1020 3162 si
1049 3107 1374 3162 secundum
1403 3107 1679 3161 duritiam
1705 3123 1873 3162 suam
1895 3112 1951 3161 et
1972 3124 2070 3162 cor

2242 1865 2402 1920 Talis
2431 1869 2518 1920 cst
2549 1864 2649 1919 illa
2682 1864 2977 1937 praedictio
3017 1868 3194 1937 atquc
3241 1863 3676 1937 prmdestinatio
3720 1863 3798 1918 Dei

2173 1953 2466 2026 loquentis
2497 1953 2566 2008 ad
2599 1953 2894 2008 Abraham
2921 1954 2993 2009 de
3024 1955 3220 2008 futura
3243 1951 3628 2026 oppressione
3657 1956 3799 2024 atque

2173 2042 2488 2098 afflictione
2515 2047 2572 2096 et
2613 2041 2906 2114 ereptione
2955 2041 3202 2098 seminis
3251 2043 3402 2112 ejus,
3429 2045 3489 2097 et
3527 2059 3558 2096 e
3602 2045 3800 2097 contra-

2176 2130 2259 2187 rio
2290 2131 2665 2186 damnatione
2704 2135 2763 2186 et
2815 2129 3136 2203 perditione
3181 2145 3602 2203 oppressorum
3651 2128 3803 2198 illius,

2175 2237 2310 2276 cum
2350 2219 2400 2274 ei
2462 2219 2539 2274 ita
2587 2219 2778 2274 dixit:
2814 2219 2959 2276 Scito
3003 2234 3349 2292 praenoscens
3397 2219 3544 2291 quod
3587 2222 3801 2291 peregri-

2175 2326 2310 2364 num
2335 2310 2589 2378 futurum
2632 2310 2704 2364 sit
2748 2325 2932 2364 semen
2987 2315 3143 2364 tuum
3175 2309 3232 2363 in
3264 2316 3412 2364 terra
3468 2325 3587 2364 non
3629 2316 3805 2372 sua,ct

2175 2399 2468 2469 subjicient
2497 2413 2583 2452 eos
2623 2399 2896 2464 servituti,
2928 2405 2980 2453 et
3007 2397 3258 2467 afﬂigent
3305 2396 3692 2468 quadragintis
3730 2414 3806 2452 an-

2169 2489 2283 2544 nis.
2313 2488 2687 2542 Verumtamen
2729 2494 2960 2557 gentem,
2987 2488 3081 2540 cui
3125 2487 3390 2542 servituri
3414 2494 3571 2550 sunt,
3603 2503 3694 2555 ego
3727 2487 3803 2557 ju-

2175 2575 2365 2631 dicabo
2397 2593 2416 2630 :
2444 2583 2494 2630 et
2522 2583 2638 2647 post
2665 2575 2778 2630 haec
2805 2575 3154 2645 egredientur
3179 2592 3305 2630 cum
3344 2591 3554 2646 magna
3580 2575 3803 2630 substan-

2177 2667 2278 2720 tia.
2313 2670 2398 2720 Tu
2428 2673 2610 2719 autem
2641 2663 2748 2719 ibis
2785 2663 2856 2719 ad
2898 2671 3084 2736 patres
3132 2672 3252 2719 tuos
3300 2665 3361 2719 in
3402 2681 3564 2736 pace,
3597 2664 3806 2736 sepultus

2177 2754 2238 2808 in
2264 2761 2534 2810 senectute
2567 2753 2723 2808 bona.
2759 2753 3114 2810 Generatione
3137 2761 3316 2808 autem
3345 2761 3550 2824 quarta
3579 2761 3808 2809 reverten-

2177 2849 2270 2896 tur
2317 2841 2424 2897 huc
2453 2861 2470 2896 :
2501 2841 2732 2898 necdum
2785 2843 2937 2898 enim
2989 2842 3272 2913 completa!
3325 2849 3452 2896 sunt
3515 2844 3804 2914 iniquitates

2176 2930 2614 2986 Amorrhteorum
2641 2947 2810 3003 usque
2841 2933 2899 2986 in
2926 2947 3167 3002 praesens
3197 2939 3405 3002 tempus
3426 2930 3586 3000 (Gen.
3614 2948 3702 2996 xv,
3731 2930 3802 2984 l3-

2176 3021 2287 3087 46).
2315 3019 2461 3085 Quid
2493 3019 2602 3074 hac
2643 3019 3152 3090 praedestinatione
3193 3019 3610 3076 manifestius?
3635 3037 3739 3092 qua
3761 3023 3802 3073 et

2177 3124 2377 3163 semen
2400 3107 2642 3163 Abrahae
2667 3111 2752 3162 tot
2775 3123 3063 3163 annorum
3081 3107 3391 3163 curriculis
3414 3106 3801 3180 praediciturin

415 3195 790 3269 impaanitcns
818 3193 1278 3251 thesaurizarent
1307 3193 1422 3250 sibi
1453 3194 1600 3249 iram
1625 3195 1682 3248 in
1707 3195 1799 3250 die
1835 3195 1950 3262 iraa,
1983 3195 2066 3250 in-
2097 3180 2139 3247 C
2177 3201 2333 3252 terra
2363 3196 2554 3252 aliena
2582 3195 3114 3269 peregrinaturum,
3138 3201 3194 3251 et
3219 3195 3482 3251 servituti
3522 3196 3802 3267 subjicien-

415 3283 830 3340 cxcusabiliter
858 3283 1133 3354 perirent.
1161 3284 1246 3337 Ita
1267 3282 1400 3338 illos
1427 3286 1483 3338 et
1513 3283 1718 3338 merito
1748 3283 2066 3356 impietatis

414 3390 533 3429 suae
566 3371 638 3426 ad
671 3371 974 3428 interitum
1007 3371 1459 3442 praedestinavit,
1485 3389 1590 3427 nec
1627 3375 1822 3426 tamen
1849 3374 2066 3445 prande»

2175 3285 2339 3349 dum,
2378 3289 2555 3356 atque
2587 3284 2989 3357 aflligendum,
3012 3289 3070 3339 et
3098 3300 3168 3340 ex
3197 3285 3324 3356 ipsa
3353 3284 3676 3340 afﬂictione
3708 3282 3803 3356 glo-

2175 3372 2498 3428 riosissime
2530 3371 2923 3438 liberandum,
2950 3376 3007 3428 at
3038 3373 3325 3444 praefinito
3347 3378 3638 3445 tempore,
3661 3373 3714 3428 id
3739 3375 3804 3426 est

412 3460 729 3517 stinatione
758 3459 830 3514 ad
861 3459 1224 3530 peccandum
1258 3457 1552 3516 ullatenus
1581 3459 1884 3531 compulit,
1919 3478 2066 3533 quos

411 3553 494 3604 tot
525 3534 698 3604 annis
727 3547 800 3602 ad
833 3546 1236 3619 pmnitentiam
1264 3547 1636 3620 exspectavit.
2174 3534 2566 3617 reversurum,
2586 3551 2902 3622 ipsumque
2918 3549 3327 3606 beatissimum
3351 3550 3740 3622 patriarcbam
3759 3549 3800 3603 in

486 3641 562 3692 De
583 3635 834 3691 istorum
859 3635 1076 3692 infelici
1101 3636 1473 3692 contumacia
1491 3643 1549 3692 et
1565 3638 1938 3695 damnatione
1961 3643 2068 3694 ter-
2174 3655 2313 3712 pace
2337 3643 2396 3694 et
2420 3643 2718 3694 senectute
2743 3639 2898 3693 bona
2925 3639 3192 3711 patribus
3215 3639 3568 3694 sociandum
3601 3657 3615 3693 :
3643 3656 3672 3695 e
3695 3655 3804 3693 con-

413 3725 569 3782 ribili
603 3725 778 3779 etiam
799 3723 950 3780 liber
971 3723 1435 3796 Ecclesiasticus,
1457 3726 1731 3798 adjuncto
1755 3743 1953 3783 eorum
1984 3728 2068 3784 in-
2171 3727 2350 3782 trario
2367 3731 2561 3782 autem
2593 3731 2846 3800 gentem,
2863 3732 2918 3782 et
2941 3743 3134 3800 regem
3155 3726 3593 3800 Egyptiorum,
3609 3727 3700 3800 qui
3726 3741 3802 3782 eos

1400 3822 1612 3880 ΝΟΤιΕ
1653 3824 1993 3881 DUVALLII
2033 3824 2388 3882 DOCTORIS
2428 3823 2831 3880 SORBONICI.

413 3911 900 3986 ﬁcatusquidem
934 3927 1119 3976 carne,
1169 3912 1475 3982 vivi/iratus
1523 3921 1705 3968 autem
1751 3915 1971 3986 spiritu.
2001 3916 2066 3970 In

415 3999 520 4055 quo
561 3984 664 4055 his
730 3984 824 4055 qui
879 3983 938 4038 in
999 3999 1214 4055 carcere
1277 3991 1435 4039 erant
1491 3983 1789 4055 spiritibus
1845 3987 2065 4041 veniens

413 4053 758 4127 praedicavit,
787 4055 885 4127 qui
914 4053 1188 4109 increduli
1229 4057 1453 4126 fuerant
1497 4053 1813 4127 aliquando,
1847 4057 2062 4127 quando

414 4126 796 4197 exspectabant
854 4126 952 4180 Dei
1013 4127 1342 4197 patientiam
1401 4127 1460 4180 in
1524 4126 1712 4182 diebus
1771 4126 1900 4182 Noe.
1959 4127 2062 4182 Cui

416 4195 570 4282 alius
599 4196 981 4282 subiungitur
1009 4195 1134 4282 cap.
1169 4213 1226 4252 ιν
1259 4214 1280 4282 :‘
1311 4197 1456 4282 Iden.
1479 4203 1537 4252 et
1566 4197 1834 4282 mortuis
1857 4198 2062 4269 prendi-

417 4271 612 4340 catum
653 4273 742 4340 est
795 4267 1188 4340 Evangelium,
1222 4276 1282 4323 ut
1325 4268 1647 4339 judicentur
1701 4267 1924 4339 quidem
1958 4285 2063 4340 isc-

413 4338 658 4414 cundum
693 4337 1074 4414 hominem'jn
1110 4354 1295 4414 carne,
1326 4337 1726 4414 vii.iru_zt_autem
1769 4339 2066 4394 secundum
2172 4342 2340 4414 mine,
2373 4337 2475 4414 ubi
2503 4339 2644 4414 dicit
2673 4337 2857 4414 Deum
2904 4339 3122 4414 multos
3161 4337 3378 4414 eorum
3425 4340 3802 4414 temporaliter

415 4409 584 4484 Deum
622 4409 706 4484 in“
730 4409 954 4484 spiritu.
976 4409 1067 4484 _Ex
1097 4409 1314 4480 quibus
1342 4408 1638 4484 colligitur
1693 4426 1806 4484 non
1861 4427 2064 4466 omnes
2100 4469 2136 4484 ,ι
2172 4411 2340 4484 aquis
2371 4411 2572 4465 diluvii
2605 4410 2923 4484 punivisse,
2949 4427 3054 4466 nec
3083 4411 3294 4484 debere
3324 4427 3424 4466 eos
3467 4411 3529 4468 in
3558 4408 3801 4484 'gehenm

457 4479 516 4534 ui
549 4469 846 4554 inrdilu'vin
869 4469 1165 4554 perierunt
1189 4497 1318 4535 esse
1338 4479 1397 4534 in
1425 4469 1706 4554 aeternum
1734 4481 2060 4536 damnatos.
2100 4469 2140 4532 υ
2175 4469 2532 4554 ἰῐίωιθι-ῃιιῐῐι
2563 4469 2788 4554 punire.
2815 4481 2884 4536 Et
2904 4469 3062 4554 hunc
3087 4481 3262 4538 etiam
3291 4499 3535 4554 sensum
3561 4469 3800 4538 videntur

413 4495 516 4605 qui
549 4496 607 4533 in
630 4495 846 4535 auuvxo
869 4495 1165 4552 perierunt
1189 4497 1318 4535 esse
1338 4498 1397 4534 In
1425 4495 1706 4534 aeternum
1734 4495 2060 4536 damnatos.
2100 4495 2140 4532 U
2175 4499 2230 4536 in
2253 4495 2532 4536 aeternum
2563 4499 2788 4554 punire.
2815 4495 2884 4536 ist
2904 4495 3062 4536 nunc
3087 4495 3262 4538 etiam
3291 4499 3535 4539 sensum
3561 4495 3796 4538 Videntur

431 4551 648 4632 “ccedit
681 4551 836 4632 quod
888 4551 1101 4632 saltem
1149 4553 1404 4632 infantes
1457 4551 1670 4632 quibus
1720 4567 1824 4622 per
1878 4569 2062 4632 reme-
2173 4554 2362 4632 facere
2395 4553 2494 4608 illa
2519 4554 2694 4632 _v_erba
2717 4569 2964 4632 cap_.1v_:
3000 4553 3131 4608 Ideo
3163 4553 3414 4632 mortuis
3445 4555 3796 4632 praedicatum

415 4621 586 4703 dium.
611 4621 757 4703 legis
806 4627 1025 4678 natura:
1077 4627 1381 4703 peccatum
1413 4621 2060 4703 uriginalel’frcmissum
2170 4629 2260 4703 est
2293 4623 2688 4703 Evangelium.
2723 4621 3127 4703 utijudicentur
3153 4625 3372 4696 quidem
3393 4621 3698 4703 secunuum

415 4692 544 4762 fuit,
573 4693 630 4748 in
672 4691 960 4748 internum
1016 4691 1281 4764 minime,
1308 4691 1607 4764 perierint.
1653 4693 2060 4764 Afﬁrmantem
2168 4697 2343 4750 mines
2392 4691 2477 4750 in'
2509 4711 2696 4760 carne,
2737 4691 2926 4750 vivant
2975 4691 3174 4750 autem‘
3201 4696 3506 4752 secundum
3553 4698 3713 4752 Deum
3751 4694 3796 4764 in

414 4761 611 4838 tamen
643 4764 751 4820 hoc
779 4764 906 4838 loco
931 4768 1130 4819 tuetur
1157 4761 1414 4838 Ecclesia
1453 4763 1880 4838 Lugdunensis,
1917 4765 2061 4820 forte
2167 4767 2400 4837 spiritu;
2430 4765 2488 4820 id
2519 4771 2609 4838 est
2635 4771 2700 4822 ut
2726 4766 3052 4838 secundum
3083 4767 3351 4838 homines
3381 4767 3640 4822 exterius
3661 4763 3798 4838 judi-

415 4837 554 4910 quia
585 4836 944 4910 cum‘omnis
993 4851 1143 4910 caro
1171 4835 1323 4889 viam
1353 4835 1563 4910 suam
1587 4835 1962 4910 corrupisset,
1997 4839 2062 4890 ut
2171 4835 2374 4891 rentur
2393 4841 2452 4892 et
2472 4837 3329 4910 existimenturdamnati,quia
3345 4853 3597 4910 corpora
3622 4835 3798 4910 eorum

415 4903 664 4961 liabetur
715 4906 958 4980 Genesis
986 4923 1062 4980 ur,
1087 4908 1153 4980 _et
1209 4903 1630 4980 monitionibus
1688 4903 1817 4980 ΝοέθΔ
1853 4921 2058 4980 aurem
2169 4913 2338 4980 uecta
2367 4912 2533 4975 sunt;
2565 4907 2760 4980 vivant
2787 4911 2986 4980 tamen
3017 4903 3226 4980 spiiitu
3255 4903 3586 4964 secundum
3617 4908 3796 4980 Deum.

458 4981 670 5033 razberc
710 4977 908 5040 nollet,
937 4975 1201 5046 quinimo
1238 4975 1544 5046 videbatur
1573 4975 1622 5028 ei
1655 4975 1822 5046 quasi
1852 4975 2060 5033 ludens
2167 4977 2225 5032 id
2257 4984 2366 5045 est,
2399 4995 2600 5034 eorum
2632 4978 2840 5033 anima:
2871 4975 3210 5034 salvas—sint.
3239 5002 3266 5029 »
3287 4979 3586 5036 Hactenus
3617 4978 3799 5034 Bellar-

438 5048 573 5120 oqui
606 5065 619 5103 :
656 5053 888 5121 repente
921 5044 1098 5118 super
1144 5061 1242 5099 nos
1289 5044 1456 5121 venit
1489 5044 1954 5121 diluvium1cum
1985 5049 2058 5104 ad
2167 5044 2384 5105 minus.
2409 5051 2490 5105 Ex
2519 5050 2734 5121 quibus
2762 5051 3027 5121 sequitur
3057 5051 3210 5105 male
3240 5051 3562 5107 Ecclesium
3597 5048 3799 5121 Lugdu-

701 5119 811 5173 iam
846 5135 944 5173 eos
975 5123 1210 5170 contum
1250 5120 1296 5166 et
1345 5119 1546 5178 viginti
1580 5119 1750 5172 annis
1781 5119 1933 5174 Deus
1963 5135 2056 5174 ex-
2167 5137 2404 5176 nensem
2437 5119 2641 5176 omnes
2671 5119 2802 5176 illos
2822 5119 2902 5175 ita
2924 5121 3263 5178 submersos
3287 5122 3646 5178 mternalitcr
3663 5119 3797 5175 datu-

2167 5208 2326 5266 nare,
2347 5191 2460 5266 nisi
2481 5191 2728 5266 velimus
2748 5209 2851 5266 pro
2875 5193 3087 5266 majori
3103 5197 3334 5266 tantum
3359 5190 3793 5266 partsomnium

2167 5263 2701 5318 denominationem
2749 5261 2985 5330 iecisse,
3005 5261 3092 5319 vel
3141 5261 3792 5320 saltem—conclusionem

2166 5333 2323 5408 illam
2349 5350 2464 5408 non
2485 5351 2611 5389 esse
2637 5335 2709 5408 de_
2731 5333 3047 5408 ﬁ_de.__Undc
3067 5335 3437 5408 Augustinus
3459 5334 3703 5408 epistola
3717 5330 3790 5395 99»

2165 5405 2238 5459 ad
2273 5405 2570 5479 Evodium,
2596 5405 2805 5479 maluit
2829 5405 2997 5461 aliter
3027 5405 3308 5479 locumD.
3328 5406 3485 5462 Petri
3499 5405 3790 5479 exponere,

2164 5491 2338 5548 quam
2363 5476 2625 5548 ipsorum
2650 5475 2954 5548 hominum
2979 5477 3416 5532 conversionem
3440 5483 3502 5533 et
3525 5472 3790 5548 Christiin

2162 5545 2874 5676 int'erist'praedicationem
2921 5548 3252 5606 admittere.
3291 5549 3440 5624 Lege
3483 5545 3790 5608 Bellarmin.

2186 5634 2272 5676 oc.
2307 5635 2356 5676 ei
2391 5661 2405 5676 .

2186 5634 2272 5676 oc.
2307 5625 2405 5679 cit.

2174 3465 2384 3534 quarta
2395 3461 2790 3549 generatione,
2806 3462 2878 3517 ad
2897 3465 3109 3517 terram
3128 3461 3396 3533 patribus
3413 3463 3802 3534 repromissum

2171 3913 2268 3987 hic
2288 3913 2492 3987 Petrus
2513 3913 2689 3987 etiam
2710 3929 2778 3967 ex
2796 3911 2913 3968 illis
2935 3911 3254 3987 incredulis
3276 3913 3458 3968 fuisse
3475 3913 3709 3987 aliquos
3721 3910 3801 3987 qui

2171 3984 2346 4040 etiam
2393 3985 2450 4038 in
2499 3986 2610 4058 line
2639 3984 2767 4040 vitae
2801 3984 3202 4058 pmnitentiam
3251 3991 3502 4058 egerunt
3537 4003 3552 4041 :
3583 3984 3646 4040 et
3697 3984 3802 4058 licet

2172 4061 2458 4128 quantum
2492 4057 2564 4128 ad
2587 4054 2817 4128 corpus
2851 4054 3382 4128 perierint,_tam'eu
3430 4062 3718 4128 quantum
3743 4054 3800 4128 _ad

2171 4125 2428 4200 animam
2458 4125 2884 4200 salvirfuérunt.
2915 4127 3076 4200 Quod
3105 4126 3280 4200 etiam
3315 4125 3704 4200 Hieronymus
3727 4125 3802 4180 do-

2172 4203 2262 4252 cet
2291 4198 2721 4262 Quzestionibus
2778 4197 3078 4253 Hebraicis
3133 4197 3192 4252 in
3247 4197 3802 4264 Genesimﬂractans

2171 4269 2315 4352 illud
2349 4286 2475 4394 cap:
2510 4286 2566 4350 vi
2596 4286 2613 4350 ξ
2639 4270 2752 4324 Non
2779 4271 3122 4340 permanebit
3149 4268 3392 4340 Spiritus
3423 4286 3583 4325 meus
3628 4272 3685 4324 in
3719 4269 3800 4349 ,ἠο-

2172 4357 2340 4394 mine.
2373 4358 2407 4394 u
2457 4357 2475 4394 1
2503 4340 2644 4394 dICIt
2673 4339 2857 4394 Deum
2904 4339 3122 4394 multos
3174 4356 3378 4394 eorum
3425 4341 3800 4394 temnarahter

2457 4357 2475 4394 1

410 5115 811 5190 pos—nitentium
846 5135 944 5173 eos
975 5115 1210 5170 contum
1250 5120 1296 5190 et
1345 5115 1546 5186 viginti
1580 5117 1750 5190 annis
1781 5118 1933 5190 Deus
1963 5135 2056 5174 ex-

411 5187 751 5260 :spectasset.
779 5191 920 5243 Item
946 5192 1130 5260 totam
1152 5187 1382 5260 optime
1415 5204 1541 5241 meo
1566 5188 1789 5260 judicio
1811 5189 2060 5260 explicat

409 5257 682 5332 Bellarm.
711 5261 812 5315 lib.
842 5259 998 5332 1v_de
1028 5257 1281 5332 Christo,
1304 5273 1429 5328 cop.
1460 5260 1524 5312 13
1554 5275 1622 5332 :_«
1654 5259 1808 5324 Dico,
1841 5257 2056 5332 inquit,

407 5330 706 5404 Christum
740 5329 1086 5404 praedicasse
1107 5327 1163 5382 in
1195 5327 1418 5404 inferno
1440 5330 1716 5385 omnibus
1748 5327 2058 5404 bonis-spis

408 5401 639 5475 ritibus,
671 5397 1150 5475 sed__nnminatim
1207 5399 1906 5475 t'uisss‘expressosillos
1955 5397 2056 5475 qui

406 5471 726 5546 fuerantin
754 5469 961 5524 diebus
991 5468 1108 5523 Noe
1131 5469 1434 5546 increduli,
1459 5468 1599 5544 quia
1623 5473 1694 5528 de
1719 5472 1835 5528 illis
1863 5468 2055 5546 maj'us

407 5547 536 5618 erat
561 5541 808 5618 dubium
835 5555 911 5618 an
943 5545 1138 5618 essent
1165 5543 1306 5618 salvi
1335 5541 1535 5618 necne,
1561 5561 1692 5618 cum
1717 5545 1903 5618 puniti
1931 5541 2054 5601 fue-

401 5615 546 5685 :unt
571 5629 606 5670 a
635 5611 772 5682 Deo,
794 5614 854 5669 et
889 5611 1180 5671 submersi
1212 5613 1385 5692 aquis
1413 5611 1629 5674 divivii.
1665 5611 1888 5674 ln'dicat
1916 5633 2054 5691 ergo
