3896 6198
86 405 184 469 17³7

1023 397 1251 465 LIBER
1300 400 1719 466 ADVERSUS
1764 400 2126 464 JOANNEM
2172 400 2511 466 SCOTUM.

3356 397 3469 461 ΠΒ

82 533 343 612 ρτωεοίνίι
370 551 741 609 qua-cunque
773 552 887 591 non
919 541 1042 591 erat
1069 536 1348 591 facturus.
1372 534 1543 589 Verbi
1576 551 1707 607 gra-
1738 535 1791 600 Α
1821 536 2023 591 tionem
2051 537 2242 607 gratia:
2273 554 2289 589 :
2324 536 2479 608 quod
2510 553 2624 592 non
2664 533 2745 591 ita
2774 551 2902 592 esse
2933 532 3203 607 superius
3233 537 3472 607 aposto-

83 628 171 692 tia,
191 625 467 698 praescivit
489 626 648 697 quod
678 626 961 681 Lazarum
988 628 1142 679 esset
1164 624 1712 687 resuscitaturus,et

80 717 199 772 fecit
221 732 232 769 :
260 714 549 786 praescivit
571 714 724 786 quod
747 714 776 769 J
786 714 962 768 udam
986 729 1099 767 non
1122 717 1275 767 esset
1298 712 1707 776 suscitaturus,

79 821 169 861 nec
194 803 350 869 fecit;
373 802 486 858 iste
517 809 714 857 autem
735 802 878 856 dicit
902 818 913 855 :
938 800 1369 873 praedestinavit
1398 799 1611 872 impios
1634 801 1707 854 ad

77 892 353 948 interitum
385 890 476 945 vel
500 890 859 963 supplicium
887 895 1190 955 internum,
1215 906 1316 961 pro
1347 907 1461 944 non
1497 889 1710 961 praede-

78 979 318 1046 stinavit;
343 980 399 1034 id
434 985 526 1034 est
559 984 644 1046 ut,
680 979 777 1035 ubi
810 978 1061 1051 legimus
1087 979 1522 1050 praedestinavit,
1548 977 1710 1032 inau-

75 1070 183 1125 dita
201 1068 426 1123 insania
442 1068 844 1140 intelligamus
861 1084 965 1123 non
983 1068 1411 1139 praedestinavit.
1433 1066 1709 1138 Proponit

75 1160 232 1214 etiam
256 1156 641 1229 quaestionem
668 1174 680 1211 :
707 1157 987 1228 Quomodo
1006 1157 1152 1227 juste
1172 1156 1517 1227 judicabitur
1544 1172 1707 1209 mun-

72 1247 175 1311 dus,
218 1261 375 1318 quem
420 1247 714 1301 necessitas
760 1245 1264 1317 prwdestinationis
1310 1246 1451 1314 cogit
1490 1245 1709 1314 perire?

74 1336 211 1407 quod
240 1334 395 1389 absit
422 1339 488 1389 ut
508 1332 724 1405 aliquis
756 1340 1024 1390 nostrum
1046 1334 1219 1389 dicat.
1241 1332 1386 1400 Quia
1406 1331 1706 1404 apertissi-

73 1440 165 1478 ma:
195 1422 573 1494 blasphemiae
605 1427 695 1478 est
732 1427 796 1477 ut
838 1423 990 1478 Deus
1028 1418 1556 1494 praadestinationis
1587 1438 1707 1476 sua:

71 1511 388 1584 praeiudicio
423 1511 680 1584 aliquem
712 1516 882 1584 cogat
911 1528 1168 1583 peccare,
1198 1516 1253 1565 et
1286 1511 1576 1583 peccando
1608 1527 1704 1582 pe-

72 1600 189 1656 rire.
220 1600 328 1656 Sed
361 1600 895 1672 praedestinationis
926 1617 1043 1655 suae
1086 1601 1249 1671 justo
1288 1600 1533 1671 judicio,
1558 1616 1706 1671 quos

69 1694 487 1762 perseverantes
530 1689 588 1743 in
638 1689 891 1761 peccatis
923 1688 1129 1760 punire
1174 1690 1445 1753 decrevit,
1480 1693 1705 1743 revocat

69 1778 243 1850 potius
270 1796 304 1833 a
335 1778 615 1850 peccatis,
639 1783 696 1834 et
730 1777 1024 1834 salubrem
1058 1784 1337 1833 terrorem
1370 1778 1579 1832 incutit
1601 1795 1704 1831 au-

1819 622 1946 679 licis
1976 629 2033 679 et
2066 625 2420 696 propheticis
2451 625 2804 681 testimoniis
2848 625 2991 680 satis
3022 630 3324 680 ostensum
3357 629 3464 689 est,

1821 713 1919 767 ubi
1951 718 2147 784 aperte
2178 713 2508 769 invenimus
2539 719 2594 769 et
2615 713 3144 769 demonstravimus
3176 713 3467 783 praedesti-

1818 801 2113 856 nationem
2147 802 2245 857 Dei
2280 803 2591 875 dupliciter
2620 803 2827 858 debere
2860 801 3122 873 intelligi,
3158 802 3215 855 id
3247 806 3334 856 est
3364 806 3465 856 aut

1819 889 1877 943 in
1911 889 2081 945 bonis
2109 891 2563 946 misericorditer
2602 891 3172 957 remunerandis,aut
3202 889 3258 944 in
3293 890 3464 946 malis

1810 979 1971 1049 juste
1993 978 2363 1034 damnandis.
2386 981 2453 1034 Et
2474 980 2621 1047 ideo,
2647 980 2796 1034 sicut
2819 981 2993 1035 verba
3014 978 3163 1034 beati
3186 980 3461 1051 Augusti-

1818 1066 1899 1132 ni,
1932 1084 2059 1138 qure
2110 1084 2287 1137 supra
2335 1068 2663 1139 posuimus,
2706 1068 3181 1123 manifestissime
3232 1069 3459 1136 docent,

1817 1155 2130 1211 destinatio
2163 1155 2261 1211 Dei
2298 1157 2530 1227 quando
2560 1157 2616 1210 in
2651 1157 2800 1211 bono
2830 1156 3132 1227 accipitur,
3155 1160 3294 1211 tunc
3329 1160 3461 1211 tan-

1815 1247 1941 1297 tum
1974 1243 2355 1315 intelligenda
2384 1250 2473 1299 est
2504 1246 2703 1317 gratia:
2738 1246 3099 1316 praeparatio.

1885 1332 2078 1387 Tertia
2095 1333 2787 1405 propositione,similiter
2805 1334 3184 1389 falsissimum
3205 1340 3293 1389 est
3309 1335 3461 1406 quod

1815 1420 2107 1477 afﬁrmare
2137 1426 2401 1489 conatur,
2429 1421 2695 1477 videlicet
2713 1439 2819 1477 non
2851 1440 2963 1478 esse
2988 1424 3159 1478 ullam
3182 1424 3465 1495 prmdesti-

1812 1511 2093 1565 nationem
2116 1512 2379 1581 pwnze.Si
2431 1512 2587 1566 enim
2641 1529 2811 1582 poena
2859 1511 3086 1566 diabolo
3138 1516 3195 1567 et
3242 1512 3463 1583 angelis

1814 1599 2026 1670 cjus,et
2046 1600 2320 1654 omnibus
2344 1600 2604 1671 reprobis
2623 1600 2876 1671 quicum
2896 1600 2979 1655 eis
2998 1600 3279 1672 puniendi
3303 1605 3462 1668 sunt,

1814 1704 1928 1742 non
1960 1693 2115 1743 esset
2144 1690 2577 1759 praedestinata,
2604 1688 2938 1744 nullatenus
2959 1690 3188 1744 Veritas
3210 1691 3424 1745 diceret
3449 1708 3461 1745 :

1815 1778 1887 1831 Ite
1917 1778 1977 1831 in
2009 1779 2192 1845 ignem
2220 1785 2511 1843 aeternum,
2536 1781 2634 1850 qui
2658 1787 2885 1849 paratus
2924 1788 3002 1833 est
3042 1779 3256 1835 diabolo
3284 1788 3334 1835 et
3360 1798 3462 1835 an-

65 1867 364 1934 dientibus,
390 1873 460 1921 ut
509 1866 784 1923 timentes
814 1867 1204 1939 corrigantur,
1229 1872 1285 1921 et
1332 1867 1571 1922 correcti
1597 1866 1703 1920 mi-
1734 1910 1781 1973 B
1811 1867 1947 1932 gelis
2002 1867 2119 1937 ejus
2177 1866 2395 1937 (Matth.
2422 1885 2571 1933 xxxv,
2598 1868 2706 1935 41).
2761 1868 2830 1921 Et
2863 1868 3017 1939 quod
3050 1868 3107 1922 in
3142 1869 3253 1923 ﬁne
3285 1868 3464 1939 hujus

65 1956 205 2011 nime
232 1956 609 2011 damnentur.

684 2044 915 2100 CAPUT
951 2044 1067 2099 XII.

122 2133 473 2189 Duodecimo
494 2132 749 2206 capitulo
768 2132 1109 2204 hujusmodi
1129 2132 1500 2189 deﬁnitiones
1517 2133 1698 2204 ponit.

126 2222 172 2278 l.
206 2221 433 2278 Omnem
460 2225 848 2294 praescentiam
868 2223 977 2277 Dei
1001 2222 1544 2293 prwdestinationem
1572 2238 1702 2292 esse,

65 2320 107 2367 et
132 2327 336 2366 munem
358 2311 910 2383 praedestinationem
932 2312 1359 2383 prmscientiam.

120 2400 173 2457 2.
206 2399 432 2456 Omnem
467 2400 999 2472 prwdestinationem
1039 2402 1140 2455 Dei
1167 2402 1389 2455 omnino
1418 2416 1529 2455 esse
1554 2415 1701 2472 prae-

65 2492 390 2561 parationem
425 2492 626 2559 gratiae
654 2508 672 2544 :
703 2505 1020 2561 omnemque
1046 2491 1307 2557 gratiam,
1334 2489 1555 2545 donum.
1586 2489 1706 2545 Om-

70 2595 177 2634 nem
206 2580 378 2648 igitur
416 2579 669 2634 divinam
710 2578 1252 2649 prwdestinationem
1297 2578 1562 2633 donorum
1588 2578 1705 2649 ejus

66 2668 534 2738 prxparationem.

129 2756 178 2809 3.
203 2756 431 2809 Poenam
471 2755 665 2826 impios
704 2754 855 2823 juste
902 2762 1171 2825 torquere,
1194 2768 1320 2824 quae
1365 2753 1567 2808 donum
1596 2769 1707 2808 non

67 2851 135 2898 est
161 2862 179 2898 :
205 2845 480 2916 alioquin,
501 2845 553 2898 si
580 2852 714 2898 esset
745 2842 972 2909 donum,
1008 2859 1119 2899 non
1151 2850 1440 2913 torqueret,
1472 2842 1564 2898 sed
1594 2844 1706 2897 uti-

68 2948 159 3003 que
187 2933 467 2988 liberaret.
494 2937 614 2989 Non
630 2948 740 2987 esse
762 2933 933 3003 igitur
954 2932 1492 3004 prwdestinutionem
1507 2946 1705 3003 paenae.

66 3021 205 3092 Quod
230 3024 281 3077 si
304 3030 464 3087 esset,
498 3038 609 3076 non
637 3037 750 3077 esse
774 3037 1011 3092 pinnam,
1034 3020 1127 3075 sed
1164 3023 1418 3091 gratiam.
1451 3021 1578 3075 Esse
1606 3037 1705 3075 au-

66 3119 159 3165 tem
186 3128 401 3181 poenam
434 3129 454 3165 :
486 3127 595 3165 non
640 3127 749 3165 esse
783 3112 957 3179 igitur
996 3109 1528 3182 prwdestinationem
1572 3111 1703 3181 ejus.

64 3200 285 3256 Proinde
323 3199 866 3271 praedestinationem
899 3201 957 3253 in
982 3199 1140 3254 donis
1187 3198 1395 3255 divinae
1423 3200 1706 3271 largitatis

64 3305 261 3359 semper
291 3288 709 3359 intelligendam
738 3303 870 3343 esse.

126 3378 175 3432 4.
206 3377 635 3434 Praedestinatos
664 3377 734 3432 ad
760 3393 977 3448 poenam
1005 3394 1040 3431 a
1067 3378 1344 3433 contrario
1373 3392 1583 3447 semper
1616 3378 1708 3431 in-

65 3467 247 3534 telligi,
269 3468 417 3521 sicut
446 3466 636 3521 electos
660 3483 767 3538 pro
796 3482 905 3521 non
933 3465 1152 3522 electis:
1174 3467 1317 3537 ﬁlios
1350 3467 1451 3521 Dei
1475 3482 1574 3537 pro
1600 3482 1708 3522 non

64 3555 206 3625 ﬁliis.

126 3644 235 3699 Has
255 3648 517 3716 quatuor
543 3643 968 3716 propositiones
992 3642 1368 3716 longissimas
1390 3646 1447 3699 et
1468 3643 1709 3699 vanissi-

67 3741 259 3799 mas,et
274 3732 438 3788 velut
461 3732 936 3804 syllogismorum
953 3732 1198 3787 artiﬁcio
1215 3732 1709 3799 contextas,facile

65 3821 374 3892 dijudicare
404 3826 468 3876 et
496 3821 797 3876 destruere
829 3824 1038 3892 potest,
1064 3821 1161 3892 qui
1194 3836 1262 3876 ea
1288 3838 1415 3892 quae
1437 3820 1709 3892 superius

60 3908 215 3980 juxta
234 3909 504 3982 regulam
528 3909 685 3975 ﬁdei,
705 3909 953 3965 Domino
973 3908 1276 3981 largiente,
1292 3909 1568 3973 diximus,
1594 3912 1688 3963 stu

67 3998 210 4055 diose
239 3998 451 4071 legerit
474 4002 530 4054 et
558 3996 807 4053 ﬁdeliter
838 3997 1202 4053 intellexerit.
1236 3997 1376 4063 Quis
1404 3997 1560 4053 enim
1594 4015 1709 4053 non

69 4085 335 4160 intelligat
352 4104 538 4159 quam
561 4085 975 4158 blasphemum
994 4092 1051 4142 et
1072 4085 1321 4158 impium
1344 4087 1422 4142 sit
1438 4087 1592 4158 quod
1619 4086 1711 4142 hic

70 4176 239 4247 primo
268 4176 397 4232 loco
430 4175 630 4247 posuit
655 4175 858 4230 dicens
885 4192 898 4229 :
934 4174 1158 4231 Omnem
1183 4178 1592 4247 praesoientiam
1617 4177 1714 4231 Dei

69 4264 586 4334 prcedestinalionem
637 4280 783 4330 esse;
813 4280 948 4319 cum
982 4263 1291 4320 manifeste
1323 4266 1469 4319 ﬁdes
1518 4268 1714 4319 teneat

71 4352 518 4425 omnipotentem
541 4352 726 4408 Deum
751 4353 1019 4424 praescire
1039 4353 1257 4417 omnia,
1284 4353 1341 4408 id
1364 4358 1454 4408 est
1484 4354 1638 4408 bona
1656 4359 1714 4409 et

73 4440 244 4497 mala:
270 4447 328 4497 et
351 4459 484 4513 quae
515 4442 778 4497 facturus
810 4442 935 4513 ipse
958 4441 1051 4497 sit.
1076 4445 1134 4497 et
1155 4457 1283 4513 quas
1314 4442 1575 4497 facturus
1599 4458 1713 4497 non

73 4528 164 4595 sit;
191 4530 610 4601 praedestinare
643 4535 841 4585 autem
883 4547 997 4585 non
1048 4530 1163 4585 nisi
1207 4530 1331 4586 sola
1379 4530 1551 4598 bona,
1586 4548 1713 4603 qua:

72 4616 182 4687 ipse
211 4619 479 4674 facturus
500 4618 598 4688 sit,
622 4618 710 4674 vel
735 4618 1187 4675 misericorditer
1207 4619 1531 4685 liberando,
1554 4623 1611 4674 et
1632 4636 1713 4675 re-
1746 4641 1789 4704 ι)

74 4707 427 4761 munerando
457 4706 796 4773 electos,vel
819 4708 982 4778 juste
1012 4711 1291 4778 reprobos
1318 4709 1710 4764 condemnan-

75 4793 156 4861 do,
169 4795 305 4866 quia
326 4795 488 4866 quod
501 4796 735 4865 justum
758 4800 867 4864 est,
893 4796 1094 4867 utique
1111 4796 1330 4851 bonum
1350 4800 1458 4852 est.
1479 4796 1537 4852 Si
1556 4813 1713 4868 ergo,

67 4880 219 4953 juxta
250 4884 433 4939 istius
490 4884 914 4951 deﬁnitionem,
946 4884 1139 4941 omnis
1196 4886 1562 4956 praescientia
1615 4886 1715 4940 Dei

74 4972 499 5044 pradestinatio
530 4978 640 5041 est,
664 4989 799 5045 ergo
821 4973 1019 5028 omnia
1049 4990 1175 5045 quas
1208 4973 1516 5045 praescivit,
1540 4974 1715 5028 etiam

77 5060 235 5128 mala,
268 5061 711 5133 praedestinavit
740 5078 802 5117 se
830 5078 960 5117 esse
1000 5061 1312 5130 facturum,
1342 5063 1497 5133 quod
1529 5062 1713 5117 absit!

79 5149 205 5214 Quia
224 5149 385 5204 mala
416 5149 826 5205 tantummodo
846 5149 1158 5221 'prtescivit,
1185 5166 1288 5205 nec
1311 5167 1377 5205 ea
1403 5149 1519 5205 ullo
1548 5150 1718 5206 modo

78 5238 526 5307 praedestinavit,
549 5238 690 5310 quia
720 5255 823 5294 nec
852 5238 978 5310 ipse
1010 5256 1077 5294 ea
1105 5245 1229 5295 erat
1258 5239 1539 5307 facturus,
1567 5240 1722 5295 sicut

80 5326 257 5382 omnia
275 5344 410 5398 qua;
446 5326 899 5399 praedestinavit,
923 5344 1114 5399 neque
1140 5333 1205 5382 ut
1234 5329 1436 5384 ﬁerent
1463 5328 1587 5400 ipse
1609 5333 1721 5385 sta-

80 5415 177 5468 tuit
203 5420 304 5469 aut
331 5414 671 5487 prmﬁnivit.

138 5504 422 5559 Similiter
452 5504 728 5559 secundm
760 5504 1173 5577 propositionis
1200 5510 1376 5578 caput
1406 5524 1439 5560 a
1468 5506 1721 5561 falsitate

82 5589 293 5664 incipit;
324 5596 385 5649 et
414 5592 550 5648 ideo
582 5592 759 5648 etiam
799 5592 1051 5649 falsitate
1088 5591 1308 5648 ﬁnitur.
1336 5595 1483 5649 Dicit
1513 5596 1667 5649 enim
1706 5612 1717 5649 ε

84 5678 279 5739 Omnem
306 5682 855 5755 preedestinationem
886 5682 1002 5747 Dei,
1042 5684 1265 5737 omnino
1294 5700 1407 5738 esse
1433 5701 1720 5754 prwpuru-

1810 1954 1991 2008 tertia
2016 1954 2430 2026 propositionis
2456 1956 2638 2027 ponit,
2662 1955 3207 2013 Praedestinationem
3229 1960 3288 2012 in
3306 1957 3463 2013 donis

1809 2042 2017 2099 divinae
2050 2045 2321 2114 largitatis
2345 2061 2556 2116 semper
2587 2045 2999 2113 intelligendum
3030 2062 3161 2111 esse,
3196 2045 3465 2101 similiter

1812 2130 2028 2186 falsum
2060 2139 2185 2187 est:
2212 2132 2504 2188 invenitur
2531 2133 2710 2198 enim,
2735 2139 2792 2188 et
2810 2134 3091 2189 veraciter
3122 2133 3466 2205 intelligitur

1812 2237 1928 2276 non
1951 2219 2141 2275 solum
2175 2222 2232 2276 in
2257 2222 2462 2277 divino:
2484 2222 2793 2294 largitatis,
2819 2223 2919 2277 sed
2942 2222 3115 2277 etiam
3140 2222 3196 2276 in
3222 2222 3464 2294 judiciis

1801 2309 1978 2380 justze
2008 2310 2422 2367 damnationis.

1885 2401 2101 2465 Quarta
2120 2400 2249 2470 ejus
2278 2401 2621 2473 propositio,
2644 2417 2771 2472 quae
2799 2401 2882 2456 ita
2912 2418 2972 2457 se
3002 2401 3177 2456 habet
3203 2417 3216 2457 :
3243 2401 3464 2459 Praede-

1811 2489 2038 2543 stinatos
2067 2488 2137 2543 ad
2162 2506 2379 2561 poenam
2430 2508 2463 2544 a
2509 2492 2786 2545 contrario
2832 2506 3048 2562 semper
3099 2491 3358 2559 intelligi,
3392 2491 3465 2546 ad

1814 2575 1975 2631 illam
2006 2576 2295 2633 insaniam
2331 2578 2582 2650 pertinet
2607 2579 2678 2633 de
2710 2596 2823 2649 qua
2853 2579 3125 2650 superius
3153 2578 3297 2635 satis
3327 2578 3468 2634 dixi-

1814 2681 1968 2732 mus,
1998 2682 2115 2736 qua
2144 2666 2265 2721 vult
2294 2672 2358 2721 ut
2401 2666 2799 2739 intelligamus
2826 2668 3257 2739 prcedestinatos,
3289 2667 3347 2722 id
3379 2671 3469 2723 est

1813 2770 1924 2808 non
1948 2754 2386 2824 praedestinatos.
2412 2756 2574 2821 Quod
2618 2759 2835 2823 autem,
2859 2756 3016 2811 velut
3057 2756 3303 2827 exempli
3333 2774 3465 2829 gra-

1814 2841 1915 2909 tia,
1956 2843 2476 2913 subjunxit:5icut
2522 2845 2733 2909 electos,
2779 2860 2877 2915 pro
2923 2861 3035 2899 non
3080 2845 3293 2914 electis,-
3322 2846 3467 2915 ﬁlios

1815 2930 1930 2997 Dei,
1962 2948 2061 3003 pro
2090 2949 2197 2987 non
2226 2933 2381 3003 ﬁliis,
2415 2932 2626 2988 melius
2667 2932 2724 2988 in
2766 2932 3033 3004 sequenti
3064 2931 3319 3004 capitulo
3350 2937 3465 2987 tra-

1816 3020 2089 3087 ctabitur,
2113 3021 2213 3076 ubi
2246 3022 2315 3077 de
2348 3020 2438 3076 his
2467 3021 2606 3093 quid
2631 3021 2755 3093 ipse
2777 3021 2989 3077 sentiat
3014 3020 3189 3076 latius
3209 3021 3462 3093 exponit.

1818 3108 2259 3165 Recordandum
2282 3115 2475 3165 tamen
2498 3114 2553 3166 et
2570 3111 3099 3182 recognoscendum
3119 3114 3208 3165 est
3228 3111 3463 3165 beatum

1816 3199 2390 3269 Augustinum,sicut
2407 3200 2675 3271 superius
2695 3198 2883 3271 posita
2897 3200 3024 3269 ejus
3041 3199 3212 3254 verba
3229 3199 3466 3254 demou-

1738 3274 1779 3338 C
1815 3286 2246 3354 strant,dixisse
2269 3287 2584 3359 aliquando
2612 3287 2670 3342 in
2695 3286 3009 3359 Scripturis
3041 3287 3465 3359 priescientiam

1816 3374 1918 3430 Dei
1963 3375 2533 3447 praedestinationem
2585 3375 2916 3447 signiﬁcare
2939 3376 3023 3446 (de
3049 3379 3194 3432 Dono
3220 3393 3388 3447 pers.,
3412 3394 3464 3432 c.

1816 3464 1926 3529 48).
1951 3465 2033 3519 Ex
2064 3464 2280 3536 quibus
2307 3463 2498 3519 verbis
2526 3463 2634 3518 iste
2667 3464 2821 3519 velut
2849 3465 3213 3520 occasionem
3242 3482 3358 3520 sua:
3382 3482 3469 3520 ar-

1817 3553 2275 3626 gumentationis
2308 3570 2621 3609 assumens
2651 3558 2853 3608 contra
2878 3554 3006 3623 ejus
3028 3552 3467 3609 veracissimum

1817 3642 2233 3713 dictum,quod
2265 3641 2361 3696 ille
2387 3640 2703 3713 aliquando
2736 3640 2816 3696 ita
2845 3641 3042 3696 docuit
3063 3642 3271 3697 debere
3305 3640 3469 3696 intel-

1817 3730 1942 3803 ligi,
1969 3730 2079 3786 iste
2101 3730 2326 3785 addidit
2346 3746 2578 3797 omnem,
2607 3734 2660 3784 et
2684 3729 2818 3784 tulit
2841 3730 3159 3800 aliquando.
3183 3732 3368 3802 Atque
3392 3730 3471 3785 ita

1820 3820 1953 3874 fecit
1969 3819 2368 3875 deﬁnitionem
2390 3818 3067 3885 falsissimam,dicendo:
3089 3818 3311 3875 Omnem
3327 3834 3471 3890 prm-

1817 3909 2105 3962 scientiam
2136 3910 2233 3963 Dei
2258 3906 2794 3978 prwdestinatimzem
2818 3922 2950 3960 esse.
2976 3906 3140 3972 Item,
3166 3906 3305 3977 quia
3335 3907 3467 3961 bea-

1819 4001 1916 4053 tus
1936 3996 2324 4068 Augustinus,
2344 3995 2493 4050 sicut
2511 4011 2688 4065 supra
2709 3993 3034 4064 posuimus,
3050 3993 3308 4048 deﬁnivit
3330 4011 3468 4064 prae-

1820 4084 2273 4141 destinationem
2309 4083 2401 4138 Dei
2448 4081 2926 4153 praeparationem
2976 4082 3176 4153 gratiae
3225 4098 3352 4137 esse
3380 4082 3468 4148 (de

1819 4173 2080 4229 Prwdest.
2114 4172 2325 4239 Sanet.,
2349 4188 2398 4225 c.
2428 4172 2533 4241 10),
2560 4169 2712 4241 quod
2761 4170 3163 4223 tantummodo
3196 4169 3368 4240 juxta
3397 4168 3465 4222 il-

1821 4261 1936 4317 lius
1968 4278 2207 4316 sensum
2232 4260 2289 4314 in
2316 4263 2475 4331 parte
2504 4257 2819 4313 electorum
2846 4256 3211 4329 intelligitur,
3238 4257 3346 4313 iste
3371 4258 3468 4312 ad-

1821 4349 1993 4419 didit,
2019 4366 2251 4414 omnem,
2273 4352 2330 4402 et
2364 4346 2495 4402 t'ccit
2524 4345 2923 4401 deﬁnitionem
2951 4345 3348 4413 falsissimam,
3378 4346 3467 4400 di-

1823 4439 2048 4493 cendo:
2093 4437 2314 4492 Omnem
2362 4436 2902 4508 praedestinatin
2956 4437 3055 4491 Dei
3110 4437 3331 4491 omnino
3360 4451 3470 4491 esse

1818 4528 2281 4599 praeparationem
2309 4527 2526 4594 gratim.

2436 4614 2666 4670 CAPUT
2704 4614 2850 4671 ΧΙΙῙ.

1893 4705 2086 4760 Tertio
2118 4706 2342 4761 decimo
2372 4703 2627 4776 capitulo
2658 4704 2738 4760 ita
2768 4705 2926 4759 dicit.

1899 4795 1947 4848 1.
1982 4796 2221 4850 Electum
2246 4793 2454 4851 Judam
2487 4809 2588 4864 pro
2635 4810 2743 4848 non
2791 4794 2973 4860 electo,
3005 4801 3055 4848 et
3080 4794 3225 4863 ﬁlios
3253 4794 3348 4847 Dei
3371 4807 3472 4864 pro

1823 4900 1933 4938 non
1973 4883 2115 4953 [iliis
2158 4900 2191 4937 a
2230 4884 2503 4938 contrario
2550 4883 2771 4952 accipi:
2801 4884 2882 4936 sic
2928 4882 3069 4937 idem
3111 4883 3342 4951 amicus,
3374 4883 3473 4953 qui

1822 4988 2109 5043 nunquam
2140 4988 2245 5027 non
2273 4973 2452 5041 fuerat
2481 4972 2757 5024 inimicus.

1897 5065 1950 5116 2.
1985 5063 2210 5116 Frustra
2241 5061 2419 5132 quaeri
2445 5059 2589 5129 ﬁlios
2610 5059 2709 5112 Dei
2732 5065 2937 5127 prwter
2961 5060 3078 5127 ejus
3106 5058 3293 5112 electos
3315 5076 3333 5110 :
3354 5058 3473 5126 fru-

1826 5160 1943 5207 stra
1966 5151 2160 5222 putari
2187 5150 2303 5221 ejus
2334 5150 2523 5203 electos
2547 5154 2750 5219 praeter
2777 5145 2844 5200 ab
2873 5162 2932 5200 eo
2955 5137 3384 5215 praedestinatos.

1899 5242 1952 5295 3.
1987 5242 2119 5295 Item
2150 5239 2317 5309 impie
2342 5238 2532 5307 putari
2577 5234 2990 5305 prmdestinatos
3036 5250 3069 5287 a
3118 5238 3226 5289 Deo
3271 5241 3476 5304 praater

1829 5333 1945 5402 ejus
1973 5330 2185 5394 electos,
2218 5340 2549 5397 supervacue
2576 5324 2851 5378 aestimari
2895 5322 3085 5376 electos
3139 5324 3237 5378 Dei
3277 5330 3478 5393 praeter

1828 5422 1944 5491 ejus
1974 5419 2138 5488 ﬁlios,
2172 5431 2271 5469 nec
2297 5428 2408 5467 esse
2433 5411 2866 5482 prwdestinatos,
2890 5412 2940 5464 si
2956 5426 3066 5463 non
3089 5412 3201 5465 sint
3227 5412 3336 5481 ﬁlii
3360 5411 3475 5465 Dei.

1902 5506 1953 5559 4.
1988 5502 2412 5558 Ρνθεᾰεειίηαῑοδ
2443 5499 2512 5552 ad
2552 5512 2758 5568 pwnas,
2784 5498 2865 5551 vel
2904 5499 3208 5564 interitum,
3231 5499 3316 5553 vel
3348 5514 3476 5569 sup-

1826 5594 2057 5666 plicium
2088 5590 2232 5643 nihil
2263 5586 2417 5641 aliud
2445 5584 2785 5640 sentiendum
2828 5586 2939 5640 nisi
2976 5602 3095 5665 non,
3112 5586 3473 5658 praedestina-

1830 5690 1936 5749 tos;
1966 5680 2055 5736 sed
2086 5697 2119 5734 α
2148 5692 2328 5731 massa
2374 5674 2683 5729 damnabili
2712 5674 2901 5729 merito
2938 5676 3141 5745 peccati
3182 5675 3476 5743 originalis
