3896 6198
371 352 485 412 179

1480 355 1709 417 FLORI
1758 349 2073 415 [HACONI
2116 351 2688 415 LUGDUNENSIS.

3670 358 3776 422 180

365 493 523 558 atque
548 486 766 559 proprii
810 504 920 544 non
947 504 1057 545 esse
1084 496 1358 561 separatos
1389 508 1405 544 :
1439 489 1660 561 ideoque
1709 488 1873 559 impie
1932 487 2010 540 vi-
2042 484 2096 551 Α
2127 488 2323 540 menta
2352 489 2409 541 et
2438 484 2766 542 ministeria
2797 486 3012 542 divina.
3046 486 3149 543 sed
3194 487 3370 544 etiam
3403 486 3607 545 locum
3641 492 3777 564 regi-

366 592 487 631 vere
512 577 826 647 permissos,
855 586 1063 633 (eterna
1093 580 1216 649 igne
1246 578 1566 651 puniendos.

440 665 502 720 In
527 664 618 721 his
635 666 824 721 verbis
843 667 997 738 quod
1017 667 1097 722 ita
1116 666 1389 739 intelligit
1404 668 1617 722 Judam
1641 668 1791 721 inter
1806 665 2019 721 electos

370 753 664 827 apostolos
686 771 719 808 a
741 755 984 811 Domino
1011 762 1518 823 eonnumeratum,
1549 756 1645 810 ubi
1682 756 1763 811 ait
1790 773 1803 810 :
1832 756 2021 810 Nonne

370 842 653 898 duodecim
697 860 787 898 vos
835 860 931 913 ego
979 846 1118 916 elegi
1145 846 1321 913 (Joan.
1354 863 1429 913 vi,
1452 845 1581 913 7|)?
1614 849 1675 899 ut
1707 844 1897 899 caeteri
1929 843 2017 897 in-

373 930 712 1003 telligantur
740 949 870 987 vere
908 931 1094 1001 electi,
1130 933 1225 989 ille
1278 951 1411 990 vero
1459 933 1614 989 velut
1646 950 1679 988 a
1708 932 2019 998 contrario,

376 1020 434 1075 id
466 1025 554 1075 est
584 1037 685 1092 per
714 1020 982 1089 ironiam,
1013 1021 1091 1077 ita
1123 1022 1201 1078 sit
1229 1022 1586 1095 appellatus;
1621 1022 1827 1077 melius
1856 1026 1945 1077 est
1974 1022 2023 1077 si

376 1109 458 1164 ita
477 1108 816 1181 accipiatur,
841 1114 907 1164 ut
925 1110 1152 1167 Veritas
1173 1129 1372 1167 verum
1394 1112 1611 1167 dixisae
1635 1112 2026 1185 agnoscatur?

379 1202 444 1253 ut
466 1215 669 1253 omnes
692 1199 995 1254 duodecim
1021 1200 1184 1255 electi
1212 1218 1245 1255 a
1270 1201 1515 1256 Domino
1547 1218 1674 1256 esse
1705 1201 2028 1274 intelligan-

379 1292 512 1342 tur:
539 1288 638 1342 sed
662 1286 829 1342 aliter
850 1290 1059 1355 caeteri,
1082 1289 1249 1345 aliter
1267 1290 1472 1355 Judas,
1496 1290 1551 1344 id
1576 1295 1663 1346 est
1684 1290 1764 1367 illi
1794 1294 2029 1347 mterntb

380 1377 512 1432 liter
541 1377 610 1431 ad
646 1393 911 1448 regnum,
948 1378 1055 1433 iste
1089 1378 1488 1450 tcmporaliter
1507 1380 1577 1433 ad
1614 1379 2025 1435 ministerium.

379 1464 613 1521 Electus
644 1483 898 1538 namque
921 1468 990 1521 ad
1022 1472 1257 1539 tempus
1282 1467 1432 1522 inter
1453 1472 1690 1523 caeteros
1712 1470 1781 1523 ad
1805 1473 2031 1541 aposto-

380 1553 562 1609 licum
614 1554 1027 1623 ministerium,
1063 1557 1282 1612 missus
1312 1558 1380 1611 ad
1426 1557 1849 1628 praedicationis
1902 1559 2030 1613 ofﬁ-

382 1644 537 1698 cium
560 1661 572 1698 :
598 1644 819 1716 accepit
839 1644 1014 1699 etiam
1040 1645 1281 1701 forsitan
1308 1646 1555 1718 gratiam
1580 1646 1990 1702 miraculorum
2015 1665 2029 1713 ;

385 1733 538 1788 unde
561 1738 615 1789 et
637 1733 841 1788 beatus
864 1733 1069 1789 Petrus
1094 1734 1148 1789 in
1171 1735 1410 1790 Actibus
1436 1735 1832 1807 apostolorum
1857 1738 1940 1791 sic
1963 1738 2032 1792 de

2127 574 2342 630 minis:
2368 579 2543 647 atque
2574 579 2633 630 ta
2665 580 3020 631 monstraret
3044 576 3170 633 suis
3200 577 3538 650 exemplum
3572 580 3780 651 patien-

2127 664 2241 729 tiaz,
2266 682 2441 735 quam
2486 665 2770 736 patienter
2809 665 3031 721 scilicet
3068 666 3344 721 toleraret
3394 667 3608 735 malos,
3644 670 3783 726 sicut

2128 753 2255 826 ipse
2284 754 2461 808 istum
2506 758 2560 808 et
2598 753 2897 809 verissime
2938 759 3195 825 noverat,
3219 760 3274 810 et
3305 755 3459 812 mira
3510 758 3781 829 patientia

2130 842 2442 910 tolerabat;
2478 859 2549 897 ne
2591 846 2869 915 putarent
2898 842 3015 899 veri
3050 843 3249 900 fideles
3274 845 3487 901 talium
3514 847 3781 904 societate

2134 949 2194 987 se
2216 931 2509 1004 pollui,vel
2531 948 2730 987 eorum
2756 932 3237 1005 ministeria,qute
3255 935 3585 990 secundum
3608 936 3778 993 Deum

2134 1027 2291 1087 sunt,
2319 1021 2679 1093 respuenda:
2701 1021 2853 1076 sicut
2884 1038 2989 1076 nec
3012 1021 3165 1077 beati
3189 1023 3435 1095 apostoli
3473 1023 3638 1080 illius
3662 1026 3784 1081 ﬁcta

2135 1109 2408 1166 societate
2457 1108 2889 1180 polluebantur,
2923 1127 3029 1165 nec
3086 1112 3216 1183 ejus
3276 1111 3698 1182 ministerium,
3731 1115 3781 1170 in

2137 1202 2421 1272 quantum
2455 1200 2778 1253 secundum
2814 1200 2994 1255 Deum
3030 1200 3221 1267 fiebat,
3247 1207 3335 1256 est
3368 1202 3782 1275 improbatum.

2138 1289 2401 1359 Cumque
2425 1304 2608 1359 usque
2626 1288 2697 1341 ad
2723 1287 3071 1359 proditionis
3091 1288 3314 1344 malum
3331 1291 3465 1363 ejus
3484 1291 3784 1349 infelicitas

2139 1376 2516 1450 pervenisset,
2552 1382 2671 1431 tam
2704 1393 2983 1449 magnum
3016 1377 3193 1434 unius
3222 1378 3539 1435 hominum
3572 1381 3781 1437 malum

2139 1466 2420 1521 convertit
2451 1466 2507 1520 in
2540 1465 2718 1519 totius
2742 1466 2945 1520 mundi
2974 1467 3215 1533 bonum,
3244 1468 3387 1523 dum
3411 1486 3520 1540 per
3545 1469 3657 1525 hoc
3687 1473 3785 1543 ipse

2140 1572 2298 1611 uerus
2345 1555 2657 1610 immolatus
2714 1563 2790 1609 est
2847 1555 3050 1625 Agnus,
3080 1559 3177 1627 qui
3234 1557 3465 1613 abstulit
3520 1568 3787 1630 pet-canini

2140 1644 2367 1699 mandi:
2399 1648 2573 1715 atque
2605 1642 2684 1698 ita
2732 1642 2790 1697 in
2822 1646 3052 1699 tantum
3086 1645 3232 1700 bene
3262 1646 3455 1701 bonus
3510 1648 3786 1703 Dominus

2144 1750 2277 1788 eum
2300 1732 2472 1805 elegit
2492 1733 2563 1786 ad
2598 1733 2909 1797 bonum,ut
2931 1737 2986 1787 et
3007 1734 3159 1788 bona
3181 1751 3289 1788 sua
3314 1733 3398 1789 illi
3432 1738 3787 1804 concederet,

384 1838 451 1877 eo
473 1821 766 1894 loquitur:
793 1822 1235 1894 Quandoquidem
1258 1833 1679 1879 connumeratus
1705 1834 1823 1881 erat
1854 1828 1908 1880 in
1942 1842 2034 1881 no-
2066 1854 2112 1918 Β
2143 1825 2198 1877 et
2230 1821 2381 1878 mala
2411 1822 2569 1877 illius
2602 1822 2658 1876 in
2692 1828 2958 1877 nostrum
2993 1823 3211 1878 bonum
3235 1827 3792 1893 commutaret.0uia

388 1913 489 1977 bis,
513 1919 561 1966 et
588 1913 809 1966 sortitus
837 1920 915 1966 est
943 1920 1141 1968 sortem
1179 1914 1478 1968 ministerii
1506 1914 1667 1986 hujus
1699 1915 1831 1984 (Act.
1857 1932 1895 1981 ι,
1924 1917 2031 1983 17).

387 2001 456 2055 Et
481 2017 613 2055 cum
648 2000 997 2056 statuissent
1024 2001 1194 2067 duos,
1222 2006 1279 2055 et
1311 2006 1543 2057 orarent
1572 2007 1636 2056 ut
1666 2003 1818 2058 Deus
1848 2008 2037 2059 osten-

389 2088 550 2144 deret
579 2087 710 2160 quis
735 2105 803 2143 ex
827 2088 910 2144 eis
941 2088 997 2143 in
1033 2088 1224 2144 locum
1249 2105 1423 2160 quem
1455 2088 1579 2161 ipse
1610 2092 2035 2162 praevaricando

390 2177 686 2245 amiserat,
718 2176 996 2233 constitui
1038 2178 1291 2245 deberet,
1327 2177 1405 2232 ita
1442 2179 1837 2251 supplicantes
1876 2181 2036 2235 dixe-

390 2270 574 2321 runt:
611 2268 685 2321 Tu
722 2267 879 2333 Deus,
909 2269 1008 2338 qui
1059 2267 1221 2322 corda
1276 2269 1421 2322 nosti
1471 2268 1772 2334 hominum,
1821 2270 2037 2325 ostende

392 2372 549 2428 quem
575 2356 801 2427 elegeris
820 2372 890 2410 ea:
919 2356 1004 2409 his
1024 2355 1230 2410 duobus
1253 2356 1496 2427 accipere
1512 2364 1710 2411 sortem
1740 2359 2039 2412 ministerii

392 2445 554 2516 hujus
583 2452 635 2499 et
661 2444 1008 2516 apostolatus,
1032 2443 1097 2498 de
1140 2460 1243 2516 quo
1287 2446 1682 2515 przevaricatus
1728 2454 1805 2500 est
1848 2446 2033 2513 ludas,

390 2542 451 2589 ut
477 2534 655 2589 abiret
685 2535 749 2589 in
779 2534 955 2588 locum
981 2550 1144 2588 suum
1175 2532 1355 2604 (Ibid.,
1378 2535 1467 2598 24,
1499 2535 1606 2605 25).
1642 2534 1723 2589 Ita
1755 2551 1891 2608 ergo
1923 2534 2037 2590 cle-

391 2627 519 2678 ctus
551 2627 674 2677 erat
705 2640 739 2678 a
771 2622 1033 2687 Domino,
1056 2627 1121 2677 ut
1161 2622 1466 2694 temporali
1507 2624 1759 2694 quadam
1801 2624 2037 2696 dispen-

392 2712 617 2767 satione
655 2713 1109 2783 conjungerctur
1147 2710 1445 2783 apostolis,
1471 2716 1526 2766 et
1566 2713 1873 2767 sortiretur
1901 2729 2037 2768 cum

390 2799 475 2856 eis
507 2805 718 2856 sortem
757 2799 1063 2855 ministerii
1096 2805 1149 2854 ct
1181 2798 1544 2871 apostolatus
1569 2817 1581 2854 :
1608 2800 1689 2855 ita
1719 2805 1785 2855 ut
1811 2802 1881 2856 de
1911 2802 2038 2874 ipso

391 2889 574 2962 gradu
608 2888 925 2961 apostolico
955 2889 1187 2943 dicatur
1232 2904 1360 2943 esse
1409 2890 1848 2960 praevaricatus;
1883 2891 2039 2962 quod

391 2982 586 3033 tamen
611 2978 894 3033 Dominus
916 2995 1032 3031 non
1057 2977 1208 3045 fecit,
1225 2977 1391 3048 quasi
1418 2977 1658 3049 ignarus
1686 2978 2037 3047 futurorum,

394 3066 492 3138 qui
526 3083 758 3139 semper
790 3071 1021 3122 noverat
1050 3069 1108 3120 in
1148 3070 1364 3120 aeterna
1413 3083 1519 3120 sua
1571 3068 1951 3138 praescientia,
1986 3073 2044 3124 et

395 3159 734 3211 ceterorum
766 3153 1161 3227 apostolorum
1187 3154 1821 3226 perseverantissimam
1846 3158 2039 3225 fidem,

400 3248 457 3299 ct
484 3243 644 3299 illius
692 3260 916 3311 casum,
952 3247 1008 3298 et
1038 3243 1269 3297 ruinam
1319 3243 1573 3298 futuram
1610 3260 1623 3298 :
1658 3244 1811 3300 sicut
1841 3246 2046 3302 beatus

398 3333 653 3388 Joannes
685 3331 1052 3405 Evangelista
1081 3330 1280 3386 dicens
1322 3336 1570 3387 testatur
1602 3349 1613 3387 :
1646 3334 1860 3389 Sciebat
1897 3338 2048 3391 enim

397 3424 467 3477 ab
498 3423 658 3477 initio
685 3422 857 3487 Iesus,
880 3422 979 3492 qui
1005 3429 1178 3475 essent
1204 3420 1496 3485 credentes,
1517 3429 1568 3477 et
1596 3424 1719 3493 quis
1750 3422 2046 3479 traditurus

397 3519 532 3567 esset
552 3527 675 3565 eum
701 3510 874 3582 (Joan.
898 3526 973 3575 vx,
995 3510 1108 3579 65).
1130 3508 1291 3564 Unde
1326 3512 1381 3563 et
1416 3510 1538 3581 ipse
1582 3509 1884 3579 Dominus,
1909 3528 2042 3568 cum

398 3598 639 3653 dixisset
660 3598 799 3653 illud
819 3598 971 3668 quod
992 3615 1169 3669 supra
1186 3603 1707 3653 commemoratum
1727 3604 1814 3655 est
1831 3617 1842 3655 :
1858 3601 2046 3658 Nonne

396 3687 678 3743 duodecim
692 3704 780 3743 vos
800 3687 1293 3760 elegi?(lbid..7l.)
1317 3693 1593 3759 tanquam
1616 3705 1743 3744 vere
1769 3690 2044 3761 praescius

398 3778 751 3839 futurorum,
776 3777 973 3832 statim
999 3776 1302 3848 subjunxit
1327 3793 1339 3833 :
1364 3779 1426 3831 Iit
1456 3794 1596 3833 unus
1639 3795 1709 3833 ea:
1748 3780 1895 3834 vobis
1922 3781 2041 3836 dia-

399 3867 555 3923 bolus
582 3874 677 3923 est.
701 3866 859 3930 Quod
887 3866 1253 3938 Evangelista
1272 3883 1566 3939 exponens
1585 3867 1654 3922 de
1677 3884 1791 3940 quo
1813 3868 2042 3936 dixerit,

398 3956 622 4012 addidit
676 3955 1001 4010 continuo:
1049 3957 1269 4011 Dicebat
1322 3964 1505 4011 autem
1556 3957 1759 4012 ludam
1809 3958 2047 4014 Simonis

398 4047 687 4103 Isearioten
714 4065 732 4100 :
764 4045 853 4100 hic
880 4047 1027 4100 enim
1064 4052 1182 4100 erat
1210 4046 1512 4101 traditurus
1563 4063 1710 4111 eum,
1742 4063 1866 4101 cum
1913 4056 2046 4103 esset

398 4153 540 4191 unus
569 4152 639 4191 ea:
683 4133 966 4189 duodecim
996 4133 1153 4200 (Ibid.
1188 4134 1297 4204 72).
1324 4134 1570 4189 Noverat
1622 4134 1797 4190 etiam
1850 4133 2044 4191 locum

397 4222 791 4279 damnationis
821 4222 951 4293 ejus
982 4222 1038 4276 in
1071 4221 1376 4293 suppliciis
1399 4221 1899 4294 scmpiternis,qui
1932 4240 2047 4278 me-

398 4312 507 4367 rito
542 4310 860 4383 impietatis
890 4328 1008 4365 sua)
1032 4311 1219 4365 fuerat
1239 4310 1568 4365 destinatus
1593 4315 1649 4365 et
1676 4311 2046 4383 praedestina-

397 4406 513 4457 tus.
539 4401 701 4456 Unde
732 4403 788 4455 et
817 4400 889 4454 ab
932 4398 1211 4471 apostolis
1264 4400 1487 4455 dictum
1536 4403 1660 4453 est:
1691 4402 1753 4456 Ut
1777 4400 1952 4455 abiret
1983 4403 2044 4456 in

397 4491 574 4546 locum
590 4506 750 4544 suum
774 4488 906 4559 (Act.
932 4504 971 4555 ι,
995 4490 1105 4555 25).
1133 4488 1197 4542 Et
1217 4487 1342 4559 ipse
1374 4487 1658 4541 Dominus
1688 4486 1800 4542 ait:
1834 4488 1926 4544 Vw
1946 4489 2038 4544 ho-

2147 1912 2301 1984 quod
2328 1912 3019 1983 praevaricatuscct,quod
3047 1913 3237 1984 periit.
3256 1931 3373 1969 sum
3398 1915 3642 1971 malitia:
3669 1917 3791 1981 fuit;

2147 2001 2299 2073 quod
2333 2004 2526 2054 autem
2560 2000 2710 2056 inter
2758 2001 2940 2055 bonos
2988 1999 3206 2057 electus
3238 2007 3344 2071 est,
3372 2004 3662 2061 bonitatis
3692 2005 3796 2061 Do-

2148 2087 2312 2143 mini.
2356 2089 2413 2143 Si
2456 2089 2876 2161 permansisset
2904 2089 2962 2144 in
2998 2090 3276 2159 bonitate,
3304 2092 3459 2148 sicut
3488 2094 3796 2167 Apostolus

2147 2178 2228 2232 ait
2252 2196 2264 2232 :
2294 2178 2419 2233 l’ide
2445 2195 2571 2246 ergo
2604 2178 2895 2233 bonitatem
2925 2187 2975 2234 et.
2994 2182 3327 2236 seueritatem
3342 2184 3469 2249 Dei;
3497 2185 3560 2238 in
3582 2201 3674 2239 eos
3692 2188 3797 2256 qui-

2145 2266 2266 2320 dem
2294 2267 2390 2338 qui
2430 2266 2738 2321 ceeiderunt
2782 2269 3138 2331 severitatem,
3174 2270 3230 2323 in
3263 2278 3314 2325 te
3357 2278 3541 2326 autem
3594 2273 3797 2328 bonita-

2147 2363 2270 2420 tem,
2308 2357 2359 2409 si
2390 2356 2758 2427 permanseris
2790 2358 2847 2410 in
2879 2356 3113 2413 bonitate
3145 2359 3325 2431 (Rom.
3359 2377 3437 2424 xu,
3468 2364 3591 2429 ‘22).
3617 2362 3797 2427 Quan-

2150 2448 2274 2499 tum
2298 2459 2434 2515 ergo
2452 2443 2521 2497 ad
2542 2444 2860 2515 temporale
2876 2445 3244 2517 apostolatus
3262 2446 3664 2505 ministerium
3684 2452 3802 2505 atti-

2150 2533 2353 2600 net,de
2374 2549 2488 2603 quo
2511 2532 2795 2587 Dominus
2826 2538 2963 2589 tunc
2991 2534 3357 2607 loquebatur,
3382 2554 3520 2592 cum
3548 2538 3765 2595 diceret
3787 2558 3797 2593 :

2150 2622 2336 2677 Nonne
2368 2621 2649 2676 duodecim
2682 2638 2770 2677 vos
2794 2623 2970 2693 elegi?
2993 2625 3165 2695 (Joan.
3191 2643 3268 2693 γι,
3290 2627 3405 2693 71.)
3426 2631 3587 2682 Bene
3620 2634 3802 2700 potest

2151 2708 2259 2764 dici
2294 2714 2349 2763 et
2379 2710 2486 2764 iste
2517 2709 2668 2765 inter
2699 2714 2935 2765 caeteros
2967 2710 3206 2768 electus.
3233 2717 3532 2780 Quantum
3567 2732 3707 2771 vero
3740 2716 3801 2769 ad

2151 2802 2424 2853 aeternam
2457 2798 2834 2854 beatitudinis
2873 2799 3235 2866 electionem,
3263 2801 3347 2857 illi
3398 2806 3805 2860 tantummodo

2152 2886 2315 2943 electi
2354 2890 2538 2954 erant,
2561 2888 2633 2943 de
2665 2887 2880 2960 quibus
2918 2905 3053 2944 cum
3085 2888 3238 2946 inter
3267 2892 3446 2946 istum
3480 2898 3543 2947 et
3576 2892 3711 2949 illos
3740 2893 3807 2947 fa-

2152 2980 2304 3031 ceret
2335 2974 2788 3042 distinctionem,
2815 2976 2930 3031 ait:
2966 2978 3083 3033 Non
3111 2978 3177 3034 de
3203 2982 3458 3036 omnibus
3488 2984 3653 3037 vobis
3673 2981 3799 3048 dico,

2150 3081 2245 3136 ego
2272 3066 2383 3119 scio
2413 3081 2542 3136 quos
2571 3066 2829 3134 elegerim
2851 3068 3026 3137 (Joan.
3058 3085 3179 3135 xm,
3208 3070 3315 3136 18).

2225 3155 2409 3225 Atque
2441 3152 2521 3208 ita
2550 3154 2695 3209 bene
2720 3158 2776 3209 et
2803 3171 2935 3209 vere
2981 3160 3174 3227 potest
3202 3156 3465 3232 ,intelligi
3497 3160 3729 3216 dictum
3757 3163 3804 3216 et

2077 3218 2120 3286 Ο
2154 3218 2428 3315 adjuncto
2460 3243 2647 3299 Juda:
2675 3247 2866 3299 Nonne
2882 3218 3165 3300 duodecim
3195 3262 3284 3302 vos
3313 3218 3484 3319 eligi?
3510 3253 3577 3304 et
3608 3248 3709 3304 illo
3731 3265 3802 3304 se-

2154 3337 2389 3404 gregate
2420 3337 2701 3404 tanquam
2755 3334 2998 3405 reprobo
3023 3350 3035 3389 :
3064 3337 3181 3403 ligo
3224 3338 3334 3391 scio
3366 3352 3499 3409 quos
3529 3338 3799 3409 clegerim.

2154 3422 2268 3475 Nec
2300 3438 2535 3477 necesse
2564 3426 2651 3477 est
2681 3439 2710 3478 e
2742 3423 3030 3478 contrario
3062 3423 3266 3497 accipi.
3292 3426 3453 3491 Quod
3488 3431 3801 3499 utrumque

2152 3527 2353 3565 verum
2394 3510 2640 3566 evidenti
2698 3512 2921 3566 ratione
2977 3515 3383 3568 monstratur:
3417 3512 3503 3569 sic
3557 3532 3803 3589 namque

2154 3598 2327 3653 etiam
2352 3600 2423 3654 de
2446 3599 2618 3655 Saulc
2641 3599 2925 3671 scriptum
2944 3604 3052 3668 est,
3072 3617 3203 3654 cum
3228 3605 3384 3656 esset
3405 3601 3724 3675 eligendus
3741 3604 3803 3659 ad

2156 3704 2398 3761 regnum
2430 3688 2520 3742 cui
2544 3689 2601 3742 in
2630 3688 2832 3743 multis
2855 3688 3017 3744 utilis
3039 3694 3163 3744 erat
3195 3691 3426 3744 futurus
3449 3693 3615 3763 quod
3641 3694 3802 3748 etiam

2155 3776 2299 3830 forte
2329 3774 2547 3830 electus
2580 3776 2818 3848 accepit,
2841 3775 3064 3831 dicente
3088 3776 3391 3849 Scriptura
3415 3795 3429 3833 :
3462 3782 3612 3836 Erat
3640 3784 3729 3836 vir
3751 3780 3807 3836 de

2154 3865 2301 3920 tribu
2350 3866 2639 3937 Benjamin
2689 3865 2946 3919 vocabulo
3003 3865 3141 3920 Saul
3195 3867 3409 3933 electus,
3440 3877 3494 3922 et
3537 3870 3735 3935 bonus,
3765 3874 3809 3924 et

2154 3971 2260 4009 non
2292 3962 2410 4009 erat
2436 3954 2502 4008 de
2528 3954 2661 4023 ﬁliis
2704 3954 2873 4008 Israel
2914 3955 3109 4010 melior
3152 3955 3248 4010 illo
3275 3955 3318 4027 (I
3346 3957 3473 4027 Reg.
3501 3974 3580 4023 ix,
3604 3960 3685 4029 2).
3709 3958 3807 4023 Qui

2154 4047 2347 4098 tamen
2384 4047 2583 4113 postea
2615 4040 3016 4097 infelicissimo
3060 4044 3404 4115 reprobatus
3434 4050 3493 4099 et
3546 4047 3808 4119 abjectus

2154 4132 2342 4205 periit.
2368 4132 2435 4186 Et
2462 4135 2658 4185 tamen
2717 4131 2787 4185 ad
2842 4134 3073 4203 tempus
3118 4132 3263 4188 bene
3294 4133 3363 4187 ad
3421 4135 3806 4206 temporalem

2155 4222 2472 4294 quamdam
2521 4218 2680 4292 regni
2732 4219 3040 4274 utilitatem
3092 4219 3314 4277 electus
3346 4222 3590 4290 dicitur,
3627 4224 3728 4297 qui
3757 4230 3807 4279 et

2154 4309 2397 4383 mystica
2418 4308 2711 4372 unctione,
2727 4311 2782 4363 et
2803 4309 2979 4364 sortis
3010 4308 3308 4378 electione,
3335 4327 3437 4382 per
3457 4313 3804 4385 prophetam

2152 4403 2421 4453 sanctum
2454 4396 2552 4451 Dei
2578 4395 2790 4469 populo
2820 4396 3115 4468 praelatus.
3140 4397 3247 4453 Ubi
3279 4403 3474 4453 autem
3508 4401 3806 4473 Scriptura

2150 4484 2482 4558 evangelica
2525 4483 2854 4556 specialiter
2883 4485 3070 4541 tilium
3118 4487 3381 4542 nominet
3428 4488 3678 4555 Judam,
3708 4506 3806 4546 nos

396 4581 538 4634 mini
556 4579 663 4642 illi,
674 4594 772 4650 per
789 4594 947 4650 quem
964 4578 1142 4632 Filius
1161 4577 1398 4631 hominis
1424 4575 1696 4631 tradetur:
1717 4575 1915 4631 bonum
1929 4586 2049 4634 erat
2077 4584 2122 4648 ι)
2156 4576 2396 4631 minime
2426 4574 2695 4647 legimus.
2723 4576 2881 4641 Quod
2918 4576 3074 4630 enim
3108 4576 3393 4633 Dominus
3422 4579 3496 4634 de
3525 4580 3805 4651 apostolis

394 4678 445 4724 et
472 4670 523 4722 si
549 4676 713 4721 natus
744 4683 851 4721 non
888 4667 1081 4737 fuisset
1117 4664 1273 4719 homo
1312 4665 1408 4718 ille
1431 4664 1635 4731 (Matth.
1660 4680 1810 4727 xxvr,
1834 4664 1944 4735 24).
1970 4667 2039 4720 Et

392 4761 587 4812 tamen
621 4755 803 4811 voluit
832 4771 988 4821 eum,
1016 4758 1079 4807 ut
1108 4752 1331 4807 dictum
1358 4756 1466 4817 est,
1493 4751 1561 4805 ad
1597 4755 1828 4823 tempus
1868 4753 2040 4807 mini-

395 4846 604 4901 terium
637 4849 696 4899 et
723 4843 916 4898 locum
958 4840 1320 4914 apostolatus
1360 4840 1639 4910 accipere,
1666 4844 1750 4901 ut.
1780 4857 1913 4895 cum
1943 4841 2040 4899 ille

395 4933 545 4990 male
566 4934 788 4989 abusus
812 4930 1021 4985 fuisset
1042 4932 1203 4984 tanta
1216 4927 1443 4983 Domini
1471 4927 2041 4990 bonitate,Dominus

394 5042 423 5079 e
454 5021 744 5079 contrario
776 5021 921 5075 bene
956 5022 1216 5073 uteretur
1246 5032 1456 5087 magno
1488 5016 1616 5085 ejus
1646 5016 1801 5072 malo
1831 5019 1903 5073 ad
1936 5036 2037 5073 no-

394 5117 579 5167 strum
605 5126 884 5183 magnum
904 5109 1122 5162 bonum
1140 5121 1152 5158 :
1169 5105 1382 5159 docens
1407 5102 1507 5158 tali
1525 5104 1788 5176 exemplo
1811 5106 2037 5163 futuros

396 5200 452 5253 in
488 5198 739 5254 Ecclesia
771 5213 877 5251 sua
901 5192 1085 5249 malos
1115 5191 1417 5256 admistos,
1446 5191 1599 5246 sicut
1628 5197 1684 5247 et
1716 5193 1821 5249 iste
1848 5194 1908 5249 in
1940 5194 2038 5250 illa

395 5292 531 5343 tunc
563 5286 837 5342 societate
861 5280 1259 5354 apostolorum
1283 5279 1353 5332 ad
1379 5285 1610 5351 tempus
1633 5280 1845 5337 mistus
1868 5289 2038 5349 cst,et

393 5374 930 5432 communicaturos
967 5386 1100 5423 eum
1152 5366 1409 5422 Ecclesia
1439 5385 1552 5422 non
1604 5370 1793 5425 solum
1844 5389 2035 5427 sacra-

2148 4664 2408 4720 aitzNon
2435 4672 2660 4735 possunt
2700 4664 2812 4733 ﬁlii
2858 4667 3043 4735 sponsi
3080 4666 3639 4738 jejunare.quandiu
3688 4685 3806 4723 cum

2150 4755 2283 4825 ipsis
2311 4760 2389 4806 est
2418 4768 2646 4823 sponsus
2673 4754 2823 4820 (Luc.
2850 4769 2903 4817 v,
2924 4754 3015 4823 34)
3044 4770 3055 4808 :
3082 4752 3244 4809 nulla
3272 4756 3599 4812 necessitas
3633 4757 3801 4829 cogit,

2148 4846 2212 4896 ut
2238 4857 2351 4896 non
2384 4840 2559 4895 etiam
2590 4841 2744 4896 Juda
2768 4846 3004 4913 excepto
3033 4843 3104 4898 de
3135 4842 3360 4899 caeteris
3391 4845 3803 4900 tantummodo

2147 4930 2367 4985 dictum
2404 4933 2555 4984 recte
2586 4929 2828 5002 intelligi
2861 4930 3065 5002 possit.
3094 4932 3178 4986 Ad
3207 4948 3356 5004 quos
3386 4932 3594 5004 utique
3628 4932 3802 4994 solos.

2148 5019 2377 5090 illojam
2400 5017 2642 5091 perdito.
2658 5017 2799 5073 illud
2821 5018 3072 5089 pertinet
3087 5021 3240 5092 quod
3256 5020 3547 5077 Dominus
3565 5022 3804 5093 subjun-

2146 5108 2248 5181 git,
2285 5106 2486 5162 dicens
2512 5124 2524 5161 :
2557 5108 2773 5162 l’enient
2802 5116 2982 5163 autem
3010 5108 3125 5163 dies
3154 5124 3277 5164 cum
3308 5112 3597 5180 auferetur
3627 5111 3699 5164 ab
3727 5112 3801 5165 eis

2144 5211 2389 5263 sponsus,
2422 5203 2473 5250 et
2503 5203 2619 5249 tum
2636 5196 2971 5267 jejunabunt
3001 5199 3061 5252 in
3100 5198 3216 5253 illis
3257 5197 3448 5253 diebus
3480 5199 3664 5267 (Ibid.,
3690 5200 3798 5267 35).

2146 5286 2255 5341 Sed
2280 5283 2325 5339 si
2349 5284 2482 5355 quis
2501 5284 2674 5339 etiam
2695 5284 2892 5357 ipsum
2913 5285 3128 5341 Judam
3151 5285 3211 5340 in
3235 5286 3328 5341 bis
3350 5285 3549 5341 verbis
3570 5286 3796 5342 Domini

2143 5374 2295 5428 inter
2327 5371 2473 5427 filios
2514 5372 2636 5427 vult
2686 5372 2930 5445 intelligi
2984 5374 3328 5446 deputatum
3358 5374 3459 5446 (α),
3494 5374 3798 5429 manifeste

1372 5474 1584 5530 ΝΟΤιἘ
1626 5476 1963 5535 DUVALLII
2004 5479 2356 5537 DOCTORlS
2398 5478 2798 5534 SORBOXICI.

461 5568 532 5637 (ιι)
566 5567 741 5637 Docet
768 5560 1198 5637 .ludam_{iliu_m
1232 5562 1410 5620 fuisse
1448 5570 1683 5637 propter
1719 5566 2027 5637 aliqualem

388 5633 560 5692 fidem
586 5637 642 5691 in
666 5633 960 5689 Christum
984 5633 1317 5704 Dominum,
1337 5640 1391 5691 et
1412 5633 1677 5692 eamdem
1700 5633 2028 5696 sacramen-

2138 5574 2329 5624 torum
2363 5567 2887 5642 participationem.
2913 5570 2994 5623 Ex
3016 5569 3280 5642 quodue:
3312 5572 3659 5642 novaturum
3694 5566 3799 5621 he-

2138 5658 2293 5696 reses
2328 5638 2669 5695 refelluntur
2701 5656 2714 5693 :
2749 5639 2904 5709 prior
2953 5638 3071 5712 qua
3115 5640 3323 5695 dicunt
3374 5640 3700 5696 Ecclesium
3731 5654 3794 5694 ex
