3896 6198
357 322 472 385 183

1465 323 1692 384 FLORI
1734 322 2050 385 DIACONI
2095 322 2668 387 LUGDUNENSIS.

3664 319 3781 384 184

357 454 510 514 sicut
555 451 680 525 ipse
725 450 1038 524 Apostolus
1090 453 1170 508 ait
1218 456 1394 524 (Rom.
1427 469 1507 521 ιχ,
1546 458 1660 524 2‘2),
1709 463 1893 526 aptata
1946 457 2005 510 in
2035 459 2084 524 Α
2119 455 2272 511 sicut
2301 456 2360 511 in
2394 456 2588 512 Graeco
2622 455 2889 521 habetur,
2921 453 2993 510 ab
3024 470 3090 511 eo
3123 452 3421 528 positum;
3455 454 3584 526 ipse
3629 453 3782 508 enim

356 545 673 600 interiium:
692 541 831 609 sive,
858 545 923 595 ut
954 541 1051 596 alii
1082 542 1532 611 transtulerunt,
1564 546 1801 615 perfecta
1834 546 1891 598 in
1925 546 2017 599 in—

361 635 580 690 teritum
614 650 631 685 :
660 634 715 685 et
747 646 853 685 suo
886 630 1153 686 videlicet
1186 633 1412 700 merito,
1434 637 1489 687 et
1511 633 1674 703 justo
1706 632 1901 687 divino
1926 634 2020 703 ju-

365 722 539 777 dicio.
1576 788 1582 793 μ

439 811 518 865 De
549 808 766 881 quibus
797 824 928 861 eum
964 808 1070 862 iste
1098 808 1435 880 dicaleuod
1469 812 1523 864 in
1555 827 1736 864 massa
1758 810 2019 864 damnata

367 917 437 959 ea:
462 898 757 967 originalis
775 899 1184 970 peccatimerito
1212 901 1324 954 sint
1350 899 1599 954 derelicti
1616 907 1666 953 et
1689 900 1829 953 male
1847 901 2021 954 vivere

365 989 646 1063 permissi,
677 994 728 1041 et
755 986 825 1041 ad
866 995 1171 1041 extremum
1217 995 1420 1043 mterno
1474 990 1597 1056 igne
1640 988 1929 1059 plectendi,
1967 992 2023 1041 et

363 1080 490 1151 jam
523 1075 727 1131 nolens
760 1080 815 1128 et
845 1075 1249 1130 eontradicens
1281 1075 1425 1130 nihil
1459 1076 1616 1131 aliud
1661 1076 1801 1130 dicit
1844 1094 2019 1148 quam

372 1166 566 1223 divino
597 1182 695 1220 eos
718 1163 941 1235 judicio
973 1168 1185 1218 aeterno
1220 1165 1349 1234 igne
1380 1165 1846 1236 prazdestinatos.
1876 1166 2019 1220 Nam

370 1257 421 1311 si
454 1272 649 1311 massa
671 1253 771 1308 illa
793 1257 911 1308 tota
933 1253 1204 1308 damnata
1227 1260 1332 1324 est,
1350 1253 1549 1325 utique
1565 1255 1728 1324 justo
1748 1254 1844 1309 Dei
1860 1254 2019 1325 judi-

370 1346 458 1401 cio
489 1348 575 1400 est
606 1343 1013 1409 condemnata,
1049 1347 1105 1397 et
1139 1343 1535 1398 condemnata
1567 1343 1694 1398 sine
1743 1342 1919 1398 dubio
1950 1343 2020 1397 ad

370 1438 644 1489 aeternam
678 1430 1060 1504 perditionem
1091 1436 1266 1503 atque
1298 1431 1847 1504 supplicium.Quod
1881 1431 2022 1503 quid

372 1527 462 1578 est
486 1521 645 1577 aliud
675 1537 852 1592 quam
884 1519 1035 1575 hanc
1066 1521 1333 1575 eamdem
1354 1538 1609 1575 massam
1643 1521 1835 1575 divino
1860 1521 2022 1592 judi-

373 1611 461 1667 cio
492 1611 770 1666 damnata
799 1626 927 1664 esse
957 1609 1029 1664 ad
1078 1608 1380 1664 interitum
1434 1609 1860 1682 sempiternum
1882 1610 1908 1664 ‘?
1938 1610 2023 1664 Ita

375 1701 517 1756 dum
566 1698 793 1753 veritati
839 1697 1106 1753 resistere
1165 1703 1429 1765 conatur,
1484 1698 1674 1770 ipsam
1722 1698 2021 1754 veritatem

375 1788 551 1845 etiam
584 1785 787 1842 nolens
819 1803 883 1841 ac
918 1785 1202 1855 nesciens,
1238 1786 1454 1842 invicta
1485 1788 1728 1855 ratione,
1761 1786 2021 1843 confiteri

377 1875 764 1949 compellitur.

998 1999 1227 2055 CAPUT
1264 2000 1404 2055 XIV.

446 2146 661 2211 Quarto
692 2143 917 2198 decimo
949 2141 1203 2213 capitulo
1236 2142 1314 2198 ita
1345 2143 1521 2199 dicit:

448 2234 498 2289 1.
530 2235 614 2287 Ea:
642 2234 818 2287 verbis
847 2234 1143 2301 Augustini
1169 2234 1389 2304 probari
1434 2233 1850 2304 prcedestinatos
1888 2250 2026 2288 non-

374 2324 492 2378 nisi
518 2322 581 2377 (le
593 2323 761 2394 justis
790 2321 920 2388 diei,
943 2321 1170 2376 dicentis
1201 2339 1220 2376 :
1248 2321 1552 2377 Nescientes
1582 2324 1730 2376 enim
1759 2324 1882 2393 quis
1908 2339 2029 2393 per-

377 2414 547 2467 tineat
576 2410 645 2464 ad
670 2410 1175 2482 praedestinatorum
1204 2428 1518 2475 numerum,
1551 2413 1673 2482 quis
1720 2428 1829 2465 non
1858 2413 2025 2482 perti-

376 2501 601 2556 neat.Et
632 2501 827 2555 iterum
848 2519 866 2554 :
900 2500 1005 2567 Qui
1028 2500 1440 2571 praedestinatos
1470 2518 1501 2554 a
1532 2516 1637 2555 non
1670 2500 2027 2571 praedestina-

380 2590 450 2645 tis
479 2589 787 2643 discernere
814 2605 922 2643 non
955 2589 1213 2643 valemus.
1239 2589 1369 2643 Item
1402 2608 1420 2642 :
1454 2590 1571 2660 Qui
1597 2588 1798 2644 cadunt
1828 2597 1877 2643 et
1906 2606 2028 2661 per-

378 2686 528 2746 eunt,
563 2680 621 2734 in
651 2677 1159 2750 praedestinatorum
1187 2695 1413 2732 numero
1433 2694 1539 2732 non
1568 2678 1813 2747 fuerunt.

451 2772 504 2822 2.
538 2769 756 2823 Plenam
780 2767 1229 2838 prwdestinatxm
1272 2769 1646 2838 peccatoribus
1678 2787 1696 2822 :
1731 2770 1872 2840 ipsos
1908 2784 2028 2823 vero

375 2858 658 2929 praeseitos
688 2864 921 2925 tantum,
956 2872 1063 2910 non
1092 2855 1529 2926 prmdestinatos.

449 2948 503 3001 3.
537 2947 641 3001 [Ioc
667 2947 832 3000 etiam
883 2945 1091 3013 legibus
1121 2946 1377 2999 humanis
1426 2946 1645 3014 conjici,
1680 2960 1805 3015 quae
1853 2945 2030 3000 homi-

377 3052 505 3091 nem
530 3051 637 3090 non
669 3035 939 3104 deﬁniunt
965 3032 1035 3087 ad
1061 3033 1394 3103 peccandum
1424 3051 1442 3086 :
1471 3049 1655 3103 pwnas
1699 3041 1879 3088 autem
1905 3050 2029 3105 pec-

376 3126 582 3180 caturis
628 3122 954 3193 deﬁniendo,
1007 3122 1149 3175 nihil
1192 3120 1349 3175 aliud
1395 3129 1660 3192 appetere,
1694 3139 1859 3192 quam
1899 3139 2026 3193 pro-

2128 545 2406 613 sermo,id
2439 551 2526 601 est
2557 546 2815 609 πρώρισεν,
2848 545 3023 600 etiam
3056 545 3149 600 hic
3184 544 3401 617 legitur
3448 544 3509 598 in
3561 544 3786 611 Graeco,

2126 634 2227 689 ubi
2261 634 2356 689 ille
2388 634 2583 705 posuit
2615 651 2628 688 :
2665 635 2798 701 Quae
2826 650 3023 688 manus
3054 642 3169 699 tua,
3198 643 3249 689 et
3296 633 3598 689 consilium
3630 649 3786 704 prm-

2127 723 2417 778 destinavit
2442 725 2583 793 ﬁeri.
2620 722 2727 788 Qui
2777 723 2953 777 etiam
2988 723 3043 775 in
3078 721 3333 793 Epistola
3364 721 3440 776 ad
3490 721 3786 775 Romanos

2130 812 2322 867 Graece
2352 812 2674 879 invenitur,
2717 811 2817 866 ubi
2862 810 3175 881 Apostolus
3230 811 3357 866 ait:
3411 814 3559 879 Quos
3608 817 3787 864 autem

2125 902 2559 972 przrdcslinavit,
2590 903 2684 956 hos
2712 909 2761 955 et
2805 902 3012 955 vocavit
3043 905 3220 967 (Rom.
3252 917 3375 967 vni,
3408 900 3521 969 30).
3560 899 3642 953 Ex
3674 915 3784 969 quo

2131 990 2511 1045 manifestum
2542 996 2628 1044 est
2642 990 2912 1044 eumdem
2928 989 3189 1044 Graecum
3203 1005 3539 1043 sermonem
3559 987 3786 1060 proprie

2131 1077 2188 1133 in
2224 1079 2498 1133 Latinum
2532 1077 2899 1149 interpretari
2918 1077 3367 1149 praedestinavit:
3382 1093 3558 1149 posse
3591 1084 3783 1131 autem

2130 1167 2499 1238 interpretari
2531 1168 2598 1221 ad
2629 1183 2869 1222 sensum
2901 1166 3079 1222 etiam
3106 1165 3360 1232 decrevit,
3391 1165 3515 1221 sive
3538 1169 3786 1238 pur/ini-

2130 1258 2305 1323 vit,ut
2335 1256 2658 1311 certissime
2690 1254 3109 1328 intelligamus,
3138 1254 3622 1326 praedestinatum
3642 1255 3784 1311 nihil

2130 1363 2256 1401 esse
2288 1345 2447 1400 aliud
2479 1361 2656 1417 quam
2689 1346 2987 1400 decretum
3019 1349 3074 1400 et
3105 1344 3623 1400 deﬁnitum.Sicut
3652 1350 3706 1399 et
3721 1362 3783 1400 ex

2129 1435 2321 1491 verbis
2352 1435 2513 1489 Isaiae
2546 1434 2861 1506 prophetae,
2896 1434 3115 1505 quibus
3147 1433 3229 1488 ait
3261 1450 3274 1488 :
3321 1435 3594 1489 Dominus
3642 1436 3781 1488 enim
3860 1422 3863 1469 λ

2130 1526 2270 1580 Deus
2298 1526 2637 1578 exercituum
2684 1523 2917 1578 decrevit
2961 1522 3087 1591 (lsa.
3119 1540 3231 1589 xw,
3274 1526 3407 1591 27);
3451 1526 3511 1578 et
3562 1540 3632 1577 ex
3676 1522 3785 1578 illis

2130 1612 2320 1668 verbis
2352 1611 2484 1666 libri
2516 1610 2770 1666 Danielis
2805 1628 2817 1664 ε
2852 1611 2912 1665 In
2940 1612 3205 1667 sententia
3253 1613 3487 1683 vigilum
3518 1612 3783 1667 decretum

2131 1711 2208 1756 est
2240 1704 2481 1774 (Dan.1v,
2502 1702 2609 1769 14),
2626 1702 2751 1772 jam
2777 1718 2957 1773 supra
2978 1699 3414 1756 evidentissime
3433 1705 3525 1756 est
3549 1700 3784 1755 demou-

2134 1794 2403 1844 stratum.

2206 1877 2352 1943 Quid
2384 1894 2519 1949 ergo
2549 1877 2644 1932 isti
2676 1877 2930 1948 prodest,
2967 1877 3121 1948 quod
3175 1880 3341 1932 tanta
3381 1876 3712 1932 intentione
3738 1882 3785 1932 et

2135 1966 2502 2021 contentione
2534 1964 2780 2019 mentitu
2792 1965 3077 2032 r,beatum
3097 1964 3497 2037 Augustinum
3515 1964 3782 2021 deﬁnisse

2135 2071 2368 2110 omnem
2384 2053 2948 2125 praedestinationem
2961 2053 3161 2127 gratiae
3186 2053 3680 2125 praeparationem
3709 2071 3787 2109 es-

2136 2160 2196 2199 se
2213 2162 2225 2210 ;
2247 2160 2377 2197 cum
2393 2142 2489 2197 ille
2505 2159 2873 2214 nequaquam
2889 2142 3099 2197 dixerit
3112 2158 3347 2207 omnem,
3367 2143 3468 2197 sed
3488 2141 3781 2215 praedesti-

2136 2232 2435 2286 nationem
2449 2231 2918 2302 tantummodo,q
2930 2249 3013 2285 uae
3028 2230 3084 2284 in
3103 2231 3252 2286 bono
3267 2230 3465 2295 est,ita
3476 2231 3786 2297 deﬁnierit,

2137 2325 2194 2376 et
2225 2320 2394 2392 quasi
2425 2320 2549 2391 ipse
2579 2321 2788 2375 dixerit
2815 2320 3259 2391 praedestinatos
3310 2320 3551 2376 nonnisi
3600 2322 3787 2393 justas
3862 2352 3863 2397 ί

2137 2410 2588 2465 dicendos.Cum
2621 2408 2717 2464 ille
2747 2409 2855 2464 hoc
2888 2408 3415 2480 nusquamdixisse
3436 2410 3786 2473 inveniatur,
3862 2410 3863 2415 “

2138 2500 2238 2555 sed
2270 2500 2441 2553 verba
2473 2516 2599 2570 quin
2622 2497 2717 2553 ille
2733 2499 2802 2553 de
2818 2498 2941 2553 sola
2961 2499 3261 2569 justorum
3280 2498 3788 2570 prazdestinatione

2138 2589 2354 2661 posuit,
2390 2605 2506 2658 qua
2537 2586 2635 2643 alii
2676 2592 2815 2643 sunt
2847 2587 3046 2658 utique
3090 2588 3511 2659 prmdestinali,
3551 2588 3649 2643 alii
3684 2605 3785 2643 non

2139 2676 2529 2751 pradestinati
2560 2694 2571 2730 ε
2606 2675 2702 2732 alii
2736 2676 3027 2748 pertinent
3058 2677 3129 2732 ad
3154 2693 3468 2732 numerum
3500 2676 3789 2748 praedesti-

2139 2765 2544 2834 natorum,alii
2579 2765 2850 2832 non;iste
2884 2766 3079 2820 minus
3111 2765 3492 2837 pervicaciter
3521 2771 3587 2822 ct
3616 2767 3787 2838 impu-

2138 2856 2346 2911 denter
2375 2855 2606 2927 posuit:
2634 2855 2801 2927 quasi
2835 2854 2929 2909 ille
2962 2857 3202 2910 sanctus
3232 2855 3436 2910 doctor
3467 2873 3707 2928 semper
3726 2856 3785 2909 de
3862 2854 3863 2945 ξ

2140 2949 2389 3016 utraque
2422 2944 2949 3016 praedestinatione,
2987 2943 3041 2997 id
3073 2947 3161 2997 est
3194 2944 3482 2999 bonorum
3514 2949 3573 2999 et
3618 2943 3784 2999 malo-

2140 3050 2292 3099 rum,
2329 3032 2504 3088 simul
2534 3031 2692 3103 loqui
2727 3031 3060 3087 debuisset:
3097 3036 3196 3087 aut
3226 3049 3603 3104 consequens
3634 3032 3785 3100 sit,ut
3862 3031 3863 3103 l

2139 3140 2272 3177 cum
2306 3123 2375 3177 de
2408 3122 2531 3177 sola
2562 3122 2848 3176 bonorum
2863 3120 3781 3194 prmdestiuationedisputat,sta-
3862 3152 3863 3155 η

374 3229 474 3268 nos
503 3212 572 3266 ad
598 3211 931 3282 peccandum
962 3210 1357 3281 suppliciorum
1388 3210 1669 3265 atrocitate
1698 3214 1910 3266 territos
1939 3227 2025 3266 co-
2059 3198 2101 3264 C
2143 3211 2246 3266 tim
2279 3209 2848 3282 praedestinotionem
2900 3208 3189 3264 malorum
3239 3226 3454 3283 negaro
3508 3211 3779 3266 videatur.

377 3300 601 3365 hibere;
633 3316 696 3354 ac
736 3316 834 3371 per
879 3300 978 3353 hoc
1024 3315 1135 3353 non
1182 3300 1367 3353 minus
1411 3299 1825 3365 misericordiae,
1870 3317 2034 3372 quam

376 3391 638 3446 vindictae
668 3388 1091 3458 tronsgressibus
1120 3389 1235 3442 suis
1264 3387 1495 3457 efﬁcere.

455 3477 556 3532 His
584 3477 777 3531 verbis
810 3492 916 3531 nos
947 3476 1392 3545 respondemus,
1416 3476 1530 3530 imo
1562 3493 1627 3531 ex
1660 3476 1847 3532 verbis
1879 3477 2029 3533 beati

382 3564 694 3637 Augustini
727 3565 810 3635 (ile
838 3565 1021 3633 Praed,
1049 3572 1246 3633 sanet,
1278 3581 1324 3619 (τ.
1364 3566 1447 3631 10,
1485 3566 1569 3631 16)
1612 3566 1843 3636 probari
1894 3585 2032 3638 prae-

388 3652 710 3709 destinatos
740 3653 913 3708 etiam
947 3654 1018 3708 de
1052 3653 1287 3724 injustis
1319 3653 1575 3718 dici.Qui
1604 3670 1733 3709 eum
1766 3655 2034 3709 deﬁniret

390 3741 531 3814 quid
560 3740 636 3796 sit
667 3741 1116 3812 procdeslinatio,
1151 3741 1231 3796 ita
1281 3742 1361 3796 ait
1394 3759 1406 3796 :
1444 3742 1879 3798 Priedestinatio
1930 3744 2028 3799 Dei

390 3847 518 3903 qua:
548 3829 609 3884 in
640 3830 790 3886 bono
820 3830 1132 3903 est,gratiae
1160 3835 1248 3886 est
1278 3831 1752 3903 praeparatioﬂbi
1778 3832 1902 3887 sine
1932 3833 2025 3887 du-

378 3919 483 3975 rbio
514 3916 849 3974 nullatenus
881 3920 1225 3991 adiungeret
1253 3919 1311 3973 in
1337 3920 1512 3987 bono,
1534 3919 1644 3975 nisi
1677 3920 1851 3975 sciret
1881 3938 2030 3992 prie-

387 4008 835 4065 destinationem
868 4026 995 4065 esse
1026 4009 1199 4064 etiam
1235 4008 1292 4063 in
1327 4008 1502 4075 malo,
1536 4009 1690 4065 sicut
1740 4016 1936 4081 aperte
1965 4027 2032 4064 ex

385 4096 534 4153 libro
566 4099 812 4152 Actuum
849 4097 1243 4170 apostolorum
1276 4097 1399 4169 ipse
1421 4099 2031 4170 demonstrat,ponens

386 4184 533 4240 illud
568 4185 967 4241 testimonium
1002 4186 1099 4241 ubi
1134 4187 1765 4243 diciturzConvenerunt
1793 4190 1939 4242 enim
1974 4190 2032 4241 in

386 4276 611 4329 veritate
625 4276 911 4330 incivitate
929 4278 1031 4331 ista
1050 4276 1306 4331 adversus
1335 4285 1581 4331 sanctum
1616 4292 1850 4346 puerum
1879 4284 2034 4330 tuum

387 4363 588 4428 Iesum,
622 4379 779 4434 quem
810 4366 1037 4434 unxisti,
1071 4365 1296 4421 Herodes
1344 4373 1392 4418 et
1440 4365 1676 4427 Pilatus,
1710 4372 1761 4418 et
1798 4365 2031 4435 populus

387 4450 557 4505 Israel
583 4453 761 4522 facere
791 4461 991 4523 quanta
1024 4471 1220 4508 manus
1253 4462 1368 4517 tua,
1392 4460 1441 4508 et
1470 4452 1759 4507 consilium
1790 4453 2031 4523 przelles-

388 4541 587 4594 tinavit
611 4540 742 4611 fieri
771 4543 902 4612 (Act.
938 4560 1012 4608 1v,
1044 4545 1132 4610 27,
1157 4544 1266 4610 28).
1296 4540 1403 4596 Ubi
1437 4545 1491 4594 et
1524 4539 1821 4595 subdidit:
1848 4541 2034 4596 Tanta

390 4628 604 4700 quippe
635 4629 704 4684 ab
738 4629 991 4687 inimicis
1023 4630 1241 4685 Judaeis
1262 4646 1473 4683 manus
1506 4628 1605 4683 Dei
1639 4632 1695 4683 et
1724 4628 2032 4684 consilium

389 4717 821 4789 praedestinavit
855 4719 1228 4790 ﬁeri,quanta
1256 4717 1589 4772 necessaria
1610 4718 1837 4772 fuerant
1862 4718 2034 4773 Evan-

389 4803 537 4878 gelio
568 4812 802 4878 propter
830 4826 955 4863 nos.
992 4806 1294 4862 B‘lanit'este
1328 4803 1507 4876 igitur
1555 4809 1611 4859 et
1648 4822 1715 4860 ex
1745 4806 1933 4862 verbis
1964 4807 2032 4861 li-

387 4892 478 4949 bri
509 4894 773 4963 divini,et
803 4913 871 4951 ex
899 4894 1090 4951 verbis
1121 4893 1307 4949 sancti
1328 4892 2030 4965 Augustiniapprobatur,

388 4984 957 5053 prmdestinalionem
990 5002 1114 5055 qua:
1146 4984 1235 5037 hic
1266 4980 1618 5052 legitur,non
1644 4982 1821 5038 fuisse
1852 4984 1907 5037 in
1939 4985 2034 5039 bo-

389 5086 530 5125 num
564 5070 808 5144 illis,qui
840 5078 1004 5128 tanta
1034 5081 1089 5127 et
1108 5070 1242 5125 talia
1261 5067 1550 5140 passionis
1575 5074 1830 5142 tempore
1850 5073 1904 5126 in
1928 5074 2031 5129 Do-

388 5158 617 5212 minum
646 5159 1153 5225 exercuerunt,sed
1187 5176 1243 5212 in
1279 5173 1557 5230 magnum
1589 5164 1646 5213 et
1669 5161 2031 5217 mortiferum

387 5245 908 5321 malumquamvis
924 5249 1077 5303 Deus
1100 5246 1242 5301 illud
1268 5245 1436 5300 nobis
1459 5247 1689 5302 verterit
1715 5250 1769 5303 in
1789 5249 2028 5306 bonum.

386 5334 447 5392 Si
465 5336 597 5408 quis
612 5343 804 5392 autem
821 5337 1234 5408 putatbeatum
1258 5334 1648 5405 Augustinum
1664 5338 2033 5396 velutvitiose

387 5440 455 5479 ex
477 5425 599 5495 jam
631 5426 786 5480 dicto
818 5424 965 5479 libro
996 5424 1151 5477 istud
1185 5422 1582 5479 testimonium
1604 5428 2034 5500 posuisse,quia

388 5513 540 5583 apud
567 5530 601 5566 n
627 5531 671 5565 ιε
694 5512 940 5583 legitur:
967 5516 1105 5581 Quae
1122 5529 1318 5567 manus
1339 5520 1433 5567 tua
1453 5521 1501 5567 et
1532 5517 1819 5571 consilium
1847 5518 2031 5572 decre-

388 5610 579 5656 verunt
607 5603 771 5670 fieri;
803 5599 950 5655 sciat
971 5602 1163 5674 potius
1186 5618 1315 5657 vere
1332 5606 1389 5657 et
1403 5609 1754 5674 expresse,et
1777 5607 2028 5678 proprie,

2141 3300 2286 3366 Quia
2319 3299 2373 3353 in
2411 3298 2506 3353 illo
2528 3298 2892 3370 apertissime
2916 3297 2973 3352 in
2991 3297 3353 3353 multislocis
3371 3303 3783 3355 commemorat

2141 3389 2227 3458 (tle
2270 3390 2502 3459 Perfeci.
2528 3389 2688 3459 just.,
2723 3404 2849 3458 cap.
2896 3387 2985 3455 13)
3033 3392 3091 3442 et
3137 3387 3416 3442 ostendit.
3447 3388 3533 3444 De
3586 3389 3782 3461 quibus

2140 3478 2255 3540 hic,
2290 3476 2537 3548 exempli
2572 3476 2782 3548 gratia,
2815 3493 2997 3531 unum
3039 3476 3443 3532 testimonium
3498 3478 3781 3549 ponimus,
3862 3476 3863 3525 ἒ

2141 3566 2239 3621 ubi
2274 3566 2353 3621 ait
2387 3583 2398 3619 :
2436 3565 2718 3636 Populum
2753 3566 3066 3635 quemdam
3092 3564 3359 3620 Psalmus
3390 3565 3488 3623 ille
3511 3566 3780 3639 culpat,in

2140 3673 2255 3727 quo
2286 3672 2385 3709 nec
2416 3672 2557 3709 unus
2587 3662 2720 3721 erat,
2755 3656 2851 3724 qui
2878 3656 3082 3723 faceret
3127 3655 3331 3709 bonum
3361 3655 3539 3724 {PsaL
3578 3673 3688 3721 xui.
3715 3657 3776 3722 3),

2140 3745 2281 3799 dum
2315 3743 2517 3799 volunt
2547 3760 2782 3798 manere
2815 3741 2917 3796 lilii
2950 3742 3283 3811 hominum,
3303 3746 3359 3796 et
3388 3759 3507 3798 non
3544 3761 3671 3799 esse
3692 3742 3780 3797 lilii
3862 3808 3863 3819 χ

2141 3832 2260 3900 Dei,
2296 3834 2465 3903 cujus
2495 3832 2683 3903 gratia
2712 3830 2886 3885 homo
2919 3830 2983 3885 ﬁt
3013 3832 3225 3896 bonus,
3256 3839 3315 3887 ut
3342 3833 3523 3903 faciat
3575 3833 3775 3888 bonum.
3862 3832 3863 3903 ξ

2141 3925 2219 3980 De
2252 3921 2348 3977 illo
2379 3922 2535 3977 enim
2578 3923 2711 3976 bono
2760 3921 2983 3976 dictum
3033 3920 3126 3975 hic
3175 3920 3459 3976 debemus
3511 3921 3776 3992 accipere,
3862 3920 3863 3983 ἶ

2142 4012 2293 4084 quod
2328 4009 2407 4064 ibi
2441 4009 2520 4064 ait
2554 4026 2565 4063 :
2601 4011 2739 4065 Deus
2771 4010 2834 4064 de
2862 4010 2990 4064 cwlo
3020 4011 3260 4080 respexit
3304 4025 3468 4079 super
3515 4011 3664 4079 ﬁlios
3697 4010 3777 4063 ho-

2139 4104 2370 4166 minam,
2405 4107 2464 4153 ut
2495 4099 2671 4153 videat
2714 4101 2765 4153 si
2805 4107 2882 4155 est
2932 4099 3239 4168 intelligens
3291 4099 3582 4168 requirens
3629 4099 3778 4153 Deum
3862 4106 3863 4109 ‘

2143 4189 2323 4263 (lbitl.,
2381 4191 2456 4254 ‘2).
2520 4188 2636 4242 Iloc
2696 4204 2830 4258 ergo
2892 4189 3092 4242 bonum
3150 4186 3305 4258 quod
3363 4192 3455 4241 est
3504 4187 3778 4259 requirere

2140 4279 2461 4342 Deum,non
2491 4284 2606 4330 erat
2636 4277 2734 4346 qui
2759 4277 2979 4346 faceret,
3011 4292 3122 4330 non
3149 4283 3270 4330 erat
3300 4291 3473 4346 usque
3503 4275 3577 4330 ad
3602 4292 3775 4337 unum,

2141 4367 2242 4422 sed
2279 4366 2333 4419 in
2367 4382 2432 4421 eo
2465 4381 2671 4437 genere
2694 4364 3001 4419 hominum
3019 4364 3173 4435 quod
3202 4364 3683 4435 praedestinatum
3704 4365 3780 4416 est

2141 4456 2213 4510 ad
2248 4454 2759 4525 interitumzsuper
2789 4454 2894 4509 hos
2910 4453 3065 4508 enim
3101 4451 3471 4524 respexitDei
3492 4452 3776 4525 prmscien-

2064 4563 2109 4627 ι)
2141 4545 2221 4600 tia
2252 4541 2611 4615 protulitque
2641 4540 3010 4596 sententiam.
3047 4541 3157 4596 Sed
3213 4540 3353 4611 quid
3405 4543 3648 4612 prodest
3684 4540 3776 4595 hoc

2142 4630 2473 4702 exemplum
2507 4631 2575 4684 de
2608 4629 2704 4684 Dei
2741 4628 3249 4701 prmdestinatione
3271 4627 3773 4695 malorum,contra

2140 4720 2319 4775 istum
2349 4735 2833 4791 proponere,cum
2867 4717 3038 4773 solita
3068 4717 3300 4772 insania
3329 4724 3577 4789 par..tus
3604 4719 3675 4774 sit
3701 4717 3773 4772 di-

2142 4825 2268 4863 cere
2300 4807 2631 4862 auditorum
2666 4806 2818 4861 suis:
2840 4811 2903 4861 ut
2929 4823 3063 4861 cum
3095 4805 3343 4861 audiunt
3373 4805 3432 4861 in
3466 4807 3656 4864 verbis
3677 4805 3769 4861 hu.

2131 4898 2235 4969 jus
2267 4896 2449 4951 sancti
2481 4895 2733 4950 doctoris
2763 4895 3200 4966 dietum,genus
3216 4894 3529 4951 hominum
3550 4896 3770 4967 prmdes-
3850 4886 3863 4937 ‘1

2139 4986 2393 5041 tinatum
2425 4984 2494 5037 ad
2531 4983 2828 5037 interitum
2860 5001 2873 5050 ;
2907 5001 2940 5038 a
2970 4983 3259 5059 contrario
3312 4982 3643 5056 intelligant
3672 5000 3765 5037 non

2141 5072 2727 5145 praedestinatum,sic
2759 5071 3215 5142 illudautur,qui
3247 5071 3553 5126 veritatem
3588 5069 3765 5126 nonin

2141 5161 2441 5232 Scriptura
2466 5160 2746 5231 veritatis,
2776 5161 2875 5215 sed
2928 5160 2984 5214 in
3022 5158 3308 5216 mendacii
3341 5159 3767 5216 fabricatoribus

2142 5253 2433 5322 quaerunt.

2210 5341 2264 5391 2.
2297 5336 2471 5391 Addit
2502 5334 2691 5391 adhuc
2740 5340 2799 5391 et
2845 5335 2986 5391 dicit
3020 5352 3032 5388 :
3067 5337 3293 5392 Poenam
3338 5337 3766 5409 przezlestinatum

2138 5424 2526 5498 peccatoribus,
2564 5425 2707 5494 ipsos
2750 5440 2871 5479 vero
2898 5426 3182 5495 prmscilos
3230 5432 3442 5480 tantum
3493 5442 3599 5480 non
3645 5437 3765 5495 prir-

2140 5515 2455 5570 destinatos.
2495 5513 2568 5567 De
2600 5528 2716 5582 qua
2749 5529 2810 5568 re
2829 5517 2886 5567 et
2920 5512 2974 5566 in
3008 5512 3203 5579 isto,et
3236 5513 3289 5567 in
3324 5512 3666 5585 praecedenti
3692 5526 3765 5564 ca-

2142 5602 2324 5676 pitulo
2356 5600 2496 5657 satis
2524 5600 2802 5666 diximus,
2837 5600 3040 5657 multis
3079 5601 3433 5659 testimoniis
3484 5600 3761 5657 manifeste
