3896 6198
339 354 454 415 187

1447 354 1674 417 FLOR]
1719 352 2036 418 DIACONI
2085 355 2651 420 LUGDUNENSIS.

3641 358 3751 423 188

334 504 495 544 suum
519 504 552 543 a
579 488 812 559 peccatis
841 503 1029 544 eorum
1059 488 1272 560 (Matth.
1309 506 1348 555 ι,
1381 489 1493 559 2t).
1527 488 1608 544 De
1660 505 1775 559 quo
1814 487 1985 543 etiam
2018 490 2073 555 Α
2104 489 2317 544 meruit
2347 488 2678 562 impetrare.
2716 490 2785 546 Et
2815 508 2917 564 pro
2951 491 3231 548 fratribus
3259 495 3427 566 rogat
3456 507 3528 548 ne
3559 496 3619 549 et
3644 490 3751 566 ipsi

334 574 647 649 Apostolus
678 576 759 630 ait
791 592 805 632 :
834 577 1032 632 Fidelis
1058 594 1234 633 sermo
1286 587 1335 632 et
1381 579 1534 633 omni
1569 579 1873 647 acceptione
1900 576 1989 632 dio

336 667 646 737 gnus,quia
680 665 928 721 Christus
955 667 1106 722 Iesus
1138 668 1284 721 venit
1313 669 1371 722 in
1402 668 1549 721 hunc
1578 666 1845 721 mundum
1869 684 1990 738 pec-

334 762 538 810 catores
565 755 744 809 salvos
771 756 952 825 facere
981 755 1024 823 (ι
1060 756 1192 809 Tim.
1226 773 1265 823 I,
1302 756 1407 827 15).

408 844 520 899 Iste
550 859 686 914 ergo
721 843 819 914 qui
853 846 973 898 tam
1007 844 1241 899 assidue
1272 844 1496 911 dicit,et
1543 847 1734 916 repetit
1776 852 1991 915 peccata

334 932 479 986 nihil
509 948 641 998 esse,
670 931 808 1003 quid
851 929 1011 985 aliud
1062 937 1310 987 conatur
1337 949 1527 1005 agere,
1562 931 1792 988 diabolo
1822 933 1988 988 insti-

333 1026 527 1093 gante,
561 1020 673 1076 nisi
703 1024 765 1074 ut
795 1037 863 1074 ea
892 1020 1061 1091 quasi
1097 1020 1302 1093 leviget
1354 1022 1413 1076 in
1463 1021 1738 1076 cordibus
1769 1020 1992 1077 audito-

335 1113 560 1177 rum,ut
593 1127 707 1163 non
740 1108 1115 1171 doleant,non
1140 1115 1461 1181 agnoscant
1483 1116 1703 1182 quanto
1728 1109 1881 1165 malo
1914 1115 1989 1165 tc-

334 1202 603 1265 neantur,
632 1214 737 1252 nec
768 1203 973 1252 curent
1003 1198 1193 1252 dicere
1226 1215 1358 1252 cum
1384 1198 1694 1253 Psalmista
1727 1216 1740 1253 :
1773 1200 1987 1254 Misere—

331 1305 391 1344 re
453 1288 581 1354 mei,
644 1288 806 1355 Deus,
864 1287 1162 1341 secundum
1224 1304 1487 1355 magnam
1551 1287 1990 1342 misericordiam

332 1386 481 1432 tuam
530 1384 581 1432 et
623 1376 921 1430 secundum
952 1374 1361 1430 multitudinem
1406 1377 1819 1431 miserationum
1860 1384 1989 1431 tua-

332 1482 457 1520 rum
486 1464 602 1519 dele
640 1465 982 1534 iniqui/atem
1010 1479 1205 1517 meam.
1228 1463 1477 1534 Amplius
1506 1463 1630 1517 lava
1659 1479 1743 1518 me
1772 1464 1838 1517 ab
1871 1465 1987 1518 ini-

332 1555 539 1626 quitate
566 1569 687 1607 mea
716 1561 767 1607 et
797 1569 837 1606 α
862 1560 1077 1623 peccato
1110 1568 1226 1607 meo
1254 1552 1845 1619 mundame.Quoniam
1877 1554 1988 1607 ini-

330 1645 595 1716 quitatem
624 1658 799 1696 meam
827 1657 924 1709 ego
947 1657 1221 1710 cognosco,
1253 1649 1305 1695 et
1327 1650 1606 1712 peccatum
1632 1658 1813 1696 meum
1857 1657 1985 1696 con-

332 1740 417 1787 tra
446 1748 532 1787 me
552 1739 629 1786 est
657 1746 868 1802 semper
897 1730 1067 1799 (Psal.
1105 1747 1158 1796 ι),
1186 1731 1329 1799 2-5).
1364 1730 1689 1801 Abjiciatur
1720 1745 1855 1802 ergo
1886 1730 1986 1784 de-

330 1825 531 1893 ceptor
562 1820 670 1874 iste
701 1819 775 1873 ab
804 1818 1047 1873 auribus
1077 1822 1134 1872 et
1163 1819 1437 1873 cordibus
1467 1817 1815 1885 ﬁdelium,et
1845 1834 1982 1873 con-

329 1914 421 1965 tra
446 1915 563 1964 tam
596 1923 869 1979 magnam
903 1906 1199 1961 miseriam
1235 1905 1581 1978 imploretur
1621 1906 1883 1961 dolenter
1928 1912 1985 1961 et

330 1996 675 2068 simpliciter
702 2012 916 2068 magna
945 1994 1043 2051 Dei
1079 1994 1480 2050 misericordia
1529 2011 1542 2049 :
1593 1998 1797 2051 contra
1826 1994 1981 2049 mul-

331 2086 643 2141 titudinem
677 2089 972 2139 tantarum
1005 2083 1374 2140 miseriarum
1396 2087 1692 2156 quaeratur
1721 2083 1985 2139 multitu-

331 2176 404 2229 do
471 2173 933 2240 miserationum,
986 2178 1051 2227 ut
1100 2171 1364 2227 deleatur
1411 2171 1713 2245 iniquitas,
1760 2171 1983 2227 lavetur

330 2264 505 2319 homo
536 2262 608 2318 ab
641 2262 769 2333 ipsa
794 2261 1123 2333 iniquitate,
1158 2262 1476 2316 mundctur
1504 2279 1538 2316 a
1578 2265 1832 2332 peccato,
1865 2277 1982 2331 quo

330 2356 454 2407 erat
485 2351 757 2408 sordidus
779 2354 835 2407 et
858 2349 1202 2405 immundus
1232 2349 1501 2415 eﬁ'ectus;
1534 2353 1849 2421 cognoscat
1878 2348 1984 2404 ini-

331 2441 615 2513 quitatem
646 2457 836 2507 suam,
871 2444 928 2495 et
959 2443 1259 2511 peccatum
1291 2455 1462 2494 suum
1498 2456 1614 2493 non
1659 2442 1825 2511 putet
1855 2454 1983 2494 esse

332 2527 499 2595 nihil,
532 2545 636 2583 nec
669 2516 844 2600 ponat
874 2526 1020 2582 illud
1053 2532 1184 2599 post
1213 2527 1474 2594 dorsum,
1510 2528 1610 2582 sed
1664 2533 1796 2582 ante
1846 2544 1982 2583 ocu-

328 2617 416 2673 los
447 2634 677 2689 semper
705 2616 929 2671 habens
962 2615 1232 2687 imploret
1260 2615 1427 2671 illum
1459 2615 1556 2687 qui
1591 2615 1734 2671 dixit
1768 2632 1780 2671 :
1820 2617 1984 2672 Dele-

332 2709 385 2762 vi
413 2715 474 2761 ut
502 2706 699 2762 nubem
728 2706 1042 2777 iniquitates
1074 2714 1214 2770 tuas,
1247 2713 1298 2761 et
1325 2707 1485 2777 quasi
1512 2705 1768 2760 nebulam
1791 2721 1984 2777 pecea-

330 2804 385 2851 ta
414 2803 507 2851 tua
537 2796 665 2863 (Isa.
708 2812 855 2862 XLIV,
889 2795 997 2866 22).
1033 2793 1315 2849 Similiter
1369 2799 1426 2850 et
1482 2793 1790 2866 supplicia,
1854 2811 1981 2865 quae

328 2884 582 2956 peccatis
611 2883 916 2948 debentur,
949 2882 1032 2937 ita
1058 2882 1487 2949 extenuare,sic
1518 2882 1768 2955 levigare
1798 2887 1854 2937 et
1879 2900 1983 2939 an-

330 2972 555 3028 nullare
585 2972 905 3040 contendit,
942 2975 1006 3027 ut
1034 2988 1103 3026 ea
1129 2988 1363 3043 semper
1393 2970 1538 3026 nihil
1588 2988 1717 3026 esse
1767 2972 1982 3027 conﬁr-

330 3065 475 3128 met;
509 3078 636 3133 quae
668 3059 802 3115 licet
828 3060 885 3114 in
918 3075 979 3114 se
1009 3058 1400 3114 substantiam
1456 3058 1673 3114 nullam
1730 3058 1985 3115 habeant

328 3147 632 3213 existendi,
690 3151 887 3202 tamen
934 3163 1035 3218 per
1091 3145 1419 3218 corporales
1475 3150 1737 3212 naturas,
1782 3147 1839 3202 id
1895 3151 1984 3203 cst

2101 578 2333 634 veniant
2362 579 2421 633 in
2452 579 2617 634 illum
2648 579 2842 635 locum
2874 582 3391 637 tormentorum.Si
3425 598 3584 654 ergo,
3591 583 3753 654 juxta

2098 685 2298 723 vocem
2329 667 2896 738 \’eritatis,inl'ernus
2928 670 3092 727 locus
3116 675 3205 726 est
3235 676 3755 740 tormentorum,et

2100 747 2307 802 anima;
2323 748 2605 804 miseroru
2616 766 2671 803 In
2686 754 2868 804 exuta
2881 750 3223 822 corporibus
3239 749 3359 806 illic
3373 751 3748 823 sepeliuntur,

2100 842 2157 892 et
2186 842 2324 893 sunt
2354 838 2411 891 in
2437 838 2767 905 tormentis,
2800 842 2857 893 et
2906 855 3009 910 per
3057 856 3185 911 quae
3218 844 3624 912 peccaverunt,
3655 857 3751 913 per

2100 926 2220 981 haec
2250 931 2305 982 et
2335 932 2707 998 torquentur,
2740 932 2805 981 ut
2824 928 3103 999 judicium
3131 930 3205 983 sit
3234 930 3350 983 illis
3377 931 3501 984 sine
3541 931 3748 984 miseri-

2097 1015 2304 1081 cordia,
2338 1017 2469 1088 quia
2494 1032 2603 1071 non
2623 1018 2873 1086 fecerunt
2914 1017 3347 1072 misericordiam
3382 1017 3521 1085 (Jac.
3557 1035 3617 1083 II,
3648 1020 3744 1087 13).

2170 1104 2297 1158 Hinc
2330 1104 2529 1158 audiat
2561 1103 2750 1159 ﬁdelis
2779 1104 3033 1176 quisque
3057 1108 3113 1159 et
3145 1106 3433 1173 timeat,et
3452 1106 3597 1160 dum
3618 1111 3750 1160 tem-

2099 1209 2209 1264 pus
2227 1192 2528 1264 est,fugiat
2553 1193 2627 1248 ab
2659 1193 2745 1247 ira
2773 1197 3020 1249 ventura
3041 1194 3110 1248 de
3132 1211 3248 1266 qua
3278 1195 3485 1249 beatus
3501 1194 3749 1250 Joannes

2098 1280 2360 1353 Baptista
2387 1281 2468 1336 ait
2491 1298 2504 1335 :
2530 1283 2661 1349 Quis
2692 1281 2840 1337 vobis
2866 1281 3254 1337 demonstravit
3278 1285 3477 1354 fugere
3503 1300 3537 1337 τι
3566 1286 3749 1355 futura

2098 1372 2224 1425 ira?
2253 1371 2433 1425 Facite
2460 1386 2591 1438 ergo
2616 1372 2828 1441 fruetus
2876 1370 3073 1439 dignos
3119 1373 3458 1444 pamitentbz’
3486 1373 3640 1442 (Luc.
3672 1390 3748 1439 III,

2094 1461 2149 1524 7,
2181 1462 2257 1528 8).
2294 1459 2459 1513 Hunc
2492 1458 2683 1513 locum
2716 1463 3147 1515 tormentorum
3180 1459 3305 1533 ipse
3331 1460 3627 1515 Dominus
3650 1461 3747 1516 l're-

2097 1552 2344 1619 quenter
2358 1547 2615 1619 appellat
2629 1550 2876 1603 tenebras
2898 1550 3193 1604 exteriores
3215 1558 3269 1604 et
3285 1551 3572 1604 caminum
3596 1552 3747 1620 ignis,

2093 1645 2144 1692 et
2175 1639 2354 1704 ignem
2386 1644 2654 1692 aeternum
2684 1635 2901 1692 diabolo
2930 1646 2982 1692 et
3028 1637 3281 1692 omnibus
3315 1639 3507 1711 impiis
3534 1654 3748 1711 praepa-

2096 1734 2295 1791 ratum,
2330 1726 2426 1780 ubi
2453 1726 2557 1780 erit
2586 1725 2743 1781 dolor
2770 1727 2897 1781 sine
2928 1726 3064 1791 ﬁne,
3099 1730 3157 1781 et
3186 1743 3254 1781 ex
3292 1725 3495 1781 dolore
3542 1727 3750 1799 sempi-

2096 1819 2298 1869 ternus
2326 1813 2495 1887 ﬂetus
2516 1813 2905 1879 oculorum,et
2922 1814 3128 1869 stridor
3145 1815 3748 1885 dentium(b!atth.xxv,

2092 1904 2203 1975 (Il).
2239 1903 2317 1958 De
2366 1901 2464 1957 tali
2490 1920 2660 1975 pcena
2693 1902 3020 1958 inﬁdelium
3052 1904 3472 1959 damnatorum
3495 1908 3557 1959 et
3579 1904 3751 1959 Isaias

2093 1992 2374 2064 propheta
2400 1991 2539 2047 dicit
2572 2009 2584 2047 :
2627 1994 2827 2047 Vermis
2875 2008 3063 2048 eorum
3094 2009 3203 2048 non
3230 1995 3584 2059 morietur,et
3615 1994 3751 2062 ignis

2090 2097 2278 2135 eorum
2308 2096 2414 2134 non
2445 2082 2858 2148 exstinguetur:
2884 2087 2933 2135 et
2964 2089 3127 2135 erunt
3157 2097 3323 2153 usque
3351 2081 3423 2135 ad
3450 2083 3751 2136 satietatem

2093 2170 2321 2224 visionis
2369 2170 2521 2223 omni
2565 2170 2725 2223 carni
2771 2169 2899 2234 (lsa.
2952 2184 3102 2234 I.va,
3155 2170 3271 2239 24).
3306 2169 3419 2224 Sed
3453 2174 3515 2223 et
3554 2170 3751 2224 beatus

2091 2257 2204 2313 Job
2235 2255 2695 2329 lacrymabiliter
2713 2256 2894 2312 Deum
2920 2256 3196 2329 implorat
3219 2256 3425 2312 dicens
3454 2275 3469 2312 :
3499 2258 3753 2329 Nunquid

2091 2362 2197 2401 non
2216 2348 2467 2419 paucitas
2494 2345 2713 2401 dierum
2762 2362 3009 2401 meorum
3053 2347 3283 2416 ﬁnietur
3313 2346 3507 2401 brevi?
3537 2349 3753 2403 Dimitte

2091 2451 2216 2507 ergo
2244 2451 2351 2501 me,
2385 2443 2445 2490 ut
2466 2436 2733 2506 plangam
2755 2435 3054 2506 paululum
3081 2435 3322 2491 dolorem
3342 2452 3562 2503 meum;
3608 2444 3750 2491 ante-

2092 2541 2256 2597 quam
2289 2523 2502 2589 vadam,
2534 2532 2586 2579 et
2616 2539 2724 2578 non
2768 2532 3011 2579 revertar
3057 2523 3127 2579 ad
3175 2532 3382 2579 terram
3414 2524 3753 2580 tenebrosam

2090 2622 2141 2669 et
2164 2620 2406 2685 opertam
2433 2614 2624 2667 mortis
2652 2613 2936 2681 caligine;
2986 2621 3191 2667 terram
3242 2614 3496 2671 miseria:
3525 2622 3580 2669 et
3614 2622 3750 2669 tme-

2094 2705 2337 2769 brarum,
2372 2702 2469 2756 ubi
2496 2703 2693 2756 umbra
2720 2703 2931 2765 mortis,
2964 2709 3016 2757 et
3046 2702 3236 2757 nullus
3278 2701 3430 2772 ordo,
3463 2710 3519 2757 et
3556 2704 3752 2774 sempi-

2092 2800 2278 2847 ternus
2324 2791 2521 2846 horror
2566 2792 2839 2845 inhabitat
2897 2791 3031 2862 (Job.
3079 2808 3135 2855 x,
3176 2792 3391 2861 20-22).
3426 2792 3501 2846 Et
3551 2792 3753 2848 beatus

2089 2880 2345 2936 Joannes
2375 2880 2433 2934 in
2463 2878 2808 2951 Apocalypsi
2844 2895 2858 2934 :
2888 2881 3054 2935 Missi
3078 2887 3225 2948 sunt,
3258 2879 3549 2952 inquit,in
3569 2890 3754 2952 stagno

2092 2969 2307 3025 ardenti
2348 2971 2472 3040 igne
2499 2977 2551 3024 et
2579 2968 2843 3044 sulphure
2873 2986 2893 3024 :
2922 2968 3064 3040 quod
3092 2977 3190 3036 est,
3218 2985 3365 3025 mors
3410 2970 3680 3034 secunda,
3710 2978 3756 3025 et

2089 3059 2483 3114 cruciabuntur
2507 3058 2597 3113 die
2624 3074 2689 3113 ae
2716 3065 2870 3113 nocte
2899 3059 2959 3113 in
2987 3058 3193 3114 saecula
3212 3058 3751 3132 swculorumppoc.

2091 3165 2183 3215 xx,
2220 3147 2325 3219 14).
2363 3148 2434 3202 Et
2480 3147 2633 3202 sicut
2690 3146 2829 3201 alibi
2887 3147 2970 3202 ait
3026 3164 3040 3202 :
3103 3152 3313 3204 Fumus
3360 3155 3755 3204 tormentorum

328 3236 523 3309 ignem
555 3240 860 3300 mternum,
890 3238 949 3289 et
986 3237 1261 3306 stagnum
1293 3232 1616 3306 sulphuris,
1650 3241 1707 3289 et
1751 3251 1976 3291 vermes
2008 3224 2051 3291 C
2088 3253 2277 3292 eorum
2343 3235 2591 3291 ascendet
2653 3238 2713 3291 in
2766 3237 2972 3293 sweula
3033 3237 3365 3293 saeculorum
3414 3237 3606 3309 (Apoc.
3645 3256 3752 3304 xxv,

329 3340 635 3397 nunquam
684 3321 1021 3378 deﬁcientes
1070 3322 1483 3377 damnatorum
1523 3327 1580 3377 et
1620 3323 1984 3395 corporibus,

328 3418 384 3469 et
414 3412 649 3476 animis,
680 3410 1015 3467 inferuntur
1045 3426 1059 3463 :
1094 3410 1235 3464 dum
1267 3416 1324 3466 et
1353 3411 1582 3467 animas
1631 3417 1689 3467 et
1744 3429 1986 3484 corpora

328 3500 507 3557 simul
539 3500 893 3555 excruciant.
927 3500 997 3554 Et
1024 3497 1174 3564 ideo,
1207 3497 1341 3554 licet
1391 3516 1504 3554 non
1555 3499 1678 3555 sint
1716 3500 1986 3557 substan-

329 3588 566 3655 tialiter,
599 3593 738 3644 sunt
767 3591 963 3642 tamen
996 3604 1229 3659 semper
1266 3588 1586 3660 pmnaliter,
1638 3594 1695 3644 et
1736 3589 1983 3646 infelici-

334 3682 422 3733 ter
454 3676 511 3732 in
540 3692 741 3733 eorum
774 3674 988 3731 animis
1037 3680 1095 3731 et
1142 3676 1504 3749 corporibus,
1540 3695 1667 3751 quae
1698 3679 1825 3735 sine
1869 3680 1985 3736 ﬁne

330 3765 683 3822 excruciant.

400 3854 682 3919 Quocirca
713 3870 827 3909 non
858 3871 964 3910 nos
996 3854 1242 3909 delectet
1273 3855 1474 3911 audire
1505 3856 1577 3911 ab
1609 3855 1723 3912 isto
1770 3856 1983 3914 misero

329 3943 632 4000 seductore
656 3950 999 4016 peccatorum
1026 3944 1298 4016 supplicia
1327 3945 1470 3999 nihil
1498 3962 1641 4013 esse,-
1664 3946 1764 4000 sed
1790 3946 1987 4018 potius

329 4033 642 4089 audiamus
674 4032 829 4105 quod
861 4032 1164 4088 verissime
1186 4032 1413 4089 Veritas
1433 4034 1577 4089 dicit
1610 4050 1623 4088 :
1652 4033 1895 4090 Mortuus
1911 4043 1991 4091 est

328 4130 509 4178 autem
539 4130 590 4177 et
632 4121 799 4188 dives,
849 4130 900 4176 et
941 4122 1183 4194 sepultus
1231 4130 1311 4177 est
1359 4124 1420 4177 in.
1470 4124 1708 4193 inferno.
1755 4123 1985 4179 Elevans

328 4219 512 4266 autem
542 4209 729 4265 oculos
757 4226 882 4266 suos
913 4227 1038 4265 cum
1064 4218 1201 4267 esset
1229 4212 1289 4265 in
1319 4216 1619 4277 tormentis,
1643 4210 1780 4266 vidit
1810 4212 1983 4267 Abra~

332 4300 462 4354 ham
490 4316 524 4353 a
555 4299 731 4367 longe,
764 4306 815 4353 et
863 4301 1134 4355 Lazarum
1179 4301 1240 4355 in
1286 4302 1416 4355 sinu
1468 4301 1613 4371 ejus;
1646 4308 1696 4355 et
1729 4302 1841 4371 ipse
1870 4301 1985 4356 cla-

328 4404 487 4443 mans
512 4387 657 4443 dixit
687 4405 706 4442 :
735 4392 899 4443 Pater
948 4390 1251 4456 Abraham,
1286 4391 1545 4444 miserere
1570 4389 1700 4453 mei,
1741 4397 1792 4443 et
1838 4391 1988 4446 mitte

331 4478 620 4542 Lamrum,
651 4484 714 4531 ut
747 4478 984 4548 intingat
1027 4487 1332 4533 extremum
1380 4476 1544 4548 digiti
1584 4478 1675 4531 sui
1721 4478 1781 4531 in
1818 4494 1983 4549 aqua,

329 4574 378 4622 et
404 4568 687 4637 refrigeret
717 4566 965 4637 linguam
992 4568 1327 4638 meam,quia
1358 4567 1576 4620 crucior
1606 4567 1667 4619 in
1697 4566 1799 4621 hac
1826 4568 1983 4636 ﬂam-

332 4672 420 4711 ma
463 4656 612 4727 (Luc.
670 4672 784 4722 xv1,
832 4660 922 4723 22,
973 4657 1063 4723 23,
1112 4657 1228 4726 24(.
1282 4654 1349 4709 Et
1404 4653 1579 4726 paulo
1640 4658 1789 4726 post,
1851 4673 1986 4711 cum

331 4761 434 4816 pro
467 4745 744 4800 fratribus
776 4744 899 4800 suis
930 4744 1308 4816 supplicaret,
1341 4742 1421 4798 ait
1453 4759 1464 4796 :
1504 4745 1567 4799 Ut
1597 4750 1818 4798 testetur
1847 4745 1983 4812 illis,

329 4850 397 4889 ne
429 4836 537 4906 ipsi
565 4836 789 4889 veniant
832 4835 894 4888 in
948 4834 1092 4887 hunc
1136 4834 1313 4887 locum
1368 4839 1756 4887 tormentorum
1799 4834 1982 4901 (Ibid.,

329 4925 441 4993 28).
474 4924 619 4979 Ecce
663 4921 863 4978 infelix
904 4925 962 4977 et
1002 4919 1403 4976 inlelicissime
1449 4920 1764 4976 damnatus
1803 4921 1983 4991 dives,

333 5012 533 5067 statim
566 5016 633 5067 ut
664 5014 932 5066 mortuus
961 5013 1050 5065 est
1079 5024 1339 5081 corpore,
1372 5007 1572 5064 anima
1601 5008 1867 5081 sepultus
1898 5016 1988 5068 est

332 5100 391 5155 in
423 5100 678 5168 inferno;
713 5098 813 5155 ubi
846 5095 1504 5168 tenebaturipsaanima
1524 5096 1582 5151 in
1596 5100 1989 5167 tormentis,et

333 5189 410 5243 ibi
446 5186 703 5259 amplius
733 5186 1126 5251 cruciabatur,
1150 5186 1307 5241 unde
1340 5184 1594 5258 amplius
1626 5194 1979 5259 peccaverat,

332 5276 389 5330 id
424 5279 514 5329 est
546 5275 603 5328 in
631 5274 862 5347 lingua;
894 5279 953 5330 et
982 5272 1353 5328 cruciabatur
1374 5273 1431 5328 in
1464 5274 1700 5347 ﬂamma
1722 5277 1982 5350 undique

333 5365 613 5419 adurente
636 5368 690 5418 et
721 5363 1223 5418 concremante.Et
1243 5362 1396 5418 sicut
1417 5363 1540 5434 ipse
1563 5363 1744 5420 micas
1765 5383 1981 5423 mensa;

334 5469 453 5507 sua:
486 5468 599 5506 non
622 5450 861 5505 dederat
885 5451 1108 5505 Labaro
1132 5452 1399 5508 mendico
1416 5456 1472 5507 et
1494 5451 1790 5510 ulceribus
1813 5455 1980 5527 pleno

327 5539 545 5610 jacenti
580 5539 649 5595 ad
674 5540 922 5610 januam
956 5540 1232 5605 suam,ita
1261 5546 1317 5597 et
1338 5542 1461 5614 ipse
1483 5542 1699 5598 stillam
1724 5561 1886 5616 aquae
1909 5547 1981 5601 de

337 5626 518 5699 digito
566 5628 717 5699 ejus,
749 5644 868 5700 qua
896 5626 1328 5699 aliquantulum
1362 5631 1824 5705 refrigeraretur,
1864 5651 1977 5690 non

2096 3328 2203 3394 11).
2241 3325 2369 3381 Haec
2400 3324 2650 3381 ﬁdeliter
2679 3326 3012 3393 credamus,
3033 3324 3314 3381 veraciter
3345 3325 3756 3391 timeamus,et

2093 3414 2248 3470 hunc
2265 3414 2643 3486 vaniloquum
2675 3418 2732 3469 et
2761 3414 3128 3470 seductorem
3160 3414 3484 3486 penitusab
3503 3416 3753 3472 auribus

2094 3503 2446 3576 repellamus
2479 3520 2492 3557 :
2524 3503 2688 3571 Quia,
2710 3502 2862 3559 sicut
2892 3502 2975 3558 ait
3020 3502 3334 3574 Apostolus
3388 3514 3755 3577 corrumpunt

2095 3593 2262 3649 bonos
2290 3609 2466 3648 mores
2496 3593 2766 3663 colloquia
2795 3593 2942 3649 mala
2973 3592 3021 3661 (l
3051 3592 3171 3648 Cor.
3200 3610 3291 3660 xv,
3323 3592 3436 3663 33).
3482 3593 3659 3650 Unde
3706 3599 3760 3649 et

2094 3680 2209 3737 alia
2240 3681 2541 3753 Scriptura
2570 3681 2844 3736 admonet
2872 3680 3073 3737 dicens
3106 3698 3119 3735 :
3152 3683 3282 3753 Sepi
3309 3698 3473 3738 aures
3497 3690 3630 3738 tuas
3648 3684 3754 3755 spi-

2092 3772 2260 3838 nis,et
2288 3772 2407 3825 noli
2432 3769 2627 3826 audire
2658 3770 2911 3839 linguam
2940 3770 3101 3841 (Eccl.
3130 3786 3332 3839 xxvm,
3363 3771 3477 3843 28).

2164 3863 2198 3913 2
2253 3858 2465 3915 Statim
2494 3874 2748 3930 namque
2779 3862 2911 3929 post
2939 3857 3061 3913 haec
3082 3858 3187 3913 illa
3209 3875 3318 3914 sua
3347 3858 3557 3932 regula
3578 3859 3758 3933 impia

2094 3952 2149 4003 et
2171 3947 2536 4019 furiosa,qua
2568 3945 2919 4018 persuadere
2949 3950 3197 4002 conatur
3224 3951 3451 4014 ut,cum
3474 3948 3757 4004 audimus

2094 4036 2319 4109 aliquid
2337 4033 2984 4107 factum,intelligamus
2999 4052 3115 4091 non
3131 4035 3517 4104 factum,cum
3541 4037 3759 4110 aliquid

2095 4122 2748 4196 dictum,intelligamus
2779 4139 2893 4178 non
2926 4122 3149 4179 dictum
3172 4142 3185 4192 ;
3206 4124 3479 4197 adjungit
3500 4130 3566 4181 et
3590 4125 3756 4181 dicit:

2093 4214 2385 4270 Prwscisse
2414 4220 2466 4269 et
2492 4211 2915 4284 prwdestinasse
2944 4213 3115 4267 Deum
3147 4222 3370 4284 peccata
3411 4214 3493 4269 vel
3548 4231 3753 4287 pamas,

2090 4318 2192 4375 pro
2208 4318 2314 4357 non
2331 4302 2632 4373 praescisse,
2655 4317 2763 4355 non
2792 4300 3350 4371 praedestinassemon
3382 4317 3749 4374 praeparasse.

2095 4391 2259 4457 Quod
2291 4389 2661 4463 apertissime
2692 4388 2825 4444 ﬁdei
2847 4392 2904 4444 et
2924 4389 3152 4445 veritati
3184 4389 3551 4446 contrarium
3582 4390 3751 4447 est.Si

2093 4479 2251 4535 enim
2267 4495 2380 4534 non
2394 4477 2839 4550 przescivitDeus
2852 4477 3195 4550 angelorum
3208 4477 3292 4533 vel
3308 4478 3624 4535 hominum
3639 4497 3751 4535 om-

2017 4591 2064 4656 Β
2096 4568 2193 4623 nia
2225 4568 2421 4656 futura
2453 4571 2709 4638 peccata,
2742 4583 2860 4656 non
2882 4571 2974 4623 est
2995 4566 3270 4638 praescius
3305 4567 3667 4623 futurorum.
3689 4568 3752 4656 Et

2097 4656 2237 4728 quid
2269 4655 2427 4711 aliud
2452 4659 2689 4727 praestat
2709 4655 2823 4711 nisi
2844 4656 3075 4712 utdicat
3104 4658 3202 4711 iste
3234 4658 3507 4728 insipiens
3528 4660 3588 4712 in
3603 4655 3752 4713 corde

2094 4760 2327 4812 suo,non
2356 4752 2432 4799 est
2461 4749 2611 4800 Deus
2641 4745 2811 4817 (Psal.
2844 4761 2968 4812 xm,
2994 4746 3068 4817 1),
3101 4745 3149 4799 si
3175 4762 3290 4800 non
3316 4745 3617 4817 pNPSCiVil
3645 4762 3752 4817 po:-

2094 4849 2202 4889 nas
2232 4850 2359 4905 quis
2390 4834 2768 4905 peccantibus
2791 4835 2953 4906 juste
2982 4834 3287 4898 debentur,
3322 4835 3617 4905 quomodo
3658 4850 3752 4889 eas

2094 4922 2219 4977 etin
2233 4921 2562 4994 Evangeliis
2582 4927 2639 4979 et
2658 4921 2718 4977 in
2752 4921 3309 4994 caeterisScripturis
3341 4927 3465 4978 tam
3491 4923 3748 4989 assidue,

2092 5014 2213 5066 tam
2245 5010 2643 5084 graviter,tam
2666 5010 3010 5067 terribiliter
3028 5010 3443 5067 comminatur.
3467 5011 3585 5067 Sed
3617 5010 3751 5066 dicit

2094 5101 2204 5156 iste
2233 5117 2245 5156 :
2280 5100 2421 5169 Quia
2448 5108 2667 5172 peccata
2695 5100 2780 5155 vel
2805 5115 2985 5171 plenae
3004 5100 3152 5155 nihil
3178 5107 3328 5170 sunt,
3358 5115 3421 5156 eo
3449 5100 3599 5172 quod
3625 5101 3746 5156 sub-

2088 5192 2350 5245 stantiam
2378 5204 2478 5259 per
2520 5204 2577 5242 se
2623 5188 2899 5244 existendi
2944 5205 3054 5243 non
3081 5187 3332 5244 habeant.
3365 5189 3432 5244 Et
3458 5188 3581 5245 ideo
3611 5186 3748 5260 quod

2090 5278 2234 5334 nihil
2263 5285 2342 5333 est
2374 5281 2547 5333 Deum
2574 5293 2674 5332 nec
2698 5278 2839 5332 scire
2867 5294 2965 5332 nec
2989 5278 3252 5349 praescire
3277 5279 3540 5348 potuisse.
3574 5274 3743 5341 Quasi

2091 5367 2208 5423 Deo
2255 5365 2521 5438 ignotum
2572 5364 2650 5419 sit
2696 5365 2985 5437 quidquid
3035 5381 3149 5420 non
3199 5369 3309 5431 est,
3339 5370 3399 5420 et
3431 5365 3593 5437 quod
3626 5365 3744 5436 ipse

2091 5451 2483 5511 essentialiter
2522 5456 2579 5508 et
2627 5453 2972 5509 naturaliter
3016 5470 3146 5509 esse
3184 5469 3300 5508 non
3350 5452 3483 5507 fecit
3534 5470 3548 5508 :
3613 5467 3743 5507 cum

2091 5544 2187 5599 ille
2233 5542 2617 5612 omnipotenti
2651 5542 2896 5598 scientia
2944 5548 3002 5599 et
3048 5541 3420 5615 praescientia
3456 5558 3568 5597 sua
3598 5542 3745 5598 sicut

2091 5630 2247 5689 novit
2275 5630 2474 5686 omnia
2502 5646 2630 5702 quae
2663 5630 2819 5701 fecit,
2850 5630 2936 5688 sic
2985 5630 3160 5688 etiam
3212 5629 3438 5687 noverit
3465 5646 3599 5703 qua
3632 5645 3739 5687 non
