3896 6198
142 358 253 419 193

1109 350 1342 415 LIBER
1386 348 1804 415 ADVERSUS
1847 344 2221 415 JOANNEM
2265 350 2602 418 SCO'I‘UM.

3444 356 3558 419 194

213 489 421 545 Adhuc
443 489 614 544 addit
637 493 693 545 et
716 487 859 544 dicit
883 505 895 542 :
921 486 1152 543 Dolendo
1191 503 1298 541 non
1333 488 1511 557 ipsum
1539 486 1796 547 dolorem,
1830 487 1882 552 Α
1912 488 2314 555 perversitatem
2340 491 2588 560 propria?
2637 490 2960 558 voluntatis;
2984 505 3081 545 nec
3116 506 3359 561 peccasse
3395 500 3559 547 natu-

140 578 233 634 sed
266 580 448 650 ipsum
476 579 781 633 sanitatem
809 577 978 640 nosci,
1014 591 1179 646 quam
1206 590 1316 629 non
1344 576 1599 639 noscet,si
1617 575 1680 628 de
1702 575 1802 629 illa

143 669 419 723 notionem
436 666 736 738 quamdam
750 681 861 720 non
875 666 1110 719 haberet.
1125 663 1188 717 In
1211 663 1427 734 quibus
1443 662 1633 717 verbis
1651 664 1803 716 aflir-

143 773 311 811 mare
338 755 575 810 videtur
599 754 858 810 dolorem
892 752 1059 807 illum
1107 755 1455 806 internarum
1496 768 1801 823 pccnarum

144 862 263 900 non
299 861 474 917 posse
505 842 765 905 nosci,id
797 846 887 897 est
906 840 1254 913 agnosci,ab
1286 838 1481 894 animo
1505 840 1800 912 patientis,
1861 905 1868 912 υ

144 951 212 989 eo
248 933 406 1005 quod
440 933 568 1004 ipse
597 931 764 987 dolor
794 929 1017 985 nullam
1050 928 1263 984 habeat
1304 929 1697 984 substantiam
1743 928 1802 982 in

144 1038 208 1077 se
241 1021 538 1077 existendi
567 1020 657 1077 vel
688 1016 1069 1074 subsistendi.
1094 1019 1163 1072 Et
1192 1017 1323 1072 ideo
1350 1034 1485 1073 cum
1526 1018 1805 1073 substan-

144 1110 372 1166 tialiter
401 1110 547 1164 nihil
581 1109 677 1175 sit,
708 1125 822 1163 non
866 1106 992 1177 ipse
1040 1111 1393 1178 agnoscatur
1444 1108 1515 1160 ab
1565 1106 1663 1160 illo
1705 1106 1805 1177 qui

147 1198 442 1265 dolet,sed
477 1197 674 1269 potius
702 1212 769 1251 ex
790 1196 917 1264 ejus
939 1194 1371 1265 comparatione
1393 1193 1614 1248 sanitas
1636 1208 1807 1265 agno-

147 1288 377 1356 scitur;
412 1304 541 1359 quze
572 1286 631 1340 in
665 1300 904 1356 corpore
948 1281 1292 1337 naturaliter
1337 1280 1556 1353 aliquid
1611 1287 1719 1347 est,
1753 1284 1810 1335 et

149 1394 286 1448 quae
320 1376 433 1448 ipsi
457 1373 642 1430 dolori
665 1371 956 1428 contraria
986 1375 1094 1426 est.
1127 1372 1311 1435 Quam
1343 1370 1650 1426 sanitatem
1685 1369 1811 1424 nul-

151 1465 396 1520 latenus
443 1468 645 1519 nosset
672 1460 771 1533 qui
802 1464 959 1517 totus
988 1459 1148 1515 dolet
1199 1459 1257 1514 in
1294 1460 1500 1531 poenis,
1532 1459 1643 1514 nisi
1682 1459 1811 1529 ejus

152 1553 371 1609 notitia
398 1552 458 1607 in
492 1550 775 1607 memoria
808 1553 1155 1604 remaneret.
1712 1541 1717 1546 ’

227 1645 299 1697 Et
348 1647 416 1696 ut
461 1641 580 1696 haec
628 1645 747 1695 tam
802 1638 1059 1693 absurda
1097 1643 1155 1692 et
1183 1636 1382 1705 stulta,
1406 1637 1564 1693 velut
1592 1636 1811 1692 ratione

152 1732 421 1802 quadam
451 1729 698 1796 reddita,
729 1728 1081 1782 confirmare
1110 1727 1395 1793 videatur,
1423 1726 1730 1798 subjungit
1757 1730 1815 1780 ct

152 1818 299 1874 dicit
325 1835 336 1874 :
367 1817 807 1873 Recordationem
834 1816 1091 1869 sanitatis
1121 1816 1180 1869 in
1216 1815 1464 1870 sensibus
1508 1830 1810 1883 remanere,

152 1911 336 1980 ipsam
367 1923 490 1962 vero
522 1908 581 1961 in.
610 1906 712 1961 illa
738 1905 1044 1959 substantia
1072 1920 1238 1974 quam
1264 1905 1404 1958 Deus
1433 1906 1636 1959 creavit
1676 1905 1812 1959 resi-

153 1998 308 2053 dere.
344 1996 454 2051 Per
482 1996 639 2067 quod
681 1992 948 2049 fortassis
994 1992 1104 2047 hoc
1138 1992 1381 2065 intelligi
1414 1992 1538 2047 vult
1568 1993 1721 2064 quod
1753 1993 1812 2046 in

155 2086 442 2143 sensibus
470 2084 530 2138 in
556 2082 658 2138 illa
688 2081 1063 2138 damnatione
1089 2096 1322 2153 semper
1358 2081 1627 2150 dolentis,
1659 2080 1817 2135 velut

157 2192 226 2230 ex
258 2171 719 2230 commonitione
744 2170 931 2243 ipsius
962 2169 1199 2237 doloris,
1236 2170 1337 2224 liat
1368 2171 1690 2225 recordatio
1721 2187 1815 2225 sa-

160 2264 391 2330 nitatis,
427 2262 487 2316 in
519 2261 791 2317 sensibus
819 2258 1106 2325 videlicet,
1135 2259 1351 2330 quibus
1380 2258 1466 2314 vel
1497 2276 1708 2329 corpus
1728 2258 1817 2314 vel

163 2354 367 2408 anima
402 2352 563 2423 ipsos
593 2348 824 2405 dolores
854 2347 1319 2419 sentiet;-ipsam
1351 2364 1482 2403 vero
1505 2350 1816 2404 sanitatem

162 2442 222 2497 in
256 2441 362 2496 illa
392 2439 773 2495 damnatione
804 2437 883 2492 ita
912 2452 1087 2509 posse
1115 2436 1528 2508 intelligi,quia
1548 2438 1820 2492 substan-

164 2532 247 2587 tia
285 2529 570 2593 hominis,
594 2544 767 2599 quem
800 2527 952 2582 Deus
982 2526 1217 2590 creavit,
1240 2531 1297 2581 et
1324 2526 1384 2580 in
1433 2527 1642 2581 animae
1672 2530 1729 2580 et
1759 2527 1818 2580 in

164 2618 433 2692 corporis
463 2616 848 2690 perpetuitate
878 2632 993 2670 non
1016 2614 1403 2681 consumitur,
1427 2632 1543 2670 non
1573 2614 1818 2680 deletur,

165 2711 268 2765 sed
299 2706 463 2763 velut
494 2706 747 2777 quadam
780 2721 899 2760 sum
932 2702 1314 2774 plenitudinis
1365 2704 1615 2759 sanitate
1658 2710 1820 2758 teter-

167 2798 382 2854 naliter
409 2796 603 2850 durat.
628 2799 761 2861 Quae
792 2792 991 2848 omnia
1021 2792 1234 2847 idcirco
1267 2792 1458 2847 dicere
1487 2792 1736 2858 videtur,
1758 2797 1823 2847 ut

164 2906 271 2960 per
294 2887 468 2940 illum
501 2882 923 2955 sempiternum
958 2897 1263 2952 pmnarum
1294 2881 1577 2947 dolorem,
1600 2898 1704 2935 nec
1728 2898 1820 2937 co-

164 2976 495 3050 gnitionem
549 2971 840 3037 sanitatis,
877 2987 980 3025 nec
1029 2971 1158 3040 ejus
1206 2969 1683 3039 recordationem,
1717 2987 1822 3026 nec

165 3068 366 3139 ipsam
395 3061 707 3118 sanitatem
742 3060 798 3114 in
830 3058 916 3115 eis
945 3057 1045 3131 qui
1071 3059 1378 3130 torquendi
1414 3063 1574 3125 sunt,
1605 3064 1825 3115 asserat

168 3154 381 3227 perire.
398 3155 543 3205 Cum
573 3166 603 3205 e
634 3148 922 3204 contrario
944 3148 1142 3203 omnia
1171 3147 1365 3211 ista,id
1386 3153 1474 3202 est
1493 3152 1550 3203 et
1570 3149 1823 3221 cognitio

1910 590 2050 641 ram,
2082 576 2173 630 sed
2202 578 2552 633 voluntatem.

1980 664 2032 716 6.
2069 667 2176 720 Nec
2205 666 2261 719 in
2288 668 2469 736 primo
2501 667 2720 723 homine
2755 683 3001 738 peccasse
3040 676 3259 725 naturee
3282 686 3382 737 gen
3409 670 3559 725 rali-

1912 759 2092 817 tatem,
2124 753 2215 807 sed
2243 756 2679 828 uniuscujusque
2709 757 3054 812 individuam
3084 759 3431 814 voluntatem.

1981 843 2035 894 7.
2069 841 2131 896 Si
2158 858 2221 897 ea
2242 852 2443 899 natura
2473 845 2888 917 derelinqueret,
2912 863 3034 901 cum
3063 864 3173 902 una
3202 850 3291 915 sit,
3309 856 3420 903 tota
3438 864 3560 920 pro-

1911 932 2045 1001 fecto
2070 933 2295 1002 periret.

1984 1022 2036 1073 8.
2073 1021 2308 1075 Proinde
2340 1024 2395 1075 in
2417 1023 2531 1077 ullo
2551 1032 2811 1078 naturam
2829 1026 3179 1097 puniri,quia
3207 1042 3276 1080 ex
3304 1026 3399 1081 Deo
3414 1028 3564 1093 sit,et

1913 1123 2023 1162 non
2049 1109 2343 1178 percet,sed
2361 1119 2538 1164 motus
2560 1113 2903 1166 voluntarius
2926 1114 3251 1170 libidinosus
3269 1117 3559 1185 puniatur.

1986 1196 2039 1250 9.
2073 1197 2297 1269 Ideoque
2320 1200 2377 1251 in
2401 1200 2585 1270 impiis
2612 1201 2883 1270 supplicia
2904 1217 3014 1255 non
3030 1205 3243 1274 perpeti
3261 1203 3401 1274 quod
3425 1209 3565 1259 Deus

1915 1287 2060 1356 fecit,
2094 1285 2182 1339 sed
2212 1286 2355 1356 quod
2384 1290 2642 1358 superbia
2670 1291 2862 1343 vitiose
2891 1291 3117 1346 invenit.

1990 1375 2075 1429 l0.
2112 1374 2419 1429 Libidinem
2443 1392 2715 1445 perversa?
2744 1378 3044 1432 voluntatis
3072 1382 3333 1447 cruciari,
3353 1381 3481 1436 dum
3502 1399 3565 1438 ea

1918 1479 2043 1535 quae
2072 1464 2214 1517 male
2243 1472 2339 1518 aut
2359 1464 2584 1532 indigne
2610 1467 2812 1536 appetit
2841 1466 3039 1521 habere
3066 1484 3172 1523 non
3199 1471 3437 1524 sinatur.

1992 1554 2077 1607 11.
2114 1554 2195 1608 Ex
2222 1554 2376 1608 nullo
2408 1556 2543 1610 bono
2572 1557 2782 1610 malum
2810 1572 2941 1611 esse.

1994 1643 2078 1697 12.
2114 1643 2247 1696 Eum
2274 1646 2371 1713 qui
2399 1643 2488 1698 hic
2515 1644 2684 1699 libero
2714 1646 3006 1700 voluntatis
3036 1648 3286 1714 arbitrio,
3321 1650 3461 1721 quod
3491 1658 3570 1705 est

1919 1732 2195 1785 naturalis
2245 1733 2627 1803 intelligentiae
2655 1750 2877 1800 munus,
2912 1734 2967 1787 id
2994 1744 3074 1789 est
3120 1739 3316 1791 mentis
3338 1740 3479 1793 acies
3512 1740 3569 1793 in

1922 1837 2051 1874 usus
2084 1820 2446 1889 turpitudinis
2475 1828 2661 1887 mutet,
2698 1822 2817 1876 illic
2844 1840 2911 1876 ne
2940 1825 3161 1878 omnino
3186 1827 3432 1881 veritatis
3473 1827 3570 1882 ho-

1920 1917 2126 1964 nestate
2142 1911 2385 1980 fruatur,
2410 1910 2717 1980 justissime
2740 1912 2951 1982 perdat,
2984 1920 3034 1967 et
3058 1916 3303 1969 tenebras
3344 1924 3573 1973 aeterna?

1923 2000 2253 2067 ignorantia:
2280 2014 2393 2053 non
2423 2001 2647 2053 evitare.

2000 2088 2059 2141 ln
2088 2087 2180 2141 his
2212 2087 2402 2141 verbis
2432 2086 2577 2140 illud
2610 2089 2763 2158 quod
2800 2088 2988 2160 primo
3020 2088 3144 2143 loco
3176 2091 3370 2162 posuit
3412 2093 3575 2148 nulla

1923 2184 2125 2231 natura
2165 2183 2423 2230 naturam
2470 2178 2684 2247 puniri,
2719 2175 2846 2232 ideo
2896 2177 3111 2233 dixisse
3158 2179 3390 2235 videtur
3437 2180 3576 2253 quia

1925 2265 2119 2321 omnis
2150 2263 2351 2336 utique
2380 2268 2591 2320 natura
2613 2282 2646 2319 a
2666 2266 2818 2321 bono
2839 2271 3070 2322 auctore
3093 2267 3208 2322 Deo
3228 2269 3479 2338 condita,
3515 2271 3576 2325 in

1928 2357 2213 2426 quantum
2246 2357 2457 2407 natura
2485 2357 2593 2419 est,
2630 2354 2781 2409 bona
2811 2359 2899 2409 est
2933 2371 2944 2409 :
2981 2359 3046 2409 ut
3074 2356 3229 2411 verbi
3260 2357 3577 2429 gratia,na-

1926 2445 2059 2495 tura
2090 2441 2299 2495 animm
2330 2440 2449 2496 sive
2487 2443 2749 2513 corporis
2779 2443 2931 2497 bona
2953 2448 3069 2510 est;
3094 2447 3150 2498 et
3174 2450 3380 2500 natura
3401 2446 3577 2519 ignis,

1927 2530 1986 2585 in
2021 2535 2306 2603 quantum
2332 2534 2541 2585 natura
2570 2530 2958 2597 est,similiter
2983 2532 3137 2586 bona
3158 2538 3263 2587 est.
3280 2537 3421 2589 Cum
3443 2552 3579 2608 ergo

1930 2627 2179 2692 utraque
2210 2619 2555 2675 naturaliter
2576 2620 2727 2675 bona
2748 2620 3048 2689 sint,rccte
3071 2622 3182 2676 sibi
3214 2623 3321 2678 iste
3352 2624 3584 2679 videtur

1931 2711 2124 2765 dicere
2153 2715 2208 2763 et
2232 2709 2495 2773 delinire,
2531 2709 2681 2780 quod
2717 2709 2879 2763 nulla
2909 2714 3119 2764 natura
3163 2710 3278 2767 alia
3307 2713 3584 2784 puniatur

1932 2802 2168 2863 natura;
2196 2796 2331 2868 quia
2354 2795 2621 2851 videlicet
2642 2798 2758 2852 duo
2782 2797 2933 2852 bona
2953 2799 3277 2854 secundum
3300 2802 3427 2871 ejus
3451 2818 3582 2857 sen-

1934 2903 2063 2942 sum
2083 2902 2197 2939 non
2222 2888 2469 2956 possunt
2490 2884 2599 2939 sibi
2620 2901 2747 2940 esse
2764 2886 3152 2942 contraria.ne
3174 2893 3394 2943 naturae
3419 2890 3582 2945 bona;

1933 2974 2114 3031 altera
2136 2975 2289 3029 bona
2311 2977 2520 3029 natura
2552 2974 2738 3045 possit
2758 2990 2885 3029 esse
2908 2990 3097 3045 paena.
3113 2978 3296 3047 Atque
3319 2976 3586 3048 hujusce-

1935 3063 2091 3120 modi
2124 3062 2647 3135 argumentationis
2670 3062 3156 3118 manil‘estissima
3181 3063 3405 3120 fallacia
3425 3066 3588 3138 cupit

1938 3155 2272 3208 subvertere
2317 3152 2373 3205 in
2411 3151 2685 3206 cordibus
2707 3151 3070 3207 audientium
3101 3152 3500 3209 firmissimam
3525 3156 3588 3209 fi-

169 3249 227 3298 et
260 3240 554 3297 memoria
588 3237 857 3293 sanitatis
886 3236 945 3290 in
978 3236 1173 3291 animo
1204 3252 1436 3308 semper
1465 3235 1739 3301 dolentis,
1772 3242 1828 3291 et
1858 3219 1899 3283 C
1939 3242 2029 3298 dei
2060 3243 2382 3304 veritatem,
2415 3257 2531 3311 qua
2561 3257 2765 3296 omnes
2796 3240 2994 3296 ﬁdeles
3025 3240 3425 3297 indubitanter
3464 3261 3589 3299 crc-

173 3329 550 3388 conservatio
575 3326 673 3382 illa
695 3330 916 3382 naturae
940 3341 1242 3397 nunquam
1276 3324 1675 3391 delendae,non
1702 3343 1831 3397 pro-

174 3421 382 3476 liciant
412 3419 485 3474 ad
516 3416 774 3488 aliquam
806 3414 1051 3486 gratiam
1073 3419 1131 3469 et
1142 3413 1575 3484 jucunditatem
1599 3413 1827 3482 salutis,

172 3511 276 3566 sed
316 3508 520 3582 potius
551 3506 621 3561 ad
656 3503 957 3560 cumulum
981 3502 1201 3558 doloris
1224 3519 1238 3557 :
1269 3506 1331 3557 ut
1351 3519 1465 3557 non
1489 3503 1680 3558 solum
1704 3521 1832 3559 sen-

171 3617 241 3654 su
276 3603 339 3653 et
388 3594 650 3668 corporis
693 3598 750 3649 et
780 3593 988 3648 animae
1020 3591 1212 3647 doleat
1242 3591 1319 3646 ita
1353 3591 1693 3657 damnatus;
1727 3594 1829 3648 sed

168 3688 357 3744 etiam
390 3686 533 3740 dum
564 3682 919 3747 recordatur,
936 3685 993 3735 et
1022 3678 1285 3752 agnoscit
1308 3679 1526 3734 bonum
1560 3680 1829 3735 sanitatis

167 3778 328 3851 quod
366 3775 633 3831 funditus
657 3769 939 3835 amisit,in
965 3769 1092 3841 ipsa
1112 3767 1395 3823 memoria
1410 3773 1464 3823 et
1495 3768 1701 3823 notitia
1722 3786 1828 3840 pu-

166 3863 575 3922 niatur.Dicat
595 3877 731 3931 ergo
766 3859 1011 3914 insanus
1042 3873 1170 3912 esse
1200 3857 1256 3910 in
1293 3856 1618 3912 mternis‘et
1647 3857 1830 3912 omni-

167 3954 370 4011 modis
392 3950 692 4007 doloribus
721 3947 1208 4012 sanitatem,dum
1245 3962 1371 4017 qua:
1402 3944 1481 3999 ibi
1511 3944 1826 4013 existimat,

165 4046 311 4100 dum
347 4057 480 4113 quae
512 4038 590 4094 ibi
615 4041 782 4110 putat
812 4050 1111 4091 remanere
1132 4035 1205 4089 ad
1233 4032 1510 4087 indicium
1536 4032 1824 4102 sanitatis,

168 4149 285 4187 non
315 4128 481 4186 aliud
516 4142 691 4199 quam
716 4124 959 4180 materia
984 4123 1105 4178 sint
1133 4121 1352 4177 doloris
1377 4138 1390 4176 :
1417 4121 1657 4185 ut,dum
1680 4140 1828 4177 nun-

170 4237 357 4293 quam
394 4216 596 4272 ﬁnitur
624 4214 725 4287 qui
757 4216 1083 4285 torquetur,
1118 4228 1224 4267 nec
1256 4215 1547 4265 tormenta
1595 4210 1724 4283 ipsa
1762 4212 1827 4265 fi-

172 4309 424 4365 niantur
457 4323 470 4361 :

804 4426 1033 4514 CAPUT
1072 4425 1213 4481 xvr.

1940 3332 2087 3386 dunt
2118 3334 2173 3385 et
2200 3328 2646 3396 contitentur,in
2671 3346 2790 3384 una
2806 3334 2863 3383 et
2888 3346 2991 3401 per
3012 3346 3187 3384 unam
3215 3331 3412 3385 aeterni
3436 3331 3590 3404 ignis

1941 3422 2308 3484 naturam,et
2340 3422 2609 3473 naturam
2643 3418 2958 3490 spirituum
2992 3418 3469 3491 malignorum,et
3492 3437 3591 3476 na-

1940 3513 2137 3564 turam
2165 3506 2470 3561 hominum
2502 3507 2885 3578 perditorum,
2915 3506 2974 3561 id
3006 3511 3096 3562 est
3125 3506 3354 3563 animas
3386 3513 3442 3565 et
3465 3526 3590 3564 cor-

1939 3614 2081 3669 pora
2109 3611 2310 3650 eorum
2342 3594 2467 3650 sine
2499 3594 2612 3649 line
2639 3594 3026 3662 damnandas,
3062 3595 3391 3667 puniendus
3414 3601 3590 3669 atque

1937 3684 2296 3758 lorquendas
2329 3701 2431 3755 per
2460 3684 2588 3752 eius
2612 3684 2842 3754 justum
2876 3688 2933 3739 et
2961 3685 3545 3754 zeternumjudicium
3574 3706 3587 3743 :

1936 3776 2049 3845 Qui
2075 3780 2245 3845 potest
2272 3780 2322 3827 et
2352 3774 2599 3827 animam
2627 3779 2678 3827 et
2704 3787 2894 3843 corpus
2921 3774 3145 3843 perdere
3178 3776 3233 3827 in
3265 3775 3587 3842 gehennam,

1936 3871 1987 3919 et
2015 3864 2132 3934 qui,
2167 3868 2450 3933 postquam
2478 3860 2753 3926 occiderit,
2774 3861 2933 3916 habet
2955 3869 3268 3932 potestatem
3296 3864 3508 3918 mittere
3532 3865 3589 3917 in

1936 3953 2239 4021 gehennam
2267 3948 2483 4017 (Matth.
2519 3966 2573 4014 x,
2605 3949 2716 4018 28).

2009 4038 2124 4093 Nec
2145 4036 2334 4092 solum
2354 4036 2426 4089 de
2441 4033 2558 4089 illis
2574 4033 2804 4088 aeternis
2825 4033 3127 4105 suppliciis
3147 4035 3363 4105 quibus
3382 4040 3592 4091 natura

1937 4124 2201 4198 angelica
2229 4127 2287 4178 et
2315 4123 2575 4177 humana
2606 4122 2806 4193 utique
2830 4126 3040 4176 natura
3072 4122 3226 4194 ignis
3249 4123 3446 4177 aeterni
3470 4128 3590 4178 tor-

1938 4213 2214 4287 quebitur
2234 4216 2298 4266 ut
2318 4210 2599 4283 ignis,qui
2623 4210 2880 4265 bonitate
2902 4209 3231 4266 Conditoris
3249 4210 3342 4265 hic
3364 4210 3591 4265 homini

1938 4305 2113 4359 datus
2142 4305 2231 4356 est
2270 4302 2340 4355 ad
2381 4299 2677 4367 solatium,
2709 4298 2790 4353 ibi
2832 4300 2997 4369 justa
3045 4299 3349 4355 severitate
3369 4299 3592 4370 judicis

1937 4396 2197 4448 vertatur
2242 4389 2293 4445 ei
2344 4389 2401 4443 in
2453 4387 2845 4460 supplicium;
2883 4405 2996 4443 non
3030 4389 3102 4443 de
3152 4388 3290 4457 illis,
3323 4388 3587 4460 inquam,

1938 4481 2079 4537 solis
2110 4484 2268 4536 certa
2297 4483 2386 4534 est
2416 4477 2558 4533 fides
2588 4477 2669 4532 ita
2696 4494 2824 4532 esse
2855 4477 3150 4544 futurum;
3186 4477 3286 4532 sed
3322 4478 3497 4532 etiam
3531 4478 3591 4532 in

236 4578 421 4633 Sexto
443 4571 667 4629 decimo
697 4568 955 4643 capitulo
977 4567 1284 4624 duodecim
1314 4566 1681 4623 definitiones
1704 4583 1831 4639 pro-
1863 4590 1909 4653 ι)
1942 4569 2243 4626 communi
2265 4566 2573 4623 hominum
2602 4583 2776 4622 sensu
2804 4566 3197 4622 certissimum
3214 4583 3342 4622 esse
3362 4571 3593 4622 constat

166 4665 358 4739 ponit,
395 4663 481 4717 ita
509 4656 710 4716 dicens
747 4676 759 4713 :

234 4754 286 4810 4.
328 4751 507 4808 Nulla
529 4756 730 4805 natura
758 4755 1019 4803 naturam
1041 4747 1258 4818 puniri.

235 4846 294 4897 2.
330 4843 401 4897 Et
424 4840 572 4895 nihil
602 4837 755 4893 aliud
784 4853 897 4893 esse
934 4853 1123 4908 plenas
1165 4841 1524 4905 peccatorum,
1555 4834 1672 4888 nisi
1714 4848 1832 4904 pec-

168 4940 291 4987 cata
315 4945 532 4987 eorum.

238 5021 295 5075 3.
327 5019 397 5074 In
428 5019 563 5090 igne
590 5024 797 5072 aeterno
845 5013 989 5068 nihil
1038 5010 1197 5067 aliud
1244 5026 1354 5065 esse
1401 5026 1634 5081 paruam,
1668 5026 1832 5081 quam

173 5108 352 5165 beata:
381 5107 669 5178 felicitatis
696 5104 1021 5159 absentiam.

239 5199 295 5252 4.
330 5198 398 5253 In
426 5212 492 5251 ea
520 5194 740 5248 nullum
768 5208 882 5247 esse
910 5192 1008 5261 qui
1053 5205 1164 5245 non
1214 5188 1407 5243 habeat
1454 5188 1679 5242 insitam
1723 5186 1834 5241 sibi

168 5286 513 5341 naturaliter
568 5282 812 5337 absentis
863 5278 1217 5335 beatitudinis
1270 5277 1566 5340 notionem,
1611 5276 1833 5347 ejusque

169 5375 508 5431 desiderium
538 5389 558 5427 :
588 5370 871 5425 habituros
901 5369 1126 5423 miseros
1154 5366 1443 5437 felicitates
1489 5372 1541 5419 et
1584 5365 1833 5420 veritatis

168 5465 449 5520 notionem
479 5472 642 5531 atque
666 5459 956 5514 scientiam
987 5472 1000 5511 :
1037 5472 1101 5511 ac
1122 5470 1223 5526 per
1250 5454 1349 5509 hoc
1376 5468 1485 5508 non
1513 5467 1623 5507 esse
1667 5454 1831 5508 mise-

170 5568 278 5618 ros,
311 5567 417 5607 nec
439 5550 659 5622 puniri.

238 5644 296 5701 5.
330 5643 398 5700 In
426 5638 647 5699 diabolo
673 5643 725 5697 et
754 5636 942 5713 impiis
972 5634 1289 5693 hominibus
1328 5646 1440 5689 non
1481 5630 1682 5708 puniri
1720 5630 1837 5689 nisi

1940 4674 2243 4730 nunquam
2274 4661 2541 4711 naturam
2574 4656 2688 4711 nisi
2720 4660 2929 4711 natura
2961 4654 3174 4727 puniri.
3202 4656 3363 4710 Sicut
3383 4659 3593 4710 natura

1938 4746 2219 4818 corporis,
2239 4748 2341 4798 aut
2368 4760 2437 4798 ex
2458 4743 2775 4815 semetipsa
2796 4743 3220 4815 punitur,velut
3241 4759 3373 4798 cum
3398 4743 3593 4799 deficit

1938 4853 1973 4892 a
2001 4835 2342 4899 sanitate,et
2370 4831 2703 4887 succumbit
2730 4831 3058 4886 inﬁrmitati
3093 4836 3266 4902 atque
3300 4831 3588 4903 languori,

1940 4925 2081 4979 dum
2114 4928 2170 4978 et
2196 4923 2414 4975 bonum
2447 4920 2716 4976 sanitatis
2745 4920 2804 4975 in
2834 4936 2901 4975 eo
2931 4919 3236 4985 minuitur,
3272 4924 3328 4974 et
3367 4921 3589 4976 malum

1941 5011 2241 5085 languoris
2272 5027 2339 5065 ex
2369 5010 2562 5082 scipso
2585 5009 2824 5081 patitur,
2851 5011 2952 5062 aut
2980 5024 3048 5062 ex
3078 5007 3320 5062 alterius
3369 5013 3588 5063 naturae

1942 5099 2360 5161 subtractione,
2394 5115 2522 5169 quae
2551 5097 2633 5151 illi
2657 5098 2727 5151 ad
2762 5095 3245 5151 sustentationem
3295 5095 3381 5149 vel
3428 5096 3588 5151 aliud

1940 5188 2217 5245 solatium
2249 5186 2402 5242 valet
2435 5203 2447 5241 :
2482 5185 2642 5240 velut
2673 5186 2721 5241 si
2755 5185 2804 5239 ei
2855 5182 3162 5255 pmnaliter
3209 5183 3591 5238 subtrahatur

1941 5282 2151 5332 natura
2181 5276 2425 5341 cibi,aut
2452 5276 2756 5345 potus,aut
2785 5271 2960 5325 etiam
2994 5269 3252 5337 lucis,vel
3277 5272 3589 5327 vestimen-

1940 5367 2071 5431 ti,et
2094 5363 2379 5434 quidquid
2413 5359 2702 5431 ejusmodi
2725 5363 2841 5426 est;
2867 5360 3007 5413 dum
3039 5375 3107 5414 ex
3136 5358 3243 5415 hoc
3276 5364 3333 5415 et
3352 5360 3504 5415 fame
3522 5376 3588 5416 ac

1942 5453 2038 5509 siti
2071 5450 2314 5505 tabescit
2353 5466 2418 5503 ac
2448 5449 2660 5516 deficit,
2694 5452 2751 5502 et
2781 5448 3151 5503 tenebrarum
3185 5448 3419 5504 horrore
3441 5448 3586 5503 afﬂi-

1941 5540 2117 5611 gitur,
2152 5540 2254 5591 aut
2284 5535 2515 5607 frigoris
2548 5552 2810 5591 aerumna
2847 5535 3169 5603 cruciatur;
3199 5541 3301 5591 aut
3330 5541 3482 5591 certe
3522 5553 3592 5595 ex

1943 5624 2187 5687 alterius
2212 5623 2293 5680 rei
2324 5626 2535 5681 natura
2558 5623 2757 5702 ipsum
2789 5639 3000 5701 corpus
3028 5624 3287 5685 hominis
3307 5624 3586 5702 punitur;
