3896 6198
328 317 445 376 195

1431 311 1655 371 FLORI
1701 309 2016 371 DlACONl
2062 310 2631 375 LUGDUNENSIS.

3625 314 3745 373 196

328 468 355 503 s
384 454 481 503 cut
509 464 751 520 corpora
777 445 1067 501 latronum
1102 443 1302 515 utique
1338 443 1663 514 puniuntur
1694 443 1741 495 vi
1778 442 1971 513 flagel-
2003 447 2051 509 Α
2087 444 2219 514 quis
2251 446 2502 500 creavit?
2524 446 2781 519 itemque
2806 446 3152 520 respondet:
3180 447 3318 502 Item
3351 447 3739 515 credo,Deus.

329 538 521 593 lorum
543 541 599 592 et
628 534 955 609 gladiorum
977 550 1043 589 ac
1074 531 1491 604 multiplicium
1526 535 1974 597 tormentorum,

326 644 454 699 qua:
477 625 679 696 utique
710 624 969 696 ipsorum
999 625 1219 684 naturas
1248 637 1318 675 ex
1347 619 1479 675 aliis
1519 618 1746 674 naturis
1778 637 1978 692 pcena-

324 713 456 769 liter
476 713 826 768 inferuntur.
848 710 993 765 Cum
1022 726 1159 782 ergo
1181 708 1303 763 haec
1335 707 1414 762 ita
1442 708 1639 775 sint,et
1673 724 1976 778 nunquam

325 807 534 858 natura
563 800 674 855 nisi
712 804 813 855 aut
850 816 918 854 ex
964 799 1159 869 seipsa
1204 796 1265 852 in
1316 796 1511 868 seipsa
1559 795 1858 868 puniatur,
1888 795 1976 850 vel

324 890 563 946 alterius
620 894 841 943 natura:
901 886 1151 942 utilitate
1208 886 1528 950 subtracta,
1563 884 1649 939 vel
1705 882 1977 939 violentia

324 979 504 1045 illata,
521 995 637 1051 qua
662 976 885 1032 ratione
916 975 1026 1031 iste
1052 974 1195 1030 dicit
1226 973 1450 1029 nullum
1474 977 1741 1029 naturam
1766 976 1976 1027 natura

322 1067 644 1141 puniri?ut
701 1082 770 1121 ex
827 1065 936 1121 hoc
979 1067 1265 1136 quantum
1315 1062 1376 1118 in
1428 1080 1488 1117 se
1534 1066 1643 1127 est,
1674 1061 1972 1116 veritatem

320 1162 670 1213 aeternorum
720 1155 987 1211 destruat
1036 1150 1488 1225 suppliciorum;
1521 1149 1619 1205 ubi
1668 1154 1725 1205 et
1767 1154 1977 1204 natura

321 1244 662 1319 spirituum,
694 1247 751 1298 et
778 1247 990 1298 natura
1021 1257 1330 1313 corporum
1367 1240 1536 1311 juxta
1584 1238 1973 1312 evangelicum

320 1339 379 1391 et
408 1331 788 1407 apostolicam
819 1331 1119 1387 veritatem
1147 1347 1159 1385 :
1194 1332 1406 1384 Natura
1439 1331 1580 1399 ignis
1609 1330 1808 1384 aeterni
1848 1343 1974 1381 cru-

319 1426 561 1480 ciabitur
586 1422 673 1477 die
696 1438 759 1477 ac
788 1429 938 1476 nocte
971 1422 1029 1475 in
1057 1420 1263 1477 swcula
1292 1419 1621 1475 saeculorum
1652 1417 1833 1488 (Apoc.
1858 1433 1971 1485 xxv,

322 1513 433 1582 ιο).

393 1600 452 1657 Si
484 1604 677 1657 autem
704 1602 1009 1671 propterea
1030 1598 1138 1653 hoc
1165 1597 1304 1653 dicit
1326 1596 1465 1668 quia
1490 1601 1706 1651 natura:
1739 1612 1855 1649 non
1880 1612 1975 1648 no-

321 1695 455 1746 cent
480 1688 749 1753 invicem,
772 1687 883 1741 uisi
908 1684 1033 1741 suis
1056 1684 1458 1757 qualitatibus,
1485 1689 1567 1750 ut,
1585 1683 1739 1739 verbi
1763 1681 1970 1754 gratia,

318 1777 472 1851 ignis
502 1784 558 1833 et
588 1792 761 1848 aqua,
795 1792 1046 1847 quorum
1081 1772 1325 1845 proprias
1374 1773 1687 1845 qualitates
1719 1775 1857 1828 sunt
1911 1774 1974 1825 ut

318 1872 375 1924 et
403 1884 555 1939 aqua
584 1865 662 1921 sit
686 1863 1032 1919 naturaliter
1060 1862 1327 1930 humida,
1356 1868 1412 1918 et
1444 1862 1597 1934 ignis
1629 1859 1973 1916 naturaliter

318 1956 548 2023 aridus;
575 1959 630 2010 et
659 1953 788 2008 ideo
822 1956 1011 2025 potest
1036 1956 1093 2007 et
1122 1969 1286 2025 aqua}
1311 1952 1555 2007 humore
1578 1949 1731 2022 ignis
1763 1948 1973 2004 exstin-

318 2045 512 2119 gui,et
541 2042 694 2116 ignis
714 2041 983 2098 ariditate
1012 2040 1197 2114 ignita
1236 2040 1450 2096 humor
1479 2058 1641 2111 aqua
1672 2037 1968 2105 exsiccari,

321 2138 383 2190 ut
413 2150 529 2189 non
579 2131 690 2187 sibi
736 2130 1042 2186 videantur
1080 2130 1193 2185 ista
1242 2128 1533 2185 adversari
1581 2146 1649 2184 ex
1698 2144 1765 2182 eo
1814 2127 1969 2198 quod

317 2226 537 2277 natura":
568 2225 728 2285 sunt,
754 2220 853 2275 sed
885 2236 953 2275 ex
985 2236 1051 2275 eo
1083 2219 1238 2291 quod
1270 2218 1656 2291 qualitatibus
1686 2216 1809 2272 suis
1856 2215 1970 2270 sibi

317 2309 616 2367 contraria;
648 2314 806 2365 sunt.
833 2308 888 2364 Si
922 2306 1636 2381 propterea,inquam,hoc
1657 2303 1972 2371 dicit,sciat

317 2400 377 2455 in
412 2400 522 2454 ﬁde
545 2403 744 2454 nostra
771 2396 994 2452 nullam
1017 2412 1146 2452 esse
1165 2394 1505 2450 distantiam
1528 2399 1725 2448 utrum
1750 2396 1885 2448 natu
1897 2409 1968 2447 rae

317 2488 543 2545 naturis
575 2485 769 2560 puniri
800 2486 1094 2552 dicantur,
1119 2502 1190 2539 an
1225 2484 1364 2557 ipsae
1394 2488 1617 2537 naturae
1650 2482 1772 2537 suis
1796 2486 1969 2537 natu-

317 2577 539 2633 ralibus
571 2575 956 2649 qualitatibus
978 2575 1088 2630 sibi
1124 2572 1370 2628 invicem
1402 2571 1658 2644 pmnales
1686 2571 1964 2639 existant;

318 2666 457 2739 quia
486 2669 801 2737 utrumque
834 2680 987 2718 unus
1009 2662 1286 2717 Conditor
1315 2661 1549 2727 creavit,
1585 2660 1641 2714 id
1673 2664 1759 2715 est
1787 2663 1844 2715 et
1867 2677 1965 2714 na-

316 2760 507 2810 turam
530 2758 586 2810 et
613 2753 954 2826 qualitatem
976 2750 1215 2806 insitam
1236 2753 1476 2804 naturae.
1501 2750 1572 2803 Et
1591 2749 1718 2803 ideo
1749 2753 1968 2803 utrum-

316 2861 428 2917 que
460 2842 636 2898 simul
672 2840 996 2897 rectissime
1024 2857 1141 2894 una
1171 2837 1383 2894 dicitur
1431 2842 1659 2906 natura,
1693 2840 1751 2892 et
1791 2855 1824 2891 a
1872 2853 1963 2891 sa-

315 2932 681 3004 pientissimo
708 2929 1013 2985 Conditore
1034 2926 1147 2983 alia
1175 2928 1247 2983 ab
1280 2926 1393 2982 alia
1423 2927 1657 2999 propria
1685 2924 1966 2997 qualitate

315 3020 608 3077 distincta.
646 3018 857 3074 Deinde
888 3016 1026 3089 quia
1072 3021 1129 3072 et
1166 3016 1213 3072 si
1256 3014 1607 3072 immortalis
1636 3018 1725 3070 est
1756 3018 1966 3069 natura

315 3107 559 3181 angelici
591 3108 710 3163 sive
742 3105 986 3161 humani
1011 3105 1273 3177 spiritus,
1297 3107 1812 3175 tamen,potestate
1835 3118 1967 3157 con-

2086 531 2412 606 Interrogat
2440 535 2608 590 tertio
2639 553 2651 590 :
2687 536 2881 591 Bonus
2910 540 2999 592 est
3023 537 3125 608 qui
3159 540 3482 608 utrumque
3531 535 3746 591 creavit

2086 620 2277 676 Deus?
2299 623 2612 693 respondet
2637 639 2649 678 :
2675 622 2826 678 Nulli
2849 624 3094 679 dubium
3128 623 3460 679 est.Adbuc
3492 624 3746 678 interm-

2084 713 2176 781 gat
2210 726 2223 764 :
2250 710 2319 764 Et
2336 714 2652 783 utrumque
2671 711 2823 782 quod
2846 711 3036 766 bonus
3057 715 3260 766 auctor
3281 710 3747 775 creavit,bonum

2085 798 2213 853 est?
2235 801 2292 853 et
2322 798 2394 853 ad
2425 798 2535 854 hoc
2566 800 2881 871 respondet
2906 816 2917 854 :
2943 799 3351 855 Conﬁtendum
3385 803 3496 854 est.
3526 799 3749 854 Deinde

2085 885 2457 953 concludit,si
2481 885 2660 959 igitur
2682 890 2741 942 et
2769 886 3009 958 spiritus
3039 887 3315 954 bonus,et
3336 903 3476 942 caro
3500 887 3750 954 bona,ut

2085 992 2118 1029 a
2147 974 2299 1030 bono
2330 980 2566 1031 auctore
2588 975 2957 1048 condita,qui
2981 975 3101 1031 fieri
3128 979 3338 1048 potest,
3356 979 3421 1030 ut
3449 975 3570 1030 duo
3594 975 3748 1030 bona

2084 1063 2316 1135 possint
2339 1062 2449 1119 sibi
2475 1080 2603 1120 esse
2644 1065 2974 1119 contraria?
2995 1065 3013 1135 ]
3038 1064 3172 1120 Post
3192 1063 3314 1119 haec
3345 1064 3501 1119 idem
3537 1064 3746 1119 beatus

2081 1152 2447 1226 Augustinus
2506 1152 2813 1225 subjungit
2869 1170 2899 1209 e
2947 1152 3237 1209 contrario
3295 1152 3743 1226 responsionem

2085 1241 2363 1310 suam,ita
2393 1241 2592 1297 dicens
2617 1258 2630 1297 :
2654 1241 2893 1314 [Omitto
2914 1242 3104 1298 dicere
3124 1242 3265 1315 quia
3294 1246 3417 1298 tota
3445 1241 3635 1313 hujus
3658 1259 3745 1296 ra-

2084 1329 2380 1386 tiocinatio
2400 1331 2758 1403 turbaretur,
2782 1331 2830 1386 si
2851 1331 2986 1403 quis
3012 1331 3087 1386 ab
3111 1346 3178 1386 en
3200 1335 3522 1403 quaereret:
3547 1331 3747 1385 .‘Estus

2083 1419 2357 1492 et‘l‘rigus
2388 1420 2520 1492 quis
2554 1419 2726 1475 fecit?
2756 1420 3132 1492 responderet
3161 1420 3316 1475 enim
3348 1419 3477 1475 sine
3513 1419 3696 1475 dubio
3728 1436 3742 1474 :

2084 1508 2388 1564 Deus.Non
2403 1525 2508 1581 ego
2527 1508 2715 1563 multa
2729 1508 3173 1583 interrogo,ipse
3186 1508 3501 1564 concludat
3519 1512 3741 1572 utrum,

2083 1602 2185 1652 aut
2218 1597 2331 1653 ista
2360 1597 2589 1669 possint
2621 1597 2735 1653 dici
2766 1615 2880 1654 non
2912 1598 3085 1666 bona,
3130 1604 3232 1652 aut
3265 1615 3381 1652 non
3413 1603 3744 1669 appareant

2082 1685 2236 1740 inter
2260 1703 2321 1741 se
2352 1703 2479 1742 esse
2509 1687 2839 1742 contraria?
2870 1687 2972 1742 llic
3013 1687 3156 1742 forte
3205 1686 3351 1741 dicit
3374 1703 3386 1740 :
3413 1685 3743 1749 Qualitates

2083 1779 2222 1830 sunt
2254 1776 2375 1830 ista:
2407 1775 2892 1843 substantiarum,
2930 1792 3045 1831 non
3095 1775 3459 1831 substantiae.
3500 1776 3588 1830 Ita
3633 1780 3740 1839 est,

2080 1882 2281 1920 verum
2312 1868 2430 1932 est;
2465 1866 2565 1920 sed
2589 1864 2904 1936 qualitates
2934 1863 3250 1932 naturales,
3275 1869 3332 1920 et
3362 1864 3433 1919 ad
3458 1864 3563 1920 Dei
3588 1881 3744 1919 crea-

2082 1957 2273 2009 turam
2325 1954 2452 2009 sine
2491 1953 2669 2009 dubio
2703 1952 3081 2026 pertinentes.
3116 1952 3468 2008 Substantiaa
3520 1953 3743 2026 quippe

2082 2059 2197 2097 non
2222 2059 2325 2114 per
2353 2041 2599 2114 seipsas,
2632 2042 2731 2097 sed
2765 2059 2868 2115 per
2892 2059 3030 2097 suas
3062 2041 3561 2114 qualitates,sicut
3588 2059 3746 2114 aqua

2080 2136 2138 2187 et
2168 2131 2339 2203 ignis,
2360 2130 2636 2186 dicuntur
2667 2130 2779 2185 sibi
2810 2147 2938 2186 esse
2968 2131 3292 2199 contrarias,
3317 2129 3453 2204 etc.)
3477 2132 3618 2197 Quae
3669 2130 3742 2183 ad

2081 2220 2540 2275 convincendum
2573 2225 2631 2274 et
2658 2220 3075 2275 destruendam
3100 2219 3350 2291 improbi
3374 2219 3641 2275 hominis
3662 2219 3744 2273 in-

2081 2308 2309 2364 saniam
2341 2314 2583 2364 sanctus
2615 2308 2816 2364 doctor
2839 2308 3194 2381 exsequitur.

2150 2399 2293 2453 Cum
2328 2398 2522 2471 itaque
2541 2403 2729 2453 terror
2746 2402 2803 2453 et
2823 2397 3036 2453 veritas
3053 2402 3400 2453 mternorum
3423 2396 3748 2470 supplicio-

2080 2502 2206 2539 rum
2242 2489 2360 2539 tam
2394 2490 2591 2558 aperte
2621 2490 2678 2540 et
2708 2485 3109 2557 multipliciter
3135 2491 3346 2541 nostrae
3397 2486 3534 2541 ﬁdei
3576 2500 3743 2540 com-

2079 2574 2431 2630 mendentur
2451 2574 2521 2629 ad
2540 2574 2945 2630 incutiendum
2965 2574 3419 2630 saluberrimum
3438 2574 3743 2640 timorem,

2078 2669 2134 2719 et
2163 2662 2532 2718 excitandum
2566 2664 2637 2719 ad
2669 2664 3008 2719 continuam
3054 2664 3551 2732 emendationem,
3586 2681 3746 2736 quo-

2077 2753 2250 2808 modo
2299 2752 2406 2808 iste
2452 2753 2809 2826 subjungere
2858 2758 2914 2809 et
2957 2753 3148 2808 dicere
3179 2769 3361 2808 ausus
3391 2757 3483 2808 est
3511 2762 3564 2808 et
3591 2754 3745 2808 nihil

2076 2840 2231 2895 aliud
2252 2857 2366 2896 esse
2390 2858 2576 2912 prenas
2598 2850 2942 2914 peccatorum
2962 2844 3073 2897 nisi
3090 2850 3309 2913 peccata
3339 2858 3529 2898 eorum
3542 2841 3570 2895 ?
3591 2842 3745 2897 Cum

2075 2929 2399 2985 certissime
2433 2930 2577 2985 ﬁdes
2604 2935 2794 2986 teneat
2815 2929 2960 2985 alias
2981 2947 3110 2985 esse
3129 2947 3332 3003 poenas
3359 2935 3744 3002 peccatorum

2076 3035 2223 3089 quas
2240 3018 2446 3073 anima:
2474 3019 2530 3073 in
2558 3019 2827 3091 prmsenti
2850 3036 2917 3074 ex
2948 3019 3075 3091 ipso
3090 3022 3462 3092 peccatorum
3488 3037 3742 3075 suorum

2075 3107 2281 3162 merito
2313 3107 2620 3179 patiuntur
2648 3109 2889 3163 desertae
2921 3125 2955 3163 a
2985 3109 3367 3179 Deo,desertze
3390 3126 3425 3162 a
3456 3107 3742 3179 lucejus-

315 3197 523 3253 ditoris
551 3201 609 3252 et
631 3195 779 3266 justi
814 3192 1021 3250 ultoris
1050 3192 1171 3260 Dei,
1206 3193 1290 3248 sic
1317 3192 1400 3246 illi
1449 3191 1569 3264 igni
1599 3207 1872 3264 corporeo
1905 3194 1961 3245 et
1991 3182 2032 3248 C
2071 3195 2231 3265 titiaa,
2268 3213 2301 3250 a
2330 3196 2818 3268 contemplatione
2848 3196 3131 3263 veritatis,
3171 3197 3244 3252 ab
3296 3196 3741 3253 illuminatione

312 3291 524 3342 aeterno
556 3284 863 3356 pmnaliter
883 3287 939 3338 et
971 3281 1319 3338 salernaliter
1343 3280 1698 3353 alligabitur,
1723 3281 1875 3335 sicut
1908 3283 1964 3334 et

313 3375 407 3430 hic
438 3375 640 3430 eadem
674 3376 956 3445 potestate
1007 3369 1227 3426 summi
1276 3368 1604 3425 Conditoris
1657 3368 1966 3440 colligatur

313 3464 608 3518 humanus
641 3462 881 3533 spiritus
908 3465 1137 3517 terreno
1173 3457 1540 3530 corpori,nec
1573 3457 1715 3514 solvi
1749 3461 1962 3529 potest,

314 3551 425 3606 nisi
460 3551 616 3606 illius
652 3549 944 3605 voluntate
975 3554 1032 3605 et
1053 3548 1278 3619 judicio
1296 3546 1396 3620 qui
1415 3546 1964 3620 colligavit.Natura

312 3656 545 3711 quoque
577 3637 820 3693 humani
843 3636 1102 3710 corporis
1134 3637 1191 3692 in
1216 3636 1312 3692 illo
1332 3641 1546 3692 aeterno
1571 3637 1702 3709 igne
1725 3636 1965 3691 damna-

313 3733 506 3783 torum
531 3728 611 3783 ita
632 3727 738 3781 erit
759 3726 1062 3798 pmnaliter
1079 3724 1605 3793 immortalis,utad
1620 3726 1963 3782 sustinenda

314 3821 529 3872 aeterna
559 3814 847 3889 supplicia
876 3832 1180 3888 nunquam
1212 3819 1397 3870 morte
1418 3813 1703 3886 solvatur;
1731 3816 1809 3871 ita
1828 3834 1961 3889 pas-

312 3904 502 3961 sibilis
530 3911 588 3962 et
618 3904 1095 3977 ineorruptibilis,
1131 3909 1194 3959 ut
1222 3903 1382 3959 omni
1414 3920 1623 3978 genere
1669 3904 1958 3969 dolorum,

314 3995 644 4050 cruciatum
673 3999 846 4067 atque
868 4010 1170 4067 prunarum
1194 3993 1319 4049 sine
1344 3994 1455 4049 {ine
1481 3994 1962 4067 afﬂigaturJ-lanc

313 4083 469 4138 enim
501 4102 733 4156 pcenam
765 4083 925 4139 omni
944 4082 1267 4139 intentione
1288 4084 1602 4139 cavendam
1628 4083 1964 4140 terribiliter

311 4171 613 4244 Scriptura
634 4172 1177 4239 denuntiat,dicens
1201 4189 1213 4226 :
1238 4173 1485 4228 Humilia
1513 4175 1772 4245 spiritum
1802 4178 1963 4228 tuum

309 4261 488 4331 valde,
522 4264 654 4333 quia
714 4261 956 4316 vindicta
1012 4264 1194 4317 carnis
1252 4263 1413 4333 impii
1462 4263 1608 4331 ignis
1660 4270 1712 4317 et
1756 4278 1963 4317 vermes

313 4350 509 4421 (Eccli.
530 4367 627 4419 vn,
646 4350 753 4418 19).
790 4351 857 4404 Et
889 4351 1098 4405 iterum
1126 4367 1137 4405 :
1167 4352 1430 4406 Dominus
1449 4352 1598 4404 enim
1627 4352 1963 4422 omnipotens

310 4438 610 4494 vindicabit
640 4440 699 4494 in
728 4441 844 4505 eis;
876 4441 934 4493 in
963 4440 1051 4494 die
1070 4439 1276 4510 judicii
1303 4440 1547 4494 visitabit
1592 4439 1716 4493 illos
1746 4457 1763 4493 :
1801 4439 1966 4495 Dabit

311 4529 370 4582 in
399 4543 592 4583 carnes
620 4544 808 4583 eorum
828 4530 1010 4597 ignem
1038 4535 1089 4583 et
1113 4544 1338 4593 vermes,
1368 4535 1429 4582 ut
1473 4535 1713 4581 urantur
1756 4535 1807 4581 et
1844 4543 1960 4582 sen-
1992 4550 2038 4615 D

310 4619 452 4672 tiant
478 4633 645 4688 usque
674 4618 733 4672 in
758 4618 1148 4688 sempiternum
1177 4616 1385 4685 (Iudith
1403 4633 1515 4682 xw,
1547 4616 1637 4682 20,
1670 4616 1782 4687 2t).

383 4705 690 4777 Proposuit
712 4705 954 4778 quidam
988 4703 1315 4776 antiquitus
1346 4702 1599 4759 similem
1633 4704 1704 4758 de
1736 4707 1967 4760 natura-

312 4809 441 4849 rum
465 4794 617 4851 inter
636 4812 699 4850 se
720 4793 1128 4849 contrarietate
1149 4792 1696 4865 quaestionemﬂuze
1715 4792 1966 4864 qualiter

311 4884 382 4938 ab
412 4882 510 4939 illo
542 4884 620 4939 sit
652 4882 948 4955 proposita
983 4886 1041 4938 et
1067 4899 1097 4936 a
1124 4882 1290 4937 beato
1311 4882 1638 4957 Augustino
1659 4881 1964 4937 evidentis-

312 4971 462 5027 sima
478 4971 701 5027 ratione
717 4970 1438 5037 destructa,necessarium
1463 4969 1867 5025 existimamus
1889 4971 1960 5025 ad

312 5059 827 5116 commonitionem
857 5064 913 5114 et
942 5058 1446 5113 confirmationem
1495 5056 1815 5130 legentium
1867 5058 1962 5115 hic

311 5147 561 5203 breviter
588 5149 874 5213 inserere;
902 5146 1154 5202 maxime
1174 5146 1314 5218 quia
1344 5144 1442 5201 ille
1481 5147 1579 5217 qui
1605 5163 1733 5202 eam
1758 5163 1967 5219 propo-

312 5236 451 5302 suit,
485 5241 586 5290 aut
613 5236 740 5307 ipse
771 5235 1038 5307 Pelagius
1074 5234 1183 5289 fuit
1211 5238 1314 5289 aut
1345 5233 1562 5305 aliquis
1595 5234 1963 5307 Pelagianus,

313 5323 465 5379 sicut
488 5328 544 5378 et
565 5323 675 5378 iste
692 5326 797 5377 est.
814 5323 899 5379 Ita
920 5339 1055 5396 ergo
1077 5322 1343 5377 eamdem
1366 5324 1746 5395 quaestionem
1760 5324 1965 5380 beatus

312 5410 678 5483 Augustinus
700 5413 1120 5465 commemorat
1140 5408 1368 5466 dicens:
1385 5410 1555 5485 [Quid
1577 5412 1847 5485 est,quod
1874 5413 1964 5468 in-

314 5502 569 5571 terrogat
601 5515 614 5553 :
649 5496 755 5563 Qui
793 5497 929 5552 fecit
956 5497 1215 5555 hominis
1246 5499 1556 5572 spiritum?
1579 5505 1635 5557 et
1655 5502 1966 5574 respondet

315 5585 428 5647 sibi
460 5586 586 5647 sine
616 5585 816 5657 dubio,
847 5585 1022 5647 Deus.
1052 5587 1121 5646 Et
1159 5587 1298 5649 item
1328 5588 1683 5667 interrogat:
1717 5591 1962 5651 Carnem

2073 3282 2403 3354 charitatis;
2438 3290 2495 3341 et
2525 3285 2840 3358 aliquando
2861 3286 3087 3341 tradita:
3118 3285 3294 3341 etiam
3326 3285 3385 3341 in
3410 3286 3740 3359 reprobum

2071 3389 2333 3429 sensum.
2351 3374 2466 3429 Has
2489 3373 2645 3429 enim
2671 3391 2872 3446 pmnas
2893 3374 3297 3447 peccatoribus
3319 3378 3376 3430 et
3397 3374 3739 3430 carnalium

2070 3460 2438 3535 voluptatum
2461 3463 2823 3519 amatoribus
2844 3463 3038 3519 divina
3051 3462 3353 3535 Scriptura
3373 3462 3431 3518 in
3455 3464 3739 3536 praesenti

2073 3550 2274 3607 inferri
2306 3550 2791 3608 manifestissime
2822 3552 3242 3621 testatur,dum
3269 3553 3339 3608 de
3369 3552 3741 3624 quibusdam

2071 3639 2225 3695 Deus
2256 3639 2398 3695 dicit
2428 3657 2443 3696 :
2474 3640 2595 3697 Non
2619 3642 2962 3713 permanebit
2989 3642 3218 3713 spiritus
3245 3657 3426 3696 meum
3461 3641 3523 3696 in
3552 3642 3743 3697 homi-

2070 3730 2234 3784 nibus
2267 3731 2384 3784 istis
2417 3731 2478 3785 in
2508 3738 2801 3797 aeternum,
2825 3732 2955 3803 quia
2983 3747 3110 3786 caro
3156 3738 3289 3785 sunt
3326 3729 3483 3799 (Gen.
3514 3748 3596 3799 vi,
3629 3731 3693 3797 3)
3727 3746 3741 3784 :

2072 3834 2206 3873 cum
2237 3816 2402 3889 impii
2436 3817 2492 3872 in
2523 3818 2638 3873 ﬁne
2669 3817 2933 3875 dolentes
2965 3835 3030 3874 ac
3061 3822 3365 3891 gementes
3407 3817 3609 3873 dicent
3638 3835 3655 3872 :
3681 3819 3747 3874 Et

2062 3907 2303 3979 justitiae
2347 3908 2528 3962 lumen
2579 3924 2689 3963 non
2741 3909 2889 3963 luxit
2928 3908 3107 3975 nobis,
3138 3916 3190 3963 et
3228 3908 3310 3963 sol
3341 3924 3451 3963 non
3479 3916 3747 3964 estortus

2069 3996 2226 4051 nobis
2258 3996 2407 4067 (Sap.
2438 4012 2492 4060 v,
2525 3996 2611 4067 6);
2647 3997 2788 4052 dum
2821 3997 2892 4052 de
2933 3997 3156 4052 eisdem
3200 3996 3401 4071 impiis
3432 3997 3746 4069 Scriptura

2071 4084 2247 4139 dicit:
2278 4084 2587 4140 Excwcavit
2612 4087 2762 4140 enim
2793 4086 2917 4140 illos
2945 4086 3167 4140 malitia
3200 4087 3451 4157 ipsorum
3481 4085 3637 4159 (Sap.
3677 4103 3739 4151 ιι,

2067 4174 2192 4245 21);
2227 4178 2286 4228 et
2312 4172 2662 4245 generaliter
2690 4174 2761 4228 de
2797 4172 2891 4230 his
2916 4172 3017 4245 qui
3041 4173 3248 4229 fratres
3274 4174 3530 4230 oderunt
3555 4192 3569 4228 :
3606 4172 3741 4231 οη-

2070 4262 2155 4317 nis
2185 4264 2281 4333 qui
2308 4261 2423 4317 odit
2436 4263 2668 4333 fratrem
2686 4279 2867 4328 suum,
2886 4261 2943 4317 in
2977 4262 3209 4318 tenebris
3229 4270 3380 4329 est,et
3412 4264 3473 4318 in
3497 4263 3744 4319 tenebris

2070 4349 2317 4405 ambulat
2344 4358 2395 4405 et
2424 4351 2594 4405 nescit
2623 4367 2726 4422 quo
2755 4360 2871 4418 eat,-
2903 4352 3165 4422 quoniam
3197 4350 3437 4408 tenebrae
3488 4353 3739 4408 obcxca-

2069 4446 2265 4493 verunt
2289 4439 2471 4494 oculos
2500 4439 2619 4510 ejus
2650 4441 2693 4507 (Ι
2711 4443 2873 4495 Joan.
2909 4456 2969 4505 ιι,
3005 4439 3116 4508 ll).
3158 4440 3228 4494 Et
3268 4439 3339 4494 de
3370 4438 3737 4511 quibusdam

2073 4525 2369 4598 Scriptum
2399 4530 2488 4581 est
2513 4542 2524 4580 :
2548 4528 2705 4583 Sicut
2730 4544 2839 4582 non
2868 4529 3238 4598 probaverunt
3264 4529 3433 4583 Deum
3452 4527 3661 4583 habere
3681 4529 3738 4583 in

2071 4616 2347 4682 notitiam,
2381 4616 2607 4671 tradidit
2638 4617 2762 4671 illos
2794 4618 2963 4672 Deum
2994 4618 3053 4670 in
3084 4617 3371 4688 reprobum
3399 4632 3647 4681 sensum,
3679 4625 3741 4671 ut

2071 4705 2285 4774 faciant
2312 4720 2433 4774 qua:
2462 4721 2571 4759 non
2601 4706 2928 4760 conveniunt
2946 4705 3119 4771 (Rom.
3155 4722 3195 4774 1,
3227 4704 3338 4777 28).
3366 4704 3521 4760 Sunt
3549 4722 3737 4777 paenae

2073 4794 2441 4862 peccantium
2465 4792 2796 4848 animarum
2828 4793 2957 4865 ipsa
2989 4796 3249 4864 peccata,
3284 4792 3423 4865 quia
3448 4794 3537 4849 eis
3568 4799 3629 4849 et
3659 4794 3742 4865 ip-

2073 4896 2271 4935 sarum
2301 4879 2633 4936 animarum
2657 4883 2880 4938 sanitas
2902 4882 3300 4955 corrumpitur
3319 4885 3379 4938 et
3397 4880 3740 4949 violatur,et

2071 4968 2430 5024 conscientia
2452 4969 3120 5042 misera,perturbata,et
3141 4969 3540 5026 anxietatibus
3562 4969 3738 5041 plena

2072 5058 2343 5113 efficitur.
2381 5059 2466 5113 Ita
2496 5074 2652 5131 ergo,
2687 5063 2744 5113 et
2775 5059 3141 5131 peccantium
3171 5075 3354 5131 pcenie
3405 5059 3560 5114 ﬁunt
3609 5058 3739 5131 ipsa

2077 5152 2315 5219 peccata
2332 5148 2497 5219 justo
2531 5152 2587 5202 et
2618 5146 2864 5204 terribili
2910 5147 3011 5203 Dei
3033 5147 3287 5220 judicio;
3311 5152 3369 5203 et
3398 5152 3599 5203 tamen
3634 5164 3737 5220 pro

2075 5235 2293 5290 eisdem
2325 5235 2577 5307 peccatis
2604 5235 2731 5291 aliae
2763 5235 2965 5292 statim
2986 5236 3044 5291 in
3070 5236 3346 5308 praesenti
3369 5236 3736 5310 gravissimae

2076 5341 2259 5396 pains:
2292 5324 2646 5397 irrogantur,
2681 5324 2835 5381 sicut
2865 5325 3139 5397 superius
3173 5329 3481 5382 ostensum
3512 5330 3622 5381 est.
3657 5325 3737 5381 De

2075 5413 2291 5485 quibus
2322 5414 2598 5470 omnibus
2626 5414 3013 5485 prmsentibus
3041 5414 3231 5487 poenis
3252 5414 3472 5487 quibus
3494 5430 3741 5486 peccan-

2070 5502 2219 5558 tium
2251 5503 2460 5558 animae
2490 5503 2768 5559 continuo
2814 5502 3108 5559 feriuntur
3157 5507 3336 5576 atque
3382 5503 3738 5575 puniuntur,

2072 5592 2280 5652 beatus
2295 5592 2521 5670 Moyses
2540 5590 2597 5649 in
2617 5590 3739 5672 Deuteronomioapertissimetestatur»
