3896 6198
164 350 260 410 197

1092 342 1325 406 LIBER
1365 342 1776 408 ADVERSUS
1821 342 2193 408 JOANNEM
2237 345 2575 409 SCO’l‘UM.

3423 345 3541 407 198

160 483 333 536 dicens
362 478 426 533 tle
455 476 846 550 omnipotenti
898 477 1043 532 Deo:
1078 479 1304 533 Facicns
1344 478 1777 533 misericordiam
1807 479 1858 544 Α
1892 479 1961 533 ab
1992 496 2058 533 eo
2091 480 2369 551 qumritur
2397 497 2500 534 cur
2520 478 2781 552 etangeli
2808 478 3048 553 maligni
3074 483 3126 534 et
3151 479 3415 536 homines
3436 481 3539 536 iui-

160 569 401 626 inmillia
442 565 803 637 diligentibus
846 583 903 621 se
944 568 1122 637 (Deut.
1175 583 1229 631 v,
1278 566 1408 636 10),-
1456 575 1506 621 et
1555 566 1779 622 reddens

158 655 431 714 odientibus
449 670 508 709 se
537 655 748 720 statim,
776 655 852 709 ita
880 660 941 708 ut
971 653 1249 725 disperdat
1275 670 1384 720 eos,
1415 662 1467 709 et
1496 655 1645 710 ultra
1672 670 1777 709 non

157 747 363 817 differat,
391 744 644 816 protinus
672 745 750 798 eis
798 744 1080 798 restituens
1131 743 1271 815 quod
1298 751 1574 799 merentur
1601 744 1775 809 (Deut.

158 853 239 902 vu,
272 832 524 905 lO).Sunt
558 831 754 903 itaque
785 836 843 887 et
874 831 931 886 in
966 830 1236 904 praesenti
1260 832 1619 904 gravissimae
1653 833 1777 888 ani-

157 938 361 979 marum
394 937 576 993 poma;
605 920 733 992 ipsa
767 926 1000 993 peccata
1047 938 1192 989 sua;
1226 925 1367 976 sunt
1419 920 1777 993 gravissimae

156 1012 455 1068 animarum
491 1027 672 1082 pinna:
699 1010 827 1082 ipsa
856 1010 1107 1065 desertio
1129 1010 1227 1065 Dei
1260 1014 1317 1065 et
1338 1011 1782 1083 damnatio,qua

155 1104 498 1173 peccatorum
531 1099 755 1154 meritis
784 1098 1060 1154 continuo
1093 1099 1502 1165 restituuntur,
1526 1100 1625 1155 sed
1658 1117 1777 1156 res-

155 1192 264 1244 tant
290 1186 395 1242 illae
411 1185 469 1241 in
486 1187 747 1242 futurum
762 1190 1110 1242 aeternorum
1131 1186 1550 1259 suppliciorum
1576 1205 1778 1259 pomis,

152 1279 214 1332 de
242 1275 446 1348 quibus
479 1274 766 1346 scriptum
817 1279 907 1331 est
954 1274 1183 1331 dicente
1213 1275 1496 1332 Domino:
1537 1281 1780 1333 Mortuus

152 1374 221 1421 est
245 1372 415 1420 autem
442 1372 497 1418 et
523 1363 691 1429 dives,
725 1372 776 1419 et
802 1365 1045 1436 sepultus
1072 1372 1152 1420 est
1180 1367 1238 1419 in
1271 1367 1484 1435 inferno
1511 1366 1778 1436 (Luam,

154 1456 247 1521 13).
271 1454 332 1508 Et
361 1453 603 1507 iterum:
655 1453 731 1508 Ne
782 1454 924 1523 forte
980 1452 1159 1508 tradat
1205 1462 1253 1508 te
1297 1453 1644 1508 adversarius
1678 1455 1780 1525 ju-

152 1544 267 1609 dici,
295 1551 341 1597 et
359 1541 536 1612 judex
564 1540 744 1596 tradat
774 1550 823 1596 te
849 1543 1104 1597 ministro
1133 1547 1184 1597 et
1217 1544 1274 1596 in
1305 1558 1575 1598 carcerem
1594 1545 1778 1598 mitta-

151 1635 238 1688 ris.
264 1632 421 1687 Amen
450 1630 571 1686 dico
592 1632 697 1685 tibi
719 1646 732 1685 :
766 1647 875 1686 non
904 1632 1052 1686 acies
1083 1631 1226 1696 inde,
1259 1630 1426 1687 donec
1462 1632 1652 1687 reddas
1682 1648 1780 1687 no-

150 1723 411 1776 vissimum
438 1719 803 1791 quadrantem
831 1721 1050 1787 (Matth.
1085 1737 1141 1784 v,
1162 1722 1253 1785 25,
1270 1720 1459 1791 26).Et
1490 1720 1603 1776 alio
1633 1720 1779 1787 loco,

1889 567 1986 639 qui
2023 567 2291 623 mittendi
2315 573 2453 624 sunt
2479 567 2747 641 inignem
2768 569 3126 635 aternum,si
3159 587 3225 625 ex
3248 569 3373 642 ipso
3404 569 3539 643 igne

1890 655 2051 711 nulla
2079 655 2388 728 supplicia,
2423 657 2585 713 nulla
2632 662 2919 713 tormenta
2969 658 3197 731 passuri
3232 660 3417 713 sunt?
3451 662 3537 715 An

1889 750 2193 817 propterea
2223 747 2633 801 tantummodo
2667 751 2730 801 ut
2759 746 2859 819 qui
2894 764 3048 802 nunc
3077 747 3164 802 vel
3198 747 3256 802 in
3283 764 3435 813 aere,
3453 748 3539 804 vel

1889 834 1947 889 in
1981 839 2134 890 terra
2160 839 2597 902 convcrsantur,
2622 834 2906 907 incipiant
2934 835 2992 890 in
3024 835 3156 907 igne
3188 836 3400 891 habere
3432 855 3538 891 no—

1886 939 2022 977 vum
2045 922 2444 978 habitaculum
2470 923 2770 991 ;ubi,sicut
2798 924 2867 978 de
2892 924 3113 979 sanctis
3130 924 3319 980 tribus
3342 926 3541 998 pueris

1888 1009 1946 1065 in
1988 1014 2211 1082 fornace
2240 1012 2546 1084 Babylonia
2569 1011 2862 1068 damnatis
2884 1011 3165 1085 scriptum
3196 1013 3539 1080 cst,nullum

1888 1104 2233 1171 potestatem
2282 1100 2495 1156 habeat
2543 1101 2694 1173 ignis
2734 1100 2792 1155 in
2845 1100 3187 1173 corporibus
3228 1120 3451 1168 eorum,
3486 1108 3543 1159 et

1888 1186 2135 1254 capillus
2167 1189 2372 1261 capitis
2405 1206 2605 1245 eorum
2636 1207 2751 1245 non
2794 1190 3100 1256 aduratur,
3132 1195 3189 1245 et
3219 1192 3363 1246 odor
3388 1192 3540 1264 ignis

1889 1292 2004 1330 non
2032 1279 2290 1332 transeat
2321 1295 2423 1349 per
2453 1295 2551 1334 eos
2577 1296 2590 1345 ;
2620 1283 2675 1333 et
2725 1278 2863 1350 quid
2905 1279 3035 1349 jam
3087 1284 3285 1343 restat,
3319 1281 3428 1336 nisi
3454 1287 3538 1349 ut,

1890 1363 2041 1419 sicut
2070 1366 2137 1419 de
2171 1365 2288 1421 illis
2322 1367 2622 1438 Scriptura
2640 1367 2780 1421 dicit
2801 1369 2952 1438 :quia
2974 1368 3201 1435 angelus
3221 1370 3442 1424 Domini
3459 1370 3543 1426 de-

1888 1453 2093 1509 scendit
2121 1470 2245 1509 cum
2277 1455 2477 1510 Αχρηνιά
2499 1464 2550 1510 et
2578 1456 2742 1511 sociis
2785 1456 2902 1526 ejus
2932 1457 2988 1509 in
3020 1457 3319 1526 fornacem,
3351 1466 3400 1513 et
3447 1475 3543 1513 ex-

1889 1544 2058 1598 cussit
2084 1545 2362 1613 ﬂammam
2392 1546 2538 1612 ignis
2558 1544 2622 1599 de
2634 1547 2879 1615 fornace,
2912 1551 2965 1599 et
2987 1546 3118 1616 fecit
3150 1545 3391 1601 medium
3427 1549 3545 1618 for-

1889 1634 2046 1687 nacis
2066 1634 2227 1704 quasi
2282 1641 2499 1687 rentum
2561 1635 2701 1688 roris
2729 1634 2974 1702 ﬂantem,
3006 1641 3057 1689 et
3103 1651 3209 1689 non
3259 1636 3435 1704 tetigit
3460 1652 3546 1691 eos

1890 1723 2113 1776 omnino
2146 1722 2290 1791 ignis
2320 1738 2492 1793 neque
2518 1724 2721 1777 centris
2746 1724 2878 1787 avit,
2912 1739 3008 1778 nec
3034 1723 3329 1794 quidquam
3359 1726 3546 1780 moles-

153 1826 271 1865 cum
296 1808 362 1863 de
382 1825 546 1864 servo
578 1824 827 1880 nequam
849 1806 1787 1881 loqueretur,quinoluitdebiturq
1814 1848 1858 1911 Β
1892 1812 1989 1866 tia?
2005 1812 2194 1865 intulit
2227 1812 2383 1879 (Dan.
2413 1828 2495 1876 III,
2525 1812 2611 1877 1:9,
2637 1813 2749 1877 50),
2784 1811 2865 1866 ita
2923 1816 2977 1865 et
3028 1811 3098 1867 de
3130 1812 3258 1867 istis
3289 1813 3541 1868 mirabili

153 1914 405 1954 conservo
436 1914 546 1953 suo
576 1896 872 1952 dimittere
902 1896 1055 1953 sicut
1082 1902 1138 1953 et
1180 1897 1292 1952 sibi
1323 1898 1636 1954 dimissum
1668 1904 1779 1964 est,

153 1988 259 2041 ait:
294 1987 433 2041 Tunc
464 1988 640 2041 iratus
668 1984 921 2040 dominus
957 1986 1075 2056 ejus
1123 1985 1351 2041 tradidit
1399 2003 1523 2042 eum
1562 1990 1778 2043 tortori-

152 2078 256 2140 bus,
285 2073 457 2146 quoad
488 2090 653 2145 usque
682 2073 925 2129 redderet
954 2077 1273 2130 universum
1309 2075 1548 2130 debitum
1575 2076 1775 2147 (.llatth.

151 2181 289 2229 xvm,
319 2165 428 2231 34).

212 2254 317 2309 llas
346 2269 549 2325 pmnas
578 2256 969 2326 peccatorum,
995 2254 1115 2308 sive
1144 2253 1201 2308 in
1236 2253 1379 2326 ipsis
1413 2255 1662 2326 peccatis
1684 2272 1780 2309 eo-

153 2359 265 2397 rum
288 2341 401 2398 sive
419 2342 479 2397 in
499 2341 823 2397 desertione
846 2341 1288 2414 Dei,promerito
1304 2342 1563 2414 ipsorum
1590 2360 1784 2415 pecca-

149 2437 478 2503 torum,qua2
495 2430 693 2486 statim
722 2430 781 2484 in
804 2430 1073 2501 praesenti
1090 2429 1439 2498 inferuntur;
1466 2431 1582 2486 sive
1605 2430 1779 2485 etiam

152 2522 202 2575 in
248 2519 626 2576 exterioribus
692 2519 875 2591 pomis
941 2517 1356 2590 multiplicium
1390 2518 1777 2592 ﬂagellorum.

150 2609 721 2682 quzepeccentibusad
742 2608 1292 2681 praesensdtvinitus
1307 2609 1782 2677 inferuntur;sive

149 2700 199 2752 in
229 2698 596 2753 damnatione
627 2702 974 2752 esternorum
1018 2697 1459 2769 suppliciorum,
1494 2715 1621 2769 quae
1653 2703 1784 2769 post

150 2787 255 2841 haec
284 2786 480 2842 omnia
500 2786 559 2840 in
586 2786 701 2841 fine
731 2789 1054 2852 servantur,
1088 2803 1221 2841 cum
1254 2790 1373 2840 tam
1405 2790 1601 2858 aperte
1628 2786 1779 2841 Seri-

151 2881 305 2948 ptura
332 2879 597 2943 testetur,
632 2879 749 2930 tam
783 2874 1185 2930 indubitanter
1212 2874 1477 2930 Ecclesiae
1528 2874 1673 2930 fides
1702 2880 1783 2931 te-

149 2970 269 3019 neat
295 2982 307 3031 ;
340 2964 585 3019 audiant
607 2963 941 3036 quicunque
970 2962 1312 3034 hujusmodi
1336 2962 1582 3019 fallaciis
1605 2970 1779 3037 atque

148 3053 441 3126 praestigiis
474 3069 579 3125 per
606 3052 759 3107 hunc
791 3051 1176 3107 vanissimum
1191 3052 1488 3108 hominem
1518 3051 1778 3108 illudun-

148 3142 394 3207 tur,illud
431 3142 585 3213 quod
604 3140 917 3214 Apostolus
940 3140 1274 3196 terribiliter
1302 3142 1577 3197 omnibus
1601 3143 1781 3197 fideli-

1890 1898 2122 1953 insania
2152 1899 2444 1955 affirmare
2473 1900 2803 1955 contendat.
2825 1901 2987 1965 Quod
3020 1899 3067 1955 si
3102 1901 3181 1955 ita
3212 1905 3367 1956 esset
3388 1902 3541 1972 quod

1891 2004 2150 2059 unquam
2181 1986 2293 2043 tale
2317 1987 2666 2043 miraculum
2694 2006 2823 2044 esse
2853 1987 3231 2061 potuit,inter
3253 1989 3547 2061 magnalia

1889 2081 1942 2130 et
1958 2075 2221 2147 prodigia
2234 2092 2360 2147 quae
2377 2076 2662 2132 divinitus
2676 2077 2829 2131 facta
2851 2094 2917 2131 su
2928 2080 3080 2147 nt,ut
3093 2080 3213 2132 tam
3238 2078 3547 2134 innumera

1891 2164 2207 2219 multitudo
2226 2170 2625 2237 apostatarum
2649 2164 2989 2238 angelorum
3010 2170 3066 2220 et
3090 2164 3395 2221 hominum
3422 2184 3547 2239 per-

1890 2254 2144 2308 ditorum
2177 2258 2332 2309 esset
2362 2253 2419 2309 in
2455 2253 3150 2309 medioimmensarumet
3167 2256 3544 2311 aestuantium

1892 2342 2287 2405 flammarum,
2319 2346 2375 2397 et
2406 2359 2520 2397 non
2554 2346 2817 2415 tangeret
2850 2359 2948 2398 eos
2981 2342 3217 2398 omnino
3252 2343 3545 2416 ignis,scd

1889 2429 2005 2485 vim
2038 2431 2268 2485 virtutis
2300 2448 2417 2486 suae
2450 2430 2909 2496 oblivisceretur,
2937 2436 3001 2485 ut
3038 2431 3308 2488 diabolus
3339 2434 3546 2504 eteius

1890 2518 2076 2591 angeli
2093 2519 2699 2575 custodirenturillzesi
2719 2519 2890 2584 ?Quis
2903 2519 3126 2575 audivit
3150 2538 3412 2593 unquam
3430 2522 3546 2578 tale

1890 2613 1991 2663 aut
2022 2608 2154 2679 quis
2168 2626 2233 2664 su
2243 2608 2407 2663 fferre
2422 2607 2604 2679 possit
2618 2612 2791 2662 tantae
2808 2607 3123 2680 impietatis
3138 2608 3429 2665 insaniam
3453 2610 3545 2665 ‘.’Si

1888 2697 2043 2752 enim
2078 2695 2238 2751 nulla
2268 2697 2377 2751 erit
2408 2713 2577 2768 poma
2607 2696 2662 2751 in
2697 2701 2910 2752 artemo
2943 2696 3075 2769 igne
3108 2698 3544 2767 damnatorum,

1890 2790 2199 2857 sequenter
2229 2784 2390 2840 nulla
2419 2785 2529 2840 erit
2558 2785 2730 2839 etiam
2754 2784 2939 2858 gloria
2960 2786 3016 2839 in
3048 2790 3263 2841 aeterna
3284 2804 3550 2843 remune-

1889 2874 2560 2945 rationejustorum.Qui
2593 2873 2749 2929 enim
2770 2873 3075 2929 verissime
3108 2876 3373 2947 promisit
3396 2876 3548 2931 hanc

1888 2961 2131 3034 gloriam
2166 2962 2410 3017 dicendo
2436 2980 2448 3017 :
2474 2964 2672 3029 Venite,
2727 2962 2992 3018 benedicti
3043 2966 3229 3019 Patris
3265 2967 3394 3026 mei,
3420 2982 3546 3037 per-

1888 3054 2052 3123 cipite
2084 3068 2309 3123 regnum
2339 3052 2478 3124 quod
2509 3052 2655 3107 vobis
2696 3059 2953 3123 paratum
2997 3061 3075 3107 est
3102 3070 3135 3107 a
3164 3055 3550 3109 constitutione

1884 3140 2081 3194 mundi
2113 3140 2314 3211 (Matth.
2349 3158 2478 3203 xxv,
2513 3139 2625 3212 3i),
2664 3140 2789 3213 ipse
2821 3140 3127 3196 verissime
3154 3141 3551 3198 comminatus

149 3234 247 3288 bus
276 3212 581 3288 denuntiat
612 3212 847 3287 dicens:
884 3232 1048 3287 Nemo
1102 3248 1192 3287 vos
1241 3231 1476 3303 decipiat
1522 3233 1781 3288 inanibus
1813 3212 1855 3278 (ἶ
1887 3234 1976 3283 est
2004 3227 2164 3283 illam
2199 3246 2429 3301 pcenam
2463 3212 2748 3285 dicendo:
2782 3229 3051 3285 Discedite
3077 3247 3109 3285 a
3139 3231 3546 3298 me,maledicti,

150 3322 348 3387 verbis;
373 3329 597 3393 propter
625 3322 742 3377 hsce
768 3322 917 3376 enim
945 3323 1093 3376 venit
1124 3323 1211 3375 ira
1244 3323 1347 3376 Dei
1377 3323 1435 3376 in
1460 3319 1609 3392 filios
1636 3322 1785 3393 dif/i-

146 3410 335 3467 dentia:
364 3410 583 3483 (Eph.v,
612 3411 689 3477 6).
722 3409 944 3474 Quibus
974 3410 1165 3466 verbis
1200 3410 1457 3483 Apostoli
1492 3416 1553 3467 Β.
1587 3410 1783 3466 Hiero-

150 3517 348 3572 nymus
377 3499 719 3571 exponendo
740 3498 1048 3572 subjungit
1068 3498 1268 3555 dicens
1292 3499 1523 3571 :[Verba
1546 3517 1670 3573 quae
1692 3500 1786 3555 de-

143 3589 351 3660 cipiunt
381 3593 561 3661 atque
614 3587 997 3661 supplantant
1047 3588 1248 3644 inania
1298 3594 1437 3645 sunt
1472 3594 1530 3645 et
1558 3606 1780 3645 vacua:

143 3694 255 3749 qua:
281 3695 413 3733 vero
445 3677 736 3732 aedificant
764 3676 1088 3744 audientes,
1114 3676 1304 3749 plena,
1324 3677 1784 3743 cumulata,con-

140 3768 291 3822 ferta.
324 3766 474 3830 Quia
493 3765 673 3839 igitur
701 3769 839 3821 sunt
886 3764 1149 3837 plerique
1190 3765 1290 3837 qui
1321 3767 1526 3822 dicunt
1550 3784 1665 3822 non
1701 3767 1784 3821 t‘u-

140 3860 261 3910 tura
284 3872 386 3928 pro
420 3854 676 3927 peccatis
704 3871 833 3910 esse
865 3853 1282 3927 supplicia,nec
1303 3855 1664 3911 extrinsecus
1687 3855 1783 3910 ad-

139 3943 378 4000 hibenda
411 3944 832 4009 tormenta,sed
861 3943 1055 4015 ipsum
1080 3948 1380 4014 peccatum
1413 3948 1467 3999 et
1484 3943 1783 4000 conscien-

140 4032 267 4087 tiam
299 4032 496 4089 delicti
520 4050 648 4088 csse
679 4048 781 4105 pro
798 4050 969 4104 pcena
985 4032 1125 4087 dum
1157 4032 1441 4087 vermisin
1474 4033 1643 4088 corde
1664 4049 1778 4088 non

141 4119 373 4174 moritur
395 4125 475 4175 :et
504 4120 563 4174 in
591 4120 785 4175 animo
814 4118 968 4192 ignis
989 4118 1326 4174 accenditur
1347 4120 1404 4174 in
1437 4118 1778 4175 similitudi-

140 4224 259 4262 nem
293 4209 493 4275 febris,
529 4226 653 4280 quae
678 4225 793 4263 non
825 4212 1058 4279 torquet
1107 4208 1466 4264 extrinsecus
1497 4213 1778 4282 aegrotan-

139 4302 264 4365 tem,
299 4298 399 4353 sed
434 4314 679 4369 corpora
708 4297 838 4369 ipsa
866 4296 1185 4370 corripiens
1213 4296 1384 4369 punit
1414 4297 1538 4355 sine
1564 4299 1782 4353 crucia-

138 4390 224 4441 tus
243 4386 570 4442 forinsecus
601 4385 979 4452 adbibitiono,
996 4403 1121 4459 qua:
1154 4386 1557 4458 possidet.Has
1582 4388 1780 4459 itaque

141 4474 541 4546 persuasiones
571 4479 627 4530 et
647 4474 947 4548 decipulas
970 4474 1781 4543 fraudulentas,verbainania

1898 3319 1958 3372 in
1990 3320 2171 3386 ignem
2198 3326 2468 3375 aeternam
2496 3319 2594 3389 qui
2627 3326 2858 3389 paratus
2905 3327 2984 3374 est
3025 3319 3239 3375 diabolo
3260 3327 3312 3375 et
3338 3322 3550 3389 angelis

1893 3407 2010 3477 ejus
2042 3407 2222 3474 (Ibid,
2258 3407 2367 3478 41),
2404 3405 2527 3479 ipse
2556 3406 2731 3462 etiam
2756 3408 2825 3464 de
2859 3411 3105 3480 utroque
3137 3408 3422 3464 immobili
3456 3426 3546 3464 ve-

1896 3495 2065 3550 ritate
2096 3495 2427 3567 subjunxit:
2465 3502 2620 3553 Tunc
2650 3497 2809 3552 ibunt
2840 3497 2902 3552 hi
2931 3499 2990 3552 in
3017 3498 3349 3569 supplicium
3381 3506 3548 3554 a’tcr-

1892 3602 2046 3651 num,
2066 3586 2210 3657 justi
2237 3592 2420 3640 autem
2473 3587 2534 3640 in
2575 3588 2749 3640 vitam
2793 3594 3063 3643 aeternam
3118 3587 3301 3659 (Ibid.,
3333 3588 3443 3656 46).
3494 3587 3550 3641 Si

1893 3690 2028 3746 ergo
2062 3673 2381 3745 quierimus
2403 3674 2543 3746 quid
2567 3674 2643 3729 sit
2667 3673 2810 3729 illud
2828 3691 3075 3748 regnum
3103 3676 3256 3747 quod
3291 3693 3323 3730 a
3340 3676 3552 3731 consti-

1892 3762 2117 3817 tutione
2150 3763 2352 3817 mundi
2395 3762 2580 3833 justis
2612 3767 2702 3818 est
2762 3767 3178 3835 praeparatum,
3238 3764 3549 3819 audiamus

1892 3851 2141 3906 fideliter
2182 3868 2312 3907 esse
2355 3851 2533 3906 vitam
2575 3856 2874 3907 aeternam.
2909 3852 2966 3907 Si
3029 3851 3349 3923 quaerimus
3407 3854 3549 3924 quid

1890 3939 2122 3995 credere
2151 3940 2471 3994 debeamus
2502 3938 2668 3993 illum
2710 3938 2768 3993 in
2802 3956 2977 4011 quem
3011 3943 3067 3994 et
3099 3939 3548 4013 bominesimpii

1890 4033 1946 4082 et
1975 4028 2163 4101 angeli
2199 4027 2467 4082 mittendi
2502 4032 2642 4082 sunt
2674 4029 2855 4096 ignem
2884 4036 3153 4083 aeternum
3174 4032 3199 4082 .9
3221 4029 3549 4086 Audiamus

1889 4116 2277 4172 nihilominus
2296 4115 2540 4171 ﬁdeliter
2561 4132 2687 4171 esse
2711 4114 3064 4187 supplicium
3100 4116 3545 4188 sempiternum.

1888 4206 2004 4261 Nec
2035 4206 2222 4277 major
2250 4222 2377 4261 esse
2407 4209 2597 4277 potest
2624 4204 2811 4278 gloria
2842 4221 3018 4277 quam
3050 4204 3169 4260 vita
3199 4209 3548 4272 :eterna;nec

1888 4296 2078 4367 major
2107 4311 2276 4367 paena
2305 4312 2479 4366 quam
2516 4293 2873 4367 supplicium
2907 4294 3331 4367 sempiternum
3359 4312 3371 4349 :
3403 4294 3546 4350 illud

1888 4383 1948 4437 in
1983 4400 2157 4456 regno
2189 4383 2533 4455 positorum,
2564 4383 2723 4439 istud
2757 4384 2815 4438 in
2840 4387 3053 4438 aeterno
3083 4383 3213 4455 igne
3247 4384 3549 4438 damnato-

1889 4490 2041 4528 rum.
2076 4472 2154 4528 De
2186 4490 2301 4545 quo
2332 4471 2622 4545 supplicio
2654 4472 2811 4546 ignis
2862 4473 3061 4527 aeterni
3113 4477 3312 4544 aperte
3342 4473 3549 4528 beatus

138 4564 438 4635 appellavit
468 4569 527 4619 et
556 4581 757 4630 vacua,
786 4581 911 4636 qua:
934 4564 1206 4620 videntur
1238 4565 1434 4620 ﬂorem
1462 4565 1775 4637 quemdam
1807 4580 1855 4646 D
1886 4561 2141 4618 Joannes
2177 4562 2233 4616 in
2265 4561 2608 4635 Apocalypsi
2662 4565 2935 4630 testatur,
2969 4561 3207 4617 dicens:
3241 4562 3394 4617 Missi
3422 4569 3552 4617 sunt

139 4650 335 4708 habere
354 4658 784 4720 sermonum,et
812 4652 1065 4709 blandiri
1087 4653 1605 4727 peccantibus.Sed
1630 4654 1772 4709 dum

137 4741 398 4797 ﬁduciam
434 4742 920 4815 tribuunt,magis
949 4759 1048 4798 eos
1080 4743 1274 4797 ferunt
1303 4743 1373 4797 ad
1405 4746 1619 4798 aeterna
1638 4759 1777 4815 sup-

137 4828 315 4899 plicia.
349 4832 502 4897 Quia
534 4831 603 4887 de
634 4830 796 4887 nulla
821 4848 879 4887 re
901 4831 984 4886 sic
1007 4830 1284 4888 irascitur
1304 4832 1775 4903 Deus,quomodo

137 4917 177 4971 si
208 4926 475 4991 peccator
493 4920 768 4992 superbia
791 4925 847 4975 et
876 4925 1105 4976 erectus
1127 4924 1182 4976 et
1203 4918 1429 4993 rigidus
1449 4937 1561 4975 non
1582 4920 1775 4975 ﬂecta-

135 5010 221 5061 tur
247 5006 303 5062 in
337 5008 569 5077 ﬂetum,
605 5025 709 5064 nec
749 5008 1206 5064 misericordiam
1265 5007 1520 5081 postulet
1550 5024 1654 5079 pro
1683 5009 1777 5063 de-

136 5093 301 5169 licto]
332 5097 470 5153 Haec
497 5102 738 5152 sanctus
764 5098 1049 5164 doctor,et
1081 5097 1457 5169 antiquorum
1485 5096 1778 5153 haeretico-

138 5200 252 5239 rum
284 5203 547 5242 errorem
606 5203 783 5258 super
829 5185 936 5241 hac
968 5202 1027 5242 re
1085 5186 1463 5259 redarguens,
1514 5190 1572 5241 et
1603 5186 1775 5243 istius

137 5271 504 5331 fraudulenta
536 5274 842 5331 mendacia
872 5278 1045 5346 atque
1082 5278 1412 5330 commenta
1459 5273 1778 5347 apostolica

136 5362 355 5419 veritate
388 5364 759 5419 subvertens.

193 5453 373 5508 Audet
405 5457 607 5509 tamen
640 5452 750 5508 iste
780 5452 970 5507 adhuc
985 5453 1208 5522 majora
1236 5455 1294 5507 et
1324 5452 1774 5521 detestabiliora,

134 5541 182 5590 et
208 5539 524 5611 subjungit
553 5539 756 5595 dicens
781 5555 793 5595 :
827 5538 887 5593 In
920 5541 1047 5609 igne
1076 5547 1282 5597 aeterno
1308 5540 1453 5595 nihil
1492 5539 1647 5595 aliud
1665 5556 1780 5595 esse

129 5641 331 5701 penam
360 5645 535 5707 quam
583 5628 756 5687 beata:
799 5628 1081 5706 felicitatis
1123 5630 1449 5688 absentiam.
1483 5627 1591 5687 Ubi
1626 5633 1778 5686 recte

1885 4653 1945 4706 in
1972 4659 2225 4720 stagnum
2254 4652 2401 4719 ignis
2432 4658 2482 4705 et
2519 4651 2826 4721 sulphuris,
2861 4659 2913 4706 et
2956 4651 3351 4706 cruciabuntur
3378 4650 3467 4706 die
3486 4666 3549 4704 ac

1885 4748 2038 4796 nocte
2069 4742 2125 4795 in
2155 4739 2361 4796 saecula
2390 4740 2720 4795 saeculorum
2759 4742 2941 4811 (Apoc.
2974 4757 3069 4804 xx,
3102 4738 3155 4802 9,
3194 4738 3403 4805 10).-Et
3432 4738 3546 4794 alio

1886 4828 2043 4884 loco:
2078 4830 2142 4883 Et
2167 4831 2353 4900 fumus
2386 4836 2786 4884 tormentorum
2834 4844 3023 4883 eorum
3070 4826 3319 4882 ascendet
3352 4828 3406 4881 in
3437 4842 3543 4882 sa?-

1883 4917 2016 4972 cula
2039 4918 2368 4974 saeculorum
2418 4918 2597 4988 (Apoc.
2651 4934 2768 4982 xxx,
2820 4918 2897 4983 3).
2949 4916 3073 4970 Non
3116 4930 3253 4986 ergo
3303 4914 3360 4968 in
3413 4914 3545 4987 igne

1884 5011 2098 5062 aeterno
2112 5004 2300 5076 angeli
2321 5004 2411 5059 vel
2425 5003 2691 5059 homines
2704 5001 2969 5058 damnati
2988 5006 3262 5074 poterunt
3278 5018 3543 5072 unquam

1884 5111 2012 5150 esse
2043 5092 2226 5166 quieti
2254 5097 2313 5148 et
2365 5091 2664 5146 immunes
2695 5108 2729 5145 a
2789 5090 3008 5162 pomis;
3035 5090 3163 5161 qui,
3221 5093 3288 5145 ut
3314 5088 3542 5145 Veritas

1884 5183 2024 5239 dicit
2046 5199 2058 5237 :
2086 5182 2489 5239 Cruciabuntur
2506 5179 2595 5234 die
2613 5195 2678 5233 ac
2702 5185 2850 5233 nocte
2873 5180 2931 5233 in
2952 5177 3159 5234 sa’cula
3188 5177 3537 5233 sxculorum:

1885 5277 1942 5328 et
1971 5288 2221 5343 quorum
2261 5272 2450 5341 fumus
2495 5274 2888 5323 tormentorum
2938 5266 3183 5321 ascendet
3238 5267 3295 5321 in
3335 5266 3539 5327 saecula

1884 5362 2212 5418 saeculorum
2232 5355 2448 5429 :qualis
2480 5355 2658 5409 etiam
2691 5370 2848 5409 nunc
2887 5370 3056 5425 poena
3086 5359 3143 5409 et
3168 5353 3303 5410 illos
3335 5371 3541 5410 conse-

1885 5449 2106 5520 quitur.
2145 5449 2219 5501 De
2240 5445 2457 5517 quibus
2483 5442 2554 5497 ad
2578 5441 3026 5498 similitudinem
3048 5443 3210 5499 illius
3229 5442 3538 5515 purpurati

1885 5542 1942 5592 et
1970 5533 2230 5590 damnati
2264 5530 2460 5586 divitis
2494 5529 2794 5601 Scriptura
2841 5530 3020 5587 dicit:
3069 5537 3284 5587 Ducunt
3311 5533 3373 5587 in
3404 5532 3541 5588 bono

1884 5625 1996 5683 dies
2025 5638 2166 5690 suos,
2198 5628 2250 5677 et
2287 5621 2346 5676 in
2386 5624 2586 5697 puncto
2625 5617 2695 5676 ad
2756 5620 2983 5699 inferna
3036 5619 3366 5680 descendunt
3399 5620 3535 5704 (Job.
