3896 6198
321 254 434 314 199

1425 255 1653 316 FLORI
1699 254 2014 316 DIACONI
2060 253 2633 317 LUGDUNENSIS.

3619 253 3736 313 200

319 402 432 448 m,
467 386 572 454 t3).
608 385 680 439 Ut
712 388 768 438 et
799 383 930 456 ipsi,
964 385 1116 440 sicut
1138 385 1209 440 de
1259 385 1356 440 illo
1405 386 1841 456 legitur,statim
1878 389 1961 442 in-
1995 391 2046 454 Α
2081 389 2280 443 tudine
2314 389 2580 442 funditus
2604 385 2841 442 exclusi.
2867 383 3009 440 Vere
3032 402 3168 458 ergo
3201 385 3490 451 miseri,et
3521 403 3656 440 vere
3681 385 3733 440 in

317 475 537 545 cipiunt
565 490 695 529 esse
717 473 772 527 in
807 472 1136 540 tormentis,
1162 478 1219 528 et
1266 475 1513 530 cruciari
1541 475 1597 530 in
1633 476 1890 546 ﬂamma,
1911 483 1968 530 et

316 563 582 634 deputari
615 563 672 616 in
691 561 816 617 loco
838 562 1196 616 zeternalium
1219 567 1642 619 tormentorum
1669 564 1838 620 :solet
1859 565 1967 620 iste

314 652 526 717 dicere,
561 651 712 706 sicut
744 650 1098 716 audivimus,
1133 667 1268 706 cum
1318 651 1534 724 aliquis
1565 653 1612 708 ei
1646 654 1716 708 de
1749 654 1967 708 talibus

306 741 479 811 juxta
526 740 657 794 fidei
716 740 1019 795 veritatem
1051 739 1335 795 obsistere
1393 743 1630 814 cmperit
1689 743 1964 797 sermoci-

316 830 542 883 nando:
573 829 721 894 Quid
751 827 885 882 vis?
940 828 1089 883 ratio
1142 833 1196 883 te
1247 829 1446 884 vincit.
1503 833 1635 896 Quze
1694 848 1831 903 ergo
1879 835 1968 887 est

314 918 434 972 haec
469 917 612 972 ratio
642 917 800 971 omni
835 917 1055 972 ratione
1083 935 1284 981 vacua,
1311 919 1470 973 omni
1495 919 1733 976 veritate
1754 919 1962 986 aliena,

313 1011 368 1062 et
424 1006 635 1078 spiritu
691 1004 1030 1078 impiissimi
1087 1007 1304 1061 erroris
1362 1007 1740 1080 lymphatica,
1792 1013 1966 1080 atque

314 1094 670 1166 pbanatica‘?
703 1095 809 1160 Qui
860 1095 983 1148 vult
1027 1100 1089 1148 ut
1121 1095 1388 1150 homines
1421 1098 1718 1153 veritatem
1752 1099 1964 1154 Christi

313 1185 606 1251 deserant,
639 1187 694 1238 et
724 1200 862 1238 suas
912 1183 1313 1254 phantasticas
1369 1190 1427 1240 et
1457 1185 1810 1242 dzemonicas
1841 1205 1967 1242 um-

315 1273 451 1329 bras
483 1277 826 1344 sequantur.

383 1363 496 1417 Sed
529 1378 664 1416 cum
688 1360 929 1416 dixisset
950 1360 1004 1415 in
1040 1361 1397 1434 zelernoigne
1411 1363 1720 1419 damnatos
1744 1363 1964 1418 nullam

314 1451 489 1506 aliam
508 1450 721 1506 sentire
742 1467 966 1520 poenam
987 1449 1096 1504 nisi
1113 1451 1289 1505 beata:
1307 1451 1599 1508 felicitatis
1614 1453 1964 1518 absentiam,

314 1539 621 1610 subjungit
636 1537 1308 1609 tameuvelutquamdam
1324 1556 1522 1595 eorum
1541 1541 1964 1596 beatitudinem

313 1633 370 1683 et
399 1628 573 1682 dicit:
612 1629 670 1682 In
695 1645 756 1681 ea
782 1627 857 1698 (id
907 1632 996 1681 est
1047 1627 1100 1680 in
1147 1628 1328 1684 beatae
1361 1629 1651 1684 felicitatis
1682 1631 1962 1701 absentia)

311 1718 530 1771 nullum
558 1733 666 1770 esse
697 1719 791 1787 qui
821 1733 924 1770 non
977 1717 1171 1771 habent
1199 1719 1424 1772 insitam
1479 1719 1587 1772 sibi
1639 1720 1968 1774 naturaliter

314 1807 549 1860 absentis
606 1805 958 1859 beatitudinis
1015 1807 1305 1872 notionem,
1339 1807 1560 1878 ejusque
1609 1807 1958 1862 desiderium.

314 1895 418 1949 Ubi
451 1899 506 1949 et
536 1894 734 1948 addit:
771 1894 1048 1948 habituros
1080 1896 1302 1949 miseros
1324 1896 1606 1966 felicitatis
1637 1904 1686 1950 et
1722 1898 1964 1951 veritatis

313 1987 584 2040 notionem
615 1992 773 2054 atque
800 1985 1177 2049 seientiam,ae
1199 2001 1299 2054 per
1328 1985 1426 2039 hoc
1453 2001 1562 2038 non
1599 2001 1712 2039 esse
1739 1987 1964 2040 miseros

315 2089 414 2128 nee
442 2071 888 2144 juniri.Quibus
905 2071 1094 2126 verbis
1118 2072 1424 2126 manifeste
1453 2072 1651 2144 utique
1673 2073 1766 2127 afii
1779 2091 1965 2128 rmare

312 2167 557 2218 conatur
588 2161 1004 2232 [quod]omnes
1031 2160 1126 2232 qni
1156 2161 1334 2215 futuri
1363 2166 1500 2216 sunt
1524 2161 1580 2216 in
1605 2161 1700 2216 illa
1719 2162 1964 2217 damna-

315 2251 490 2314 tione,
524 2266 702 2322 quam
727 2249 833 2304 iste
863 2265 978 2302 non
1023 2249 1197 2304 aliam
1250 2254 1417 2321 putat
1473 2250 1584 2304 nisi
1636 2251 1962 2306 absentiam

313 2337 694 2394 beatitudinis
727 2355 842 2408 qua
886 2337 1069 2393 sancti
1106 2339 1503 2408 perfruuntur,
1539 2339 1793 2393 habituri
1826 2345 1964 2395 sunt

316 2427 660 2484 naturaliter
687 2427 923 2481 insitam
967 2425 1152 2496 ipsius
1208 2424 1607 2490 beatitudinis,
1631 2428 1800 2496 cujus
1832 2443 1961 2497 par-

311 2518 518 2588 ticipes
550 2532 664 2570 non
697 2519 888 2580 erunt,
938 2513 1352 2587 cognitionem,
1376 2519 1549 2585 atque
1580 2515 1958 2570 desiderium.

315 2607 476 2672 Quod
508 2605 699 2660 adhuc
731 2609 996 2675 repetens
1043 2608 1098 2657 et
1148 2601 1470 2668 inculcans,
1501 2603 1642 2657 dicit
1681 2603 1962 2659 habituros

314 2697 556 2750 veritatis
585 2703 636 2749 et
667 2692 1015 2748 beatitudinis
1053 2694 1306 2746 notitiam
1334 2701 1496 2762 atque
1541 2695 1826 2746 scientiam
1849 2711 1868 2748 :
1898 2709 1962 2747 ae

307 2802 407 2856 per
462 2784 560 2839 hoc
615 2800 726 2838 non
772 2799 884 2837 esse
928 2783 1175 2844 miseros,
1210 2798 1306 2836 nec
1331 2783 1549 2851 puniri.
1585 2781 1656 2835 Ut
1689 2798 1790 2852 per
1829 2781 1956 2849 hoc,

312 2874 488 2945 quod,
541 2873 710 2944 juxta
756 2870 931 2926 istius
977 2887 1216 2926 sensum
1265 2869 1519 2924 habituri
1564 2875 1702 2924 sunt
1759 2871 1960 2942 cogni-

310 2963 548 3028 tionem,
610 2961 914 3017 scientiam
962 2965 1020 3013 et
1070 2959 1425 3014 desiderium
1478 2959 1855 3013 beatitudinis
1903 2964 1960 3014 et

309 3051 586 3118 veritatis,
621 3051 791 3119 cujus
822 3047 1087 3102 absentia
1137 3052 1306 3102 erunt
1356 3047 1638 3113 damnati,
1673 3048 1956 3119 quodam-

2076 485 2355 532 aeternum
2389 476 2648 530 damnati
2668 480 2840 529 erunt
2860 474 2960 547 qui
2993 491 3226 546 semper
3243 473 3509 530 veritatis
3530 479 3592 529 et
3606 475 3736 530 bea-

2077 565 2346 620 titudinis
2377 565 2605 620 exsules
2634 568 2824 630 erunt,
2858 561 3022 618 nulla
3065 561 3327 618 veritatis
3359 561 3490 617 luce
3524 561 3738 617 illumi-

2078 654 2218 721 nati,
2255 653 2417 708 nulla
2464 652 2844 708 beatitudinis
2886 651 3262 722 jucunditate
3319 650 3634 706 consolati.
3675 653 3738 708 Et

2077 748 2294 810 tamen,
2328 747 2566 814 excepta
2597 741 2706 796 hac
2736 740 2908 812 plena
2942 745 3000 796 et
3021 755 3255 795 summa
3287 739 3738 804 miseria,aderit

2075 832 2159 887 eis
2192 833 2316 887 sine
2344 833 2457 886 fine
2487 830 2660 886 etiam
2704 830 2952 886 exterior
2999 847 3189 902 pcena,
3224 833 3289 884 ut
3332 834 3390 883 et
3421 829 3590 884 intus
3621 833 3739 884 tor-

2076 925 2370 992 queantur
2396 919 2737 975 infelicitate
2792 916 3182 984 conscientim,
3209 922 3265 974 et
3296 917 3437 972 foris
3477 917 3616 989 igne
3642 933 3737 990 ge-

2079 1010 2300 1064 hennae.
2324 1009 2482 1072 Quod
2506 1013 2822 1079 utrumque
2844 1005 3157 1062 Psalmista
3180 1006 3434 1062 breviter
3451 1007 3732 1070 ostendit,

2075 1099 2276 1153 dicens
2306 1098 2378 1152 ad
2411 1098 2604 1170 ipsum
2635 1096 2900 1150 Iudicem
2932 1095 3194 1150 vivorum
3225 1101 3282 1151 et
3321 1100 3730 1150 mortuorum:

2075 1189 2393 1242 Inveniatur
2421 1203 2620 1240 manus
2649 1192 2742 1239 tua
2768 1186 3025 1239 omnibus
3055 1185 3301 1238 inimicis
3323 1186 3471 1238 tuis:
3511 1183 3736 1238 dextera

2075 1284 2166 1331 tua
2190 1277 2429 1330 inveniet
2468 1291 2668 1340 omnes,
2704 1275 2800 1345 qui
2847 1281 2897 1328 te
2932 1273 3182 1328 oderunt.
3214 1274 3388 1328 Penes
3419 1289 3509 1328 eos
3557 1280 3620 1326 ut
3638 1273 3737 1326 eti-

2077 1367 2281 1420 banum
2314 1366 2457 1432 ignis
2481 1366 2536 1419 in
2562 1371 2795 1434 tempore
2827 1363 3007 1417 vultus
3020 1363 3138 1417 tui:
3169 1363 3433 1417 Dominus
3447 1364 3505 1417 in
3525 1364 3610 1416 ira
3640 1377 3739 1416 sua

2073 1452 2418 1506 Conturbabit
2445 1459 2611 1517 eos,et
2627 1451 2905 1507 devorabit
2932 1466 3020 1506 eos
3054 1452 3198 1521 ignis
3227 1450 3509 1517 (Psul.xx.
3533 1450 3590 1515 9,
3629 1450 3733 1513 10).

2075 1541 2236 1606 Quod
2263 1545 2322 1594 Β.
2337 1540 2700 1612 Augustinus
2715 1540 3058 1595 brevissime
3074 1545 3132 1594 et
3153 1537 3496 1611 plenissime
3510 1538 3606 1594 his
3619 1555 3738 1592 ver-

2075 1630 2164 1684 bis
2194 1630 2430 1700 exponit
2459 1629 2695 1684 dicens:
2732 1628 3105 1700 [Constitues,
3140 1627 3352 1699 inquit,
3383 1644 3484 1684 eos
3517 1627 3733 1682 arden-

2075 1724 2160 1772 tes
2191 1718 2544 1772 intrinsecus
2575 1718 2932 1773 conscientia
2963 1716 3285 1789 impietatis
3340 1733 3458 1772 sua:
3491 1716 3552 1770 in
3583 1720 3730 1770 tem-

2077 1823 2212 1878 pore
2245 1805 2732 1861 manifestationis
2783 1811 2916 1861 tuze.
2977 1805 3198 1860 Deinde
3237 1805 3569 1860 conturbati
3601 1805 3732 1858 vin-

2072 1897 2228 1950 dicta
2257 1895 2507 1960 Domini,
2549 1900 2680 1965 post
2729 1894 3160 1950 accusationem
3203 1893 3592 1959 conscientiae,
3630 1893 3733 1947 da-

2075 1988 2294 2040 buntur
2324 1984 2442 2056 igni
2476 1989 2690 2038 aeterno
2723 1983 3081 2053 devorandi.]

2143 2075 2276 2138 Qua:
2310 2091 2439 2128 cum
2474 2073 2555 2128 ita
2587 2073 2723 2140 sint,
2759 2073 3139 2144 qurerendum
3171 2072 3340 2127 nobis
3369 2075 3461 2126 cst
3481 2070 3735 2126 sollicite

2073 2163 2235 2235 quid,
2269 2163 2590 2218 secundum
2625 2161 2888 2233 regulam
2920 2177 3062 2216 verte
3095 2160 3248 2227 ﬁdei,
3283 2160 3355 2215 de
3386 2159 3471 2214 eis
3504 2159 3606 2231 qui
3633 2160 3735 2214 illa

2071 2258 2284 2307 zeterna
2302 2251 2678 2306 damnatione
2694 2249 2906 2305 fuerint
2928 2251 3116 2321 puniti
3143 2249 3358 2305 sentire
3380 2249 3733 2315 debeamus,

2072 2346 2138 2396 ut
2157 2358 2222 2395 ex
2255 2357 2454 2396 eorum
2489 2344 2642 2394 statu
2657 2337 2758 2411 qui
2777 2337 2893 2393 illic
2919 2337 3734 2393 aternalitereruntdamnati

2071 2429 2468 2502 intelligamus
2485 2433 2771 2500 quantum
2787 2427 3072 2483 Dominus
3084 2428 3300 2482 donare
3316 2425 3560 2498 dignatu
3571 2442 3736 2492 r;cur

2071 2518 2147 2573 ibi
2183 2517 2345 2572 nulla
2367 2519 2492 2587 jam
2543 2516 2730 2588 possit
2759 2533 2887 2570 esse
2935 2515 3287 2580 emendatio,
3321 2519 3378 2569 et
3425 2531 3532 2568 cur
3590 2513 3731 2569 inde

2069 2606 2231 2662 nulla
2252 2604 2437 2676 possit
2469 2604 2588 2659 tieri
2621 2604 2904 2659 liberatio.
2939 2604 3131 2659 Primo
3157 2603 3340 2675 igitur
3368 2603 3513 2658 illud
3545 2601 3736 2656 consi-

2069 2695 2391 2750 derandum
2424 2693 2693 2764 est,quod
2715 2693 2856 2747 tides
2879 2691 3523 2748 catholicafirmissime
3547 2695 3732 2754 tenet,

2069 2784 2296 2838 nullum
2329 2783 2626 2838 hominem
2661 2799 2762 2854 per
2782 2787 3028 2837 mortem
3048 2782 3118 2836 de
3147 2797 3386 2853 corpore
3409 2785 3730 2834 exeuntem

2068 2873 2304 2944 aliquod
2337 2872 2446 2926 sibi
2479 2872 2694 2926 bonum
2728 2888 2899 2944 posse
2930 2886 3270 2942 comparare
3292 2869 3728 2940 meritum,quo

2067 2967 2166 3016 aut
2197 2960 2566 3032 iniquitatem
2597 2976 2786 3026 suam,
2819 2959 2876 3014 in
2931 2975 3049 3030 qua
3093 2961 3362 3013 mortuus
3391 2960 3504 3024 est,
3540 2955 3734 3029 possit

2067 3051 2352 3118 deserere,
2386 3055 2488 3104 aut
2516 3049 2642 3122 ipse
2671 3048 2728 3103 in
2765 3047 2974 3103 melius
3004 3046 3373 3103 commutari.
3411 3046 3585 3113 Quia,
3616 3044 3731 3100 etsi

309 3141 480 3194 modo
515 3139 712 3194 miseri
747 3154 860 3192 non
893 3137 1012 3192 sint
1041 3135 1327 3202 miseri,et
1361 3135 1544 3206 puniti
1581 3153 1694 3191 non
1719 3137 1838 3190 sint
1861 3154 1959 3208 pu-
1987 3121 2029 3187 (ἶ
2068 3144 2208 3195 sunt
2239 3139 2421 3211 aliqui
2453 3121 2574 3210 qui,
2609 3137 2879 3210 utipsins
2903 3136 3032 3192 fidei
3062 3136 3244 3208 pietas
3271 3134 3735 3202 novit,etindul-

309 3228 433 3283 niti.
467 3227 612 3294 Quia
636 3243 702 3281 ex
735 3243 800 3280 eo
834 3226 985 3296 quod
1006 3225 1256 3278 eruntin
1291 3223 1555 3278 absentia
1577 3224 1956 3281 beatitudinis

305 3324 362 3372 et
393 3317 707 3381 felicitatis,
742 3313 968 3386 possint
993 3313 1107 3368 dici
1149 3318 1204 3368 et
1237 3312 1432 3367 miseri
1465 3318 1523 3368 et
1553 3313 1810 3368 damnati
1839 3331 1853 3382 ;
1886 3331 1958 3370 ex

2064 3227 2322 3300 gentiam
2355 3231 2727 3299 peccatorum
2759 3225 3197 3298 accipiantpost
3227 3223 3734 3288 mortem,oratio-

2065 3317 2259 3382 nibus,
2294 3321 2350 3371 et
2380 3315 2793 3382 oblationibus,
2829 3319 2886 3369 et
2917 3312 3302 3385 eleemosynis
3332 3311 3610 3367 Ecclesiae
3630 3313 3735 3368 ad-

305 3423 372 3460 eo
403 3411 597 3461 autem
630 3403 783 3470 quod
816 3401 975 3456 illius
1007 3401 1388 3456 beatitudinis
1417 3407 1473 3456 et
1519 3402 1778 3457 veritatis
1827 3419 1953 3474 quae
2055 3405 2193 3476 juti,
2226 3411 2282 3460 et
2313 3404 2666 3476 quibusdam
2687 3403 3040 3476 purgatoriis
3063 3400 3733 3473 pmnisexpiatiaaterna

304 3494 422 3548 illis
452 3493 665 3548 absens
691 3490 1128 3554 erit,habebunt
1158 3489 1758 3557 notitiam,scientiam
1783 3496 1838 3546 et
1855 3493 1952 3546 de-

303 3579 844 3651 siderium,possint
871 3579 984 3634 dici
1020 3596 1132 3634 non
1155 3595 1283 3634 esse
1306 3579 1501 3634 miseri
1538 3596 1641 3635 nec
1670 3581 1951 3636 damnati.

305 3673 414 3730 Sed
449 3671 594 3725 tides
625 3668 890 3723 Ecclesiae
922 3669 1200 3723 veraciter
1246 3668 1424 3734 novit,
1455 3668 1675 3724 nullam
1707 3687 1834 3725 esse
1863 3688 1952 3725 ra-

303 3759 827 3817 tionaliscreaturze
844 3758 1122 3828 majorem
1139 3758 1778 3830 damnationem,quam
1795 3759 1953 3814 aDeo

302 3848 558 3922 separari
589 3851 665 3915 ;et
695 3845 857 3901 nulla
887 3846 1461 3917 ejusilluminatione
1483 3845 1956 3914 illustrari,nulla

301 3939 431 4009 ejus
461 3936 646 4010 gratia
673 3934 914 4000 visitari,
948 3934 1111 3990 nulla
1153 3934 1491 3990 liberatione
1523 3935 1756 4002 salvari,
1791 3935 1954 3992 nulla

302 4028 431 4099 ejus
461 4026 679 4082 visione
710 4029 767 4080 et
787 4023 1275 4096 contemplatione
1307 4024 1646 4080 beatiticari.

369 4114 569 4188 Angeli
601 4131 738 4186 ergo
786 4118 843 4169 et
886 4113 1153 4169 homines
1202 4117 1364 4169 tanta
1412 4113 1745 4169 infelicitate
1793 4115 1953 4170 dam-

301 4205 446 4268 nati,
478 4209 536 4258 et
565 4202 800 4274 penitus
831 4217 865 4256 a
893 4199 1269 4256 beatitudinis
1295 4205 1352 4255 et
1398 4199 1659 4256 veritatis
1713 4217 1949 4270 posses-

300 4293 462 4348 sione
491 4289 730 4354 exclusi,
757 4290 987 4344 etiamsi
1027 4289 1249 4344 nullam
1281 4288 1640 4344 extrinsecus
1695 4305 1946 4360 pinnam,

298 4379 528 4437 nullum
571 4383 927 4434 tormentum
978 4379 1282 4444 sentirent,
1327 4377 1471 4448 quid
1520 4377 1606 4431 eis
1649 4377 1951 4448 prodesset

2064 3493 2411 3550 beatitudini
2442 3492 2646 3548 sociati
2683 3495 3253 3560 mereantur(a):non
3285 3493 3482 3544 tamen
3505 3489 3622 3544 hoc
3641 3491 3733 3546 eis

2063 3588 2300 3654 praestat
2328 3581 2562 3653 aliquod
2597 3583 2816 3636 bonum
2841 3580 3113 3635 meritum
3140 3584 3271 3652 post
3288 3582 3539 3632 mortem
3563 3579 3736 3634 addi-

2061 3678 2210 3739 tum,
2245 3671 2344 3726 sed
2378 3669 2572 3742 potius
2589 3675 2721 3724 ante
2736 3673 2980 3724 mortem
3013 3666 3544 3740 acquisitum.Quia
3563 3668 3731 3724 vide-

2063 3759 2198 3815 licet
2228 3758 2341 3814 tale
2373 3758 2481 3812 fuit
2508 3757 2783 3812 meritum
2814 3756 2942 3811 vitae
2970 3757 3232 3828 ipsorum
3266 3755 3324 3809 in
3356 3771 3628 3827 corpore,
3663 3761 3732 3811 ut

2063 3849 2238 3904 etiam
2272 3851 2404 3920 post
2433 3851 2679 3901 mortem
2711 3844 2930 3902 talibus
2972 3845 3246 3900 remediis
3293 3844 3559 3916 adjuvari
3597 3862 3727 3901 me-

2063 3936 2488 4000 reantur.Quod
2521 3935 2835 4007 Apostolus
2865 3934 3171 3989 manifeste
3197 3933 3583 4001 ostendit,ubi
3610 3933 3724 3989 ait:

2063 4025 2255 4082 Omnes
2303 4026 2452 4080 enim
2499 4040 2594 4079 nos
2649 4024 3002 4095 manifestari
3055 4031 3260 4094 oportet
3303 4029 3430 4077 ante
3468 4023 3726 4078 tribunal

2059 4116 2286 4179 Christi,
2304 4122 2364 4169 ut
2394 4114 2594 4183 referat
2623 4114 2999 4184 unusquisque
3037 4113 3264 4182 propria
3293 4113 3538 4183 corporis
3553 4121 3730 4183 prout

2058 4205 2240 4275 gessit,
2271 4205 2384 4258 sive
2414 4203 2633 4269 bonum,
2666 4203 2780 4256 sive
2829 4202 3040 4256 malum
3071 4203 3145 4271 (Il
3162 4203 3286 4258 Cor.
3337 4218 3393 4267 v,
3429 4201 3540 4268 40),
3578 4217 3726 4274 pro-

2059 4291 2187 4365 pria
2214 4307 2469 4363 namque
2499 4290 2758 4362 corporis
2780 4288 3062 4356 sunt,sive
3077 4291 3231 4344 bona
3259 4289 3378 4345 sive
3402 4289 3723 4362 mala,quaa

2057 4379 2257 4435 anima
2284 4377 2462 4451 gessit
2495 4378 2635 4432 dum
2666 4381 2820 4432 esset
2851 4376 2910 4431 in
2943 4392 3219 4448 corpore:
3255 4375 3393 4448 quia
3425 4375 3582 4432 sicut
3615 4393 3724 4432 nec

298 4469 513 4524 habere
536 4468 949 4540 cognitionem.
1009 4473 1066 4522 et
1117 4466 1408 4531 notitiam,
1460 4469 1518 4518 et
1570 4464 1946 4535 desiderium,
1981 4487 2028 4551 D
2058 4473 2191 4524 ante
2221 4483 2433 4538 corpus
2463 4465 2698 4538 aliquod
2713 4467 2932 4520 bonum
2953 4465 3288 4520 autmalum
3312 4481 3513 4538 gerere
3527 4465 3726 4537 potuit

299 4558 451 4613 sicut
482 4557 592 4614 iste
638 4557 722 4613 eis
779 4554 1088 4628 promittit,
1141 4559 1199 4608 et
1256 4551 1639 4607 beatitudinis
1696 4559 1754 4608 et
1807 4555 1951 4610 veri-

297 4646 656 4702 tatis?Cum
706 4645 816 4701 hoc
867 4645 952 4700 eis
1003 4642 1193 4714 magis
1237 4641 1308 4694 ad
1366 4645 1724 4696 tormentum
1774 4644 1950 4714 proﬁ-

299 4740 451 4791 ceret
479 4735 694 4790 habere
725 4731 1305 4806 quantulamcunque
1355 4728 1620 4782 notitiam
1666 4731 1945 4800 veritatis,

297 4823 398 4877 sed
433 4837 734 4894 nunquam
763 4821 890 4890 ejus
921 4816 1343 4890 praescientiam
1375 4816 1690 4887 promereri
1716 4817 1948 4885 ;babere

299 4911 706 4982 qualecunque
737 4905 1093 4963 desiderium
1137 4909 1363 4958 aeternae
1411 4903 1810 4972 beatitudinis,
1844 4924 1948 4962 nec

299 5017 560 5070 unquam
591 5004 788 5053 tamen
822 4995 950 5065 ejus
969 4991 1628 5064 posse\sionela2tari.Et
1656 4994 1950 5051 ideoabsit

300 5093 364 5142 ut
389 5088 703 5142 credantur
729 5101 844 5138 non
857 5098 985 5137 esse
1004 5079 1316 5134 miserrimi
1344 5081 1502 5136 aDeo
1522 5081 1756 5153 penitus
1779 5100 1945 5154 sepa-

299 5176 431 5244 rati,
460 5179 562 5230 uut
592 5173 866 5228 dicantur
895 5185 1010 5223 non
1042 5184 1170 5224 esse
1201 5169 1388 5241 puniti
1421 5170 1494 5224 ab
1524 5175 1740 5226 aeterna
1769 5171 1948 5227 beati-

2059 4575 2187 4630 qua:
2218 4555 2482 4611 nondum
2513 4554 2754 4620 erat,ita
2767 4570 2872 4609 nec
2903 4558 3035 4626 post
3063 4553 3487 4625 depositionem
3507 4569 3725 4626 corpo-

2059 4646 2141 4700 ris
2170 4645 2404 4716 aliquod
2439 4644 2656 4699 bonum
2691 4646 2792 4698 aut
2835 4640 3055 4698 malum
3114 4658 3285 4714 agere
3337 4648 3550 4714 potest,
3587 4659 3720 4714 qua

2057 4737 2290 4806 tempus
2321 4731 2532 4803 agendi
2561 4737 2618 4787 et
2648 4731 2926 4803 operandi
2973 4747 3108 4786 cum
3139 4733 3399 4803 corporis
3421 4735 3612 4787 morte
3643 4732 3719 4786 fi-

2058 4821 2370 4876 nivit.Nam
2395 4823 2451 4875 et
2479 4819 2560 4874 illi
2595 4819 2694 4891 qui
2725 4819 2847 4874 solo
2873 4817 3174 4891 originalis
3188 4819 3408 4890 peccati
3431 4824 3594 4875 reatu
3617 4819 3720 4876 ob-

2057 4909 2444 4980 stringuntur,
2475 4912 2532 4962 et
2553 4907 2636 4962 sic
2676 4907 2897 4979 absque
2929 4908 3183 4962 remedio
3213 4905 3458 4962 salutari
3489 4909 3563 4963 de
3587 4924 3718 4963 cor-

2057 5015 2194 5070 pore
2223 5000 2453 5064 exeunt,
2487 4996 2809 5052 secundum
2842 4995 3074 5068 propria
3095 4995 3356 5068 corporis
3377 4995 3534 5051 mala
3555 4997 3722 5052 dam-

2057 5092 2274 5142 nantur
2302 5087 2416 5156 (b);
2453 5085 2591 5156 quia
2618 5085 2676 5140 in
2709 5101 2949 5156 corpore
2981 5085 3183 5156 utique
3214 5089 3272 5139 et
3301 5100 3438 5139 cum
3471 5100 3718 5157 corpore

2055 5174 2196 5229 illud
2227 5171 2508 5244 originale
2539 5172 2802 5228 debitum
2834 5176 3247 5228 contraxerunt
3269 5172 3424 5228 unde
3455 5173 3518 5228 in
3549 5179 3718 5229 aiter-

1289 5283 1502 5340 ΝΟΤίΕ
1541 5285 1881 5342 DUVALLII
1921 5287 2278 5345 DOCTORIS
2319 5286 2717 5343 SORBONICI.

371 5387 445 5458 (a)
476 5384 791 5440 Attendant
815 5385 1114 5458 novatores
1137 5382 1318 5438 nostri
1344 5382 1540 5458 saeculi
1566 5381 1648 5458 i_bi
1675 5389 1945 5458 purgato-

302 5453 454 5537 [iam
485 5473 602 5537 n_ec_
623 5453 1048 5537 non'su‘t‘l'ragia
1076 5471 1180 5529 pro
1210 5454 1459 5513 mortuis
1480 5453 1539 5511 in
1566 5453 1822 5512 Ecclesia
1841 5457 1943 5515 ob-

301 5527 524 5586 ﬁrmari
554 5533 612 5586 et
641 5524 984 5600 obsigillari.

2124 5384 2514 5458 (bjPeccatum
2527 5384 2808 5458 originale
2823 5385 2880 5458 in
2895 5401 3134 5458 corpore
3146 5385 3378 5442 videtur
3398 5402 3713 5458 reponere,

2054 5457 2208 5529 quod
2235 5455 2498 5529 nonnulli
2525 5455 2680 5529 inter
2704 5455 3086 5514 scholasticos
3107 5455 3718 5529 fecerunt,Durandus

2054 5526 2112 5588 et
2135 5526 2413 5604 Magister
2440 5527 2502 5586 in
2532 5545 2592 5598 n,
2625 5527 2762 5586 dist.
2793 5529 2865 5586 30
2889 5532 2948 5586 et
2975 5529 3173 5602 3t,ubi
3204 5527 3348 5587 dicit
3376 5545 3483 5604 per
3501 5545 3716 5604 pecca-
