3896 6198
106 390 197 449 201
1026 386 1256 445 LIBER
1298 381 1707 445 ADVERSUS
1754 380 2126 443 JOANNEM
2175 384 2514 447 SCOTUM.
3357 384 3474 459 202

101 537 222 579 num
257 517 520 576 damnari
566 520 880 576 merentur.
907 518 1098 574 Omnes
1143 518 1324 589 itaque
1372 514 1721 585 manifestari
1748 512 1802 581 Α
1831 529 1946 569 non
1978 514 2261 585 confessa,
2296 516 2440 573 nulli
2474 535 2590 575 non
2623 519 2710 576 vel
2745 520 2932 590 ipsius
2960 518 3198 577 terroris
3225 521 3484 591 necessi-

99 616 281 682 0portet
307 606 476 671 (sicut
504 606 819 679 Apostolus
860 606 1023 675 dicit)
1054 615 1178 663 ante
1217 606 1463 662 tribunal
1494 604 1720 665 Christi,
1786 600 1793 603 “
1830 606 1947 659 tate
1979 605 2235 661 adorata.
2261 607 2422 662 Tunc
2451 608 2608 665 enim
2633 608 2980 682 generaliter
3003 609 3265 681 subjecta
3287 612 3479 681 omnis

94 708 146 754 ut
171 700 358 769 referat
382 703 434 752 et
466 703 645 767 portet
690 696 1064 767 unusquisque
1109 696 1337 767 propria
1382 694 1621 764 corporis
1654 690 1727 763 (Il

96 788 199 843 Cor.
229 803 280 851 v,
314 786 421 852 10),
441 783 501 839 id
547 787 656 851 est,
686 801 810 855 qua:
841 782 902 839 in
934 800 1173 855 corpore
1202 783 1386 856 gessit
1415 781 1533 839 sive
1582 797 1720 836 con-

94 874 273 941 traxit;
306 872 442 945 quia
470 872 678 945 utique
719 889 823 928 nec
861 876 996 928 ante
1026 888 1238 944 corpus
1270 870 1489 944 aliquid
1519 885 1718 943 gerere

93 964 274 1037 potuit,
298 978 401 1017 nec
426 965 561 1034 post
585 977 797 1033 corpus
826 977 1024 1033 gerere
1050 964 1260 1032 potest.
1286 960 1561 1031 cumjam
1593 957 1719 1014 uni-

92 1052 277 1124 cuique
305 1067 416 1107 non
442 1054 534 1106 est
559 1055 793 1123 tempus
819 1050 1052 1122 agendi,
1078 1051 1179 1107 sed
1205 1067 1308 1122 pro
1334 1049 1563 1105 actibus
1592 1052 1717 1103 tan-

89 1139 365 1197 tummodo
386 1138 723 1211 recipiendi.
746 1140 813 1195 Et
838 1137 967 1194 ideo
994 1142 1217 1195 certum
1235 1155 1362 1199 esse
1389 1138 1560 1195 debet
1582 1136 1715 1193 ﬁdei

91 1235 276 1285 nostra:
323 1227 621 1283 neminem
655 1243 857 1283 eorum
889 1226 988 1300 qui
1020 1227 1078 1282 in
1111 1227 1202 1283 die
1242 1226 1451 1299 judicii
1500 1231 1715 1287 interna

90 1315 440 1373 damnatione
466 1316 748 1389 puniendi
772 1320 930 1383 sunt,
951 1315 1065 1373 tale
1085 1316 1319 1389 aliquod
1347 1316 1623 1372 meritum
1646 1333 1715 1371 ex

89 1407 180 1462 hac
199 1406 309 1461 vita
330 1422 530 1462 secum
559 1403 785 1473 tulisse,
810 1421 913 1478 per
937 1406 1091 1478 quod
1107 1407 1268 1477 juste
1282 1406 1354 1461 ab
1376 1404 1475 1462 illo
1500 1409 1712 1462 aeterno

80 1494 294 1552 interitu
326 1493 697 1552 liberaretur.
719 1493 780 1551 Si
812 1493 967 1549 enim
1018 1494 1330 1567 quisquam
1364 1511 1568 1551 eorum
1599 1494 1711 1550 tale

82 1584 328 1642 meritum
345 1583 405 1638 in
425 1583 700 1656 praesenti
721 1583 840 1638 vita
859 1583 969 1639 sibi
989 1588 1391 1657 praeparasset,
1407 1601 1709 1657 nunquam

78 1673 309 1745 profecto
338 1673 411 1728 ab
438 1671 542 1729 illo
559 1674 725 1744 justo
748 1672 943 1742 iudice
963 1677 1186 1728 aeternae
1213 1673 1577 1729 damnationi
1598 1679 1712 1729 tra-

78 1764 305 1817 daretur.
329 1761 442 1816 Sed
501 1760 830 1833 cuicunque
878 1760 977 1816 illa
1006 1761 1378 1817 damnatione
1429 1762 1709 1834 puniendi

76 1855 216 1918 sunt,
243 1850 366 1905 sine
392 1848 573 1905 dubio
602 1849 715 1905 tale
740 1849 1015 1905 meritum
1042 1849 1179 1906 hinc
1202 1868 1399 1906 secum
1426 1850 1706 1918 tulerunt,
1736 1883 1787 1967 ἣ

78 1945 124 1967 ..ι
156 1939 300 1967 ειιηιΛ
340 1937 560 1967 ξηᾹεηζη
596 1955 896 1967 ηιιηηιιιινηη
952 1938 1085 1967 ἔπι-1η
1138 1939 1353 1967 “IV—Hd":
1402 1956 1700 1967 n-‘nt‘u‘nm

78 1939 302 2009 utjusto
330 1937 561 2009 judicio
595 1955 900 2010 nunquam
952 1938 1086 1994 inde
1136 1939 1377 2007 absolvi,
1402 1956 1705 2011 nunquam

74 2027 281 2083 liberari
314 2031 671 2082 mereantur.

134 2116 235 2172 Sed
259 2118 323 2171 ut
344 2114 449 2171 illa
470 2114 790 2179 damnatio,
818 2115 969 2179 sicut
981 2117 1166 2189 justa,
1189 2117 1275 2173 sic
1295 2118 1473 2173 etiam
1494 2122 1707 2174 aeterna

74 2222 183 2261 esse
200 2208 507 2272 mereatur,
524 2220 591 2261 ea
607 2221 785 2260 causa
801 2204 907 2260 erit
925 2205 1065 2277 quia
1082 2205 1244 2262 nulla
1254 2207 1380 2277 jam
1399 2212 1709 2280 suppetere

74 2294 260 2367 poterit
275 2291 608 2348 emendatio
626 2293 1075 2366 praeteritorum,
1094 2294 1254 2352 nulla
1267 2297 1586 2368 promereri
1610 2312 1707 2368 po-

74 2382 189 2437 terit
204 2381 524 2438 melioratio
540 2383 598 2438 fu
608 2383 1026 2439 turorum.Erit
1041 2401 1294 2456 namque
1307 2385 1383 2440 ibi
1401 2385 1706 2457 praeteritis

74 2471 221 2526 malis
242 2470 603 2544 pcenitentia,
620 2472 729 2527 erit
745 2471 920 2527 etiam
943 2471 1303 2529 liberationis
1320 2479 1373 2529 et
1393 2473 1705 2547 ereptionis

75 2560 438 2629 desiderium;
475 2561 629 2633 quod
661 2564 859 2617 tamen
888 2560 1117 2616 nullum
1150 2560 1388 2618 habebit
1414 2564 1703 2619 effectum.

76 2649 165 2705 Ubi
184 2666 313 2723 ergo
338 2654 483 2704 tunc
506 2648 615 2705 erit
642 2649 1044 2707 misericordia
1068 2650 1301 2722 Dei,qui
1327 2668 1431 2707 nec
1457 2657 1622 2708 tanta
1651 2656 1709 2709 et

75 2744 178 2793 tam
197 2737 366 2811 longa
392 2736 737 2811 paenitentia
758 2738 909 2795 ﬂecti
932 2740 1144 2812 poterit
1163 2741 1231 2795 ad
1257 2739 1704 2815 indulgendum,

76 2844 164 2882 nec
191 2826 322 2883 ullis
353 2827 771 2889 damnatorum
815 2828 1138 2897 desideriis,
1161 2828 1248 2885 vel
1289 2830 1463 2886 etiam
1496 2848 1704 2906 rogan-

76 2916 203 2970 tium
233 2915 552 2989 gemitibus
578 2916 906 2972 movebitur
939 2918 1009 2972 ad
1038 2916 1445 2974 liberandum?
1466 2920 1534 2974 Et
1561 2937 1704 2992 quo-

74 3004 226 3060 modo
245 3005 479 3072 Justus,
495 3004 594 3077 qui
620 3004 735 3062 ista
758 3008 1131 3063 contemnet?
1151 3006 1258 3071 Qui
1292 3012 1518 3064 tantum
1546 3008 1709 3065 dolo-

74 3110 179 3148 rem
204 3094 593 3158 conscientiae,
613 3098 839 3152 tantam
873 3096 1247 3151 afﬁictionem
1279 3102 1556 3155 creatura:
1588 3115 1707 3154 sua:

72 3199 171 3238 non
218 3182 531 3256 respiciet?
551 3184 705 3252 Quia,
729 3184 992 3255 inquam,
1018 3201 1197 3243 causa
1221 3186 1331 3242 erit
1363 3191 1427 3242 ut
1455 3187 1599 3243 nihil
1626 3188 1707 3243 ibi

71 3251 462 3339 salubre,nibi1
480 3251 833 3345 acceptabilc
850 3251 1217 3345 ﬁeripossit?
1231 3274 1290 3331 Si
1307 3275 1463 3331 enim
1487 3281 1702 3349 posset,
1737 3251 1778 3318 (ἶ

72 3377 356 3433 nunquam
376 3378 411 3415 a
432 3364 600 3417 tanta
620 3360 1039 3430 misericordia,
1058 3380 1361 3435 nunquam
1384 3383 1419 3420 a
1440 3369 1600 3421 tanta
1613 3367 1709 3436 ju-

72 3449 213 3504 stitia
234 3450 787 3521 repudiaretur.Cur
808 3450 1005 3525 itaque
1036 3469 1148 3508 non
1174 3457 1384 3525 potest,
1412 3454 1523 3511 nisi
1546 3455 1705 3527 quia,

73 3538 352 3594 recedente
375 3539 450 3594 ab
474 3539 559 3595 eis
582 3540 821 3612 penitus
844 3539 979 3606 Deo,
1000 3540 1162 3597 nulla
1190 3542 1249 3596 in
1280 3543 1365 3597 eis
1396 3561 1521 3599 esse
1551 3550 1708 3616 pote-
1734 3586 1742 3593 .

72 3626 132 3679 rit
157 3627 341 3699 gratia
370 3627 667 3699 specialis,
698 3645 800 3699 per
825 3646 1002 3701 quam
1033 3629 1115 3684 eis
1146 3631 1395 3686 donetur
1425 3632 1609 3703 pictas
1639 3634 1703 3688 ﬁ-

73 3715 169 3782 dei,
189 3716 309 3789 spei
340 3721 402 3773 et
451 3716 777 3785 charitatis,
803 3722 867 3772 ut
898 3717 996 3773 tali
1030 3718 1243 3790 pietate
1292 3721 1608 3791 pmniteant
1636 3723 1706 3777 de

70 3807 379 3876 praeteritis,
407 3805 515 3862 tali
546 3807 759 3878 pietate
806 3807 1135 3865 desiderent
1160 3809 1230 3865 de
1261 3810 1495 3875 futuris,
1528 3811 1588 3868 id
1619 3818 1708 3869 est

72 3894 149 3965 pie
176 3896 487 3963 credendo,
517 3895 607 3968 pie
638 3897 927 3968 sperando
974 3901 1031 3954 et
1078 3897 1410 3972 diligendo?
1452 3901 1521 3956 Et
1569 3900 1707 3973 quia

64 3984 191 4053 jam,
214 3988 278 4039 ut
308 3984 543 4040 dictum
574 3988 681 4049 est,
707 3985 973 4041 funditus
1003 4002 1037 4041 a
1061 3986 1176 4043 Deo
1207 3990 1482 4060 separati,
1505 3993 1562 4045 et
1583 3989 1707 4046 sola

72 4073 495 4145 omnipotentis:
522 4074 651 4145 ejus
673 4074 886 4130 virtute
917 4073 988 4129 ad
1020 4079 1235 4131 acterna
1266 4077 1556 4150 supplicia
1585 4095 1705 4135 ser-

69 4161 187 4227 vati,
202 4180 520 4236 nunquam
536 4167 812 4236 poterunt
830 4179 958 4220 esse
979 4164 1290 4237 participes
1307 4166 1559 4239 Spiritus
1580 4185 1709 4224 san-

72 4250 152 4317 cti,
166 4251 397 4309 etiamsi
418 4252 499 4322 (α)
519 4252 690 4308 fuerit
708 4251 786 4307 ibi
804 4251 1001 4324 aliqua
1021 4254 1187 4321 ﬁdes,
1202 4253 1321 4311 sive
1337 4272 1407 4312 ex
1425 4258 1709 4314 memoria

73 4340 510 4410 preteriiorum,
553 4357 679 4413 quae
712 4339 806 4396 hic
838 4341 1168 4410 audierunt,
1204 4342 1292 4398 vel
1322 4344 1704 4416 didiscerunt,

71 4428 172 4483 sive
200 4446 267 4484 ex
296 4434 527 4508 terrore
555 4434 613 4485 et
653 4429 1122 4488 manifestatione
1153 4434 1549 4504 praesentium,
1579 4453 1707 4508 quas

71 4520 189 4572 tunc
208 4502 585 4591 apparebunt
609 4534 621 4571 :
651 4517 961 4575 manifesta
983 4502 1202 4577 scilicet
1226 4521 1501 4577 omnibus
1528 4502 1627 4579 Dei
1655 4528 1711 4579 et

1829 697 2096 750 creatura
2117 693 2391 759 Creatori,
2416 697 2534 755 sive
2560 697 2795 769 pietate,
2819 704 2883 754 ut
2912 698 2971 753 in
3003 695 3225 756 sanctis
3254 701 3478 773 angelis

1828 785 1885 836 et
1913 782 2131 839 sanctis
2153 782 2513 856 hominibus,
2539 786 2656 842 sive
2678 786 3042 854 necessitate,
3066 791 3132 845 ut
3160 787 3222 843 in
3254 788 3479 861 angelis

1827 869 2101 944 malignis
2128 876 2184 928 et
2214 872 2552 931 hominibus
2594 875 2813 948 impiis,
2842 875 3181 948 implebitur
3226 878 3479 950 perfecte

1826 960 1981 1030 quod
2010 960 2323 1032 Apostolus
2354 980 2457 1035 per
2484 963 2828 1035 prophetam
2860 964 3142 1037 scriptum
3174 981 3303 1022 esse
3323 983 3467 1023 com-

1824 1053 2130 1115 memorat,
2184 1050 2383 1105 dicens
2418 1068 2432 1107 :
2469 1055 2606 1107 Vivo
2635 1068 2752 1121 ego,
2792 1052 2927 1109 dicit
2984 1056 3255 1110 Dominus
3310 1056 3471 1125 Deus,

1821 1138 1951 1207 quia
1984 1137 2125 1193 mihi
2170 1139 2477 1195 currebant
2524 1142 2709 1196 omnia
2757 1158 2919 1211 genu,
2953 1150 3004 1198 et
3044 1145 3231 1200 omnia
3278 1145 3473 1217 lingua

1819 1227 2162 1295 conﬁtebitur
2188 1229 2416 1284 Domino
2446 1231 2619 1300 (Hom.
2643 1247 2758 1299 xxv,
2792 1230 2899 1301 11).

1894 1313 2053 1370 Unde
2083 1315 2260 1371 etiam
2294 1315 2438 1372 illud
2470 1317 2776 1373 manifeste
2801 1318 2861 1373 in
2892 1319 3093 1375 eodem
3116 1320 3340 1392 judicio
3372 1323 3470 1391 ﬁet

1819 1403 1974 1473 quod
2007 1402 2309 1476 Scriptura
2338 1405 2408 1459 de
2438 1405 2633 1477 impiis
2662 1406 2925 1461 futurum
2952 1408 3252 1479 praedixit:
3282 1412 3470 1466 Dicent

1818 1493 1964 1547 inter
1991 1508 2048 1547 se
2073 1493 2450 1563 paenitentiam
2497 1501 2735 1564 agentes,
2768 1503 2821 1551 et
2845 1511 2965 1566 prae
3014 1499 3270 1568 angustia
3295 1500 3468 1569 spiri-

1817 1586 1902 1635 tus
1932 1580 2168 1637 dolentes
2203 1598 2215 1636 :
2253 1583 2321 1636 lli
2361 1590 2491 1637 sunt
2538 1599 2671 1655 quos
2729 1585 3029 1655 aliquando
3085 1586 3379 1643 habuimus
3410 1589 3473 1644 in

1816 1669 2060 1725 derisum
2089 1677 2140 1725 et
2171 1672 2229 1725 in
2258 1671 2678 1728 similitudinem
2709 1674 3046 1745 improperii.
3070 1676 3175 1732 Nos
3206 1678 3473 1733 insensati

1815 1760 1987 1813 vitam
2020 1759 2243 1815 illorum
2275 1761 2596 1816 .Icstimabus
2636 1763 2932 1827 insaniam,
2948 1770 3000 1819 et
3022 1763 3196 1835 ﬁnem
3244 1766 3470 1825 illorum

1815 1848 1935 1902 sine
1965 1847 2196 1915 honore;
2218 1848 2477 1919 quomodo
2500 1865 2624 1920 ergo
2650 1854 2951 1922 computati
2976 1861 3123 1921 sunt,
3148 1855 3293 1910 inter
3317 1854 3468 1927 ﬁlios

1820 1937 1941 1999 Dei,
1966 1944 2016 1991 et
2035 1938 2178 1991 inter
2194 1944 2406 1993 sanctos
2426 1954 2543 1994 sors
2574 1939 2801 1994 illorum
2820 1944 2938 1996 est?
2972 1943 3114 2009 Ergo
3161 1945 3469 1999 erravimus

1813 2041 1847 2079 a
1878 2026 1968 2080 via
1996 2026 2264 2093 veritatis,
2288 2034 2339 2081 et
2377 2028 2620 2098 justitize
2648 2028 2835 2084 lumen
2878 2046 2989 2085 non
3036 2031 3183 2086 luxit
3209 2034 3386 2101 nobis,
3417 2040 3469 2089 et

1812 2114 1893 2169 sol
1922 2129 2034 2171 non
2080 2122 2161 2170 est
2207 2123 2356 2170 ortus
2385 2117 2540 2171 nobis
2570 2118 2719 2189 (Sap.
2752 2134 2809 2183 v,
2842 2118 2982 2187 3-6),
3015 2122 3072 2175 et
3103 2124 3308 2175 caetera
3339 2138 3466 2194 qua

1814 2201 2126 2274 multiplici
2158 2202 2365 2279 dolore
2388 2203 2562 2276 plena
2591 2205 2688 2261 illo
2715 2206 2807 2261 die
2828 2206 3039 2263 dicturi
3071 2212 3230 2265 sunt.
3251 2209 3310 2265 Si
3331 2226 3469 2282 ergo

1814 2307 1884 2347 ex
1928 2295 2090 2347 tanta
2122 2292 2328 2348 divinae
2358 2293 2611 2360 virtutis,
2638 2298 2696 2350 et
2723 2295 2935 2352 Christi
2991 2296 3226 2352 Domini
3278 2299 3468 2354 mani-

1816 2380 2144 2447 festatione,
2172 2385 2230 2436 et
2260 2386 2477 2438 terrore
2511 2387 2633 2438 tam
2684 2385 2881 2458 magni
2914 2389 2971 2441 et
2998 2388 3119 2441 tam
3169 2387 3469 2451 manifesti

1815 2469 2013 2524 aeterni
2036 2470 2258 2541 judicis
2291 2469 2463 2526 fuerit
2489 2470 2689 2543 aliqua
2718 2472 2864 2527 ﬁdes
2893 2471 2980 2528 vel
3004 2490 3207 2532 eorum
3238 2476 3339 2547 qui
3370 2476 3471 2532 ali-

1816 2559 2052 2630 quando
2091 2559 2480 2623 crediderunt,
2509 2561 2597 2615 vel
2637 2560 2813 2615 etiam
2854 2561 3181 2619 inﬁdelium
3213 2566 3314 2636 qui
3345 2570 3468 2622 tam

1816 2646 2085 2719 praesenti
2112 2649 2418 2719 majestate
2443 2652 2500 2704 et
2520 2652 2738 2705 terrore
2760 2651 2993 2707 credere
3019 2653 3407 2726 compellentu
3420 2673 3465 2724 r,

1817 2735 1898 2791 ita
1919 2741 1982 2790 ut
2005 2736 2063 2791 in
2090 2736 2188 2792 illa
2210 2754 2319 2792 sua
2340 2736 2773 2806 lamentatione,
2798 2739 2953 2794 sicut
2969 2741 3095 2811 jam
3119 2759 3470 2801 commemo-

1816 2825 2307 2892 ravimus,dicant
2326 2842 2339 2880 :
2359 2827 2677 2882 Erravimus
2700 2844 2735 2882 a
2760 2829 2851 2883 via
2872 2830 3140 2897 veritatis,
3168 2839 3221 2886 et
3236 2834 3470 2902 justitiw

1817 2915 2000 2970 lumen
2039 2930 2148 2969 non
2199 2915 2344 2970 luxit
2391 2915 2568 2983 nobis,
2596 2923 2646 2970 et
2673 2916 2756 2971 sol
2804 2933 2917 2973 non
2970 2925 3051 2973 est
3101 2926 3254 2974 ortus
3309 2921 3468 2976 nobis

1815 3003 2009 3074 (Ibid.,
2034 3003 2121 3074 6);
2154 3003 2281 3076 jam
2312 3007 2508 3059 tamen
2541 3003 2674 3060 talis
2707 3005 2850 3060 ﬁdes
2882 3005 2940 3060 in
2972 3004 3090 3061 illis
3121 3007 3241 3079 qui,
3266 3012 3332 3064 ut
3360 3026 3465 3065 saa-

1816 3091 1948 3164 pius
1980 3091 2203 3147 dictum
2226 3096 2334 3157 est,
2357 3092 2589 3165 penitus
2611 3110 2645 3148 a
2664 3093 2778 3149 Deo
2804 3093 3040 3162 deserti,
3062 3112 3169 3151 nec
3189 3095 3309 3153 ulla
3339 3098 3468 3169 ejus

1820 3182 2008 3256 gratia
2037 3180 2313 3237 illustrati
2344 3185 2535 3249 erunt,
2568 3182 2822 3254 profecto
2862 3200 2978 3239 non
3019 3184 3130 3241 erit
3157 3202 3226 3241 ex
3256 3185 3467 3258 pietate

1817 3271 2179 3340 amoris,sed
2210 3287 2281 3326 ex
2327 3270 2672 3327 necessitate
2701 3272 2939 3327 terroris
2970 3288 2983 3327 :
3020 3273 3253 3345 qualem
3302 3280 3360 3330 et
3402 3276 3465 3331 in

1816 3361 2181 3418 daemonibus
2212 3378 2340 3417 esse
2366 3361 2539 3417 ﬁdem
2563 3362 2770 3417 beatus
2788 3362 3041 3419 Jacobus
3063 3364 3363 3436 apostolus
3388 3369 3467 3421 te-

1816 3456 2026 3522 statur,
2052 3451 2250 3507 dicens
2277 3468 2289 3507 :
2317 3457 2380 3507 Et
2402 3452 2674 3509 (Armenes
2699 3452 2946 3522 credunt,
2966 3461 3019 3509 et
3045 3457 3468 3511 contremiscunt

1816 3541 1948 3613 (Jac.
1983 3557 2045 3606 ιι,
2080 3541 2184 3608 19).
2209 3541 2368 3595 Talis
2400 3556 2535 3613 ergo
2568 3542 2712 3597 ﬁdes
2745 3558 2861 3598 non
2900 3541 2984 3599 eis
3021 3542 3239 3598 valebit
3267 3544 3339 3599 ad
3372 3560 3464 3600 sa-

1814 3628 1997 3685 lutem
2028 3630 2128 3685 sed
2170 3629 2241 3683 ad
2297 3629 2721 3697 confusionem,
2746 3635 2810 3685 ut
2860 3632 3359 3702 quemadmodum
3406 3632 3467 3687 in

1815 3718 2042 3791 psalmo
2075 3718 2361 3790 scriptum
2390 3723 2513 3773 est:
2540 3719 2883 3774 Iirubcscant
2905 3726 2957 3774 et
2987 3721 3377 3776 conturbentur
3407 3723 3466 3776 in

1812 3808 2079 3865 saeculum
2119 3808 2331 3875 seaculi,
2362 3815 2413 3863 et
2459 3807 2889 3878 confundantur,
2940 3816 2994 3864 et
3032 3819 3258 3880 pereant
3290 3811 3464 3879 (Psal.

1816 3914 2025 3962 Lxxxn,
2058 3897 2162 3969 18).
2185 3897 2329 3968 Spes
2359 3913 2494 3951 vero
2526 3895 2690 3951 nulla
2711 3898 2838 3969 jam
2869 3896 2930 3952 in
2959 3898 3045 3952 eis
3075 3914 3204 3953 esse
3234 3899 3465 3969 poterit,

1815 3991 2031 4041 aeterna
2052 3985 2343 4041 sententia
2362 3986 2787 4057 condemnatis,
2814 3988 2871 4040 et
2894 3986 2963 4040 de
2992 3984 3331 4042 liberatione
3360 4004 3469 4044 sua

1815 4075 2049 4148 penitus
2073 4072 2397 4144 desperatis
2420 4090 2433 4127 :
2458 4072 2733 4128 similiter
2760 4077 2816 4128 et
2846 4072 3122 4139 charitas,
3145 4090 3263 4144 qua
3286 4078 3343 4129 et
3373 4074 3467 4146 pie

1815 4163 2001 4220 Deum
2025 4162 2292 4235 diligant,
2309 4166 2368 4218 et
2388 4161 2719 4234 proximum
2741 4161 3064 4218 secundum
3086 4161 3386 4230 Deum,vel
3405 4162 3465 4218 in

1815 4254 1952 4322 Deo,
1973 4256 2075 4309 aut
2099 4255 2335 4324 propter
2359 4255 2562 4317 Deum,
2587 4249 2750 4306 nulla
2773 4250 2858 4307 eis
2879 4249 3072 4307 inesse
3092 4252 3465 4323 poterit,cum

1816 4341 2136 4399 deseruerit
2165 4357 2265 4397 eos
2294 4340 2421 4414 ipse
2451 4340 2607 4395 Deus
2657 4338 2932 4408 charitas,
2966 4356 3072 4396 nec
3102 4340 3354 4397 adfuerit
3382 4339 3467 4397 eis

1814 4431 1917 4487 illa
1945 4430 2133 4505 gratia
2169 4429 2441 4502 Spiritus,
2471 4429 2542 4485 de
2591 4445 2707 4502 qua
2752 4428 3065 4501 Apostolus
3092 4430 3236 4485 dicit
3267 4447 3280 4486 :
3316 4431 3468 4502 Quia

1815 4521 2056 4576 charitas
2088 4522 2195 4576 Dei
2221 4520 2420 4591 diffusa
2451 4526 2530 4574 est
2555 4519 2613 4573 in
2642 4518 2893 4575 cordibus
2930 4520 3134 4575 nostris
3157 4535 3259 4590 per
3285 4519 3467 4590 Spiri-

70 4605 258 4665 Christi
291 4608 431 4680 ejus
462 4606 678 4662 virtute
707 4610 764 4662 et
807 4611 1113 4679 potestate,
1138 4613 1257 4664 tam
1288 4608 1348 4665 in
1381 4612 1706 4683 majestate,
1739 4623 1788 4687 D
1819 4619 1934 4667 tum
1961 4618 2232 4677 sanctam,
2263 4610 2362 4681 qui
2397 4608 2557 4665 datus
2600 4616 2679 4664 est
2714 4609 2873 4665 nobis
2902 4612 3077 4678 (Rom.
3110 4625 3166 4675 v,
3196 4608 3272 4680 5),
3302 4612 3358 4664 et
3387 4607 3468 4664 si-

70 4710 177 4766 qua:
207 4697 262 4752 in
295 4698 435 4769 ejus
470 4695 698 4769 judicio
731 4697 1051 4769 apparebit,
1076 4715 1254 4769 quam
1286 4698 1345 4755 in
1377 4705 1591 4758 eterna
1617 4718 1710 4757 re-

69 4786 461 4842 muneratione
498 4786 891 4858 justorum,et
933 4791 1150 4842 aeterna
1174 4788 1548 4846 damnatione
1591 4790 1708 4846 ini-

70 4889 318 4944 quorum.
335 4876 477 4940 Quae
497 4875 702 4947 utique
724 4873 866 4937 nulli
883 4880 1156 4951 poterunt
1178 4893 1304 4935 esse
1326 4878 1543 4952 ignota,
1560 4880 1706 4939 nulli

1818 4700 1943 4758 mul
1975 4700 2048 4756 ab
2077 4698 2160 4755 eis
2192 4697 2516 4763 recesserit,
2540 4701 2597 4753 et
2633 4697 2823 4769 gratia
2850 4697 3083 4753 Domini
3113 4697 3300 4753 nostri
3327 4697 3469 4753 Jesu

1817 4790 2053 4855 Christi,
2083 4792 2140 4844 et
2175 4786 2431 4842 charitas
2480 4786 2602 4852 Dei,
2630 4790 2688 4841 et
2716 4785 3166 4841 communicatio
3216 4784 3469 4858 Spiritus

1818 4879 2024 4938 sancti.
2049 4878 2196 4934 Nam
2227 4881 2284 4932 et
2314 4875 2363 4931 si
2396 4875 2556 4932 dives
2602 4873 2700 4930 ille
2722 4875 2848 4946 jam
2888 4876 3042 4947 apud
3082 4874 3300 4930 inferos
3329 4891 3469 4931 con-

1050 5037 1264 5094 NOT/E
1302 5038 1645 5115 DUVALLlI
1683 5042 2042 5102 DOCTORIS
2080 5036 2478 5096 SORBONICI.

70 5169 175 5222 tum
191 5169 366 5247 primi
384 5171 663 5247 parentes
678 5168 861 5231 fuisse
876 5169 1367 5247 primoinfectum
1379 5189 1591 5247 corpus
1605 5193 1712 5247 per

72 5253 269 5325 semen,
281 5244 342 5295 et
356 5256 401 5323 δε
415 5240 644 5295 semine
661 5240 899 5297 rursum
921 5241 1080 5325 inﬁci
1099 5240 1707 5325 corpus‘seminatdm,

70 5314 116 5392 et
140 5313 270 5366 tunc
301 5311 933 5392 animamexcorpore
958 5311 1316 5392 ipﬁc_i_,_sicu_t
1343 5316 1554 5389 loquor
1585 5311 1711 5392 pre:

70 5379 233 5461 tiosus
253 5399 397 5438 cum
427 5381 736 5461 inquinata
757 5379 880 5461 vasi
904 5379 1251 5441 infunditur.
1277 5379 1709 5461 Quae-quamvis

64 5453 168 5519 jam
198 5453 529 5510 temeraria
540 5453 902 5529 judicentur,
928 5472 1042 5511 non
1088 5462 1354 5529 pugnant
1385 5453 1579 5515 tamen
1608 5478 1706 5516 exc

72 5538 242 5646 gressa
293 5530 511 5581 contra
560 5525 735 5581 ﬁdem
768 5542 780 5581 :
816 5526 1063 5599 ideoque
1089 5525 1410 5585 _malumus
1451 5548 1710 5588 asserere

106 5593 360 5646 cclesiam
397 5596 857 5646 Lugdunensem
901 5599 1185 5646 duntaxat.
1211 5600 1467 5646 vnlnigga
1497 5602 1704 5646 hnrnm

106 5593 362 5670 celesiam
397 5596 867 5670 Lugdunensem
901 5593 1185 5655 duntaxat
1211 5600 1468 5658 voluisse
1497 5602 1708 5660 horum

74 5667 404 5728 sententiam
439 5667 744 5740 damnare,
773 5669 875 5744 qui
929 5670 1188 5731 animam
1248 5676 1382 5732 ante
1430 5673 1708 5734 unionem

367 5797 651 5858 I‘ATBOL.
696 5794 899 5860 CXIX.

1817 5194 1951 5234 cum
1984 5190 2222 5247 corpore
2252 5170 2545 5228 maculam
2576 5168 2919 5240 originalem
2951 5168 3293 5224 contrahere
3324 5182 3467 5223 con-

1816 5249 2172 5393 te?:)ell))%%gt
2201 5315 2377 5393 ﬁdem
2408 5309 2813 5393 aliqualem‘in
2832 5309 3138 5393 damnatis
3169 5326 3470 5393 remansu-

1819 5379 1966 5457 rain',
1993 5389 2148 5461 quod
2181 5402 2306 5461 non
2328 5385 2398 5461 de
2422 5379 2937 5461 _ﬁ_d‘e‘th.eol_og.ica,
2970 5382 3072 5461 sed
3104 5383 3179 5461 de
3207 5381 3470 5461 humana

1818 5466 1875 5517 et
1905 5449 2192 5531 acquisita
2220 5455 2389 5531 debet
2419 5449 2686 5531 intelligi,
2708 5454 2777 5530 et.
2795 5449 2877 5505 sic
2904 5452 3019 5531 qui
3034 5470 3103 5531 ex
3123 5451 3469 5531 Christianis

1818 5520 2149 5593 damnatur,
2176 5524 2495 5594 multorum
2541 5520 2955 5593 mysteriorum
2986 5524 3164 5580 ﬁdem
3194 5522 3468 5594 retinent,

1809 5604 1982 5677 juxta
2029 5592 2175 5656 illud
2212 5592 2416 5653 Jacobi
2447 5608 2461 5647 :
2494 5592 2776 5649 Deeinones
2805 5593 3041 5654 credunt
3088 5604 3140 5657 et
3184 5592 3475 5655 contremi'.

1815 5680 1992 5736 scunt.

3109 5795 3145 5861 7
