3896 6198
393 327 509 387 203

1491 322 1717 387 FLORI
1763 319 2080 384 DIACONI
2126 319 2694 383 LUGDUNENSIS.

3690 302 3805 378 204.

392 463 706 516 demnatus
729 460 937 515 fratres
959 476 1118 529 suos,
1142 474 1290 531 quos
1310 458 1370 514 in
1391 474 1564 516 carne
1587 456 1919 530 reliquerat,
1945 470 2040 511 ve-
2070 454 2126 521 Α
2152 458 2366 510 aeterno
2394 459 2447 511 et
2472 455 2634 526 justo
2668 453 2893 527 judicio
2924 455 3046 528 [al.,
3062 454 3285 528 judice]
3314 453 3685 519 liberandos,
3708 453 3801 510 sed

389 550 479 606 lut
509 549 835 605 secundum
866 550 1048 605 Deum
1081 548 1352 605 dilexisse
1388 549 1636 614 videtur,
1669 564 1774 621 pro
1802 546 2039 619 quibus,

390 656 462 695 ne
483 639 542 693 in
565 638 733 693 illum
756 638 950 693 locum
971 642 1398 694 tormentorum
1421 638 1683 694 venirent
1700 636 1908 692 anxius
1928 637 2042 690 sat-

388 728 598 801 agebat
638 732 695 783 et
741 727 1166 800 deprecabatur
1205 730 1358 797 (Luc.
1390 727 1645 799 xv1,27);
1678 743 1793 782 non
1842 729 2039 781 tamen

386 833 519 873 vere
541 816 866 872 secundum
891 816 1075 871 Deum
1102 816 1296 881 fiebat,
1321 816 1475 889 quod
1499 832 1615 870 non
1647 814 1931 870 instinctu
1953 813 2044 868 di-

385 905 531 961 vinae
553 902 877 973 charitatis,
903 904 1003 961 sed
1027 904 1115 960 vel
1146 908 1365 961 terrore
1393 904 1698 978 praesentis
1720 902 2043 958 damnatio-

392 992 505 1061 nis,
533 991 621 1048 vel
653 1008 850 1048 amore
882 991 1153 1047 humanae
1186 992 1505 1048 affectionis
1536 991 1608 1046 ab
1639 1006 1706 1046 eo
1737 993 2041 1059 extorque-

395 1084 586 1138 batur.
610 1081 755 1145 Quia
786 1098 921 1154 ergo
955 1080 1117 1136 nulla
1153 1082 1278 1152 jam
1312 1080 1368 1135 in
1396 1079 1480 1135 eis
1511 1070 1641 1135 esse
1690 1077 1901 1151 poterit
1942 1092 2047 1148 per

395 1170 887 1226 illuminationem
910 1169 1010 1225 Dei
1031 1174 1087 1226 et
1108 1171 1327 1225 donum
1352 1169 1605 1241 Spiritus
1629 1166 1838 1231 sancti,
1859 1165 2044 1238 pietas

397 1259 626 1328 ﬁdei,et
647 1258 948 1314 charitatis
981 1258 1142 1314 nulla
1171 1259 1335 1314 bonae
1358 1258 1478 1330 spei
1503 1255 1882 1328 exspectatio;
1916 1254 2044 1309 ideo

396 1347 559 1403 nulla
583 1365 785 1404 eorum
818 1348 1159 1420 pmnitentia
1179 1348 1250 1403 de
1281 1347 1608 1420 praeteritis,
1632 1344 1861 1401 nullum
1893 1342 2046 1399 desi-

395 1438 626 1493 derium
649 1438 720 1493 de
746 1438 962 1493 futuris
989 1455 1023 1492 a
1043 1438 1208 1509 justo
1237 1440 1294 1492 et
1323 1435 1685 1492 misericordi
1709 1434 1911 1506 judice
1941 1450 2044 1490 su-

396 1525 703 1598 scipietur;
739 1526 877 1598 quia
907 1527 1027 1581 haec
1075 1531 1216 1582 tunc
1245 1543 1362 1582 non
1391 1528 1564 1582 erunt
1610 1541 1677 1580 ex
1727 1523 1961 1597 pietate,
1993 1525 2050 1578 et

401 1632 600 1672 amore
619 1614 824 1670 divinas
857 1616 1075 1688 gratiaa,
1100 1616 1198 1671 sed
1222 1619 1454 1671 tantum
1475 1631 1540 1670 ex
1572 1613 1916 1669 necessitate
1944 1611 2048 1668 tri-

402 1704 718 1761 bulationis
749 1708 806 1759 et
835 1706 1138 1775 angustiae.
1168 1705 1333 1760 Tunc
1364 1703 1562 1774 itaque
1594 1702 1892 1758 subtracto
1922 1719 1955 1757 a
1988 1717 2049 1757 se

2150 547 2339 600 totum
2362 543 2473 600 hoc
2502 544 2587 600 eis
2619 543 2881 618 proﬁciet
2905 544 2977 600 ad
3007 548 3391 612 tormentum,
3411 561 3533 600 non
3566 544 3645 599 ad
3677 559 3800 599 con-

2151 632 2454 689 solationis
2484 632 2758 690 solatum.
2783 633 2879 689 Sic
2899 632 3071 690 etiam
3106 636 3384 706 poterunt
3412 634 3637 689 habere
3659 631 3803 688 desi-

2153 721 2380 777 derium
2407 722 2714 794 cujusdam
2759 721 3144 779 beatitudinis
3174 740 3317 790 suae,
3339 725 3441 795 [[2,
3487 723 3582 779 hic
3609 723 3806 778 subau~

2150 810 2411 866 diendum
2441 816 2574 879 non]
2608 816 2674 867 ut
2711 812 2784 866 ab
2829 810 2948 866 illis
2979 812 3289 868 tormentis
3336 812 3488 879 erui,
3510 816 3568 867 et
3624 811 3810 884 aliqua

2152 916 2292 972 pace
2320 898 2406 955 vel
2439 900 2632 972 quiete
2659 900 2988 973 refrigerari
3021 906 3377 958 mereantur.

2224 990 2421 1062 Ipsam
2453 993 2651 1045 autem
2681 989 2981 1046 veritatem
3014 989 3137 1060 Dei,
3161 990 3352 1063 ipsam
3386 990 3807 1046 beatitudinem

2152 1077 2255 1134 Dei
2287 1093 2460 1133 nosse
2489 1081 2547 1134 et
2576 1078 2908 1135 desiderare
2937 1078 3156 1136 donum
3200 1084 3292 1137 est
3333 1080 3595 1152 piorum,
3623 1084 3682 1135 et
3718 1080 3809 1137 Dei

2154 1166 2363 1241 spiritu
2395 1166 2883 1237 illuminatorum,
2906 1185 3022 1224 non
3052 1169 3371 1241 impiorum
3403 1174 3698 1242 perpetua
3717 1186 3809 1225 ca:-

2154 1257 2327 1313 citatc
2349 1260 2523 1329 atque
2548 1255 2884 1313 infelicitate
2907 1259 3349 1327 damnatorum;
3378 1258 3522 1331 quia
3546 1258 3659 1314 etsi
3695 1259 3807 1315 fue-

2157 1346 2273 1401 rint
2302 1344 2381 1401 ibi
2412 1344 2591 1417 aliqui
2638 1345 2906 1402 fortassis
2936 1347 3058 1419 qui,
3082 1363 3151 1402 ex
3195 1346 3290 1404 his
3338 1348 3440 1420 qui
3492 1347 3807 1420 aliquando

2157 1435 2525 1491 crediderant
2545 1439 2601 1490 et
2616 1440 3025 1507 cognoverant,
3046 1436 3423 1493 meminerint
3438 1436 3810 1510 aliquatenus

2157 1523 2348 1597 ipsius
2375 1523 2636 1580 veritatis
2665 1522 2751 1580 vel
2783 1524 3184 1590 beatitudinis,
3208 1526 3278 1581 ad
3310 1525 3421 1582 hoc
3458 1530 3702 1582 tantum
3730 1526 3807 1582 eis

2156 1612 2371 1669 valebit
2389 1612 2520 1685 ipsa
2535 1612 2836 1682 memoria,
2853 1618 2918 1669 ut
2939 1614 3128 1687 magis
3150 1614 3406 1683 doleant,
3421 1614 3617 1689 magis
3636 1616 3810 1689 poeni-

2160 1706 2338 1767 teant,
2354 1702 2542 1775 magis
2555 1703 2718 1773 juste
2738 1702 3046 1760 damnatos
3069 1720 3129 1759 se
3148 1720 3275 1760 esse
3297 1710 3684 1779 cognoscant.
3710 1705 3808 1760 De-

398 1794 633 1866 penitus
663 1793 871 1849 divinae
903 1793 1316 1849 illustrationis
1346 1792 1588 1886 lumine,
1612 1794 1669 1848 et
1699 1792 1771 1847 ab
1793 1790 1892 1886 illo
1914 1808 2050 1863 gau-
2079 1821 2126 1886 Β
2160 1790 2486 1847 siderantes
2518 1792 2755 1862 quidem
2811 1791 3025 1886 habere
3076 1795 3310 1866 tempus
3340 1795 3725 1860 emendandi,
3755 1800 3810 1850 ut

400 1882 687 1954 dio,quod
719 1883 871 1937 bono
903 1885 959 1937 et
990 1881 1144 1937 fideli
1190 1899 1352 1938 servo
1401 1880 1786 1953 promittitur,
1820 1879 2045 1935 dicente

402 1971 683 2026 Domino:
714 1972 863 2026 Intra
910 1974 967 2026 in
1007 1971 1270 2041 gaudium
1300 1972 1522 2027 Domini
1550 1971 1634 2025 tui
1663 1970 1881 2040 (Matth.
1915 1985 2044 2035 xxv,

400 2062 512 2129 21),
541 2060 775 2131 penitus
805 2059 1021 2115 exclusi
1045 2065 1103 2115 et
1124 2059 1359 2116 alienati
1382 2059 1768 2115 remanebunt
1787 2062 1948 2114 extra
1966 2058 2051 2113 lu-

402 2165 535 2204 men
562 2148 692 2216 Dei;
715 2153 773 2203 et
795 2147 902 2203 hoc
926 2165 939 2202 :
966 2149 1083 2203 Erit
1100 2149 1179 2204 eis
1201 2149 1347 2203 mitti
1368 2149 1426 2203 in
1457 2149 1706 2204 tenebras
1734 2149 2047 2213 exteriores,

403 2238 460 2290 et
489 2235 548 2289 in
582 2234 742 2290 illam
765 2240 997 2291 noctem
1020 2235 1374 2292 horrendam
1396 2236 1466 2292 de
1490 2252 1607 2308 qua
1624 2235 1909 2292 Dominus
1931 2235 2047 2292 ait:

405 2324 558 2380 Venit
597 2340 710 2379 nos:
737 2324 952 2397 quando
1000 2340 1156 2380 nemo
1198 2332 1375 2397 potest
1413 2327 1631 2397 operari
1660 2327 1835 2394 (Joan.
1872 2340 1948 2395 Ix,
1974 2325 2049 2397 4).

401 2414 471 2468 Et
502 2412 614 2468 alio
646 2413 770 2469 loco
798 2414 1254 2469 misericorditer
1278 2414 1570 2481 admonet,
1592 2414 1794 2470 dicens
1818 2430 1831 2468 :
1857 2416 2054 2469 Ambu-

406 2501 665 2575 tate‘dum
691 2504 866 2557 lucem
887 2503 1115 2570 habetis,
1131 2520 1201 2559 ne
1224 2505 1461 2560 tenebrae
1487 2519 1579 2559 vos
1605 2503 2057 2575 comprehendant

406 2562 590 2662 (Jorin.
613 2608 713 2660 xn,
737 2592 932 2663 35).Et
959 2562 1219 2663 idco'qui
1252 2592 1311 2646 in
1343 2591 1560 2649 talibus
1590 2562 1846 2649 tenebris
1879 2597 2055 2665 atque

405 2680 465 2736 in
496 2680 596 2736 tali
628 2684 794 2736 nocte
837 2685 1027 2748 erunt,
1063 2680 1207 2736 nihil
1246 2682 1371 2752 jam
1419 2685 1693 2754 poterunt
1722 2682 1816 2753 pie
1847 2686 1905 2737 et
1934 2682 2054 2737 fru-

408 2774 608 2826 ctuose
628 2768 1045 2841 operari,quod
1068 2768 1153 2826 vel
1189 2786 1223 2824 a
1246 2771 1409 2841 justo
1431 2771 1632 2842 judice
1661 2764 2056 2843 possit‘susci-

407 2859 486 2931 pi,
508 2858 596 2913 vel
628 2859 781 2914 unde
811 2857 923 2930 ipsi
955 2863 1289 2914 mereantur
1327 2860 1399 2915 ab
1440 2858 1540 2914 illa
1569 2862 1784 2915 aeterna
1813 2859 2058 2915 damna-

407 2947 565 3003 tione
594 2947 847 3003 liberari.
873 2947 940 3002 Et
969 2947 1109 3019 quia
1150 2947 1315 3002 nulla
1352 2948 1563 3019 poterit
1589 2963 1718 3004 esse
1747 2947 1843 3020 pia
1872 2948 2056 3021 pmni-

405 3035 608 3105 tentia,
632 3035 796 3091 nulla
824 3035 934 3091 erit
970 3035 1165 3091 delicti
1206 3034 1599 3107 indulgentia;
1633 3040 2059 3109 consequenter

2159 1884 2399 1952 possent
2428 1881 2669 1935 evadere
2713 1879 3091 1953 supplicium,
3126 1899 3231 1939 nec
3280 1887 3476 1939 tamen
3528 1883 3812 1940 habentes

2158 1968 2432 2040 pietatem
2468 1969 2652 2042 ipsius
2684 1969 3107 2043 desiderii,qua
3138 1977 3585 2044 promereantur
3603 1973 3813 2029 Deum.

2158 2057 2232 2129 (b)
2251 2058 2447 2114 Cesset
2467 2058 2662 2131 itaque
2684 2059 2792 2115 iste
2812 2076 2911 2116 eos
2928 2060 3035 2131 qui
3060 2076 3093 2116 a
3115 2059 3231 2116 Deo
3252 2078 3368 2117 non
3392 2061 3818 2119 illuminabun-

2159 2152 2277 2215 tur,
2302 2152 2359 2203 et
2388 2146 2620 2204 alienati
2645 2165 2678 2203 a
2701 2148 2819 2204 vita
2843 2148 2967 2217 Dei,
2990 2148 3153 2204 nulla
3178 2150 3439 2207 veritatis
3470 2156 3529 2207 et
3558 2152 3818 2208 beatitu-

2160 2235 2315 2293 dinis
2344 2236 2652 2293 dulcedine
2680 2236 3160 2309 consolabuntur,
3183 2239 3375 2296 dicere
3401 2257 3516 2296 non
3550 2257 3691 2298 esse
3722 2244 3821 2297 mi-

2161 2341 2320 2380 seros
2352 2340 2456 2380 nec
2486 2325 2815 2381 damnatos.
2841 2325 2985 2391 Quia
3034 2325 3155 2381 haec
3185 2330 3275 2383 est
3303 2344 3441 2384 vera
3486 2331 3545 2384 et
3595 2332 3820 2385 aeterna

2162 2413 2400 2470 miseria
2431 2413 2669 2470 alienari
2700 2431 2735 2470 a
2765 2414 2935 2471 beata
2960 2414 3097 2471 vita.
3124 2415 3191 2471 Et
3216 2414 3375 2472 nulla
3402 2419 3594 2490 major
3627 2423 3822 2490 potest

2162 2519 2290 2559 esse
2321 2502 2640 2571 damnatio,
2672 2519 2850 2576 quam
2898 2503 3134 2576 penitus
3162 2504 3389 2561 excludi
3438 2510 3499 2561 et
3547 2508 3763 2581 repelli
3793 2525 3823 2564 a

2164 2591 2300 2659 Deo,
2326 2595 2382 2647 et
2404 2590 2625 2647 nullam
2651 2609 2837 2665 spem,
2861 2591 3090 2649 nullum
3114 2609 3418 2649 recursum
3441 2595 3573 2666 jam
3600 2595 3823 2653 habere

2165 2696 2335 2753 posse
2377 2680 2447 2735 ad
2498 2680 2886 2737 Deum.Unde
2938 2680 3267 2737 consideret
3318 2682 3510 2740 fidelis
3566 2686 3823 2759 quisque

2166 2784 2343 2841 quam
2363 2785 2580 2825 vanum
2611 2772 2669 2825 et
2697 2769 2973 2825 insanum
3005 2770 3081 2825 sit
3112 2771 3268 2842 quod
3299 2771 3409 2827 iste
3444 2775 3750 2830 conatur?
3768 2780 3826 2830 ut

2167 2859 2265 2930 qui
2296 2859 2368 2913 de
2408 2858 2524 2914 Deo
2573 2858 2726 2914 beati
2776 2875 2903 2915 esse
2950 2876 3254 2932 nunquam
3313 2865 3615 2934 poterunt,
3651 2880 3728 2919 ex
3772 2880 3826 2920 se

2164 2948 2311 3021 ipsis
2343 2949 2545 3005 beatos
2581 2965 2709 3004 esse
2753 2963 2923 3021 posse
2952 2949 3265 3005 contendat
3295 2965 3309 3005 :
3342 2948 3400 3004 id
3432 2954 3524 3006 est
3577 2969 3697 3007 nos
3728 2952 3826 3008 ali-

2167 3054 2285 3110 qua
2314 3038 2415 3093 Dei
2446 3037 2654 3112 gratia,
2677 3038 2779 3093 sed
2822 3036 3198 3110 quibusdam,
3222 3042 3289 3093 ut
3328 3038 3453 3112 ipse
3491 3045 3699 3113 putat,
3730 3043 3823 3097 bo-

406 3142 511 3181 nec
544 3125 700 3180 ullus
730 3124 866 3180 ﬁnis
908 3123 1203 3196 supplicii.
1231 3124 1298 3178 Et
1326 3141 1690 3196 quaecunque
1719 3124 1778 3180 in
1811 3125 1895 3181 eis
1925 3141 2055 3182 esse
2090 3190 2123 3200 Α
2167 3128 2259 3184 nis
2290 3131 2531 3183 naturae.
2565 3126 2698 3191 Quae
2730 3126 2960 3183 etiamsi
3000 3128 3369 3200 omnipotens
3399 3128 3562 3185 Deus
3602 3131 3670 3187 in
3716 3131 3823 3187 illis

404 3214 620 3287 poterit
657 3190 1271 3269 recordatio—veritatis
1303 3190 1422 3267 sive
1463 3190 1859 3281 beatitudinis,
1889 3217 2053 3270 tanta
2083 3190 2125 3258 θ
2164 3215 2602 3288 relinquat,erit
2622 3215 2672 3271 ei
2704 3216 2776 3271 ad
2806 3190 3208 3272 testimonium
3239 3234 3357 3273 suae
3379 3217 3705 3291 bonitatis,
3724 3222 3824 3278 erit

405 3304 515 3359 erit
535 3306 756 3374 quanta
774 3301 1035 3356 humano
1058 3317 1231 3356 sensu
1254 3300 1341 3355 vel
1377 3302 1628 3357 tenuiter
1655 3306 1847 3374 potest
1875 3303 2049 3358 attin-

405 3391 483 3465 gi,
507 3409 624 3447 non
656 3389 851 3463 qualis
872 3405 975 3461 per
995 3388 1096 3444 Dei
1122 3388 1368 3462 gratiam
1393 3389 1539 3446 solet
1568 3391 1861 3463 inspirari.
1886 3394 2051 3448 Tunc

404 3480 560 3536 enim
592 3478 934 3552 implebitur
954 3478 1111 3549 quod
1146 3477 1476 3535 terribiliter
1507 3480 1825 3552 unicuique
1856 3481 2050 3555 Scrip-

405 3573 540 3624 tura
569 3568 741 3633 dicit;
776 3571 833 3623 et
872 3568 1282 3624 tantummodo
1309 3577 1427 3625 sota
1460 3571 1672 3626 vexatio
1719 3571 2051 3627 intellectum

403 3658 557 3713 dabit
585 3655 804 3712 auditui
833 3658 958 3726 (Isa,
988 3672 1185 3724 xxvm,
1217 3656 1331 3727 19);
1383 3661 1440 3713 et
1492 3658 1701 3715 iterum
1736 3676 1749 3714 :
1786 3661 1926 3729 Quia
1954 3677 2054 3717 nec

405 3762 558 3819 opus,
580 3762 680 3802 nec
704 3747 867 3814 ratio,
892 3761 989 3801 nec
1017 3746 1305 3817 sapientia,
1337 3763 1435 3802 nec
1470 3750 1700 3804 scientia
1718 3757 1880 3806 erunt
1906 3750 2051 3823 apud

405 3839 629 3909 inferos,
658 3851 760 3908 quo
790 3843 847 3890 tu
874 3850 1135 3907 properas
1160 3835 1348 3907 (Eccte.
1379 3853 1454 3904 1x,
1484 3838 1590 3907 10).
1615 3838 1853 3895 Nullum
1883 3857 2050 3896 nam-

405 3943 517 3999 que
536 3925 615 3981 ibi
637 3924 747 3981 erit
767 3940 915 3996 opus
936 3924 1154 3980 bonum
1182 3923 1415 3998 aliquod
1441 3926 1711 3983 meritum
1745 3930 2049 4001 acquiren-

404 4016 483 4084 di,
506 4014 670 4072 nulla
697 4013 844 4069 ratio
867 4012 954 4068 vel
978 4014 1142 4084 juste
1168 4015 1606 4082 excusandi,vel
1630 4016 1804 4091 digne
1824 4018 2051 4075 satisfa-

402 4105 615 4173 ciendi,
636 4102 797 4160 nulla
817 4102 1102 4174 sapientia
1126 4119 1194 4159 ex
1214 4104 1601 4161 illustrations
1621 4106 1900 4175 veritatis,
1924 4107 2051 4164 nul-

402 4193 461 4248 la
489 4192 733 4248 scientia
760 4190 819 4244 in
850 4190 1119 4246 exercitio
1159 4191 1410 4264 alicujus
1439 4191 1672 4248 virtutis
1705 4208 1719 4247 :
1755 4196 2049 4265 quomodo

401 4297 538 4354 ergo
556 4281 727 4351 juxta
745 4279 923 4334 istum
949 4278 1250 4336 habebunt
1271 4280 1665 4352 cognitionem
1695 4285 1752 4336 et
1781 4281 2047 4339 notitiam

399 4368 679 4434 veritatis,
704 4369 872 4440 cujus
904 4373 959 4424 et
989 4368 1417 4425 illuminatione
1463 4373 1520 4424 et
1560 4370 2048 4443 contemplatione

401 4457 753 4514 aeternaliter
780 4457 989 4529 privati
1015 4460 1224 4514 erunt?

2159 3304 2209 3361 ei
2242 3303 2356 3359 illis
2387 3305 2458 3359 ad
2488 3302 2888 3360 testimonium
2913 3304 3088 3376 justas
3120 3304 3518 3363 damnationis
3553 3324 3568 3362 :
3600 3314 3672 3364 ut
3717 3309 3821 3383 ipsi

2158 3393 2332 3450 etiam
2385 3393 2614 3466 possint
2665 3409 3013 3466 cognoscere
3048 3393 3347 3450 veritatem
3395 3396 3555 3468 justi
3610 3399 3821 3470 judicii

2158 3483 2218 3538 in
2253 3500 2314 3539 se
2342 3482 2651 3555 expletam,
2675 3487 2853 3555 atque
2901 3483 2984 3540 ita
3027 3499 3134 3540 suo
3181 3483 3357 3541 etiam
3396 3486 3637 3558 judicio
3686 3495 3837 3545 con-’

2159 3573 2528 3629 damnentur.

2230 3665 2300 3735 (ο)
2313 3661 2470 3717 Hanc
2482 3660 2840 3718 horribiliter
2852 3660 3206 3719 ineffabilem
3221 3666 3277 3719 et
3294 3664 3524 3721 ineffabi
3535 3666 3550 3721 l
3561 3666 3681 3722 iter
3698 3667 3822 3723 hor-

2157 3751 2387 3808 ribilem
2431 3750 2768 3824 iniquorum
2801 3756 2858 3807 et
2887 3751 3204 3824 impiorum
3231 3753 3688 3811 damnationem
3725 3757 3822 3812 ab-

2159 3857 2304 3913 sque
2330 3839 2450 3895 ulla
2480 3840 2875 3896 consolatione
2904 3840 3109 3896 divinae
3141 3840 3561 3911 miserationis,
3593 3845 3822 3917 absque

2159 3929 2280 3985 ulla
2308 3928 2734 3985 illuminatione
2753 3928 3031 3997 veritatis,
3057 3930 3262 3987 beatus
3290 3932 3675 4004 Augustinus
3696 3935 3823 3990 bre-

2156 4018 2304 4075 viter
2321 4018 2402 4074 ita
2415 4017 2689 4084 inculcat,
2703 4022 2760 4073 ct
2775 4018 3133 4074 omnimodis
3150 4020 3465 4075 cavendam
3488 4026 3824 4092 praemonet

2158 4108 2359 4163 dicens
2392 4124 2405 4162 :
2442 4105 2709 4174 [Cavendi
2740 4110 2880 4163 sunt
2910 4106 3214 4163 inferiores
3242 4107 3434 4175 inferi,
3467 4107 3523 4164 id
3560 4116 3663 4168 est
3691 4115 3825 4185 post

2157 4196 2309 4252 hanc
2337 4195 2515 4252 vitam
2547 4213 2728 4269 pcenae
2768 4195 3080 4269 graviores,
3114 4196 3215 4251 ubi
3247 4196 3410 4253 nulla
3453 4202 3663 4270 potest
3692 4217 3821 4257 esse

2157 4284 2635 4340 commemoratio
2658 4284 2939 4353 veritatis,
2970 4288 3045 4353 et,
3071 4283 3211 4357 quia
3248 4285 3413 4342 nulla
3443 4292 3533 4343 est
3575 4290 3818 4345 ratioci-

2157 4374 2335 4442 natio,
2359 4374 2489 4430 ideo
2514 4372 2676 4430 nulla
2702 4372 2945 4430 rationis
2967 4373 3136 4439 actio,
3165 4374 3303 4447 quia
3330 4392 3447 4431 non
3480 4375 3655 4434 illam
3690 4396 3815 4451 per-

2156 4462 2380 4519 fundet.
2416 4464 2621 4519 Lumen
2649 4480 2858 4532 verum,
2881 4462 3022 4535 quod
3052 4463 3337 4520 illuminat
3362 4481 3582 4522 omnem
3635 4468 3816 4525 homi-

471 4546 545 4619 (a)
568 4547 864 4611 Quomodo
889 4546 1192 4602 habebunt
1214 4546 1480 4617 ejusdem
1501 4546 1760 4605 veritatis
1780 4552 1836 4605 et
1866 4550 2049 4607 beati-
2079 4548 2127 4614 D
2157 4568 2281 4608 nem
2308 4553 2610 4608 venientem
2639 4554 2700 4608 in
2741 4553 2885 4607 hunc
2928 4551 3199 4607 mundum
3223 4553 3398 4620 (Joan.
3432 4571 3473 4621 ι,
3503 4556 3588 4627 9).
3625 4556 3818 4622 Quare

397 4636 621 4692 tudinis
640 4635 1016 4705 desiderium,
1038 4635 1097 4689 in
1124 4634 1340 4706 quibus
1365 4635 1563 4692 nullus
1592 4635 1701 4692 erit
1730 4653 1895 4694 amor
1923 4640 2043 4711 pie-

396 4726 554 4791 tatis,
576 4743 691 4798 quo
722 4729 824 4780 aut
853 4724 1065 4779 veritas
1088 4739 1220 4778 vere
1251 4722 1548 4796 diligatur,
1572 4729 1673 4780 aut
1699 4742 1834 4783 vera
1865 4727 2045 4784 beati-

398 4816 539 4871 tudo
556 4814 836 4870 veraciter
856 4811 1253 4868 desideretur?
1268 4812 1546 4868 Poterunt
1566 4814 1812 4871 fortasse
1834 4816 2048 4874 habere

399 4905 715 4976 quamdam
747 4900 1049 4957 scientiam
1081 4899 1341 4955 veritatis
1380 4900 1441 4955 in
1481 4917 1546 4957 eo
1586 4904 1741 4974 quod
1773 4921 1835 4961 se
1867 4921 2045 4978 agno-

397 4998 561 5048 scent
588 4994 797 5065 dignos
828 4988 1045 5044 talibus
1077 5000 1204 5044 esse
1228 4984 1558 5060 suppliciis,
1589 4992 1743 5063 quod
1774 5010 1835 5049 se
1867 5011 2043 5068 agno-

2153 4640 2521 4709 festinemus,
2545 4644 2602 4697 et
2630 4640 3001 4697 ambulemus
3030 4657 3162 4697 cum
3195 4640 3319 4698 dies
3350 4647 3562 4715 presto
3597 4651 3718 4713 est,
3746 4664 3817 4702 ne

2155 4746 2263 4787 nos
2291 4730 2542 4786 tenebrae
2564 4728 3090 4805 comprehendant;
3114 4730 3461 4788 festinemus
3482 4750 3519 4788 a
3545 4736 3821 4791 secunda

2154 4822 2342 4875 morte
2371 4817 2626 4888 liberari,
2650 4818 2751 4874 ubi
2782 4835 2953 4876 nemo
2983 4822 3072 4875 est
3100 4820 3199 4892 qui
3231 4836 3457 4877 memor
3481 4821 3727 4893 sit'Dei,
3763 4831 3821 4881 et

2155 4908 2227 4964 ab
2268 4908 2515 4975 inferno,
2542 4907 2643 4965 ubi
2686 4925 2858 4965 nemo
2889 4908 3263 4964 confitebitur
3304 4909 3464 4978 Deo.]
3491 4911 3644 4967 Item
3678 4931 3816 4969 cum

2154 5002 2463 5070 exponeret
2488 4996 2663 5054 verba
2692 4996 2903 5071 psalmi
2934 4998 3034 5053 ubi
3065 4998 3291 5054 dictum
3321 5002 3412 5054 est
3439 5016 3451 5055 :
3489 5004 3555 5056 In
3586 5004 3817 5075 inferno

396 5086 560 5137 scent
582 5083 746 5153 justo
787 5077 1011 5149 judicio
1058 5076 1498 5145 condemnatos,
1523 5095 1629 5135 nec
1677 5098 1939 5155 unquam
1971 5084 2043 5140 ab
2151 5095 2331 5143 autem
2373 5089 2498 5159 quis
2542 5088 2886 5159 conﬁtebitur
2910 5087 3053 5144 tibi?
3079 5088 3247 5160 (Psat.
3275 5104 3353 5157 v1,
3383 5089 3465 5158 6.)
3495 5093 3816 5150 confessus

1379 5183 1595 5240 NOTAE
1632 5186 1974 5246 DUVALLII
2012 5190 2366 5248 DOCTORIS
2407 5193 2807 5251 SORBONICI.
3626 5194 3631 5197 ’

466 5279 542 5344 (a)
571 5274 665 5329 Ait
695 5274 1004 5329 damnatos
1036 5286 1149 5324 non
1179 5270 1309 5324 ferri
1343 5271 1626 5330 desiderio
1648 5274 1707 5331 in
1731 5277 2041 5335 beatitudi-

396 5363 551 5423 nem,
577 5345 687 5423 sed
708 5344 1200 5423 seipsumpostea
1226 5344 1462 5423 exponit
1485 5346 1655 5423 :_Non
1687 5347 1923 5423 habent,
1949 5351 2037 5405 in-

394 5418 541 5488 quit,
567 5412 1029 5491 desiderium,_id
1057 5417 1148 5491 est
1184 5412 1778 5491 pietatemdesiderii,
1804 5412 1942 5491 quia
1970 5439 2039 5478 ex

394 5482 591 5563 amore
634 5484 732 5563 _sui
780 5482 1346 5563 ino.rdi_natio,_nullo
1385 5485 1581 5545 habito
1638 5482 1903 5563 respectu
1962 5493 2036 5549 ad

390 5561 597 5628 Deum,
632 5556 822 5628 ipsam
852 5553 1201 5628 desiderant.

463 5627 538 5711 (b)
570 5626 890 5687 Accedebat
917 5626 1163 5706 Erigena
1191 5627 1264 5687 ad
1293 5627 1559 5691 haeresim
1592 5631 1808 5711 Pelagii
1835 5632 2033 5696 volens

2148 5281 2457 5358 damnatos
2474 5282 2586 5358 frui
2605 5283 2969 5358 beatitudine
2987 5284 3405 5358 naturalislmo
3426 5287 3598 5358 pejus
3615 5292 3816 5347 multo

2149 5369 2327 5443 quam
2338 5352 2622 5443 Pelagius
2633 5355 2956 5443 ‘sentiebat,
2971 5356 3111 5443 quia
3133 5357 3289 5443 quod
3316 5352 3553 5443 tantum
3572 5360 3648 5443 de
3681 5378 3817 5443 par-

2145 5421 2298 5503 vulis
2326 5421 2741 5503 decedentibus
2767 5421 3312 5503 absque-baptismo
3342 5432 3656 5503 statuerat,
3682 5421 3701 5487 i

2146 5495 2216 5575 de
2248 5497 2650 5575 peccatoribus
2671 5495 3313 5575 adultis'contexidebat.
3334 5530 3406 5541 —-
3430 5495 3811 5575 Belial-inim,

2142 5564 2295 5642 lib.)
2315 5568 2399 5642 _d_e
2419 5568 2796 5642 _Purgatorio,
2816 5584 2956 5642 _cap.
2990 5567 3045 5623 9.

2214 5640 2283 5712 (ο)
2315 5638 2499 5699 Multa
2519 5638 2792 5699 decerant
2815 5638 2931 5715 hic,
2956 5640 3208 5721 reposita
3228 5657 3296 5703 ex
3319 5657 3434 5705 ms.
3460 5641 3600 5707 Cod.
3630 5647 3811 5709 Corb.
