3896 6198
62 387 163 459 205

1018 393 1247 454 LIBER
1292 395 1698 456 ADVERSUS
1742 395 2110 457 JOANNEM
2150 397 2489 459 SCORUM.

3333 403 3455 465 206

60 523 156 587 est,
186 518 394 591 inquit,
426 519 490 576 in
524 520 752 578 inferno
798 521 895 579 ille
943 523 1124 591 dives,
1158 525 1229 581 de
1260 542 1374 598 quo
1406 525 1690 583 Dominus
1718 527 1771 595 Α
1803 527 2655 599 posseinveniri,necamiseris
2687 530 2981 587 damnatis
3008 530 3452 604 tamquamlon-

58 608 184 664 dicit
214 626 226 663 :
261 608 411 676 Quod
456 612 736 667 Lazarum
781 612 921 668 vidit
951 614 1007 667 in
1039 616 1243 686 requie,
1281 617 1394 687 ipse
1422 624 1604 671 autem
1633 618 1691 670 in

56 698 312 753 tormentis
340 696 560 755 dolebat
584 702 736 771 (Luc.
768 718 885 767 xvx,
925 702 1037 773 23),
1072 720 1261 775 usque
1290 705 1434 760 adeo
1464 704 1690 760 confes-

55 804 165 854 sus,
194 792 257 841 ut
286 786 464 843 etiam
518 790 739 846 moneri
785 808 924 847 suos
973 790 1145 847 vellet
1188 798 1250 847 ut
1280 810 1341 849 se
1373 811 1408 849 a
1438 794 1689 867 peccatis

53 875 394 943 cohiberent,
422 882 663 951 propter
700 896 904 952 pcnnas
943 898 1092 953 quas
1124 882 1282 954 apud
1312 882 1528 939 inferos
1562 900 1690 940 esse

54 982 153 1020 non
176 964 440 1020 credunt.
478 968 752 1033 Quamvis
792 985 928 1041 ergo
977 969 1197 1025 frustra
1244 971 1547 1028 confessus
1577 975 1685 1040 est,

52 1058 156 1109 tam
206 1053 314 1108 sibi
367 1055 582 1111 merito
626 1055 729 1111 illa
774 1056 1059 1114 accidisse
1108 1063 1419 1125 tormenta,
1450 1061 1686 1133 quando

50 1142 208 1197 etiam
237 1159 379 1198 suos
413 1160 486 1199 ne
515 1142 575 1199 in
602 1144 726 1201 haec
778 1145 1103 1203 inciderent
1149 1147 1342 1204 doceri
1392 1149 1683 1221 cupiebat.

51 1231 185 1297 Quid
205 1247 342 1305 ergo
363 1236 459 1289 est
483 1250 496 1288 :
520 1235 583 1289 In
606 1236 821 1305 inferno
842 1245 1025 1293 autem
1044 1238 1166 1309 quis
1183 1238 1527 1308 conﬁtebitur
1547 1238 1688 1294 tibi?

49 1321 208 1387 (Psal.
239 1337 313 1388 v1,
344 1320 429 1391 6.)
463 1321 545 1378 An
586 1321 643 1377 in
695 1322 923 1379 inferno
952 1324 1078 1381 vult
1106 1325 1372 1400 intelligi,
1407 1342 1522 1399 quo
1554 1331 1687 1399 post

40 1408 315 1481 judicium
348 1410 878 1483 prazcipitabuntur
923 1412 1111 1487 impii,
1146 1414 1246 1470 ubi
1267 1415 1416 1487 jam,
1450 1421 1686 1488 propter

47 1497 442 1569 profundiores
471 1500 763 1567 tenebras,
794 1500 1019 1558 nullam
1052 1502 1151 1558 Dei
1182 1502 1373 1559 lucem
1404 1504 1686 1560 videbunt

48 1587 128 1641 cui
156 1586 375 1659 aliquid
425 1589 831 1646 confiteantur.
857 1591 1003 1647 Nam
1047 1590 1157 1648 iste
1206 1592 1397 1648 adhuc
1446 1591 1683 1650 elevatis

46 1674 233 1742 oculis,
267 1676 543 1748 quamvis
585 1677 830 1733 immani
863 1680 1152 1752 profundo
1183 1680 1546 1754 interposito,
1580 1698 1681 1753 po-

45 1764 146 1819 tuit
172 1769 364 1821 tamen
397 1766 593 1822 videre
621 1766 900 1823 Lazarum
933 1769 992 1824 in
1024 1770 1221 1841 requie
1270 1771 1678 1838 constitutum,

44 1869 104 1907 ex
127 1854 291 1925 cujus
320 1855 760 1927 comparatione
791 1857 862 1913 ad
890 1857 1315 1914 confessionem
1340 1864 1577 1915 coactus
1595 1864 1684 1914 est

44 1942 371 1998 meritorum
404 1960 670 2000 suorum.
706 1944 768 2001 In
801 1944 891 2001 bis
939 1947 1132 2002 verbis
1184 1949 1370 2003 sancti
1426 1947 1682 2005 doctoris

44 2048 143 2087 non
158 2036 244 2088 est
254 2031 508 2089 fortasse
524 2033 918 2089 necessarium
937 2040 1001 2090 ut
1016 2036 1132 2091 duo
1156 2036 1324 2092 inferi
1349 2035 1679 2110 intelligan-

44 2126 146 2186 tur,
168 2138 321 2177 unus
342 2138 464 2193 quo
485 2139 642 2178 nunc
673 2122 1116 2196 prmeipitantur
1145 2125 1352 2180 animae
1378 2126 1683 2182 damnato-

47 2226 183 2275 rum,
212 2213 270 2265 et
300 2209 460 2266 alius
490 2227 606 2282 quo
643 2214 776 2283 post
813 2211 1110 2283 judicium
1160 2212 1682 2286 praecipitabantur

45 2298 202 2353 etiam
231 2315 368 2354 cum
400 2298 528 2355 suis
559 2300 898 2371 corporibus
921 2300 1031 2356 illa:
1057 2301 1194 2374 ipsa:
1219 2302 1426 2357 anima:
1449 2301 1679 2375 punito-

47 2404 161 2442 rum
186 2404 198 2441 :
222 2388 323 2443 sed
349 2405 508 2443 unus
529 2392 701 2461 atque
728 2388 882 2444 idem
906 2389 1174 2446 infernus
1196 2394 1387 2463 potest
1408 2390 1677 2464 intelligi,

47 2494 183 2532 nunc
212 2476 532 2549 aliquando
562 2476 760 2533 mitior
788 2478 847 2533 in
894 2479 1252 2535 cruciatibus
1300 2479 1633 2535 animarum
1661 2498 1674 2549 ;

44 2569 161 2636 post
168 2564 463 2636 judicium
493 2582 626 2622 vero
658 2567 910 2623 atrocior
928 2571 985 2623 et
1005 2567 1340 2624 horribilior
1368 2568 1427 2623 in
1452 2568 1676 2625 crucia-

42 2654 182 2709 tibus
210 2655 547 2711 animarum
579 2654 755 2711 simul
785 2661 842 2712 et
872 2673 1202 2729 corporum.
1224 2658 1370 2713 Nam
1401 2662 1459 2713 et
1485 2658 1678 2714 Domi-

43 2760 142 2798 nus
169 2748 367 2800 noster
400 2748 711 2817 utramque
744 2744 955 2801 inferni
1000 2763 1255 2818 pinnam,
1287 2752 1343 2803 et
1372 2746 1677 2819 praesentis

39 2831 283 2888 videlicet
308 2832 604 2903 saeculi,et
634 2833 890 2890 futuram
924 2852 1039 2890 uno
1057 2835 1334 2908 gehennae
1359 2836 1594 2892 nomine
1615 2836 1675 2891 in

41 2921 348 2995 Evangeliis
397 2922 731 2995 significare
768 2924 1016 2990 videtur,
1046 2940 1183 2979 cum
1216 2929 1275 2980 et
1303 2926 1374 2980 de
1404 2926 1676 2997 praesenti

38 3011 308 3083 supplicio
339 3011 484 3068 dicit
520 3029 532 3068 :
571 3014 768 3069 Timete
796 3029 921 3069 eum
949 3015 1065 3086 qui,
1090 3022 1377 3086 postquam
1399 3015 1676 3086 occiderit,

38 3100 177 3155 habet
199 3108 519 3172 potestatem
562 3102 774 3157 mittere
825 3103 884 3157 in
931 3102 1236 3171 gehennam
1267 3104 1415 3173 (Luc.
1447 3121 1546 3172 xu,
1576 3104 1631 3177 5)
1659 3123 1672 3173 ;

36 3192 85 3244 et
112 3189 178 3244 de
208 3189 409 3244 futuro
444 3206 459 3244 :
491 3189 593 3245 Sed
622 3192 823 3262 potius,
856 3190 1069 3263 inquit,
1101 3209 1227 3247 eum
1255 3194 1434 3249 timete
1461 3195 1559 3265 qui
1583 3210 1676 3265 po-

1798 632 1870 687 ge
1900 617 2179 689 positum,
2213 622 2269 674 et
2300 637 2333 675 a
2362 636 2424 674 se
2455 619 2687 691 penitus
2718 618 3035 676 alienatum
3070 619 3191 676 ulla
3218 620 3449 677 invoca-

1799 704 1975 772 tione,
2005 706 2125 761 ulla
2155 707 2580 779 supplicatione
2612 708 2963 780 placandum
2996 710 3091 781 (ar).

1868 793 2046 847 Addit
2075 793 2266 848 adhuc
2297 794 2405 850 iste
2437 799 2493 850 et
2523 795 2703 851 dicit:
2727 796 2792 851 In
2823 795 3039 852 diabolo
3068 804 3119 851 et
3149 798 3337 869 impiis
3357 796 3452 853 ho-

1796 882 2040 937 minibus
2068 898 2179 938 non
2202 885 2549 954 puniri,nisi
2562 887 2971 956 perversitatem
2987 887 3232 957 propria:
3260 886 3451 941 volun-

1797 973 1947 1035 tatis,
1979 987 2078 1026 nec
2101 988 2344 1043 peccasse
2372 982 2650 1041 naturam,
2674 973 2766 1029 sed
2786 975 3133 1029 voluntatem.
3171 976 3316 1030 Ecce
3345 974 3451 1030 ite-

1797 1074 1924 1114 rum
1946 1076 2068 1114 rem
2087 1077 2294 1116 novam
2314 1065 2371 1116 et
2386 1061 2732 1117 inauditam.
2752 1063 2912 1129 Quod
2931 1062 3040 1119 iste
3058 1063 3227 1118 dicit:
3246 1063 3305 1118 in
3327 1062 3450 1120 dia-

1796 1145 1929 1201 bolo
1942 1151 1996 1201 et
2020 1147 2220 1219 impiis
2238 1147 2581 1205 hominibus
2594 1154 2810 1204 aeterna
2821 1151 3145 1222 perditione
3156 1152 3449 1207 damnatis

1796 1251 1912 1290 non
1937 1251 2064 1291 esse
2077 1236 2437 1306 puniendam
2451 1254 2486 1292 a
2498 1241 2611 1292 Deo
2635 1241 2903 1292 naturam
2920 1237 3313 1310 ipsorum,sed
3326 1244 3451 1295 tan-

1793 1325 2099 1379 tummodo
2113 1340 2447 1395 perversam
2461 1326 2818 1381 voluntatem
2840 1342 3042 1382 eorum
3059 1344 3155 1396 ;eo
3169 1328 3376 1399 quod,j
3385 1346 3446 1383 u-

1792 1412 2076 1468 xtaistius
2090 1428 2352 1481 sensum,
2378 1429 2493 1469 non
2527 1414 2847 1485 peccaverit
2869 1419 3078 1471 natura
3097 1432 3322 1483 eorum,
3342 1416 3443 1471 sed

1791 1500 2082 1557 voluntas.
2106 1502 2275 1557 Fides
2296 1506 2491 1558 autem
2512 1502 2778 1559 Ecclesiae
2798 1504 3080 1560 veraciter
3097 1505 3257 1560 novit
3277 1509 3334 1560 et
3354 1504 3447 1559 tir-

1794 1588 2603 1662 missimetenetquianatura
2616 1591 2917 1648 rationalis
2932 1591 3050 1649 sive
3064 1593 3124 1649 in
3137 1592 3361 1666 angelis
3373 1592 3447 1649 si-

1792 1693 1858 1733 ve
1872 1678 1931 1733 in
1946 1678 2306 1747 hominibus,
2323 1680 2475 1736 sicut
2494 1680 2822 1736 naturalem
2847 1680 3444 1737 habetaDeoinsitam

1791 1766 2099 1836 rationem,
2131 1767 2214 1824 ita
2251 1769 2575 1825 naturalem
2624 1769 2837 1825 habent
2870 1787 2904 1824 a
2937 1773 3051 1826 Deo
3086 1769 3324 1827 insitam
3350 1785 3448 1824 vo-

1790 1856 2077 1913 luntatem
2111 1873 2123 1911 :
2160 1857 2354 1913 ethoc
2384 1862 2593 1927 totum,
2624 1857 2682 1913 id
2724 1868 2810 1914 est
2860 1862 3131 1914 naturam
3183 1875 3317 1914 cum
3358 1874 3448 1913 ra-

1791 1946 1949 2001 tione
1978 1963 2107 2012 sua,
2134 1946 2221 2001 vel
2254 1951 2524 2003 naturam
2575 1964 2707 2002 cum
2759 1946 3055 2003 voluntate
3103 1964 3213 2003 sua
3262 1946 3442 2003 simul

1791 2051 1969 2089 unam
1985 2051 2113 2091 esse
2127 2039 2396 2091 naturam
2415 2035 2525 2104 ;ita
2548 2041 2612 2092 ut
2634 2052 2738 2091 nec
2765 2040 2977 2091 natura
3005 2035 3119 2091 ista
3138 2034 3444 2092 rationalis

1788 2123 2116 2195 possitesse
2133 2124 2356 2196 absque
2376 2124 2692 2192 voluntate,
2709 2123 3093 2181 necvoluntas
3104 2125 3328 2196 absque
3346 2142 3444 2181 na-

1790 2214 1923 2268 tura
1939 2212 2036 2284 (b).
2061 2212 2355 2285 Quidquid
2386 2229 2521 2286 ergo
2553 2214 2667 2269 ista
2697 2217 2908 2269 natura
2934 2212 3079 2283 vult,
3108 2230 3223 2269 non
3248 2218 3442 2286 potest

1788 2300 2045 2357 alienum
2070 2318 2197 2358 esse
2218 2303 2291 2357 ab
2313 2303 2441 2374 ipsa
2462 2306 2764 2372 natura,ut
2779 2303 2851 2357 ad
2872 2301 3060 2359 solam
3080 2302 3439 2359 voluntatem

1789 2390 2107 2459 referatur;
2132 2391 2269 2463 quia
2290 2392 2525 2463 quando
2548 2391 2770 2463 aliquid
2794 2391 2917 2447 vult
2938 2390 3053 2448 ista
3070 2396 3299 2461 natura,
3321 2409 3438 2447 non

1788 2479 1991 2552 utique
2011 2479 2070 2534 in
2094 2484 2257 2552 parte
2280 2480 2372 2536 sui
2394 2480 2517 2536 vult
2536 2485 2593 2535 et
2614 2480 2672 2535 in
2704 2484 2869 2552 parte
2898 2497 3014 2536 non
3035 2479 3296 2549 vult,sed
3318 2484 3440 2537 tota

1788 2567 1992 2641 utique
2024 2569 2164 2625 vult.
2199 2569 2328 2625 Sive
2359 2568 2556 2642 itaque
2586 2570 2655 2624 ad
2688 2569 2907 2624 bonum
2955 2574 3278 2641 moveatur,
3308 2569 3440 2643 ipsa

1785 2656 2081 2713 voluntate
2103 2662 2223 2713 tota
2252 2658 2361 2713 hoc
2394 2657 2547 2731 agit;
2579 2658 2699 2714 sive
2731 2675 2761 2713 e
2792 2658 3080 2715 contrario
3109 2660 3182 2715 ad
3213 2658 3435 2715 malum

1786 2746 2055 2802 similiter
2082 2751 2204 2802 tota
2232 2746 2342 2802 hoc
2373 2746 2511 2819 agit.
2540 2747 2609 2801 Et
2638 2746 2766 2802 ideo
2797 2747 2915 2802 sive
2958 2748 3031 2803 ad
3062 2747 3284 2803 bonum
3316 2747 3437 2804 sive

1786 2836 1857 2891 ad
1894 2834 2117 2890 malum
2151 2840 2469 2903 moveatur,
2483 2839 2606 2891 tota
2636 2836 2839 2907 utique
2869 2839 3149 2892 movetur.
3164 2836 3276 2893 Sed
3299 2853 3435 2892 cum

1786 2928 2050 2979 movetur
2069 2924 2139 2979 ad
2162 2923 2403 2991 bonum,
2428 2922 2613 2979 virtus
2633 2928 2722 2979 est
2746 2948 2761 2992 ;
2784 2940 2919 2979 cum
2942 2928 3206 2979 movetur
3226 2925 3297 2981 ad
3312 2941 3435 2980 ma-

1786 3011 1930 3080 lum,
1954 3011 2162 3067 vitium
2184 3013 2310 3084 ejus
2334 3016 2440 3068 est.
2455 3013 2525 3067 Et
2549 3011 2700 3078 ideo,
2716 3012 2867 3068 sicut
2886 3029 2988 3085 per
3008 3012 3283 3068 virtutem
3309 3016 3434 3069 tota

1785 3100 1990 3157 melior
2018 3100 2289 3167 efficitur,
2309 3117 2442 3156 cum
2476 3105 2740 3157 movetur
2772 3101 2844 3157 ab
2876 3101 3224 3170 bonum;sic
3245 3101 3437 3173 pervi-

1785 3190 1933 3245 tium
1954 3194 2075 3246 tota
2098 3190 2348 3245 deterior
2368 3191 2451 3258 fit,
2477 3207 2611 3246 cum
2643 3194 2909 3246 movetur
2938 3190 3010 3246 ad
3043 3189 3287 3246 malum.
3305 3189 3433 3245 Non

37 3285 123 3332 test
150 3287 196 3333 et
225 3280 477 3333 animam
505 3286 559 3334 et
583 3295 775 3350 corpus
801 3280 1027 3351 perdere
1060 3282 1118 3336 in
1137 3281 1441 3352 gehennam
1462 3264 1666 3351 (Matth.
1702 3264 1744 3331 C
1783 3296 1917 3352 ergo
1948 3279 2074 3335 sola
2102 3277 2401 3336 voluntate
2451 3279 2791 3336 melioratur
2819 3296 2889 3335 ex
2915 3278 3151 3352 virtute,
3183 3278 3285 3334 sed
3311 3282 3434 3334 tota

36 3383 83 3432 x,
110 3368 216 3437 28).
252 3367 323 3422 Et
352 3368 542 3423 sancti
577 3368 777 3423 Patres
823 3368 1090 3426 Ecclesiae
1142 3370 1476 3443 frequenter
1515 3370 1673 3427 inve-

39 3454 262 3510 niuntur
287 3455 568 3511 eumdem
599 3456 794 3529 ignem
825 3461 1204 3526 aaternum,et
1222 3463 1356 3515 ante
1377 3459 1674 3531 judicium

39 3548 85 3598 et
108 3550 233 3617 post
254 3543 558 3617 judicium
588 3545 886 3601 damnatis
917 3546 1115 3620 impiis
1144 3547 1515 3604 inferendum
1548 3564 1675 3603 sen-

39 3632 184 3688 sisse.
219 3633 335 3689 Sed
379 3633 661 3705 praefatus
690 3633 894 3691 doctor
921 3639 1149 3691 tantam
1180 3635 1336 3692 intra
1364 3641 1674 3710 utramque

38 3720 462 3778 damnationem
485 3722 781 3796 significat
798 3740 928 3779 esse
949 3724 1386 3793 distantiam,ut
1406 3742 1560 3781 nunc
1572 3742 1677 3799 per

39 3812 302 3881 quasdam
335 3811 597 3868 visiones
626 3816 685 3868 et
713 3811 1216 3870 manifestationes
1246 3813 1527 3870 divinitus
1549 3832 1676 3887 pro-

39 3903 247 3955 curatas
278 3901 475 3973 possit
498 3899 619 3955 illic
649 3899 1021 3973 aliquatenus
1050 3900 1151 3957 lux
1180 3903 1281 3958 Dei
1314 3903 1540 3972 sentiri,
1575 3920 1679 3975 per

38 4003 195 4058 quam
214 3988 487 4045 damnati
510 3988 718 4046 saltem
741 3990 812 4045 ad
838 3989 1265 4047 confessionem
1286 4008 1528 4048 suorum
1551 4008 1677 4047 sce-

36 4074 204 4133 lerum
230 4076 684 4150 compellantur,
709 4082 774 4134 ut
793 4078 936 4134 dum
956 4078 1178 4150 aliquid
1195 4078 1400 4135 divinae
1423 4079 1572 4136 lucis
1594 4080 1679 4135 in-

39 4172 273 4234 tuentur,
288 4165 552 4223 habeant
581 4183 652 4223 ex
679 4167 807 4239 ipso
840 4166 1082 4223 indulta:
1111 4167 1353 4224 visionis
1384 4174 1677 4242 respectu,

40 4254 115 4309 cui
144 4255 559 4311 conﬁteantur.
585 4256 752 4311 Tunc
784 4260 980 4312 autem
1015 4257 1339 4329 majoribus
1357 4257 1485 4329 jam
1518 4262 1576 4315 et
1599 4259 1676 4315 ir-

39 4343 507 4400 remediabilibus
531 4344 792 4400 tenebris
813 4345 1099 4418 oppressi,
1116 4345 1261 4401 nihil
1285 4345 1400 4403 tale
1420 4364 1679 4405 merean-

41 4436 121 4486 tur
146 4434 429 4505 aspicere,
445 4449 549 4506 per
580 4434 735 4505 quod
765 4434 995 4506 possint
1024 4435 1095 4489 ad
1129 4434 1556 4492 confessionem
1581 4436 1680 4493 ali-

43 4537 196 4592 quam
227 4522 556 4595 provocari,
577 4526 643 4578 ut
657 4522 959 4579 verissime
989 4524 1059 4579 de
1087 4523 1173 4579 eis
1204 4524 1490 4596 scriptum
1509 4525 1676 4582 intel-

40 4607 258 4680 ligatur:
284 4613 570 4680 Quoniam
597 4626 711 4667 non
733 4619 809 4667 est
842 4612 903 4667 in
930 4620 1103 4668 morte
1132 4614 1230 4683 qui
1251 4629 1457 4669 memor
1482 4616 1555 4669 sit
1569 4616 1680 4682 tui;
1712 4635 1757 4699 ο

41 4698 87 4750 in
118 4700 329 4770 inferno
360 4708 547 4756 autem
575 4702 699 4772 quis
730 4700 1075 4771 conﬁtebitur
1102 4701 1254 4756 tibi?
1281 4703 1454 4771 (Psat.
1490 4718 1566 4771 vr,
1597 4703 1676 4775 6.)

42 4786 178 4842 Unde
197 4792 253 4843 et
275 4787 569 4861 propheta
600 4787 783 4845 Isaias
812 4788 962 4844 hanc
993 4788 1484 4846 irremediabilem
1515 4791 1679 4847 dam-

43 4875 316 4932 nationem
351 4876 699 4950 praevidens,
724 4880 783 4933 et
803 4877 1233 4949 prmvidendam
1256 4881 1429 4950 atque
1459 4896 1680 4951 praeca-

43 4966 266 5021 vendam
318 4965 716 5022 attentissime
766 4982 1166 5035 commonens,
1199 4967 1300 5023 ubi
1332 4968 1447 5039 iam
1482 4967 1684 5024 nullus

46 5053 135 5108 erit
160 5053 327 5111 locus
362 5056 545 5111 Deum
583 5054 938 5124 inveniendi,
972 5055 1137 5111 nulla
1164 5056 1353 5128 gratia
1376 5056 1561 5113 Deum
1594 5057 1683 5112 in-

47 5142 262 5198 vocandi
296 5160 312 5198 :
351 5143 613 5212 Quwrite,
641 5142 853 5216 inquit,
872 5145 1205 5211 Deum,dum
1224 5146 1467 5201 inveniri
1494 5154 1682 5219 potest,

50 5230 266 5287 inrocate
295 5248 432 5287 eum
478 5231 611 5287 dum
647 5248 818 5304 prope
872 5240 952 5288 est
982 5233 1110 5303 (Isa.
1147 5249 1234 5300 LV,
1266 5233 1343 5301 6).
1378 5231 1685 5290 Manifeste

49 5320 341 5376 ostendens
369 5336 508 5376 eum
539 5337 918 5394 nequaquam
938 5322 1000 5377 in
1032 5320 1131 5376 illa
1150 5321 1279 5392 jam
1309 5321 1686 5379 damnatione

1784 3367 2152 3437 melioratur;
2174 3384 2279 3424 nec
2306 3368 2433 3425 sola
2448 3367 2746 3425 voluntate
2775 3368 3163 3425 deterioratur
3182 3384 3251 3423 ex
3269 3367 3430 3434 vitio,

1784 3458 1884 3513 sed
1910 3461 2028 3513 tota
2044 3457 2430 3513 deterioratur
2453 3475 2465 3513 :
2490 3457 2574 3514 ita
2592 3463 2659 3513 ut
2676 3461 2733 3513 et
2752 3475 2855 3530 per
2874 3457 3150 3514 virtutem
3176 3474 3291 3513 non
3306 3455 3433 3513 sola

1781 3544 2074 3614 voluntas,
2108 3547 2210 3603 sed
2240 3551 2363 3602 tota
2391 3546 2520 3619 ipsa
2544 3552 2756 3603 natura
2782 3546 3071 3603 efficiatur
3100 3547 3291 3616 bona;
3324 3550 3381 3602 et
3400 3562 3432 3602 e

1784 3635 2074 3691 contrario
2090 3652 2193 3707 per
2208 3635 2413 3691 vitium
2436 3653 2551 3692 non
2582 3635 2706 3691 sola
2732 3635 3023 3704 voluntas,
3039 3635 3138 3692 sed
3163 3638 3285 3692 tota
3302 3635 3434 3709 ipsa.

1784 3724 1994 3777 natura
2023 3722 2312 3778 efﬁciatur
2343 3721 2517 3789 mala,
2550 3739 2664 3778 non
2697 3723 3019 3780 amittendo
3049 3725 3269 3780 bonum
3300 3724 3435 3780 sub-

1784 3810 2013 3865 stantia:
2035 3827 2177 3879 suae,
2211 3812 2312 3868 sed
2344 3815 2615 3883 corrupta
2644 3815 2701 3867 et
2730 3812 3046 3883 depravata
3063 3812 3203 3869 vitio
3232 3811 3435 3870 volun-

1784 3898 1923 3954 tatis
1945 3916 2086 3955 suaz.
2114 3899 2259 3955 Cum
2281 3916 2386 3972 ego
2414 3905 2623 3957 natura
2651 3901 2773 3956 haec
2799 3904 2953 3956 recte
2982 3900 3123 3973 agit,
3150 3905 3273 3957 tota
3293 3900 3433 3974 agit,

1785 3986 1927 4058 quia
1956 3990 2079 4043 tota
2110 3987 2221 4044 hoc
2248 3986 2393 4043 vult.
2428 3989 2495 4042 Et
2525 4004 2658 4043 cum
2698 4002 2967 4059 perverse
2996 3986 3137 4059 agit,
3169 3985 3441 4042 similiter

1784 4078 1906 4130 tota
1927 4075 2068 4148 agit,
2097 4076 2237 4148 quia
2258 4079 2381 4131 tota
2403 4075 2512 4131 hoc
2532 4074 2673 4131 vult.
2690 4076 2759 4129 Et
2776 4074 2907 4130 ideo
2917 4075 3149 4145 justum
3174 4078 3263 4130 est
3283 4073 3440 4146 apud

1785 4170 1970 4221 Deum
2004 4167 2071 4220 ut
2100 4170 2160 4220 et
2189 4182 2292 4237 pro
2325 4164 2473 4221 bene
2519 4164 2700 4236 gestis
2749 4167 2872 4219 tota
2918 4162 3292 4237 gloriﬁcetur,
3324 4166 3382 4218 et
3410 4178 3442 4219 θ

1787 4252 2078 4310 contrario
2100 4270 2205 4326 pro
2228 4252 2382 4309 male
2401 4252 2585 4325 gestis
2613 4256 2737 4308 tota
2766 4252 3095 4308 damnetur.
3118 4252 3265 4308 Nam
3298 4251 3347 4307 si
3381 4250 3441 4307 in

1787 4340 2012 4416 angelis
2042 4341 2320 4416 malignis
2353 4347 2409 4398 et
2439 4341 2784 4398 hominibus
2812 4341 3012 4414 impiis
3034 4358 3151 4398 non
3181 4339 3444 4414 peccavit

1787 4436 2019 4500 natura,
2052 4432 2151 4487 sed
2180 4431 2474 4488 voluntas.
2507 4432 2656 4505 Ergo
2687 4436 2746 4488 et
2772 4431 2831 4487 in
2875 4429 3098 4503 angelis
3136 4429 3353 4487 sanctis
3384 4433 3443 4485 et

1788 4520 1846 4575 in
1878 4520 2220 4577 hominibus
2251 4520 2363 4593 piis
2395 4538 2510 4577 non
2542 4520 2766 4593 aliquid
2790 4524 2942 4576 recte
2962 4519 3080 4593 egit
3097 4519 3187 4576 vel
3218 4518 3438 4591 aliquid

1788 4608 1925 4664 boni
1956 4610 2172 4666 meruit
2200 4627 2404 4666 eorum
2436 4614 2668 4677 natura,
2703 4595 2803 4666 sed
2836 4608 2959 4665 sola
2987 4608 3277 4665 voluntas.
3302 4608 3372 4663 Et
3389 4607 3440 4662 si

1787 4697 1848 4752 in
1881 4696 2029 4770 ipsis
2060 4698 2284 4772 angelis
2315 4698 2589 4771 malignis
2619 4703 2679 4754 et
2707 4698 3049 4754 hominibus
3094 4696 3293 4770 impiis
3323 4713 3440 4752 non

1788 4790 1911 4842 tota
1942 4791 2170 4856 natura,
2204 4788 2305 4844 sed
2337 4786 2468 4844 sola
2496 4787 2766 4843 voluntas
2786 4784 3202 4854 damnabitur;
3232 4800 3368 4857 ergo
3384 4788 3442 4839 et

1789 4876 1851 4931 in
1884 4876 2035 4944 istis,
2070 4876 2126 4931 id
2185 4881 2274 4932 est
2330 4876 2549 4932 sanctis
2595 4875 2819 4948 angelis
2849 4879 2907 4931 et
2935 4873 3274 4929 hominibus
3321 4889 3439 4928 non

1792 4970 1915 5024 tota
1944 4970 2175 5032 natura,
2208 4965 2308 5021 sed
2359 4965 2484 5021 sola
2530 4963 2801 5021 voluntas
2855 4961 3294 5036 gloriﬁcabitur.
3329 4961 3441 5016 Sed

1793 5054 2190 5112 certissimum
2222 5057 2329 5121 est,
2365 5057 2421 5109 et
2452 5052 2854 5108 indubitanter
2901 5050 3047 5105 ﬁdes
3094 5052 3269 5117 tenet,
3303 5048 3446 5120 quia

1794 5149 1851 5200 et
1871 5143 2214 5217 angelorum
2236 5146 2572 5199 sanctorum
2598 5145 2720 5195 tota
2741 5138 3091 5208 naturajam
3115 5137 3447 5193 beatiﬁcata

1795 5239 1852 5291 et
1881 5233 2205 5307 glorificata
2234 5235 2358 5298 est;
2387 5227 2660 5285 similiter
2688 5232 2746 5283 et
2767 5229 3105 5282 sanctorum
3134 5224 3444 5281 hominum

1797 5326 1920 5380 tota
1948 5326 2160 5378 natura
2191 5323 2249 5375 et
2279 5316 2668 5374 beatiﬁcanda
2716 5321 2805 5371 est
2842 5317 2899 5370 et
2926 5312 3325 5386 gloriﬁcanda.
3361 5313 3449 5371 Ita

1030 5436 1245 5493 NOT/E
1282 5436 1620 5496 DUVALLII
1660 5436 2014 5496 DOCTORIS
2054 5430 2453 5491 SORBONICI.

107 5534 174 5610 (ᾳ)
201 5534 326 5610 Huc
360 5550 554 5606 usque
583 5534 807 5610 omissa
834 5534 892 5589 in
925 5551 1038 5610 ms.
1071 5534 1209 5610 Cod.
1243 5534 1474 5610 Thuan.

108 5604 171 5675 (b)
195 5605 329 5679 Agit
352 5604 563 5662 contra
584 5605 889 5678 Erigonam
910 5606 983 5662 ad
1006 5605 1326 5673 hominem,
1348 5605 1450 5736 qui
1476 5605 1682 5663 volun-

108 5677 205 5735 tem
234 5676 431 5736 solam
464 5680 766 5736 peccasset
786 5694 900 5736 non
922 5680 1194 5736 naturam
1224 5682 1355 5736 tene
1397 5682 1485 5736 at:
1512 5677 1682 5736 quasi

56 5674 205 5735 tatem
234 5674 431 5739 solam
462 5674 766 5754 peccaséet
786 5694 900 5738 non
922 5680 1194 5738 naturam
1224 5674 1485 5747 tenebat;
1512 5677 1682 5753 quasi

1790 5534 2060 5592 voluntas
2118 5532 2254 5603 agat
2310 5525 2529 5603 aliquid
2588 5527 2746 5603 quod
2797 5544 2912 5603 non
2962 5531 3097 5603 agat
3145 5526 3343 5603 homo,
3389 5530 3448 5585 et

1792 5608 1852 5665 in
1883 5605 1991 5679 hoc
2020 5595 2331 5679 Erigenam
2384 5595 2632 5656 delirare
2688 5602 2746 5657 et
2794 5595 3053 5660 insanire
3097 5597 3306 5657 merito
3346 5614 3447 5660 as-

1791 5676 1954 5740 serit.
