3896 6198
426 354 545 413 207

1524 359 1753 419 FLOR]
1796 356 2113 417 DIACONI
2158 357 2728 421 LUGDUNENSIS.

3724 358 3837 419 208

425 506 562 563 ergo
583 507 613 546 e
645 491 935 547 contrario
962 494 1182 565 absque
1212 491 1332 546 ulla
1360 492 1723 548 dubitatione
1752 490 2068 546 tenendum
2098 495 2153 563 Α
2181 491 2295 559 20).
2329 490 2489 563 Opus
2519 492 2677 547 enim
2708 492 2810 549 Dei
2835 493 3051 568 culpat,
3085 497 3242 569 quod
3291 502 3384 555 est
3426 494 3637 561 homo,
3668 499 3725 551 et
3753 497 3838 551 ﬁ-

426 585 515 635 est
539 580 678 652 quia
708 585 765 636 et
794 580 854 635 in
888 579 1113 653 angelis
1142 579 1418 654 malignis
1448 585 1504 635 et
1530 580 1588 634 in
1611 578 2074 635 hominibusim-

425 670 539 743 piis
560 688 673 726 non
695 670 820 726 sola
838 669 1127 737 voluntas,
1153 670 1255 724 sed
1285 674 1406 725 tota
1434 674 1644 724 natura
1673 668 2069 736 damnabitur,

427 760 566 831 quia
586 767 701 815 tota
721 758 998 831 peccavit.
1024 760 1139 814 Iste
1160 763 1374 826 autem,
1391 762 1592 813 contra
1612 774 1847 813 omnem
1873 758 2069 825 ﬁdem,

427 853 483 904 et
502 848 803 904 veritatem
837 848 959 916 Dei,
983 848 1112 903 ideo
1141 848 1255 903 tale
1284 852 1695 919 argumentum
1725 845 2071 913 introduxit,

426 942 492 993 ut
523 938 744 993 scilicet
774 938 1030 1010 angelos,
1064 942 1121 992 et
1151 937 1418 993 homines
1462 936 1648 991 malos
1682 936 1739 990 in
1773 935 1897 990 sola
1919 936 2074 990 dicat

423 1026 723 1083 voluntate
754 1026 1138 1096 damnandos,
1164 1031 1227 1080 ut
1245 1026 1457 1081 habeat
1484 1025 1676 1080 locum
1708 1024 1836 1095 ejus
1867 1024 2075 1078 insana

427 1116 674 1186 fallacia,
698 1120 755 1172 et
777 1116 963 1189 possit
985 1116 1195 1183 dicere,
1219 1115 1371 1170 sicut
1388 1114 1661 1187 superius
1676 1115 1801 1185 jam
1825 1113 1990 1179 dixit,
2014 1111 2074 1166 in

428 1208 560 1280 igne
581 1211 793 1262 aeterno
814 1204 1039 1261 nullam
1063 1204 1233 1260 aliam
1258 1205 1514 1260 futuram
1540 1219 1668 1258 esse
1690 1219 1939 1275 pmnam,
1961 1200 2073 1257 nisi

429 1296 755 1352 absentiam
790 1294 1172 1351 beatitudinis
1208 1312 1220 1349 :
1256 1300 1320 1349 ut
1351 1298 1407 1348 et
1432 1291 1654 1347 nullam
1705 1292 1783 1345 ibi
1843 1307 2073 1363 pcenam

427 1386 789 1441 extrinsecus
822 1384 1078 1456 patiatur
1121 1388 1330 1438 natura
1373 1379 1635 1455 angelica
1658 1380 1743 1437 vel
1774 1381 2072 1447 humana;

427 1475 586 1545 quia,
613 1475 784 1545 juxta
815 1474 992 1545 hujus
1026 1491 1288 1538 sensum,
1323 1490 1437 1527 non
1470 1471 1748 1543 peccavit,
1772 1473 1828 1525 et
1849 1468 1975 1525 sola
1994 1468 2076 1523 in-

425 1564 715 1619 trinsecus
746 1564 804 1618 in
838 1562 1191 1619 conscientia
1219 1560 1497 1634 puniatur
1520 1559 1807 1626 voluntas,
1834 1558 1991 1631 quia,
2012 1562 2077 1612 ut

427 1652 535 1707 iste
557 1651 854 1719 dicit,sola
886 1651 1170 1723 peccavit;
1190 1655 1246 1705 et
1277 1650 1557 1722 puniatur
1588 1666 1702 1703 non
1738 1646 1934 1718 aliquo
1958 1649 2073 1701 tor-

427 1745 623 1796 mento
655 1758 835 1813 poenae
867 1740 1188 1808 exterioris,
1224 1740 1323 1795 sed
1358 1738 1482 1794 sola
1512 1735 1779 1793 absentia
1823 1734 2075 1790 beatitu-

426 1830 793 1901 dinis,quam
812 1845 927 1884 non
958 1829 1215 1896 habebit,
1240 1834 1295 1883 et
1316 1826 1705 1932 prohibitione
1738 1824 1895 1896 pravi
1920 1822 2072 1921 desi-
2106 1867 2152 1932 B

426 1918 571 1974 derii
603 1919 715 1987 sui,
748 1918 904 1990 quod
937 1917 987 1974 ei
1019 1918 1248 1990 explere
1293 1933 1405 1971 non
1458 1916 1675 1970 licebit.
1709 1917 1844 1980 Quae
1876 1912 2076 1967 omnia

428 2024 604 2081 quam
629 2007 747 2064 sint
767 2007 1059 2063 contraria
1088 2006 1223 2061 ﬁdei
1255 2010 1311 2061 et
1330 2003 1579 2072 veritati,
1603 2006 1660 2058 et
1687 2005 1975 2074 quantum
1997 2000 2075 2056 fa-

425 2101 597 2152 veant
624 2096 907 2152 voluntati
935 2094 1149 2151 diaboli
1185 2093 1477 2150 adulando
1509 2091 1869 2156 hominibus,
1887 2107 1956 2145 ne
1973 2093 2075 2145 aut

424 2186 707 2241 veraciter
735 2202 795 2241 se
827 2201 1099 2256 peccasse
1129 2182 1724 2256 recognoscant,dum
1755 2196 1957 2235 eorum
1977 2195 2073 2233 na-

423 2280 557 2329 tura
579 2292 693 2329 non
726 2290 997 2345 peccasse
1024 2272 1376 2340 defenditur,
1411 2287 1513 2326 nec
1543 2270 1822 2324 veraciter
1851 2285 1912 2323 se
1944 2284 2072 2323 esse

425 2364 772 2436 puniendos,
804 2365 943 2418 dum
977 2380 1089 2416 non
1121 2378 1321 2417 eorum
1356 2359 1699 2425 natura,sed
1735 2356 2072 2411 solavolun-

425 2456 513 2508 tas
544 2452 757 2507 dicitur
788 2453 1248 2516 condemnanda,
1283 2448 1761 2505 manifestissime
1794 2446 2071 2501 omnibus

425 2546 601 2614 patet,
638 2541 737 2614 qui
766 2540 973 2597 salutis
1004 2557 1124 2596 suae
1156 2556 1355 2595 curam
1385 2542 1615 2611 gerunt,
1650 2535 1749 2607 qui
1801 2534 2072 2589 haeretica

424 2631 721 2703 ﬁgmenta,
756 2634 811 2685 et
841 2629 1221 2685 deliramenta
1277 2628 1448 2701 longe
1498 2645 1532 2682 a
1576 2643 1638 2682 se
1689 2624 1983 2696 rejiciunt,
2015 2626 2072 2676 et

424 2719 816 2794 evangelicam
849 2724 1023 2791 atque
1053 2717 1437 2792 apostolicam
1467 2716 1771 2773 veritatem
1820 2712 2072 2767 ﬁdeliter

421 2813 769 2881 sequuntur.

492 2899 601 2953 Sed
626 2902 691 2953 ut
713 2898 782 2953 de
804 2896 896 2953 his
915 2915 1042 2969 quae
1065 2900 1268 2952 contra
1288 2896 1415 2967 ejus
1436 2909 1713 2949 vesanam
1736 2895 1793 2947 et
1822 2889 2067 2961 impiam

420 2987 819 3043 deﬁnitionem
850 2986 1129 3053 diximus,
1163 2986 1380 3040 certius
1411 2988 1468 3039 et
1517 2981 1744 3037 ﬁrmius
1788 2980 1889 3052 qui
1946 2978 2067 3033 haac

420 3075 624 3148 legerit
652 3075 978 3131 instruatur
1007 3073 1425 3145 subjungimus
1454 3070 1549 3126 hic
1578 3070 1753 3127 verba
1780 3067 1935 3124 beati
1956 3069 2070 3121 Au-

421 3165 665 3238 gustini,
698 3164 914 3235 quibus
944 3164 1013 3217 de
1056 3162 1165 3217 hac
1198 3178 1258 3216 re
1287 3160 1613 3216 clarissime
1643 3163 1699 3214 et
1728 3156 2067 3231 plenissime

2180 580 2330 636 tium
2362 580 2616 638 hominis
2646 582 2866 653 laudat,
2884 586 3039 657 quod
3062 591 3151 642 est
3183 586 3837 660 iniquitas.0mnisita-

2183 686 2293 740 que
2324 675 2553 735 natura,
2575 671 2804 729 etiamsi
2834 673 3043 731 vitiosa
3072 681 3179 742 est,
3211 678 3271 732 in
3301 682 3602 749 quantum
3636 680 3838 731 natura

2183 763 2290 825 est,
2324 760 2477 816 bona
2505 765 2629 829 est;
2664 762 2722 816 in
2755 768 3040 834 quantum
3072 765 3281 822 vitiosa
3307 770 3416 833 est,
3453 764 3619 821 mala
3649 770 3757 821 est.

2254 849 2397 904 Ecce
2426 850 2772 907 venerabilis
2802 853 3002 909 doctor
3022 872 3136 911 non
3159 855 3301 911 dicit
3332 855 3522 911 solam
3554 854 3840 919 vitiatam,

2181 935 2266 993 vel
2301 938 2568 995 vitiosam
2612 940 2972 998 voluntatem
3012 943 3271 999 hominis
3305 944 3523 999 malam
3558 960 3713 1009 esse,
3743 944 3839 998 sed

2181 1025 2449 1082 vitiosam
2471 1028 2730 1086 hominis
2748 1037 3042 1100 naturam,
3059 1032 3276 1089 malam
3300 1050 3429 1089 esse
3451 1038 3765 1089 naturam:
3787 1038 3843 1087 et

2187 1131 2306 1171 rem
2337 1134 2465 1187 qua;
2497 1118 2653 1173 mala
2683 1124 2771 1175 est
2801 1126 3071 1177 naturam
3104 1140 3232 1179 esse
3257 1124 3609 1191 conﬁrmat;
3635 1127 3698 1177 et
3728 1139 3843 1177 ma-

2182 1202 2308 1260 lum
2338 1205 2637 1263 hominem
2668 1208 2811 1264 dicit
2840 1210 3056 1267 malam
3087 1227 3217 1268 esse
3247 1217 3544 1267 naturam.
3566 1212 3659 1267 Ita
3688 1211 3842 1267 enim

2184 1292 2266 1347 ait
2297 1311 2310 1348 :
2345 1293 2513 1367 [Quid
2547 1301 2635 1352 est
2678 1302 2875 1354 autem
2925 1298 3117 1355 malus
3163 1300 3358 1369 homo,
3396 1301 3510 1356 nisi
3540 1300 3707 1356 mala
3737 1317 3840 1356 na-

2184 1381 2402 1450 tura?]
2434 1383 2558 1439 Non
2590 1386 2733 1441 dixit
2765 1388 2921 1459 quod
2955 1388 3147 1445 malus
3196 1389 3370 1445 homo
3422 1390 3843 1445 tantummodo

2186 1470 2340 1525 mala
2366 1471 2633 1529 voluntas
2666 1475 2762 1541 sit,
2796 1476 2897 1532 sed
2930 1477 3085 1533 mala
3111 1482 3338 1534 natura.
3359 1478 3654 1534 Videlicet
3683 1480 3841 1552 quia,

2185 1574 2320 1614 cum
2354 1560 2545 1617 malus
2579 1568 2669 1618 est
2698 1564 2894 1633 homo,
2929 1583 3043 1622 non
3078 1566 3199 1623 sola
3229 1566 3550 1633 voluntate,
3585 1569 3693 1624 sed
3726 1573 3842 1624 tota

2185 1664 2293 1703 sua
2324 1654 2536 1705 natura
2566 1652 2758 1709 malus
2790 1655 3090 1711 est.Docet
3121 1660 3313 1712 tamen
3350 1657 3604 1713 ﬁdeliter
3634 1658 3843 1713 discer-

2185 1738 2464 1807 nendum,
2498 1757 2630 1795 cum
2662 1742 2934 1811 dicimus,
2968 1745 3150 1800 malus
3178 1747 3353 1811 homo,
3388 1746 3544 1802 inter
3572 1763 3729 1818 opus
3747 1747 3839 1801 Dei

2184 1829 2240 1880 et
2269 1825 2473 1883 vitium
2505 1827 2691 1899 ipsius
2723 1830 3014 1900 hominis;
3049 1833 3188 1905 quia
3216 1834 3502 1902 videlicet,
3536 1834 3839 1891 hominem

2182 1930 2310 1970 esse
2341 1932 2488 1988 opus
2516 1916 2615 1973 Dei
2666 1924 2775 1986 est,
2807 1919 3079 1993 iniquum
3137 1938 3265 1979 esse
3320 1923 3529 1979 vitium
3579 1924 3840 1979 hominis

2182 2009 2289 2059 est.
2321 2006 2509 2077 Atque
2539 2006 2621 2062 ita
2651 2010 3191 2077 naturam,etiamsi
3214 2011 3421 2068 vitiosa
3451 2014 3641 2082 est,in
3663 2032 3846 2086 quan-

2182 2096 2307 2147 tum
2354 2099 2565 2150 natura
2595 2101 2703 2165 est,
2732 2098 2947 2154 bonam
2998 2116 3127 2155 esse
3161 2117 3175 2156 :
3208 2100 3268 2156 in
3301 2108 3593 2173 quantum
3629 2102 3843 2159 vitiosa

2182 2185 2288 2251 est,
2309 2182 2527 2239 malam
2557 2186 2782 2241 esse.ln
2815 2186 3091 2244 omnibus
3124 2205 3259 2262 ergo
3291 2189 3383 2245 his
3415 2207 3532 2246 non
3555 2191 3844 2259 solam,ut

2180 2268 2288 2325 iste
2319 2272 2546 2340 asserit,
2578 2274 2957 2344 voluntatem,
2992 2279 3092 2333 sed
3148 2279 3336 2351 ipsam
3391 2284 3675 2336 naturam
3709 2282 3845 2337 dicit

2160 2376 2306 2435 Aesse
2336 2361 2568 2429 bonam,
2606 2363 2662 2417 in
2697 2370 2980 2436 quantum
3014 2371 3223 2422 natura
3254 2373 3378 2437 est;
3412 2368 3601 2441 ipsam
3642 2378 3840 2427 autem

2182 2454 2451 2504 naturam
2479 2450 2617 2505 dicit
2644 2469 2772 2508 esse
2806 2454 3043 2523 malam,
3078 2456 3137 2510 in
3173 2464 3462 2529 quantum
3493 2458 3719 2515 vitiosa
3738 2468 3839 2517 est.

2180 2537 2297 2592 Hoc
2328 2537 2529 2610 itaque
2567 2539 2817 2597 ﬁdeliter
2865 2544 3254 2615 sequendum,
3284 2545 3573 2602 catholice
3605 2549 3844 2621 sapien-

2178 2626 2342 2695 dum,
2399 2628 2736 2686 ﬁrmissime
2793 2631 3164 2688 retinendum
3218 2639 3326 2703 est,
3384 2639 3451 2690 ut
3508 2637 3842 2693 certissime

2177 2708 2602 2787 cognoscamus
2634 2736 2738 2775 nec
2768 2720 3009 2795 maligni
3040 2722 3233 2795 angeli
3262 2740 3367 2780 nec
3399 2723 3543 2780 mali
3574 2725 3841 2783 hominis

2175 2803 2536 2862 voluntatem
2568 2807 2775 2880 solam,
2809 2811 2909 2865 sed
2939 2815 3121 2868 totam
3162 2827 3365 2868 eorum
3397 2818 3682 2871 naturam
3719 2834 3838 2872 ma-

2176 2891 2296 2948 lam
2328 2909 2456 2950 esse
2487 2912 2621 2951 cum
2653 2903 2914 2970 peccant,
2948 2903 3005 2956 et
3049 2904 3231 2956 totam
3290 2918 3494 2958 eorum
3558 2909 3835 2962 naturam

2178 2981 2333 3037 mala
2358 2987 2571 3041 aeterna
2601 3002 3010 3059 perpessurum
3041 3004 3170 3046 esse
3201 3006 3335 3046 cum
3360 2992 3832 3051 damnabantur.

2244 3073 2421 3129 Addit
2450 3073 2562 3131 iste
2608 3075 2801 3132 adhuc
2829 3081 2885 3134 et
2915 3078 3090 3134 dicit:
3124 3080 3231 3136 Nec
3281 3082 3337 3136 in
3380 3084 3571 3153 primo
3617 3085 3834 3141 homine

2169 3178 2417 3233 peccasse
2469 3172 2689 3221 natura:
2760 3168 3190 3238 generalitatem,
3250 3169 3342 3225 sed
3396 3176 3835 3247 uniuscujusque

424 3254 609 3321 docet,
645 3252 846 3307 dicens
878 3267 891 3305 :
924 3250 1185 3317 [Nullum
1216 3253 1304 3305 est
1335 3249 1489 3321 quod
1521 3247 1736 3304 dicitur
1763 3244 2063 3313 malum,si
2094 3238 2137 3308 C
2174 3252 2519 3308 individuam
2546 3254 2895 3310 voluntatem,
2928 3255 2991 3311 Si
3016 3273 3081 3313 ea
3108 3265 3310 3313 natura
3336 3238 3833 3333 delinquerétﬁim

422 3343 653 3399 nullum
670 3341 747 3397 sit
762 3341 1012 3406 bonum;
1033 3339 1132 3395 sed
1147 3340 1365 3394 bonum
1385 3337 1543 3393 omni
1576 3336 1730 3392 malo
1752 3352 1957 3391 carens
1979 3334 2067 3389 in-

421 3438 652 3504 tegrum
686 3431 905 3485 bonum
936 3432 1044 3484 est.
1061 3428 1203 3482 Cum
1222 3443 1354 3483 vero
1376 3426 1530 3483 inest
1548 3425 2065 3493 malum,vitiatum

422 3520 511 3575 vel
537 3519 811 3575 vitiosum
842 3518 1062 3573 bonum
1095 3521 1211 3585 est;
1232 3534 1336 3573 nec
1356 3516 1575 3572 malum
1598 3531 1858 3588 unquam
1876 3516 2067 3586 potest

423 3625 551 3665 esse
582 3606 791 3677 ullum,
825 3607 923 3662 ubi
957 3612 1045 3662 est
1074 3607 1292 3662 bonum
1326 3606 1583 3662 nullum:
1609 3606 1763 3661 unde
1795 3620 1887 3659 res
1918 3602 2068 3658 mira

423 3697 753 3762 conﬁcitur,
785 3700 869 3765 ut,
905 3697 1042 3769 quia
1071 3696 1263 3752 omnis
1294 3700 1524 3763 natura,
1560 3695 1619 3750 in
1651 3698 1935 3767 quantum
1968 3708 2068 3747 na-

420 3790 555 3842 tura
584 3790 691 3852 est,
724 3786 944 3842 bonum
976 3790 1081 3854 est,
1118 3785 1261 3840 nihil
1293 3784 1452 3842 aliud
1485 3785 1597 3839 dici
1620 3784 1903 3851 videatur,
1929 3798 2065 3837 cum

418 3876 631 3932 vitiosa
660 3880 869 3931 natura
899 3874 1053 3931 mala
1072 3891 1199 3931 esse
1227 3880 1437 3930 natura
1467 3872 1827 3941 dicitur,nisi
1843 3871 2063 3926 malum

419 3981 547 4022 esse
579 3966 731 4038 quod
763 3966 985 4020 bonum
1016 3968 1123 4035 est,
1157 3981 1261 4020 nec
1292 3964 1515 4019 malum
1564 3979 1694 4019 esse
1743 3960 1855 4017 nisi
1908 3958 2061 4032 quod

418 4055 637 4111 bonum
651 4058 757 4119 est,
775 4071 878 4109 nec
893 4053 1194 4127 resaliqua
1225 4053 1381 4109 mala
1400 4058 1571 4121 esset,
1596 4054 1643 4107 si
1660 4068 1752 4107 res
1786 4052 1915 4123 ipsa
1936 4065 2062 4121 quae

417 4142 574 4199 mala
604 4148 694 4199 est
723 4146 933 4199 natura
961 4160 1075 4198 non
1114 4148 1309 4209 esset.]
1340 4144 1409 4198 Et
1456 4142 1629 4215 paulo
1687 4144 1819 4213 post
1873 4138 2015 4193 dicit
2046 4154 2061 4192 :

417 4232 746 4288 Cavendum
762 4232 1270 4289 estneincidamus
1298 4232 1358 4287 in
1387 4232 1547 4287 illam
1571 4229 1916 4287 sententiam
1929 4244 2062 4299 pro-

419 4319 713 4395 pheticam
747 4320 843 4376 ubi
876 4320 1111 4395 legitur:
1131 4323 1219 4379 Va:
1248 4324 1333 4378 his
1364 4323 1463 4392 qui
1489 4321 1679 4375 dicunt
1704 4319 1842 4391 quod
1864 4319 2064 4389 bonum

417 4418 513 4478 est,
546 4411 773 4477 malum,
806 4418 856 4466 et
901 4411 1041 4483 quod
1097 4413 1308 4467 malum
1353 4419 1450 4478 est,
1486 4413 1728 4474 bonum;
1760 4409 1854 4479 qui
1875 4405 2065 4462 dicunt

416 4500 667 4554 tenebras
697 4500 888 4568 lucem,
921 4509 971 4555 et
1003 4502 1177 4557 lucem
1208 4500 1493 4565 tenebras;
1520 4500 1615 4570 qui
1664 4496 1854 4551 dicunt
1907 4496 2064 4551 dulce

2177 3357 2289 3395 una
2316 3343 2407 3406 sit,
2442 3349 2550 3398 tota
2575 3345 2812 3415 profecto
2838 3348 3063 3416 periret.
3098 3346 3161 3401 In
3194 3346 3286 3403 his
3331 3349 3527 3405 verbis
3584 3353 3833 3424 apertis-

2176 3429 2324 3484 sime
2355 3430 2647 3486 afﬁrmare
2678 3438 2923 3488 conatur
2951 3450 3065 3489 non
3089 3435 3357 3491 solumin
3388 3440 3627 3495 caeteris
3653 3440 3835 3497 homi-

2176 3517 2351 3573 nibus
2384 3536 2496 3575 non
2526 3536 2763 3592 peccare
2794 3525 3205 3591 naturam,sed
3232 3524 3617 3585 solummodo
3641 3530 3836 3585 volun-

2174 3611 2392 3675 tatem;
2427 3609 2528 3664 sed
2560 3609 2735 3665 etiam
2766 3611 2824 3665 in
2857 3612 3046 3684 primo
3096 3613 3334 3669 homine
3391 3616 3681 3674 similiter
3723 3637 3833 3675 non

2175 3712 2447 3768 peccasse
2478 3694 2771 3765 naturam,
2804 3702 2905 3756 sed
2957 3702 3138 3758 solam
3188 3703 3580 3774 voluntatem,
3618 3712 3679 3763 et
3709 3708 3833 3764 ideo

2175 3801 2289 3839 non
2317 3802 2590 3858 peccasse
2619 3788 2678 3843 in
2708 3805 2774 3845 eo
2804 3790 3153 3863 generaliter
3181 3791 3424 3849 humani
3457 3798 3704 3867 generis
3734 3815 3832 3853 na-

2173 3877 2541 3947 turam,quia
2573 3893 2679 3932 nec
2710 3879 2838 3950 ejus
2871 3881 3127 3952 peccavit
3156 3887 3402 3950 natura;
3428 3884 3530 3938 sed
3552 3901 3832 3956 peccasse

2173 3964 2232 4018 in
2263 3980 2329 4019 eo
2361 3968 2771 4023 tantummodo
2802 3969 3116 4041 specialem
3138 3975 3195 4026 et
3218 3971 3515 4043 propriam
3550 3974 3834 4031 uniuscu~

2164 4053 2383 4125 jusque
2409 4054 2793 4124 voluntatem,
2822 4058 2962 4129 quia
2992 4063 3049 4114 et
3078 4058 3223 4131 ipse,
3246 4060 3416 4131 juxta
3465 4060 3657 4134 hujus
3706 4082 3833 4120 sen-

2171 4160 2325 4211 sum,
2359 4142 2484 4200 sola
2510 4148 2919 4201 tantummodo
2948 4148 3246 4205 voluntate
3278 4149 3557 4222 peccavit.

2242 4232 2310 4287 Et
2338 4233 2593 4289 afﬁrmat
2624 4236 2778 4307 quod
2810 4238 2861 4292 si
2897 4244 3006 4293 tota
3035 4237 3274 4294 hominis
3304 4247 3508 4294 natura
3530 4252 3827 4312 peccasset,

2170 4328 2280 4377 tota
2304 4328 2542 4393 profecto
2569 4325 2790 4395 periret.
2822 4326 2976 4381 Nunc
3002 4334 3183 4382 autem
3227 4329 3359 4399 quia
3405 4330 3524 4385 sola
3574 4333 3828 4387 voluntas

2165 4413 2426 4481 peccavit,
2458 4412 2576 4467 sola
2622 4414 2817 4469 vitiata
2862 4423 2970 4482 est;
2999 4423 3202 4471 natura
3259 4418 3442 4474 illa’sa
3490 4423 3821 4490 permansit.

2170 4499 2316 4565 Quid
2346 4517 2481 4573 ergo
2515 4500 2777 4558 dicemus
2803 4502 2874 4558 ad
2893 4503 3014 4559 haec
3030 4509 3150 4560 tam
3169 4504 3457 4577 exquisita
3475 4513 3534 4562 et
3556 4508 3826 4565 inaudita

417 4606 687 4653 animum,
748 4597 798 4644 et
858 4607 1110 4644 amarum
1166 4590 1321 4644 dulce
1378 4589 1505 4657 (Isa.
1538 4605 1589 4651 v,
1622 4585 1733 4656 20).
1767 4586 1835 4641 Et
1864 4588 2058 4640 tamen
2090 4606 2139 4672 D
2169 4588 2620 4661 phantasmata?
2642 4591 2755 4646 nisi
2786 4595 2851 4646 ut
2880 4609 3246 4665 opponamus
3276 4612 3305 4649 e
3336 4598 3634 4652 contrario
3664 4598 3829 4654 testi-

416 4676 701 4732 Douiinus
731 4678 813 4732 ait
844 4694 856 4732 :
892 4678 1062 4733 Malus
1113 4680 1267 4733 homo
1314 4678 1378 4731 de
1414 4677 1558 4731 mulo
1590 4675 1853 4730 thesauro
1884 4674 2061 4729 cordis

413 4769 504 4821 sui
552 4770 760 4838 profert
811 4768 956 4822 mala
1005 4767 1208 4839 (Matth.
1244 4784 1341 4833 xu,
1374 4766 1486 4836 35).
1521 4764 1667 4828 Quid
1724 4768 1812 4819 est
1863 4768 2059 4819 autem

412 4857 592 4910 malus
622 4856 798 4921 homo,
832 4856 943 4910 nisi
977 4855 1132 4910 mala
1170 4860 1398 4921 natura,
1433 4853 1571 4925 quia
1627 4853 1801 4908 homo
1851 4857 2061 4908 natura

413 4945 539 5000 est?
569 4946 761 5012 Porro,
785 4945 833 4999 si
866 4944 1039 5000 homo
1072 4944 1306 5016 aliquod
1338 4945 1559 4999 bonum
1589 4941 1834 5013 estquia
1851 4946 2060 4997 natura

413 5037 520 5097 est,
556 5033 696 5105 quid
730 5038 817 5089 est
846 5035 1027 5087 malus
1052 5034 1227 5099 homo,
1262 5032 1374 5087 nisi
1408 5031 1630 5086 malum
1660 5031 1925 5087 bonum?
1955 5032 2060 5087 Ta-

412 5139 545 5177 men
565 5140 698 5177 cum
732 5124 845 5177 duo
878 5123 991 5176 ista
1024 5120 1778 5189 disseruimus,invenimus
1800 5137 1905 5176 nec
1928 5121 2057 5178 ideo

413 5210 634 5266 malum
655 5210 981 5283 quiahomo
999 5214 1105 5275 est,
1124 5226 1225 5264 nec
1248 5210 1375 5264 ideo
1406 5210 1624 5265 bonum
1646 5209 1785 5282 quia
1812 5210 2054 5282 iniquus

411 5302 519 5354 est:
554 5301 663 5355 Sed
696 5300 916 5353 bonum
948 5299 1085 5368 quia
1116 5297 1310 5365 homo,
1345 5298 1566 5353 malum
1612 5298 1749 5370 quia
1791 5298 2051 5372 iniquus.

409 5387 687 5459 Quisquis
716 5401 853 5456 ergo
884 5385 1042 5453 dicit,
1079 5385 1299 5441 malum
1332 5392 1420 5443 est
1446 5387 1741 5443 hominem
1770 5404 1920 5455 esse,
1952 5392 2055 5445 aut

407 5475 631 5531 bonum
662 5478 751 5530 est
780 5472 1049 5544 iniquum
1080 5490 1227 5542 esse,
1262 5478 1384 5549 ipse
1414 5476 1618 5533 incidit
1646 5478 1707 5533 in
1758 5477 2052 5550 propheti-

410 5578 540 5618 cam
569 5561 731 5618 illam
762 5560 1111 5617 sententiam
1146 5580 1157 5619 :
1195 5565 1283 5623 Va:
1310 5568 1395 5622 his
1424 5569 1523 5638 qui
1566 5567 1755 5623 dicunt
1784 5566 1925 5639 quod
1955 5565 2051 5621 b0-

408 5667 544 5710 num
570 5658 649 5709 est
677 5649 907 5723 malum,
938 5659 991 5711 et
1035 5654 1173 5731 quod
1230 5657 1439 5715 malum
1481 5665 1557 5717 est
1596 5658 1795 5714 bonum
1826 5656 1956 5730 (Isa.
1991 5672 2046 5726 v,

2172 4677 2368 4732 monia
2380 4677 2606 4751 Scriptu
2617 4696 2813 4735 rarum
2826 4680 2947 4749 Dei,
2964 4681 3180 4753 quibus
3191 4683 3496 4739 verissime
3508 4702 3827 4758 cognosca-

2169 4784 2323 4834 mus,
2342 4771 2400 4821 et
2430 4768 2769 4826 ﬁdelissime
2801 4775 3324 4839 teneamus,totam
3355 4771 3415 4826 in
3447 4772 3549 4829 illo
3581 4774 3826 4831 homine

2170 4859 2440 4912 naturam
2470 4873 2760 4929 peccasse,
2786 4863 2965 4914 totam
2999 4859 3262 4933 periisse,
3294 4866 3477 4917 totam
3513 4864 3582 4918 ad
3625 4870 3825 4937 poste-

2168 4961 2264 5000 ros
2303 4945 2432 5017 ejus
2474 4951 2709 5018 peccato
2742 4953 2798 5003 et
2827 4947 3137 5020 perditioni
3170 4949 3480 5006 obnoxiam
3512 4953 3825 5009 transmis-

2167 5050 2295 5089 sam
2326 5051 2454 5091 esse
2490 5052 2503 5091 :
2538 5033 2690 5091 sicut
2730 5037 3040 5109 Apostolus
3096 5038 3580 5096 manifestissime
3628 5042 3819 5111 docet,

2166 5124 2366 5179 dicens
2400 5140 2413 5179 :
2446 5130 2556 5180 Per
2592 5141 2769 5181 unum
2818 5127 3092 5183 hominem
3143 5137 3426 5201 peccatum
3481 5132 3721 5188 intravit
3766 5151 3819 5187 ιη

2161 5211 2449 5280 mundum,
2479 5220 2534 5270 et
2558 5231 2659 5285 per
2682 5223 2963 5287 peccatum
2988 5233 3155 5285 mors,
3186 5226 3238 5273 et
3283 5220 3360 5274 ita
3410 5221 3469 5274 in
3509 5236 3697 5277 omnes
3727 5222 3822 5275 ho-

2162 5304 2338 5358 mines
2363 5305 2705 5374 pertransiit,
2733 5306 2792 5359 in
2820 5321 2925 5376 quo
2956 5322 3138 5362 omnes
3166 5317 3526 5378 peccaverunt
3555 5311 3732 5379 (Rom
3765 5327 3820 5375 v,

2163 5392 2274 5463 12).
2298 5391 2425 5447 Non
2443 5390 2559 5447 ait:
2587 5393 2694 5448 Per
2729 5393 2904 5450 unius
2937 5393 3195 5451 hominis
3218 5396 3582 5454 voluntatem
3617 5415 3824 5471 pecca-

2161 5483 2288 5535 tum
2320 5480 2557 5537 intravit
2585 5482 2644 5537 in
2679 5483 2988 5551 mundum,
3024 5485 3125 5540 sed
3149 5501 3252 5557 per
3279 5502 3459 5542 unum
3497 5487 3775 5545 hominem
3803 5506 3817 5555 ;

2162 5585 2268 5624 nec
2290 5569 2372 5624 ait
2395 5586 2407 5624 :
2433 5573 2491 5625 et
2510 5569 2592 5627 ita
2618 5572 2676 5626 in
2699 5572 2965 5628 omnium
2985 5572 3313 5630 voluntates
3344 5576 3820 5647 pertransiit,sed

2162 5659 2235 5715 ita
2268 5659 2326 5715 in
2356 5674 2538 5718 omnes
2569 5660 2813 5722 homines
2837 5665 3198 5739 pertransiit;
3229 5680 3337 5724 nec
3367 5666 3679 5742 subjunxit
3709 5683 3724 5726 :
3756 5666 3817 5725 in
