3896 6198
408 356 521 424 ΞΗ
1508 363 1737 426 FLORI
1781 361 2097 425 DIACONI
2141 360 2710 425 LUGDUNENSIS.
3695 362 3801 421 212

411 512 477 554 ea
505 511 631 568 quae
657 494 803 553 male
830 502 927 553 aut
958 495 1179 570 indigne
1207 500 1429 571 appetit,
1453 498 1650 555 habere
1676 513 1788 555 nan
1818 498 2051 554 sinatur.
2085 495 2139 562 Α
2167 511 2296 551 esse
2327 495 2744 568 praecedentem
2775 512 3014 553 causam
3037 512 3157 570 qua
3180 495 3372 554 bonus
3388 494 3637 571 angelus
3658 496 3803 553 ﬂeret

412 585 556 641 Ecce
585 585 817 657 qualem
847 586 1174 642 cruciatum
1206 587 1468 643 futurum
1500 586 1641 643 dicit
1672 586 1837 642 malae
1860 586 2059 643 volun-
2170 584 2383 640 malus.
2408 585 2555 649 Quia
2586 586 2634 640 si
2666 585 2776 642 hoc
2805 585 3078 655 dicimus,
3112 586 3419 642 manifeste
3450 590 3659 643 contra
3687 587 3800 643 ﬁdei

411 675 551 731 tatis
580 674 642 729 in
690 674 916 748 angelis
960 679 1016 730 et
1063 676 1403 732 hominibus
1449 677 1668 749 impiis,
1701 677 1757 732 id
1805 680 1895 733 est
1943 693 2059 732 non
2167 674 2472 730 veritatem
2505 675 2621 730 duo
2651 675 2940 747 principia
2976 674 3427 743 introducimus,
3460 676 3520 731 id
3555 679 3644 731 est
3671 677 3802 731 sicut

412 762 567 835 ignis
597 763 943 831 zeterni,non
976 763 1226 836 alicujus
1247 765 1547 821 exterioris
1570 764 1971 838 supplicii,sed
1995 782 2063 821 ex
2172 762 2524 836 principium
2557 764 2714 831 boni,
2746 764 2828 819 ita
2870 769 2927 820 et
2977 764 3332 836 principium
3373 764 3537 820 mali.
3573 764 3683 820 Sed
3712 765 3805 820 hoc

413 869 479 909 eo
510 853 941 918 tantummodo,
961 854 1281 926 quia,quod
1307 853 1458 909 male
1480 854 1745 926 cupiunt,
1771 871 2062 926 oppressa:
2173 853 2418 921 absit,ut
2451 852 2875 925 diximus,quia
2906 846 3420 909 nullaestomnino
3435 852 3577 909 mali
3596 858 3807 924 natura,

416 946 475 998 et
504 941 765 997 coercitas
792 941 1038 1014 implore
1067 960 1181 998 non
1215 947 1481 1015 possunt.
1519 945 1603 998 lta
1635 944 1701 998 ﬁt
1728 947 1793 998 ut
1825 960 1939 999 non
1969 960 2065 998 so-

417 1029 541 1086 lum
574 1034 847 1086 naturam
894 1030 1235 1104 angelorum
1280 1032 1369 1087 vel
1418 1032 1725 1088 hominum
1774 1032 2064 1088 malorum

420 1135 728 1191 nunquam
760 1136 1019 1192 peccare,
1041 1137 1343 1193 nunquam
1376 1121 1732 1193 puniendam
1767 1138 1934 1189 esse;
1966 1122 2069 1177 sed

423 1209 600 1264 etiam
621 1208 811 1280 ipsam
841 1208 1220 1275 voluntatem,
1255 1226 1431 1282 quam
1462 1212 1521 1266 in
1553 1212 1637 1266 eis
1668 1228 1905 1283 peccare
1935 1228 2070 1266 con-

426 1296 579 1353 cedit
607 1296 830 1353 nullam
862 1314 1094 1369 poenam
1128 1299 1693 1365 sensuram,nullum
1717 1299 2070 1372 supplicium

428 1403 737 1459 passuram
767 1403 897 1443 esse
924 1388 1261 1453 conﬁrmet,
1286 1389 1397 1444 nisi
1445 1388 1616 1461 quale
1646 1394 1704 1444 et
1732 1390 1790 1444 in
1821 1390 1931 1445 hac
1959 1391 2073 1444 vita

430 1490 637 1530 omnes
666 1473 827 1546 pravi
858 1472 1126 1529 homines
1158 1475 1626 1546 patiuntur,dum
1658 1492 1726 1531 ea
1747 1493 1874 1548 quae
1903 1493 2077 1548 prave

431 1562 697 1636 cupiunt,
710 1561 799 1618 vel
830 1562 1023 1618 divino
1041 1564 1268 1634 judicio
1298 1563 1635 1629 obsistente,
1670 1564 1759 1621 vel
1790 1565 1907 1620 alia
1932 1582 2078 1637 qua-

430 1652 574 1708 libet
602 1651 946 1707 necessitate
978 1656 1237 1725 cogente,
1271 1651 1511 1725 implere
1559 1654 1803 1709 minime
1841 1658 2078 1726 permit-

428 1744 656 1807 tuntur,
690 1740 844 1795 unde
873 1740 1252 1796 manifestum
1292 1745 1381 1797 est
1410 1758 1645 1798 omnem
1672 1759 1930 1815 poenam,
1963 1759 2082 1798 om-

2176 958 2280 997 nec
2310 941 2505 998 existit
2524 942 3082 1009 substantialiter,ut
3101 942 3352 1014 alicujus
3369 943 3451 998 rei
3470 943 3808 1016 principium

2176 1047 2303 1087 esse
2344 1030 2566 1103 possit;
2601 1031 2701 1086 sed
2751 1030 3011 1087 defectus
3040 1048 3075 1087 a
3100 1032 3272 1100 bono,
3323 1032 3658 1105 appellatur
3701 1048 3810 1087 ma-

2176 1120 2300 1175 lum
2328 1137 2340 1174 :
2367 1120 2520 1175 sicut
2550 1120 2811 1176 defectus
2840 1119 3353 1191 lucis,tenebra:,et
3381 1121 3649 1177 defectus
3679 1123 3812 1178 saui-

2178 1206 2338 1273 tatis,
2369 1204 2638 1278 languor.

2245 1296 2359 1351 Iste
2384 1295 2563 1369 igitur
2593 1296 2854 1352 defectus
2883 1313 2917 1351 a
2950 1296 3121 1364 bono,
3148 1299 3306 1370 quod
3334 1298 3673 1371 appellatur
3712 1316 3814 1355 ma-

2180 1385 2490 1451 lum,unde
2522 1386 2709 1441 factus
2739 1390 2826 1441 est
2841 1386 2899 1441 in
2914 1386 3272 1460 diabolo,qui
3295 1387 3529 1460 primus
3542 1390 3815 1461 peccavit?

2184 1475 2264 1529 Ex
2296 1474 2410 1529 Deo
2442 1490 2557 1530 non
2588 1480 2677 1530 est
2708 1474 2916 1542 factus,
2947 1476 3086 1547 quia
3114 1476 3268 1532 Deus
3298 1481 3507 1533 auctor
3556 1478 3692 1533 mali
3716 1496 3813 1534 non

2185 1568 2275 1618 est
2302 1580 2315 1630 ;
2348 1580 2415 1617 ex
2445 1562 2640 1635 aliqua
2672 1564 2811 1619 mali
2840 1565 3174 1621 substantia
3203 1583 3317 1621 non
3348 1571 3437 1623 est
3468 1567 3683 1637 factus,
3696 1568 3815 1638 quia

2188 1651 2351 1708 nulla
2382 1652 2521 1707 mali
2553 1653 2883 1709 substantia
2911 1654 3087 1710 est.Si
3122 1658 3317 1711 autem
3349 1656 3486 1728 quis
3518 1656 3677 1712 dicat
3704 1674 3816 1729 pro-

2189 1742 2316 1814 pria
2344 1741 2531 1813 ipsius
2560 1740 2856 1798 voluntate
2889 1742 2995 1799 hoc
3027 1744 3246 1799 factum
3277 1760 3426 1811 esse,
3460 1750 3531 1800 ut
3581 1762 3650 1802 ex
3689 1746 3814 1801 bono

431 1845 567 1886 nem
607 1826 1135 1893 cruciatum,omne
1155 1833 1513 1885 tormentum
1532 1830 1738 1886 futura:
1762 1832 2084 1887 damnatio-
2115 1868 2161 1933 Β
2191 1829 2355 1883 ﬁeret
2386 1828 2597 1897 malus,
2641 1831 3019 1901 quaerendum
3066 1836 3156 1887 est
3184 1836 3383 1888 utrum
3415 1833 3521 1889 illa
3550 1832 3815 1899 voluntas,

432 1918 714 1990 nis,quod
744 1916 1115 1989 omnipotens
1164 1918 1319 1975 Deus
1348 1921 1470 1974 tam
1511 1920 1847 1992 frequenter
1877 1925 1933 1976 et
1961 1925 2082 1977 tam

432 2005 773 2062 terribiliter
800 2005 1215 2073 comminatur,
1238 2022 1374 2062 eum
1406 2007 1640 2079 penitus
1671 2010 1995 2083 denegare;
2028 2015 2087 2066 et

435 2095 587 2164 ideo,
619 2098 901 2166 tanquam
935 2094 1067 2149 ﬁdei
1101 2100 1313 2150 nostra:
1355 2096 1713 2153 contrarium
1744 2102 1802 2154 et
1824 2099 2085 2156 veritatis

434 2182 973 2254 inimicum,procul
1002 2184 1076 2238 ab
1107 2183 1576 2257 auribus,procul
1600 2202 1635 2241 a
1653 2187 1928 2244 cordibus
1952 2188 2084 2245 iide-

436 2271 587 2328 lium
616 2269 1038 2343 repellendum.

511 2361 600 2417 11.
635 2359 737 2415 His
765 2358 946 2415 tantis
976 2364 1030 2415 et
1068 2360 1284 2418 talibus
1331 2363 1638 2437 subjungit
1680 2365 2083 2422 brevissimam

442 2448 865 2515 definitionem,
896 2453 953 2504 et
990 2449 1131 2505 dicit
1164 2467 1176 2506 :
1206 2454 1299 2506 Ex
1342 2454 1497 2509 nullo
1545 2454 1682 2510 bono
1715 2457 1925 2510 malum
1955 2473 2084 2512 esse.

442 2538 606 2605 Quod
638 2542 704 2593 ut
732 2537 1037 2610 vigilanter
1058 2537 1380 2612 intelligere
1401 2542 1871 2614 possimus,illud
1892 2544 2091 2617 impri-

442 2628 557 2683 mis
586 2626 1074 2683 considerandum
1100 2633 1205 2695 est,
1224 2630 1363 2701 quia
1393 2636 1582 2703 potest
1602 2631 1836 2705 aliquod
1870 2634 2088 2690 bonum

443 2732 571 2773 esse
603 2715 824 2772 malum
850 2732 863 2771 :
889 2716 1044 2771 sicut
1065 2717 1193 2789 ipsa
1214 2723 1349 2773 natu
1360 2737 1423 2774 ra
1439 2720 1701 2793 angelica
1722 2721 1809 2777 vel
1830 2722 2092 2779 humana

441 2805 646 2877 utique
676 2806 736 2860 in
767 2821 875 2861 suo
909 2806 1082 2862 modo
1114 2811 1173 2862 et
1219 2807 1276 2862 in
1310 2825 1415 2864 suo
1444 2824 1655 2880 genere
1699 2812 1919 2868 bonum
1951 2817 2039 2867 est
2074 2830 2086 2868 :

441 2894 544 2951 sed
575 2893 684 2950 hoc
715 2897 934 2950 naturae
958 2894 1178 2951 bonum
1211 2900 1401 2968 potest
1430 2897 1567 2954 vitio
1601 2900 1725 2955 ﬁeri
1758 2900 2003 2969 malum,
2025 2905 2092 2957 ut

441 2987 497 3038 et
526 2980 585 3036 in
619 2985 907 3053 quantum
938 2987 1149 3038 natura
1177 2986 1512 3051 est,bonum
1553 3004 1681 3044 esse
1729 2995 2088 3060 permaneat,

440 3076 498 3128 et
522 3069 581 3125 in
611 3074 900 3142 quantum
946 3070 1216 3127 vitiatum
1267 3077 1374 3141 est,
1396 3075 1620 3130 malum
1650 3093 1779 3132 esse
1810 3078 2049 3150 incipiat
2075 3095 2089 3146 ;

442 3164 618 3231 atque
645 3157 727 3213 ita
752 3159 973 3214 bonum
1005 3159 1226 3216 malum
1257 3178 1385 3218 esse
1406 3179 1521 3219 non
1544 3165 1877 3235 dubitetur;
1904 3171 1968 3222 ut
1987 3184 2091 3223 au-

2192 1934 2319 1990 qum
2351 1917 2461 1973 hoc
2492 1918 2550 1972 in
2584 1916 2682 1972 illo
2712 1918 3025 1985 fecit,bona
3053 1920 3246 1989 fuerit,
3271 1938 3345 1977 an
3377 1922 3561 1979 mala.
3582 1924 3639 1978 Si
3670 1924 3816 1991 bona,

2192 2007 2483 2079 quomodo
2514 2008 2670 2063 bona
2697 2008 2965 2064 voluntas
2996 2026 3175 2066 causa
3193 2028 3320 2067 esse
3342 2011 3541 2084 potuit
3562 2012 3723 2068 malae
3740 2029 3820 2068 vo-

2193 2095 2477 2153 luntatis?
2499 2096 2589 2152 sin
2619 2102 2815 2154 autem
2848 2097 3005 2154 mala
3031 2098 3303 2157 voluntas
3333 2101 3443 2158 hoc
3474 2101 3539 2157 in
3585 2102 3683 2159 illo
3711 2102 3823 2158 iecit

2192 2191 2257 2241 ut
2286 2203 2354 2242 ex
2384 2186 2536 2242 bono
2569 2188 2731 2243 fieret
2761 2186 2974 2254 malus,
3005 2189 3195 2262 ipsam
3218 2190 3435 2247 malam
3455 2191 3822 2257 voluntatem,

2195 2292 2310 2347 qua
2340 2275 2449 2331 hoc
2481 2275 2701 2331 factum
2733 2281 2842 2343 est,
2877 2277 3013 2350 quis
3038 2278 3209 2335 fecit?
3228 2282 3390 2347 Quod
3430 2297 3577 2336 cum
3607 2281 3824 2337 inveniri

2195 2364 2531 2420 nullatenus
2562 2364 2901 2437 possit,vere
2922 2368 3317 2424 confitendum
3341 2374 3430 2425 est
3448 2370 3683 2426 nullam
3704 2388 3823 2444 pre-

2195 2453 2443 2509 cessisse
2474 2469 2712 2509 causam
2742 2455 3094 2511 efficientem
3140 2456 3299 2513 illius
3328 2458 3656 2515 voluntatis
3685 2459 3823 2515 male

2197 2559 2313 2614 qua
2331 2542 2519 2597 bonus
2544 2542 2790 2615 angelus
2805 2545 2995 2601 factus
3015 2549 3103 2601 est
3121 2545 3314 2603 malus
3335 2568 3355 2615 ;
3374 2549 3476 2604 sed
3498 2550 3702 2621 potius
3717 2564 3827 2604 cau-

2197 2647 2323 2687 sam
2356 2648 2483 2687 esse
2516 2632 2904 2702 deiicientem,
2932 2634 3071 2706 quia
3099 2636 3360 2691 defectus
3391 2653 3427 2692 a
3455 2637 3643 2703 bono,
3674 2643 3735 2693 ut
3758 2638 3826 2693 di-

2198 2724 2356 2775 ctum
2380 2719 2824 2793 est,appellatur
2855 2722 3077 2779 malum
3103 2741 3116 2778 :
3144 2723 3415 2781 similiter
3433 2730 3492 2782 et
3527 2727 3593 2781 in
3621 2727 3827 2783 homine

2197 2814 2493 2883 peccante,
2529 2814 2594 2864 ut
2624 2827 2693 2866 ex
2740 2811 2892 2867 bono
2924 2812 3089 2869 ﬁeret
3119 2813 3331 2883 malus,
3366 2831 3471 2871 nec
3522 2816 3628 2872 Dei
3658 2818 3828 2888 utique

2198 2897 2469 2954 voluntas
2500 2916 2673 2956 causa
2708 2916 2835 2957 esse
2864 2901 3057 2974 potuit
3095 2919 3200 2958 nec
3233 2908 3443 2959 natura
3471 2904 3646 2972 mali,
3679 2922 3827 2979 quam

2199 2986 2420 3043 nullam
2470 3005 2599 3045 esse
2658 2994 2923 3057 constat;
2960 3007 3065 3046 nec
3119 2992 3273 3048 bona
3328 2992 3614 3051 voluntas
3673 2994 3829 3068 ipsius

2198 3075 2475 3142 hominis,
2525 3095 2652 3151 qua:
2702 3078 2841 3134 mali
2891 3096 3069 3136 causa
3123 3098 3250 3137 esse
3307 3099 3423 3138 non
3473 3084 3828 3155 potuit;nec

2198 3165 2355 3220 mala
2385 3168 2513 3239 ejus
2536 3166 3005 3239 voluntas,cujus
3027 3175 3230 3226 auctor
3250 3171 3299 3227 si
3327 3171 3829 3243 queraturmullus

445 3250 563 3302 tem
592 3245 700 3302 hoc
731 3246 852 3315 ﬁat,
885 3247 941 3302 id
988 3252 1096 3316 est,
1130 3249 1351 3305 bonum
1397 3251 1619 3308 malum
1670 3271 1796 3310 esse
1827 3254 2087 3328 incipiat,
2122 3239 2165 3305 C
2205 3253 2451 3310 inveniri
2481 3256 2759 3328 potest.Si
2794 3257 2951 3313 enim
2984 3259 3229 3327 dicatur,
3255 3239 3408 3332 quod
3446 3261 3617 3317 mala
3644 3260 3829 3317 diaboli

447 3334 672 3392 nullam
703 3334 878 3390 habet
907 3336 1325 3408 praecedentem
1358 3344 1782 3410 causam,unde
1813 3342 1921 3399 hoc
1939 3343 2098 3400 velut

448 3428 875 3496 consequenter
930 3424 1050 3480 ﬁat.
1099 3425 1244 3481 Nam
1294 3427 1366 3494 si,
1418 3429 1575 3484 verbi
1632 3431 1837 3504 gratia,
1881 3450 2098 3505 quaera-

454 3516 553 3569 tur
581 3529 707 3584 qua:
739 3528 915 3567 causa
943 3511 1021 3567 sit
1044 3517 1107 3568 ut
1137 3510 1234 3569 illa
1264 3514 1348 3571 vel
1382 3514 1483 3573 illa
1512 3522 1723 3575 natura
1754 3520 1829 3575 sit
1857 3520 2091 3594 aliquod

455 3600 699 3667 bonum,
730 3599 1023 3657 invenitur
1052 3602 1253 3675 utique
1298 3622 1598 3663 summurn
1649 3609 1867 3666 bonum
1908 3610 2095 3667 Deum

453 3707 602 3758 esse,
633 3694 690 3746 et
717 3690 790 3746 ab
822 3690 950 3763 ipso
981 3709 1213 3749 summo
1244 3694 1393 3751 bono
1443 3713 1616 3754 omne
1664 3700 1881 3755 bonum
1925 3717 2091 3770 esse;

452 3778 504 3836 si
535 3782 828 3851 quaeratur
874 3781 1029 3836 unde
1086 3781 1183 3837 ille
1235 3782 1320 3839 vel
1380 3784 1476 3840 ille
1530 3787 1766 3859 sapiens
1814 3789 1889 3845 sit
1918 3794 1974 3845 et
1994 3791 2094 3860 ju-

452 3871 603 3939 stus,
658 3868 952 3924 invenitur
1016 3870 1286 3927 similiter
1354 3892 1649 3932 summam
1720 3877 2091 3951 sapientiam,

449 3973 747 4014 summam
796 3957 1093 4029 justitiam
1152 3960 1335 4017 Deum
1397 3980 1524 4020 esse
1558 3983 1571 4033 ;
1605 3970 1663 4021 et
1713 3966 1843 4023 ideo
1896 3967 2091 4039 ipsum

446 4062 576 4103 esse
598 4063 895 4102 summam
928 4051 985 4103 et
1012 4049 1402 4107 certissimam
1434 4070 1671 4110 causam
1714 4057 1869 4111 unde
1899 4056 2093 4113 omnis

446 4135 549 4208 qui
578 4152 708 4191 vere
746 4139 835 4190 est
879 4136 1115 4209 sapiens
1166 4138 1241 4195 sit
1288 4142 1542 4213 sapiens,
1593 4147 1649 4199 et
1699 4145 1851 4200 unde
1899 4146 2093 4202 omnis

447 4224 551 4295 qui
580 4240 709 4280 vere
740 4227 829 4281 est
866 4225 1069 4295 justus
1100 4227 1177 4284 sit
1210 4228 1432 4300 justus.
1468 4231 1541 4286 Ut
1588 4249 1723 4305 ergo
1770 4232 1847 4289 sit
1878 4233 2094 4306 aliquis

449 4312 923 4385 bonus,sapiens,
948 4315 1269 4385 justus,est
1298 4335 1477 4375 causa
1506 4321 1837 4392 praecedens
1880 4327 1937 4378 et
1966 4324 2090 4379 effi-

449 4399 610 4455 ciens
640 4399 767 4472 ipsa
812 4418 1046 4459 summa
1088 4404 1392 4477 sapientia,
1426 4423 1659 4463 summa
1694 4409 1947 4480 justitia.
1979 4412 2089 4468 Sed

450 4488 717 4561 nunquid
748 4490 951 4546 eodem
975 4493 1146 4548 modo
1170 4494 1360 4549 dicere
1377 4511 1713 4565 possumus,
1729 4496 1777 4552 si
1797 4506 2094 4570 quaeratur

2203 3342 2474 3399 voluntas
2505 3344 2705 3399 fecerit
2752 3344 3011 3402 hominis
3051 3346 3410 3403 voluntatem
3451 3349 3831 3416 malam,sicut

2205 3432 2397 3504 potuit
2426 3433 2795 3505 acquiescere
2826 3434 2977 3490 male
3014 3436 3304 3504 suadenti,
3324 3436 3406 3493 ita
3437 3439 3642 3511 potuit
3671 3444 3723 3494 et
3742 3455 3829 3493 non

2205 3521 2594 3592 acquiescere.
2626 3527 2768 3578 Cum
2800 3541 2937 3597 ergo
2968 3528 3122 3580 esset
3143 3530 3462 3598 utrumque
3488 3527 3555 3583 in
3579 3545 3692 3583 sua
3710 3532 3835 3601 pote-

2205 3615 2375 3678 state,
2405 3627 2574 3666 nemo
2605 3627 2740 3667 eum
2774 3610 3027 3684 impulit,
3060 3630 3232 3670 nemo
3264 3631 3399 3670 cum
3440 3618 3663 3690 coegit,
3694 3632 3833 3673 nemo

2203 3700 2379 3755 etiam
2413 3700 2714 3755 suadendo
2755 3701 3060 3773 praevalere
3100 3703 3311 3775 potuit,
3345 3704 3461 3761 nisi
3510 3706 3662 3778 quia
3706 3706 3835 3761 intus
3878 3720 3879 3725 ‘

2204 3790 2357 3861 apud
2390 3806 2452 3844 se
2498 3788 2825 3846 voluntario
2875 3792 3102 3847 defectu
3153 3791 3380 3864 lapsus,
3412 3809 3448 3849 a
3477 3794 3639 3852 bono
3679 3796 3838 3851 factus

2203 3883 2294 3934 est
2316 3876 2652 3934 malus.Hoc
2674 3879 2848 3934 etiam
2863 3885 2919 3935 et
2946 3880 3002 3935 in
3024 3880 3249 3937 caeteris
3271 3881 3623 3941 hominibus
3640 3885 3836 3957 agitur;

2202 3967 2357 4022 unde
2388 3968 2762 4024 manifestum
2784 3974 2873 4024 est
2894 3969 3087 4041 ipsum
3110 3970 3353 4041 bonum,
3386 3971 3443 4026 id
3468 3978 3563 4028 est
3594 3979 3837 4030 naturam

2203 4056 2415 4111 bonam
2442 4073 2510 4111 ex
2546 4061 2654 4112 Deo
2685 4073 2811 4113 esse
2838 4076 2850 4125 ;
2887 4062 2950 4113 ut
2980 4062 3177 4114 autem
3210 4060 3366 4115 istud
3394 4066 3627 4118 natura;
3642 4064 3837 4118 bonum

2201 4145 2492 4201 efﬁciatur
2519 4146 2658 4201 vitio
2691 4145 2936 4211 malum,
2970 4165 3039 4203 ex
3070 4148 3232 4203 nullo
3261 4166 3409 4216 esse,
3446 4151 3594 4222 quia
3634 4151 3835 4207 nullum

2200 4233 2375 4289 habet
2395 4238 2691 4291 auctorem
2720 4236 3092 4303 efficientem,
3117 4237 3218 4293 sed
3241 4254 3443 4294 casum
3464 4240 3832 4297 deﬁcientem.

2272 4324 2389 4379 Hoc
2420 4338 2556 4396 ergo
2589 4327 2777 4379 totum
2808 4329 2963 4381 recte
2990 4326 3060 4380 de
3110 4325 3379 4382 rationali
3426 4328 3698 4400 angelica
3735 4327 3833 4385 sive

2200 4411 2460 4468 humana
2478 4417 2689 4468 natura
2703 4412 3035 4481 sentitur,et
3050 4414 3265 4470 dicitur
3288 4434 3302 4484 ;
3328 4420 3394 4471 ut
3422 4415 3482 4471 in
3506 4417 3596 4474 eis
3607 4435 3677 4474 ex
3698 4416 3831 4473 nullo

2201 4503 2435 4555 auctore
2468 4499 2659 4574 ipsum
2695 4505 2913 4556 naturae
2945 4502 3163 4557 bonum
3196 4502 3419 4559 malum
3449 4506 3697 4573 fieri,vel
3725 4521 3830 4561 ma-

448 4596 483 4634 a
512 4577 679 4634 nobis
705 4580 859 4636 unde
882 4581 1101 4637 bonum
1126 4581 1347 4637 malum
1365 4599 1492 4671 esse
1514 4582 2093 4661 incipiat,utrespon-
2122 4607 2168 4671 Β
2198 4587 2321 4643 lum
2350 4605 2478 4644 esse
2508 4588 2891 4663 intelligatur.
2927 4591 3094 4660 Quia,
3131 4596 3195 4647 ut
3225 4593 3440 4664 saepius
3479 4594 3704 4651 dictum
3739 4597 3829 4653 est.

447 4668 690 4723 deamus
704 4667 939 4741 aliquod
965 4687 1264 4725 summum
1286 4670 1507 4726 malum
1526 4688 1654 4728 esse
1677 4678 1838 4729 extra
1856 4693 2090 4734 omnem

448 4761 717 4813 naturam
740 4758 1065 4830 angelicam
1087 4757 1174 4813 vel
1197 4758 1604 4827 humanam,et
1622 4778 1690 4817 ex
1710 4762 1837 4835 ipso
1855 4782 2088 4825 summo

445 4845 599 4902 malo
624 4845 749 4902 ﬁeri
776 4846 1064 4918 quidquid
1096 4846 1153 4901 in
1178 4846 1321 4918 ipsis
1334 4849 1616 4905 creaturis
1636 4854 1725 4907 est
1746 4853 1967 4910 malum
1992 4874 2005 4923 ;
2026 4860 2091 4911 ut

443 4933 687 5005 angelus
720 4932 914 4988 malus
942 4938 1000 4989 et
1028 4932 1204 4989 homo
1236 4934 1427 4992 malus
1457 4937 1627 5008 quasi
1670 4938 1804 4996 inde
1836 4941 2091 5000 habeant

442 5038 681 5076 causam
697 5021 1118 5093 praecedentem
1136 5022 1551 5079 etefflcientem
1568 5026 1802 5083 malitiae
1824 5046 2089 5104 suaqua

442 5126 511 5164 ex
541 5109 692 5164 bono
723 5108 861 5164 mali
892 5109 1245 5165 efﬁciuntur.
1278 5111 1422 5166 Nam
1455 5112 1631 5168 etiam
1664 5116 1906 5189 angelus
1935 5121 2088 5177 sicut

441 5200 499 5251 et
528 5194 703 5250 homo
734 5196 938 5267 utique
992 5197 1182 5253 bonus
1213 5199 1342 5265 fuit,
1392 5204 1450 5255 et
1492 5201 1676 5259 malas
1721 5222 1847 5262 esse
1890 5211 2082 5282 erepit.

445 5282 606 5367 Unde
636 5298 772 5354 ergo
803 5282 1009 5338 habuit
1040 5299 1277 5341 causam
1312 5290 1750 5361 praecedentem,
1785 5311 1899 5367 qua
1925 5298 2088 5354 fieret

444 5366 655 5458 malus.
673 5369 948 5458 Nunquid
972 5371 1132 5458 Deus
1165 5372 1353 5430 bonus
1382 5376 1572 5448 potuit
1597 5395 1724 5438 esse
1763 5366 1940 5441 causa
1971 5403 2087 5458 qua

444 5456 681 5511 effectus
712 5455 791 5511 sit
818 5456 1061 5528 angelus
1094 5460 1326 5519 malus?
1344 5464 1532 5521 absit:
1563 5468 1701 5539 quia
1731 5488 1961 5529 summe
1982 5455 2086 5530 bo-

445 5560 557 5598 nus
584 5543 722 5599 mali
753 5559 934 5599 causa
954 5561 1079 5603 esse
1111 5566 1225 5605 non
1256 5554 1445 5625 potuit
1478 5572 1490 5609 :
1528 5556 1801 5615 similiter
1840 5562 1995 5616 absit
2023 5566 2088 5616 ut

443 5629 710 5689 dicamus
740 5646 868 5688 esse
898 5631 1132 5707 aliquod
1183 5657 1482 5699 summum
1516 5643 1758 5714 malum,
1787 5650 1842 5702 et
1887 5647 2083 5721 ipsum

2202 4676 2423 4732 malum
2447 4678 2603 4734 istud
2638 4678 2938 4735 rationalis
2968 4685 3244 4736 creaturae
3267 4699 3373 4738 nec
3387 4699 3457 4737 ex
3480 4684 3620 4751 Deo,
3655 4700 3750 4739 nec
3776 4698 3831 4736 ex

2198 4765 2333 4820 mali
2369 4766 2565 4838 aliquo
2596 4773 2830 4825 auctore
2862 4770 2961 4825 sed
2996 4786 3066 4825 ex
3094 4770 3330 4843 proprio
3373 4771 3606 4828 defectu
3639 4791 3671 4827 a
3703 4774 3831 4827 bono

2196 4871 2324 4910 esse
2353 4855 2537 4928 cmpit.
2578 4856 2688 4912 Sed
2723 4858 2853 4925 iste,
2888 4857 2987 4929 qui
3020 4874 3126 4914 nec
3156 4858 3621 4932 angelicam,nec
3652 4861 3833 4916 huma-

2197 4959 2332 4998 nam
2356 4948 2630 5001 naturam
2661 4946 2871 5001 asserit
2899 4962 3158 5017 peccare,
3181 4948 3281 5004 sed
3311 4947 3499 5004 solam
3533 4948 3720 5021 ipsius
3750 4966 3831 5003 na-

2195 5035 2339 5087 turae
2368 5031 2749 5099 voluntatem,
2775 5034 2905 5091 ideo
2936 5032 3114 5090 talem
3146 5036 3552 5093 deﬁnitionem
3582 5038 3828 5112 posuisse

2192 5120 2514 5187 videtur,ut
2543 5122 2628 5178 sic
2654 5122 2791 5178 velit
2821 5123 3125 5179 ostendere
3173 5123 3370 5196 ipsum
3400 5126 3721 5183 voluntatis
3747 5128 3829 5182 bo-

2195 5210 2590 5276 num,malum
2623 5210 2861 5279 fieri,vel
2894 5211 3117 5268 malum
3139 5230 3268 5270 esse
3296 5231 3310 5269 :
3347 5218 3413 5269 ut
3436 5219 3633 5272 tamen
3658 5216 3827 5288 ipsam

2196 5302 2465 5353 naturam
2516 5299 2789 5355 defendat
2832 5300 2903 5357 ab
2952 5300 3061 5356 hoc
3092 5300 3248 5357 malo
3299 5300 3553 5359 alienam
3582 5321 3729 5360 esse.
3761 5303 3826 5357 Eo

2196 5387 2350 5457 quod
2386 5403 2498 5441 non
2532 5387 2789 5458 potuerit
2814 5392 3017 5444 auetor
3046 5406 3174 5445 esse
3205 5388 3341 5445 mali
3373 5407 3494 5446 suae
3536 5390 3823 5456 voluntati,

2194 5492 2323 5545 quae
2358 5492 2425 5531 ex
2456 5476 2606 5531 bono
2638 5475 2697 5530 in
2725 5475 2947 5531 malum
2970 5481 3199 5533 mutata
3221 5482 3309 5533 est
3334 5496 3348 5533 ε
3373 5479 3513 5551 quia
3534 5481 3825 5547 bonum,ut

2195 5559 2437 5632 incipiat
2467 5579 2595 5619 esse
2640 5562 2884 5633 malum,
2937 5581 3006 5619 ex
3054 5564 3216 5621 nullo
3254 5571 3363 5622 est.
3397 5568 3480 5623 Ex
3529 5566 3689 5623 nullo
3732 5584 3822 5621 au-

2196 5652 2352 5704 ctore
2383 5649 2557 5707 habet
2599 5667 2836 5709 causam
2887 5652 3273 5723 efﬁcientem;
3307 5655 3409 5712 sed
3462 5656 3659 5730 potius
3685 5654 3821 5712 defe-
