3896 6198
344 305 462 367 215

1438 298 1667 362 FLORI
1712 294 2030 358 DIACONI
2076 293 2673 367 LUGDUNENSIS..

3648 291 3761 351 216

413 437 578 505 Quod
607 454 744 512 ergo
773 436 962 510 primo
1003 434 1129 492 loco
1163 432 1386 507 posuit:
1421 433 1588 491 Deum
1615 438 1727 489 non
1753 446 1863 487 esse
1891 446 1989 486 au-
2015 429 2071 495 Α
2100 425 2307 497 (Matth.
2340 442 2397 495 χ,
2419 427 2511 499 28)
2537 445 2550 497 ;
2583 431 2639 483 et
2670 425 2771 500 qui
2800 425 3066 484 dicturus
3112 431 3203 483 est
3245 425 3307 483 in
3332 425 3463 498 ipso
3485 426 3719 499 judicio
3744 444 3757 481 :

340 536 562 595 ctorem,
583 531 860 600 factorem,
890 526 1395 599 praedestinatorem
1420 524 1834 595 suppliciorum,
1869 537 1992 575 ma-

341 616 549 672 nifeste
581 620 783 671 contra
811 616 985 671 fidem
1017 610 1343 677 dixit,sicut
1371 629 1551 685 supra
1571 613 1698 682 jam
1731 611 1997 681 frequen-

342 710 431 760 ter
457 704 978 760 ostendimus.Non
991 703 1147 758 enim
1169 702 1391 771 injuste
1420 706 1559 756 sunt
1580 698 1681 755 illa
1709 698 1997 770 supplicia

341 810 469 865 qua
502 793 559 847 in
592 796 805 848 interna
831 791 1206 848 damnatione
1228 789 1457 846 diabolo
1481 792 1538 844 et
1558 787 1781 861 angelis
1796 789 1923 858 ejus
1940 790 1998 842 et

342 882 618 938 omnibus
644 880 841 952 impiis
871 880 1214 936 hominibus
1244 878 1588 943 inferentur,
1613 877 1751 948 quia
1781 892 1994 930 unum-

343 986 638 1043 quemque
659 986 861 1024 eorum
875 968 972 1041 qui
998 967 1079 1023 ibi
1097 966 1807 1034 damnantur,secundum
1830 964 1999 1020 meri-

342 1065 471 1115 tum
505 1075 703 1124 suum,
734 1063 792 1113 et
822 1058 1147 1113 secundum
1170 1072 1508 1112 mensuram
1529 1054 1857 1127 iniquitatis
1880 1072 1997 1109 sua:

2101 517 2364 573 Discedite
2391 534 2425 572 a
2454 534 2559 583 me,
2590 517 2887 587 maledicti,
2918 518 2979 572 in
3020 518 3205 588 ignem
3248 524 3525 573 aeternum
3558 515 3757 586 (Matth.

2100 623 2230 672 xxv,
2268 607 2375 677 41).
2411 606 2572 669 Quod
2606 605 2655 661 si
2686 605 2787 660 illa
2817 605 3129 678 supplicia,
3163 608 3221 661 et
3250 605 3419 661 locus
3448 609 3762 661 tormento-
3856 638 3864 651 ι

2104 712 2235 751 rum
2262 696 2320 749 in
2355 695 2555 766 aliqua
2582 700 2745 767 parte
2776 711 2971 750 rerum
2994 699 3349 761 creatarum,
3373 695 3433 750 id
3463 699 3561 749 est
3590 695 3652 749 in
3671 695 3766 749 ali-

2105 801 2222 856 qua
2249 789 2411 855 parte
2441 784 2647 839 mundi
2678 801 2806 840 esse
2828 784 3119 839 credenda
3139 783 3444 856 sunt,quis
3463 783 3624 839 alius
3644 798 3765 840 esse

2106 873 2297 944 potuit
2325 873 2476 928 facto
2508 878 2597 928 est
2625 874 2892 928 omnium
2908 873 3019 929 ?De
3047 889 3163 945 quo
3192 874 3497 946 Scriptura
3530 872 3766 928 manife-

2107 966 2194 1017 ste
2225 962 2365 1017 dicit
2388 979 2401 1016 :
2434 962 2541 1030 Qui
2566 965 2703 1018 vivit
2741 965 2801 1019 in
2828 972 3119 1029 aeternum,
3149 965 3360 1019 creavit
3385 965 3580 1019 omnia
3604 964 3767 1018 simul

2108 1052 2295 1122 (Eccli.
2327 1052 2590 1121 iii/111,4).
2643 1051 2790 1107 Cum
2838 1051 2996 1107 enim
3034 1069 3170 1108 vere
3224 1058 3497 1108 creatura
3546 1053 3630 1108 sit
3676 1053 3767 1108 ille

342 1151 619 1220 torquent
639 1151 696 1202 et
725 1146 1014 1215 cruciant;
1041 1145 1320 1217 implente
1358 1144 1442 1200 eis
1486 1146 1649 1216 justo
1698 1148 1756 1199 et
1786 1148 1997 1198 aeterno
2106 1139 2262 1212 ignis
2291 1145 2563 1210 aeternus,
2597 1158 2788 1213 neque
2818 1142 2976 1197 enim
3022 1142 3349 1197 credendus
3378 1146 3472 1197 est
3501 1158 3638 1197 esse
3658 1142 3767 1196 Deo

341 1237 563 1310 judice,
599 1236 755 1308 quod
787 1236 858 1291 de
887 1251 952 1290 eo
992 1233 1051 1289 in
1105 1233 1330 1306 psalmo
1374 1234 1658 1304 scriptum
1703 1236 1824 1287 est:
1860 1233 2001 1300 Quia
2109 1234 2429 1285 coaeternus
2450 1233 2526 1298 ;et
2554 1229 2640 1285 sic
2672 1230 2791 1285 haec
2822 1234 3088 1286 creatura
3115 1230 3174 1284 in
3196 1231 3394 1302 justos
3414 1247 3570 1286 usus
3601 1236 3663 1285 et
3685 1246 3766 1285 re-

346 1326 529 1383 reddet
558 1327 856 1396 unicuique
883 1324 1182 1379 secundum
1211 1339 1375 1394 opera
1411 1339 1513 1377 sua
1544 1323 1712 1394 (Psal.
1746 1339 1856 1377 LXI.
1888 1322 1998 1389 l3).
2073 1329 2088 1340 '
2110 1323 2234 1374 ctos
2259 1318 2854 1390 condita,quicunque
2881 1319 2969 1375 vel
3000 1319 3163 1375 illam
3197 1319 3284 1375 vel
3305 1318 3489 1376 aliam
3522 1320 3770 1392 quamli-

347 1415 435 1471 Ita
463 1418 521 1470 et
542 1430 696 1469 unus
724 1419 813 1469 est
826 1413 979 1485 ignis
996 1412 1359 1485 gehennae,et
1374 1416 1569 1467 tamen
1584 1411 1810 1467 diverso
1828 1411 2001 1466 modo
2110 1408 2208 1463 bet
2236 1411 2564 1463 creaturam
2598 1425 2712 1464 non
2734 1425 2768 1463 a
2788 1409 2903 1464 Deo
2925 1408 3207 1465 dicitesse
3223 1425 3341 1465 uno
3362 1415 3419 1464 et
3442 1409 3574 1465 solo
3596 1410 3768 1465 totius

350 1503 462 1561 sibi
491 1503 739 1559 traditos
768 1502 1025 1558 cruciat:
1059 1502 1213 1557 sicut
1242 1506 1298 1557 et
1329 1519 1482 1557 unus
1531 1506 1622 1556 est
1650 1500 1809 1556 calor
1837 1500 2000 1564 solis,
2111 1500 2387 1552 creaturas
2417 1502 2673 1563 auctore,
2705 1498 2806 1553 sed
2838 1498 2912 1553 ab
2941 1496 3056 1554 alio
3087 1499 3284 1554 nescio
3314 1498 3770 1571 quo,manifeste

349 1597 407 1648 et
438 1597 634 1649 tamen
666 1608 779 1647 non
810 1589 1112 1662 aequaliter
1136 1591 1208 1645 ab
1233 1590 1527 1655 omnibus,
1560 1590 1661 1645 sed
1693 1590 1765 1645 ab
1797 1589 1929 1645 aliis
1948 1593 2005 1645 et
2112 1585 2385 1641 haeretica
2413 1585 2732 1657 impietate,
2762 1585 2851 1642 vel
2892 1586 3367 1653 Manichaeorum,
3401 1587 3494 1643 vel
3523 1586 3769 1643 aliorum

350 1682 423 1737 ab
450 1680 582 1737 aliis
610 1681 837 1736 diverso
869 1680 1043 1736 modo
1064 1696 1170 1751 pro
1190 1679 1280 1734 sui
1305 1680 1564 1752 corporis
1584 1679 2003 1751 temperatione
2112 1674 2505 1747 pessimorum
2559 1674 2965 1730 haereticorum
3016 1675 3347 1732 involvitur.
3384 1677 3453 1732 Et
3483 1676 3622 1733 ideo
3646 1692 3771 1732 cum

351 1769 758 1826 sentitur.ldeo
789 1773 985 1824 autem
1010 1766 1440 1840 suppliciaipsa
1460 1785 1766 1840 nunquam
1787 1768 2003 1823 ﬁniun-
2036 1800 2083 1865 Β
2110 1781 2243 1818 vere
2273 1764 2426 1819 inter
2454 1769 2751 1820 creaturas
2772 1763 2926 1835 ignis
2957 1764 3053 1821 ille
3075 1770 3329 1822 aeternus
3351 1782 3774 1824 connumeran‘

350 1862 467 1924 tur,
500 1857 639 1930 quia
661 1858 898 1928 justum
931 1862 1021 1913 est
1050 1857 1207 1929 apud
1238 1857 1445 1927 Deum,
1480 1861 1545 1912 ut
1574 1856 1675 1928 qui
1697 1873 2003 1929 nunquam
2036 1852 2081 1865 "
2117 1852 2229 1909 dus
2261 1853 2355 1919 sit,
2389 1852 2585 1925 ipsum
2619 1854 2744 1908 sine
2774 1853 2952 1909 dubio
2985 1854 3163 1910 habet
3184 1859 3485 1912 auctorem
3518 1861 3581 1913 et
3604 1858 3772 1913 facto-

352 1947 464 2003 sibi
494 1946 803 2003 voluerunt
832 1962 1045 2019 ponere
1075 1945 1253 2001 finem
1285 1950 1678 2017 peccatorum,
1702 1962 2006 2018 nunquam
2117 1959 2261 2011 rem,
2292 1958 2468 2013 quem
2498 1946 2555 1997 et
2583 1941 2775 1998 omnis
2800 1948 3005 1998 caetera
3032 1942 3300 2000 creatura
3323 1946 3417 2013 ;de
3446 1963 3573 2018 quo
3605 1948 3771 2003 etiam

352 2036 531 2091 ﬁnem
560 2035 816 2091 habeant
858 2038 1307 2105 tormentorum,
1339 2039 1396 2090 et
1433 2034 1535 2106 qui
1592 2034 1643 2091 ei
1695 2035 2009 2091 noluerunt
2115 2032 2401 2104 scriptum
2431 2035 2561 2087 est:
2593 2032 2702 2087 Sea:
2728 2033 2880 2087 enim
2907 2033 3100 2089 diebus
3144 2035 3275 2105 fecit
3303 2039 3454 2091 Deus
3484 2038 3701 2097 aetum.
3730 2047 3777 2093 et

353 2123 572 2181 subditi
594 2139 722 2180 esse
744 2123 1187 2195 pietate,omues
1209 2122 1261 2178 ei
1292 2122 1622 2178 subdantur
1641 2125 2004 2190 necessitate,

350 2230 424 2269 ne
456 2217 723 2268 creatura
752 2211 873 2267 ulla
903 2229 1009 2267 suo
1041 2216 1342 2267 remaneat
1371 2212 1593 2267 auctori
1627 2212 2008 2281 contraria;et

352 2302 691 2374 quicunque
721 2301 816 2356 hic
848 2318 963 2356 non
997 2300 1414 2372 acquieverunt
1443 2302 1795 2369 veritati,sod
1828 2303 2006 2357 credi-

354 2391 570 2446 derunt
597 2389 999 2462 iniquitati,ibi
1033 2388 1272 2445 omnino
1303 2394 1359 2445 et
1392 2391 1463 2445 ab
1504 2390 1812 2462 iniquitate
1842 2408 2005 2446 coer-

350 2483 616 2544 ceantur,
670 2483 727 2535 et
781 2478 1155 2535 manifestam
1202 2478 1507 2534 veritatem
1564 2479 1745 2535 divini
1780 2481 2003 2552 iudicii,

352 2567 559 2624 divinae
591 2568 916 2639 majestatis
947 2572 1005 2622 et
1033 2567 1339 2638 potestatis
1390 2568 1510 2634 Dei,
1545 2572 1603 2624 et
1633 2567 1846 2626 Christi
1877 2571 2006 2642 ejus

354 2673 566 2730 negare
595 2675 711 2714 non
743 2656 1085 2729 possint.lta
1107 2660 1171 2711 ut
1202 2657 1311 2729 ipsi
1333 2656 1628 2729 impii,qui
1658 2658 1832 2714 alieni
1858 2677 2007 2716 sem-

354 2764 458 2819 per
473 2747 819 2803 exstiterunt
831 2763 865 2801 a
880 2744 1042 2801 cultu
1064 2746 1477 2819 Dei,cogantur
1491 2748 1681 2820 ipsam
1702 2749 2005 2805 veritatem

352 2835 542 2901 fateri,
575 2840 632 2891 et
659 2851 789 2892 sero
818 2839 1120 2908 gementes
1140 2852 1206 2891 ac
1222 2836 1569 2906 pmnitentes
1600 2835 1834 2892 dicant:
1866 2840 2006 2910 Ergo

354 2926 667 2981 amavimus
696 2942 731 2979 a
757 2926 851 2979 via
879 2926 1149 2992 veritatis,
1182 2933 1233 2980 et
1250 2926 1491 2994 justitise
1521 2926 1702 2980 lumen
1728 2943 1839 2982 non
1861 2928 2007 2983 luxit

353 3013 528 3081 nobis,
560 3022 610 3069 et
636 3014 718 3069 sol
744 3029 856 3069 non
883 3021 963 3068 est
990 3021 1140 3069 ortus
1184 3015 1343 3069 nobis
1382 3014 1530 3085 (ϐαρ.
1563 3031 1617 3080 v,
1648 3016 1727 3083 6).
1761 3014 1923 3092 Unde
1949 3021 2007 3073 et

354 3101 482 3174 ipse
506 3102 878 3172 omnipotens
899 3101 1054 3156 Deus
1083 3117 1219 3156 cum
1244 3117 1346 3172 per
1374 3100 1689 3172 prophetas
1718 3118 1859 3158 suas
1878 3104 2008 3160 hor-

2115 2128 2338 2187 terram,
2372 2128 2423 2176 et
2446 2137 2619 2188 mare,
2643 2128 2694 2176 et
2720 2124 2907 2176 omnia
2934 2136 3062 2192 qum
3076 2124 3136 2176 in
3154 2124 3234 2177 eis
3252 2132 3457 2189 sunt,et
3479 2126 3775 2198 inseptimo

2113 2210 2203 2265 die
2231 2211 2495 2281 requievit
2528 2209 2716 2281 (Exod.
2750 2222 2842 2277 xx,
2877 2209 2986 2281 1|).
3022 2210 3189 2266 Dicat
3236 2214 3373 2285 ergo
3422 2212 3541 2269 iste
3572 2215 3636 2269 in
3668 2214 3775 2287 qua

2112 2304 2279 2370 parte
2310 2316 2505 2353 rerum
2537 2304 2704 2370 putet
2721 2302 2851 2354 esse
2871 2300 3251 2366 infernum,id
3273 2307 3365 2357 est
3385 2301 3592 2358 locum
3614 2303 3772 2359 illum

2114 2387 2475 2443 aeternalium
2529 2390 2978 2457 tormentorum,
3029 2394 3226 2445 utrum
3274 2390 3334 2445 in
3376 2388 3570 2458 ‘ccelo,
3607 2409 3680 2449 an
3720 2395 3771 2449 in

2114 2480 2289 2543 terra,
2324 2493 2398 2531 an
2427 2475 2486 2531 in
2520 2477 2691 2542 mari,
2723 2475 2810 2533 vel
2840 2476 2901 2532 in
2949 2478 3174 2534 caeteris
3223 2496 3350 2551 quas
3380 2480 3441 2535 in
3474 2482 3569 2538 eis
3619 2488 3770 2537 sunt.

2113 2565 2455 2637 Ubicunque
2484 2582 2619 2621 eum
2650 2582 2779 2622 esse
2809 2566 3116 2639 putaverit,
3132 2584 3367 2625 necesse
3398 2574 3492 2626 est
3514 2575 3587 2626 ut
3616 2573 3691 2627 ab
3714 2589 3773 2627 eo

2113 2655 2303 2710 factus
2333 2654 2428 2709 sit.
2480 2656 2592 2725 Qui
2636 2656 2766 2725 fecit
2818 2657 3034 2723 castum,
3068 2665 3121 2713 et
3161 2666 3385 2727 terram,
3419 2668 3473 2717 et
3522 2678 3702 2726 mare,
3732 2672 3776 2719 et
3862 2658 3863 2697 ἶ

2113 2744 2303 2799 omnia
2329 2759 2455 2815 qum
2483 2746 2544 2799 in
2570 2746 2651 2799 eis
2669 2753 2797 2799 sunt
2828 2743 3036 2817 (Ibid)

2184 2834 2322 2898 Quae
2351 2849 2487 2887 cum
2519 2833 2601 2888 ita
2632 2832 2882 2900 sint,cur
2910 2835 3037 2906 ipse
3067 2834 3442 2910 omnipotens
3472 2840 3661 2911 Deus,
3683 2842 3775 2915 qui

2113 2924 2203 2976 est
2234 2925 2436 2976 auctor
2464 2926 2522 2977 et
2550 2922 2733 2978 factor
2753 2923 3020 2979 omnium
3043 2940 3382 2994 rerum,non
3416 2934 3581 2987 recte
3612 2936 3673 2986 et
3696 2949 3777 2987 ve-
3862 2922 3863 2975 Ὺ

2114 3011 2324 3066 raciter
2350 3009 2857 3083 intelligatur,sive
2888 3015 3159 3069 credatur
3187 3017 3365 3072 etiam
3396 3020 3775 3089 praedestina-
3862 3060 3863 3095 ξ

2114 3103 2339 3154 tortam
2364 3101 2654 3170 iustorum
2672 3105 2859 3157 ettam
2881 3102 3281 3160 ordiuatorum
3302 3106 3774 3180 suppliciorum?

350 3169 535 3247 renda
564 3195 620 3245 et
649 3169 1125 3261 aiternasupplici
1153 3169 1565 3260 comminatur,
1591 3192 1923 3262 frequenter
1948 3200 2007 3250 et
2036 3169 2078 3235 C
2116 3188 2270 3244 Licet
2288 3169 2443 3243 enim
2460 3189 2815 3261 patientibus
2836 3198 2893 3246 et
2914 3192 3341 3252 sustinentibus
3360 3169 3464 3252 illa
3484 3199 3774 3272 supplicia

350 3279 468 3335 ﬁne
497 3277 972 3335 comminationis
1002 3295 1120 3333 suae
1153 3278 1794 3350 subjungit,dicens:Et
1810 3285 2000 3352 scient,

346 3371 483 3441 quia
512 3385 606 3439 ego
641 3369 908 3424 Dominus
939 3367 1128 3436 (Exod.
1160 3383 1315 3435 xxnx,
1349 3369 1477 3435 46);
1512 3368 1568 3422 id
1615 3372 1704 3423 est
1750 3373 2003 3428 necessi-

346 3461 468 3513 tate
501 3457 714 3523 dicent,
749 3456 819 3511 ad
853 3455 1253 3510 confusionem
1285 3473 1477 3528 suam,
1512 3458 1664 3528 quod
1698 3474 1999 3532 nunquam

352 3546 566 3618 pietate
605 3549 661 3600 et
702 3544 1004 3599 devotione
1062 3544 1210 3599 scire
1265 3544 1572 3601 voluerunt
1621 3548 1692 3602 ad
1752 3548 2001 3605 salutem

353 3650 544 3689 suam.
578 3633 707 3705 Ipse
737 3649 970 3705 quoque
1000 3632 1185 3704 ipsius
1208 3633 1441 3689 malitiae
1465 3640 1667 3691 auctor
1685 3642 1743 3692 et
1769 3637 2005 3711 instiga-

353 3727 447 3778 tor
474 3720 765 3789 diabolus,
795 3738 930 3777 cum
952 3721 1227 3777 omnibus
1248 3723 1597 3780 satellitibus
1625 3726 1750 3783 suis
1780 3727 2003 3801 angelis

354 3809 680 3867 immundis
710 3815 888 3882 atque
935 3811 1230 3866 damnatis
1258 3810 1335 3867 ibi
1382 3813 1557 3869 ﬁnem
1614 3815 1860 3887 accipiet
1883 3834 2001 3871 suae

354 3900 701 3972 tyrannidis,
737 3916 914 3972 quam
946 3900 1226 3956 adversus
1262 3900 1445 3957 Deum
1494 3906 1551 3958 et
1596 3908 1798 3959 contra
1825 3905 2002 3960 totius

354 3988 594 4045 humani
609 3988 840 4063 generis
851 3988 1102 4045 salutem
1118 3990 1190 4045 ab
1204 3989 1368 4046 initio
1385 4008 1647 4048 exercere
1658 4009 1774 4047 non
1789 3998 1999 4061 cessat,

352 4095 509 4145 cum,
543 4079 696 4134 sicut
724 4079 1009 4150 scriptum
1042 4084 1131 4135 est
1154 4080 1487 4136 :Videntibus
1515 4083 1725 4136 cunctis
1740 4086 2000 4155 praecipi-

352 4169 566 4223 tabitur
588 4168 730 4235 (Job.
755 4170 959 4238 211.328).
989 4168 1227 4240 Propter
1256 4168 1380 4224 haec
1409 4185 1666 4240 namque
1694 4171 1911 4237 omnia,
1945 4176 2003 4227 et

352 4254 467 4311 alia
498 4272 624 4327 quae
655 4255 713 4310 in
746 4257 983 4312 secretis
1012 4256 1111 4311 Dei
1145 4256 1410 4321 latent,in
1444 4257 1761 4329 Scripturis
1781 4260 2001 4315 sanctis

351 4343 528 4398 etiam
581 4344 737 4398 utilis
795 4344 1124 4415 appellatur
1181 4346 1463 4414 infernus:
1496 4343 1650 4398 sicut
1708 4344 1869 4400 utilis
1912 4350 2001 4401 est

343 4447 522 4502 paena
550 4431 727 4486 etiam
758 4431 1151 4487 humanarum
1182 4431 1380 4503 legum
1403 4449 1505 4502 per
1526 4448 1702 4502 quam
1724 4433 1875 4488 noxii
1898 4452 1999 4506 pu-

2111 3278 2422 3333 videantur
2450 3294 2578 3334 esse
2609 3279 2942 3352 mala,apud
2966 3280 3133 3338 illum
3156 3286 3353 3341 tamen
3375 3290 3674 3344 aeternum
3688 3291 3774 3360 ju-

2114 3366 2304 3422 dicom
2331 3384 2447 3422 non
2478 3373 2618 3422 sunt
2644 3367 2834 3437 mala;
2867 3370 3007 3442 quia
3058 3374 3242 3443 justa,
3278 3379 3335 3429 et
3366 3375 3517 3431 nihil
3539 3379 3771 3449 justum

2113 3459 2302 3527 potest
2333 3457 2445 3511 dici
2495 3456 2737 3512 malum.
2772 3458 2901 3531 Ipse
2947 3475 3083 3532 ergo
3132 3466 3190 3517 et
3238 3465 3689 3534 praedestinavit
3724 3471 3773 3523 et

2112 3546 2457 3617 praeparavit
2485 3546 2654 3601 illum
2686 3551 2964 3603 aeternum
2988 3549 3285 3622 ignem,de
3307 3568 3424 3619 quo
3458 3554 3597 3627 ipsa
3622 3556 3773 3612 Veri-

2110 3635 2203 3689 tas
2232 3633 2347 3689 ait:
2375 3638 2489 3707 Qui
2506 3645 2825 3707 paratusest
2861 3638 3074 3694 diabolo
3103 3648 3157 3695 et
3177 3643 3391 3710 angelis
3412 3644 3537 3715 ejus
3566 3646 3768 3716 (Matth.
3862 3644 3863 3663 ’

2108 3740 2241 3789 xxv,
2274 3725 2401 3790 lii);
2444 3730 2501 3780 et
2549 3725 2620 3779 de
2665 3742 2781 3797 quo
2840 3726 3113 3784 Salomon
3162 3729 3342 3786 dicit:
3389 3733 3610 3789 Parata
3651 3743 3772 3791 sunt

2111 3812 2448 3868 derisoribus
2468 3814 2702 3886 judicia,
2744 3825 2795 3870 et
2832 3817 3024 3873 mallei
3064 3822 3425 3889 percutientes
3473 3822 3771 3880 stultorum

2110 3903 2424 3974 corporibus
2455 3904 2633 3973 (Prbv.
2684 3921 2798 3970 XIX,
2830 3906 2942 3977 29).
2985 3906 3045 3961 Si
3093 3907 3250 3963 enim
3299 3908 3421 3966 haec
3479 3913 3773 3986 supplicia

2111 3990 2310 4063 impiis
2342 3996 2398 4046 et
2419 3992 2637 4063 iniquis
2660 3993 3203 4066 uDeojustojudice
3223 3997 3766 4070 przedestinatanon

2110 4086 2269 4146 sunt,
2301 4081 2593 4152 quomodo
2625 4081 2695 4137 de
2726 4081 2810 4136 eis
2849 4083 3040 4138 adhuc
3088 4084 3290 4158 utique
3345 4087 3566 4145 futuris
3598 4096 3770 4164 atque

2108 4169 2368 4224 venturis
2392 4187 2493 4241 per
2505 4170 2742 4225 beatum
2754 4172 3113 4228 Joannemin
3138 4175 3489 4249 Apocalypsi
3513 4180 3763 4236 dicitur:

2108 4259 2591 4314 Etcruciabuntur
2635 4259 2722 4315 die
2768 4277 2833 4315 ac
2878 4269 3031 4318 nocte
3081 4264 3141 4318 in
3187 4266 3397 4321 saecula
3433 4270 3764 4325 saeculorum

2109 4348 2290 4419 (Apoc.
2322 4365 2415 4412 xx,
2448 4349 2571 4419 10);
2604 4354 2661 4403 et
2714 4350 2963 4406 iterum:
3022 4353 3089 4407 Et
3134 4354 3322 4422 fumus
3372 4363 3765 4414 tormentorum

2107 4452 2294 4491 eorum
2313 4436 2557 4492 ascendet
2594 4440 2654 4492 in
2692 4440 2895 4495 szecula
2927 4441 3257 4497 saeculomm
3287 4444 3467 4514 (Apoc.
3503 4463 3627 4513 xxv,
3656 4448 3760 4518 11).

350 4519 598 4574 niuntur
625 4523 690 4574 ut
717 4520 905 4576 caeteri
936 4520 995 4575 in
1027 4537 1168 4608 pace
1199 4520 1411 4608 vivant.
1442 4518 1538 4574 Ait
1569 4536 1824 4592 namque
1844 4522 1997 4578 Scri-
2027 4537 2074 4602 D
2106 4526 2407 4590 Quomodo
2435 4524 2610 4581 etiam
2646 4528 2849 4583 beatus
2872 4528 3074 4585 Petrus
3099 4531 3168 4585 de
3190 4531 3553 4602 quibusdam
3577 4538 3762 4608 pessi-

350 4612 524 4679 ptura
553 4625 685 4664 cum
720 4609 789 4665 de
819 4608 1022 4681 lingua
1050 4607 1207 4663 mala
1231 4606 1601 4678 loqueretur:
1636 4609 1702 4664 Et
1728 4611 1890 4666 utilis
1902 4629 1999 4684 po-

348 4698 455 4753 tius
478 4699 688 4769 inferas
718 4714 883 4770 quam
902 4698 1003 4752 illa
1024 4696 1221 4765 (Eccli.
1253 4712 1447 4763 xxvui,
1480 4698 1593 4767 25).

420 4791 563 4841 Cum
616 4802 752 4859 ergo
796 4790 918 4841 tam
962 4786 1123 4856 justa
1166 4789 1223 4839 et
1248 4788 1383 4838 ’tam
1432 4784 1699 4841 ordinata
1748 4788 1868 4844 sint
1897 4788 1998 4846 illa

348 4878 563 4930 aeterna
592 4874 882 4947 supplicia
929 4873 1291 4946 angelorum,
1326 4873 1445 4928 sive
1490 4873 1798 4931 hominum
1831 4878 1997 4934 dam-

348 4968 643 5028 natorum,
677 4980 783 5019 cur
828 4979 943 5018 non
991 4962 1068 5017 sit
1121 4966 1273 5017 Deus
1332 4966 1538 5017 auctor
1587 4966 1831 5021 eorum?
1879 4984 1995 5023 non

345 5053 502 5122 quod
533 5052 659 5124 ipse
689 5051 766 5106 sit
795 5067 975 5106 causa
1016 5054 1310 5105 tantorum
1369 5048 1681 5116 malorum,
1709 5055 1809 5109 sed
1840 5057 1993 5127 quod

346 5139 473 5211 ipse
502 5141 580 5194 sit
616 5141 820 5211 justus
866 5138 1164 5194 ordinator
1213 5144 1271 5194 et
1311 5139 1496 5211 judex
1544 5141 1843 5211 justorum
1876 5151 1992 5200 tor-

345 5231 698 5282 mentorum.
753 5229 870 5281 Aut
921 5226 1214 5296 quomodo
1273 5244 1389 5282 non
1469 5233 1559 5283 est
1615 5234 1817 5286 auctor
1872 5233 1992 5289 illo-

343 5330 475 5369 rum
534 5314 980 5385 suppliciorum,
1022 5315 1094 5369 de
1152 5332 1266 5386 quo
1326 5317 1632 5375 manifeste
1687 5320 1745 5375 in
1808 5324 1989 5379 Evan-

338 5402 489 5472 gelio
548 5402 763 5457 dicitur
814 5419 826 5455 :
886 5405 1000 5472 Qui
1050 5408 1226 5474 potest
1295 5415 1345 5461 et
1403 5408 1646 5463 animam
1690 5416 1742 5464 et
1795 5428 1991 5483 corpus

335 5490 558 5559 perdere
615 5492 674 5543 in
721 5489 1023 5558 gehennam
1077 5492 1225 5562 (Luc.
1285 5512 1384 5561 xu,
1416 5496 1507 5567 5);
1552 5500 1646 5551 et:
1706 5499 1812 5566 Qui
1842 5508 1988 5571 post-

338 5593 501 5647 quam
530 5577 969 5645 oceiderit,habet
998 5588 1307 5651 potestatem
1333 5586 1545 5641 mittere
1583 5587 1638 5640 in
1686 5587 1987 5655 gehennam

2108 4614 2221 4669 mis
2250 4614 2391 4670 dicit
2415 4631 2428 4669 :
2462 4615 2677 4687 Quibus
2701 4618 2879 4684 caligo
2906 4619 3251 4695 tenebrarum
3273 4622 3333 4675 in
3370 4631 3652 4680 .rternum
3678 4642 3761 4681 re-

2104 4711 2354 4760 servatur
2383 4704 2454 4771 (11
2483 4705 2629 4760 Petr.
2664 4722 2724 4774 ιι,
2757 4707 2865 4775 17).
2900 4707 2970 4761 Et
3012 4707 3221 4764 beatus
3248 4710 3431 4768 Iudas
3462 4713 3761 4785 apostolus

2105 4792 2176 4847 de
2203 4790 2424 4847 eisdem
2456 4793 2726 4849 similiter
2745 4811 2777 4849 :.
2796 4795 3004 4863 Quibus
3028 4798 3761 4872 procella,inquit,tenebra-

2104 4895 2229 4934 rum
2259 4881 2320 4935 in
2346 4887 2617 4936 atomum
2660 4890 2873 4938 servata
2919 4890 3000 4938 est
3038 4884 3244 4955 (Iudae.
3280 4886 3391 4958 13).
3426 4887 3600 4945 Certe
3647 4908 3759 4945 om-

2104 4984 2208 5024 nes
2236 4975 2624 5025 consonanter
2637 4971 2889 5026 fatemur
2906 4977 3085 5028 Deum
3101 4975 3554 5045 praadestinasse
3567 4980 3761 5035 omnia

2103 5074 2230 5130 qua:
2261 5058 2386 5130 ipse
2407 5064 2563 5115 esset
2593 5060 2874 5127 facturus,
2907 5066 2964 5117 et
2993 5062 3193 5134 utique
3224 5067 3347 5120 tam
3381 5082 3621 5140 magna,
3643 5072 3756 5123 tam

2092 5147 2257 5216 justa
2287 5152 2343 5202 et
2373 5152 2587 5203 aeterna
2599 5148 2827 5219 judicia
2848 5165 3020 5205 nemo
3042 5154 3249 5222 praeter
3268 5153 3464 5225 ipsum
3500 5156 3757 5212 facturus

2100 5240 2207 5290 est.
2243 5236 2301 5291 Si
2333 5253 2469 5309 ergo
2491 5237 2562 5292 ad
2584 5239 2711 5308 ejus
2723 5254 2900 5310 opera
2920 5240 3233 5309 pertinent,
3258 5257 3362 5297 nec
3393 5243 3467 5298 ab
3498 5243 3617 5300 alio
3640 5244 3755 5300 fieri

2098 5330 2596 5396 possunt,certum
2630 5330 2718 5381 est
2749 5326 2987 5382 omnino
3007 5345 3111 5383 nec
3132 5327 3387 5386 dubitari
3410 5332 3587 5389 debet
3604 5336 3752 5406 quod

2096 5413 2292 5484 ipsum
2342 5414 2559 5469 habent
2608 5415 3166 5486 praedestinatorem,
3219 5434 3396 5490 quem
3458 5424 3752 5480 auctorem

2099 5506 2193 5572 atq
2203 5516 2272 5557 ue
2305 5503 2604 5558 factorem.

2170 5589 2330 5653 Quod
2364 5592 2411 5646 si
2442 5591 2887 5665 istezpropterea
2909 5594 3050 5652 dicit
3069 5612 3182 5652 non
3206 5613 3335 5654 esse
3346 5597 3535 5657 Deum
3559 5605 3750 5659 aucto-
