3896 6198
171 372 278 431 229

1127 364 1355 426 LIBER
1399 360 1810 427 ADVERSUS
1854 360 2222 425 JOANNEM
2266 363 2599 425 SCOTUM.

3444 364 3561 427 230

169 502 397 558 mortem
419 515 432 553 :
452 501 519 552 ut
550 512 653 554 eos
682 498 791 552 hoc
822 495 992 553 modo
1021 495 1096 552 ab
1126 497 1286 553 omni
1318 495 1554 552 miseria
1583 494 1803 569 suppli-
1830 499 1884 566 Α
1918 512 2025 568 qua
2057 511 2185 568 quos
2206 497 2352 568 juste
2383 513 2491 552 non
2523 497 2733 561 liberet,
2764 495 2835 552 ad
2862 511 2983 551 eam
3012 496 3138 551 illos
3176 496 3563 569 quodammodo

170 590 375 648 ciorum
403 590 457 643 et
484 590 915 642 tormentorum
938 602 1065 658 qua:
1082 586 1443 643 extrinsecus
1473 584 1802 651 adhibetur,

169 683 220 736 et
246 678 312 735 ab
340 673 495 733 omni
517 678 705 731 morte
723 673 967 747 pmnalis
996 672 1389 729 damnationis
1411 672 1631 729 alienos
1654 673 1806 729 futu-

170 784 257 824 ros
278 782 401 822 esse
421 764 878 821 contendat.Sed
902 767 1423 835 quantumcunque
1444 762 1555 818 iste
1572 765 1805 818 conten-

164 857 255 914 dat
268 858 322 912 et
342 852 738 910 contradicere
759 856 1018 919 conetur,
1052 850 1601 924 exceptaillamorte
1624 867 1802 924 quam

169 946 450 1001 incurrent
476 941 830 998 intrinsecus
860 956 927 996 ex
957 940 1284 1013 ignorantia
1306 944 1363 997 et
1381 940 1647 997 absentia
1664 939 1806 996 veri-

163 1033 602 1092 tatis.Patientur
629 1032 808 1088 etiam
839 1030 1202 1087 extrinsecus
1233 1029 1385 1086 sicut
1425 1028 1803 1103 Apocalypsis

164 1122 328 1180 dicit:
349 1123 619 1191 Stagnum
648 1122 799 1190 ignis
840 1128 893 1176 et
937 1119 1243 1192 sulphuris,
1274 1118 1415 1191 quod
1442 1127 1522 1175 est
1548 1135 1694 1174 mors
1721 1134 1806 1174 se-

163 1210 329 1268 cunda
356 1212 544 1281 (Apoc.
577 1226 673 1276 xx,
704 1211 791 1277 10,
830 1209 938 1281 14).
990 1208 1294 1264 Patientur
1338 1224 1470 1263 vere
1518 1211 1801 1287 aeternum

164 1300 611 1365 miseriam,cum
641 1298 816 1365 Deus,
843 1297 1025 1368 judex
1044 1296 1248 1368 justus
1278 1301 1336 1353 et
1365 1295 1530 1353 fortis
1561 1295 1712 1351 dabit
1744 1298 1804 1351 in

163 1406 341 1445 carnes
370 1404 561 1445 eorum
590 1389 773 1456 ignem
798 1394 849 1443 et
878 1401 1100 1452 vermes,
1134 1392 1195 1441 ut
1223 1393 1462 1441 urantur
1488 1393 1540 1441 et
1567 1385 1804 1441 sentiant

164 1494 320 1551 usque
350 1479 409 1532 in
437 1477 831 1548 sempiternum
861 1474 1205 1547 (Juditham,
1237 1474 1358 1541 2i);
1393 1490 1623 1545 semper
1642 1490 1805 1528 nam-

164 1583 267 1641 que
287 1565 345 1620 in
370 1569 736 1637 morte,quos
757 1567 816 1619 et
838 1561 1180 1619 immanitas
1202 1560 1626 1635 suppliciorum
1650 1578 1806 1618 com-

162 1654 326 1728 pellet
355 1654 592 1718 mori,et
611 1652 791 1707 divini
816 1650 1026 1724 judicii
1049 1652 1325 1707 severitas
1356 1667 1656 1724 nunquam
1681 1667 1805 1724 per-

163 1744 341 1799 mittet
372 1740 689 1815 exstingui.

748 1829 980 1886 CAPUT
1019 1829 1212 1886 XVIII.

228 1922 408 1978 Ocavo
438 1920 669 1976 decimo
691 1917 947 1991 capitulo
980 1918 1062 1974 ita
1091 1917 1269 1974 dicit:

228 2012 273 2065 1.
296 2011 552 2066 Errorem
580 2007 1089 2081 praedestinationis
1117 2024 1187 2063 ea:
1215 2008 1639 2079 disciplinarum
1661 2009 1810 2078 igno-

164 2101 358 2167 rantia,
393 2114 531 2170 quas
582 2099 701 2169 ipsa
747 2098 1019 2168 sapientia
1065 2112 1193 2152 suas
1238 2098 1473 2163 comites,
1508 2097 1808 2164 investiga-

166 2189 419 2260 tricesque
445 2187 575 2258 ﬁeri
600 2186 799 2254 voluit,
829 2192 879 2241 et
898 2188 1217 2242 Graecarum
1248 2185 1559 2241 litterarum
1588 2186 1811 2240 inscitia

166 2284 351 2334 ortum.

228 2369 263 2422 2
288 2367 425 2422 Esse
455 2365 682 2421 verbum
726 2374 823 2437 ὸρῶ
870 2362 1011 2435 quod
1040 2362 1205 2419 video
1243 2371 1294 2419 et
1342 2362 1602 2418 definitio
1631 2371 1681 2418 et
1712 2362 1810 2417 de-

168 2454 308 2511 stino
339 2457 755 2527 interpretatur,
776 2453 1044 2509 similiter
1071 2454 1422 2525 compositum
1445 2462 1650 2525 προωρῶ
1672 2468 1813 2523 prae-

167 2543 343 2611 video,
375 2542 734 2617 praedeﬁnio,
768 2541 1154 2614 prwdestino;
1186 2558 1251 2597 ac
1272 2559 1373 2615 per
1402 2542 1500 2598 hoc
1525 2541 1811 2614 prwdesti-

166 2634 433 2689 nationem
479 2640 532 2689 et
574 2631 1067 2705 praede/ﬁnitionem
1114 2632 1262 2687 nihil
1306 2631 1461 2687 aliud
1506 2647 1617 2687 esse
1653 2648 1816 2704 quam

164 2723 568 2795 prmuisionem.

228 2812 281 2866 3.
313 2812 485 2867 Deum
516 2826 612 2865 nec
636 2809 962 2882 prata-vidisse
988 2825 1089 2865 nec
1124 2809 1545 2882 prwdestinasse
1593 2816 1817 2865 mortem

166 2906 215 2955 et
235 2914 450 2972 panos,
478 2900 611 2971 quia
643 2899 788 2955 nihil
816 2900 949 2955 sint.

234 2989 282 3044 4.
318 2993 630 3044 Peccatores
682 2989 741 3044 in
784 3004 967 3043 massa
1014 2988 1306 3059 originalis
1337 2988 1545 3059 peccati
1571 2987 1815 3059 reliquit,

168 3079 375 3133 relictos
422 3077 675 3144 deservit,
720 3075 953 3132 desertos
1000 3076 1210 3132 lumine
1254 3077 1504 3132 tenebras
1550 3084 1816 3148 torquere,

168 3165 396 3222 desertos
426 3167 541 3221 vita
571 3172 795 3221 mortem
824 3167 1159 3221 interimere.

1836 1873 1884 1937 B

1908 593 2205 657 pra’puret,
2235 586 2366 641 dum
2394 602 2481 642 eos
2511 585 2581 641 ad
2610 602 2731 641 eum
2762 587 2965 658 seipsos
2991 600 3313 659 pra'parare
3334 590 3563 659 permit-

1913 681 2007 730 tat.

1986 762 2049 818 In
2077 762 2169 819 his
2198 763 2389 820 verbis
2420 780 2554 820 cum
2582 763 2723 820 dicit
2748 782 2760 820 :
2786 766 3037 821 Errarem
3056 765 3566 838 przedcstinationis

1912 868 1983 908 ex
2011 851 2431 925 disciplinarum
2461 855 2796 923 ignorantia,
2829 871 2965 926 quas
2996 856 3111 926 ipsa
3140 858 3411 928 sapientia
3437 872 3566 913 suas

1912 942 2132 996 comites
2172 942 2702 1013 investigatricesque
2745 943 2869 1013 ﬁeri
2912 943 3101 1011 voluit,
3151 952 3203 999 et
3252 944 3567 1003 Grazcarum

1915 1028 2224 1085 litterarum
2281 1032 2501 1086 inscitia
2556 1038 2765 1099 ortum,-
2816 1031 3111 1088 auditores
3165 1049 3304 1090 suos
3363 1035 3566 1107 utique

1914 1123 2251 1174 commonet
2283 1123 2348 1174 ut
2376 1120 2448 1174 ab
2479 1136 2566 1186 eo,
2598 1123 2879 1192 tanquam
2909 1121 3033 1177 viro
3063 1123 3466 1179 eruditissimo
3512 1128 3568 1180 et

1912 1207 2671 1281 philosophico,liberalium
2688 1208 2830 1264 disci
2839 1208 3376 1282 plinarumdiscant
3389 1213 3569 1269 scien-

1911 1295 2354 1359 tiam,fortassis
2378 1295 2555 1352 etiam
2586 1299 2653 1351 ut
2681 1297 2754 1353 ab
2784 1313 2850 1353 eo
2882 1298 3154 1354 similiter
3174 1300 3401 1356 discant
3421 1305 3566 1356 Gre-

1913 1400 2113 1439 carum
2144 1384 2475 1441 litterarum
2507 1384 2759 1457 peritam
2796 1402 2809 1442 :
2840 1387 3096 1442 afﬁrmat
3126 1404 3380 1461 namque
3411 1391 3566 1462 quod

1912 1472 2043 1546 ipsa
2071 1473 2358 1545 sapientia
2387 1473 2555 1547 quasi
2587 1473 2831 1530 comites
2853 1478 2909 1531 et
2940 1475 3172 1532 sodales
3192 1477 3305 1533 sibi
3324 1480 3567 1550 conjun-

1913 1566 2039 1619 ctas
2070 1562 2281 1618 habeat
2309 1564 2511 1619 eadem
2543 1561 2871 1619 liberalium
2909 1565 3123 1620 artium
3155 1565 3473 1636 doctrinas,
3487 1565 3572 1625 ita

1913 1655 1979 1705 ut
2007 1651 2144 1723 quid
2179 1651 2249 1706 ad
2284 1652 2412 1722 ejus
2438 1651 2834 1725 cognitionem
2864 1652 3112 1707 voluerit
3141 1654 3566 1726 pervenire,nc-

1914 1740 2199 1796 cessarias
2229 1740 2468 1795 omnino
2483 1741 2695 1797 habeat
2707 1741 2835 1813 ipsa
2852 1740 3122 1798 liberales
3136 1742 3571 1816 disciplinas,ut

1915 1846 2019 1901 per
2046 1846 2165 1898 cas,
2198 1830 2355 1902 quod
2384 1847 2586 1885 verum
2618 1834 2726 1896 est,
2751 1829 2937 1903 possit
2966 1830 3408 1904 investigare.Si
3432 1849 3569 1906 ergo

1915 1918 2069 1990 apud
2100 1922 2336 1975 caeteros
2354 1919 2423 1974 de
2453 1918 2690 1975 veritate
2710 1918 2917 1974 divina:
2941 1920 3467 1992 praedestinationis
3480 1939 3569 1979 er-

1916 2023 2114 2062 rorum
2147 2007 2282 2063 fecit
2312 2006 2640 2080 ignorantia
2670 2007 3040 2063 smcularium
3070 2007 3566 2083 litterarum,quid

1916 2095 2047 2160 iste,
2082 2096 2180 2167 qui
2214 2111 2415 2151 earum
2450 2112 2511 2150 se
2535 2098 2723 2168 jactat
2752 2096 3108 2168 peritum,de
3134 2096 3243 2153 hac
3267 2114 3329 2154 re
3350 2115 3454 2173 per
3472 2117 3570 2156 eas

1919 2182 2454 2256 investigavit,quid
2487 2184 3029 2240 veritatisinvenit?
3057 2185 3197 2257 quid
3233 2186 3574 2246 firmissima

1919 2273 2143 2328 ratione
2173 2271 2473 2341 fultum,et
2502 2273 2661 2329 omni
2695 2273 3030 2347 acceptione
3059 2272 3327 2347 dignum,
3361 2276 3419 2331 in
3452 2281 3571 2333 tam

1919 2360 2141 2435 prolixo
2173 2379 2278 2418 suo
2301 2380 2570 2419 sermone
2588 2362 2948 2436 disputavit?
2978 2362 3082 2419 Ubi
3106 2363 3251 2419 nihil
3282 2364 3577 2422 invenitur

1921 2450 2078 2507 aliud
2112 2451 2222 2507 nisi
2256 2452 2590 2524 superfluus
2620 2451 2787 2506 labor
2814 2450 3112 2519 vanitatis,
3146 2457 3203 2509 et
3251 2453 3574 2528 implicatio

1920 2538 2134 2595 inﬁniti
2165 2540 2399 2609 erroris,
2419 2545 2475 2596 et
2505 2540 2877 2613 apertissima
2897 2540 3265 2614 impugnatio
3293 2544 3573 2615 veritatis,

1923 2629 2065 2684 dum
2098 2628 2432 2701 Scripturas
2460 2629 2720 2685 veritatis
2745 2633 3211 2699 contemnens,et
3238 2631 3398 2705 ipsas
3429 2651 3576 2707 quo-

1925 2735 2038 2790 que
2071 2715 2347 2773 historias
2380 2716 2710 2772 divinorum
2742 2716 3107 2789 eloquiorum
3130 2720 3457 2794 incognitas
3480 2722 3580 2779 ha-

1924 2808 2090 2874 bens,
2127 2823 2243 2861 non
2293 2806 2355 2861 in
2404 2806 2489 2861 eis
2534 2804 2854 2861 meditatur
2902 2806 2995 2863 die
3046 2824 3112 2863 ac
3144 2815 3332 2877 nocte,
3368 2827 3473 2866 nec
3505 2812 3576 2867 ad

1926 2912 2127 2953 earum
2151 2894 2411 2968 regulam
2433 2895 2604 2950 ﬁdem
2621 2911 2788 2950 suam
2802 2895 3110 2969 corrigere,
3133 2897 3382 2970 dirigere
3403 2904 3579 2972 atque

1926 2984 2243 3041 informare
2273 2984 2497 3040 studet:
2517 2984 2616 3039 sed
2647 2984 2773 3039 dies
2797 2988 2853 3039 et
2882 2989 3081 3041 noctes
3102 2985 3160 3040 in
3182 2985 3578 3044 humanarum

1925 3074 2246 3130 vanitatum
2279 3072 2525 3129 lectione
2555 3072 2869 3142 consumit,
2921 3077 2977 3129 et
3021 3091 3310 3148 porcorum
3360 3078 3581 3150 siliquis

1929 3171 2166 3219 ventrem
2197 3179 2360 3218 suum
2390 3161 2632 3235 implere
2662 3162 2991 3236 cupit(Luc.
3024 3182 3118 3232 xv,
3152 3165 3260 3238 16),
3294 3182 3399 3221 nee
3446 3165 3581 3222 inde

232 3257 285 3312 5.
318 3254 430 3311 Nec
456 3254 597 3327 quod
628 3256 687 3310 in
714 3256 794 3311 eis
822 3256 963 3310 Deus
989 3256 1135 3326 fecit,
1182 3253 1453 3326 relinquit
1494 3254 1576 3309 vel
1618 3252 1822 3309 deserit
1852 3241 1895 3308 C
1933 3252 2191 3325 aliquam
2216 3253 2587 3308 refectionem
2610 3252 2792 3325 capit:
2814 3253 2913 3308 sed
2933 3252 3263 3309 miserrima
3276 3255 3427 3310 fame
3448 3272 3582 3311 con-

171 3344 464 3416 (Alioquin
494 3359 684 3400 eorum
711 3352 915 3399 natura
944 3343 1014 3399 ad
1045 3344 1285 3398 nihilum
1305 3343 1506 3399 rediret
1533 3345 1586 3398 si
1610 3359 1826 3399 summa

170 3435 403 3489 essentia
438 3434 498 3488 in
527 3434 605 3489 eis
633 3448 739 3488 non
771 3431 960 3505 esset);
988 3431 1077 3488 sed
1108 3432 1248 3504 quod
1272 3434 1334 3487 in
1361 3434 1442 3488 eis
1467 3448 1578 3488 non
1603 3434 1752 3503 fecit,
1771 3431 1827 3487 id

171 3530 246 3579 est
273 3523 598 3596 superbiam
624 3524 845 3594 sprevit.

237 3612 293 3667 6.
325 3606 501 3668 Deum
529 3613 588 3666 in
616 3628 678 3668 ea
706 3619 910 3667 natura
940 3626 1105 3683 quam
1149 3610 1220 3666 ad
1264 3627 1321 3666 se
1366 3612 1572 3667 creavit
1616 3626 1829 3683 semper

172 3699 445 3757 habitare.

235 3792 291 3845 7.
322 3790 431 3846 Dei
456 3789 787 3862 sapientiam
809 3789 1228 3861 praedestinasse
1259 3790 1316 3843 in
1346 3790 1462 3843 suis
1493 3788 1827 3857 legibusmo-

170 3876 257 3934 dos
301 3878 462 3933 ultra
508 3893 640 3951 quos
684 3878 981 3949 impiorum
1021 3878 1242 3933 malitia
1285 3877 1543 3950 progredi
1568 3894 1678 3933 non
1702 3893 1824 3949 pos-

167 3969 255 4034 sit,
274 3982 377 4022 nec
404 3968 546 4022 sinit
572 3967 810 4039 alicujus
838 3967 1111 4022 malitiam
1140 3968 1199 4021 in
1229 3967 1532 4037 inﬁnitum,
1551 3974 1715 4038 prout
1742 3981 1805 4021 ve

168 4056 248 4123 lit,
281 4055 543 4120 extendi,
572 4054 777 4111 divinis
808 4056 1020 4125 legibus
1052 4055 1441 4127 progrediendi
1466 4055 1687 4111 modum
1717 4057 1823 4111 im-

162 4145 518 4215 ponentibus.

234 4234 287 4287 8.
338 4233 608 4303 Nihilque
655 4241 905 4305 appetere
960 4234 1258 4305 impiorum
1304 4234 1570 4303 omnium,
1616 4233 1827 4290 diaboli

166 4323 499 4393 nequitiam.
530 4323 647 4377 nisi
672 4323 740 4378 ab
769 4339 849 4391 eo,
884 4324 983 4394 qui
1028 4330 1107 4379 est
1151 4339 1368 4378 summa
1413 4324 1648 4378 essentia
1679 4339 1821 4378 rece-

167 4409 307 4467 dere.
340 4411 407 4467 In
441 4418 675 4479 tantum,
711 4419 775 4467 ut
798 4428 986 4468 eorum
1012 4420 1235 4480 natura,
1258 4413 1309 4467 si
1336 4411 1427 4467 lea:
1449 4412 1647 4467 divina
1676 4414 1823 4468 sine-

167 4507 265 4566 ret,
299 4501 365 4555 in
396 4499 645 4555 nihilum
672 4499 891 4557 rediret.
925 4500 1028 4557 Sed
1052 4501 1317 4573 quoniam
1344 4502 1399 4556 ei
1424 4499 1728 4573 difﬁcultas
1756 4518 1826 4558 ex

1936 3340 2183 3395 tabescit
2198 3345 2254 3396 et
2275 3341 2425 3413 perit
2445 3340 2806 3413 nequissimo
2819 3341 3079 3414 principe
3092 3342 3202 3397 sibi
3217 3342 3579 3411 dominante,

1936 3430 2035 3501 qui
2052 3430 2201 3484 misit
2227 3445 2353 3484 eum
2382 3430 2441 3483 in
2470 3429 2662 3484 villam
2679 3446 2836 3484 suam
2856 3437 2915 3485 ut
2938 3432 3179 3502 pasceret
3202 3432 3579 3503 poreos(lbid.,

1936 3517 2047 3589 45).
2079 3517 2423 3573 Revertatur
2448 3516 2647 3589 itaque
2694 3518 2752 3572 in
2810 3518 3091 3590 seipsum,
3121 3524 3325 3593 surgat
3380 3525 3437 3577 et
3492 3538 3584 3577 ve-

1937 3606 2061 3662 niat
2089 3605 2161 3661 ad
2194 3609 2441 3678 patrem,
2474 3610 2540 3660 ut
2572 3605 2731 3661 intus
2784 3622 2965 3678 panes
3014 3607 3269 3663 inveniat
3306 3609 3404 3681 qui
3441 3610 3583 3667 foris

1934 3696 2088 3752 fame
2118 3694 2379 3767 peribat;
2412 3693 2492 3749 ibi
2526 3698 2802 3767 pascatur
2830 3693 3019 3767 epulis
3049 3695 3214 3751 vituli
3250 3697 3585 3770 saginati,et

1934 3802 2038 3859 pro
2067 3783 2271 3839 mundi
2287 3782 2805 3852 saluteimmolati;
2839 3783 2918 3838 ibi
2934 3784 3522 3859 audiatsymphoniam
3533 3796 3584 3845 et

1933 3876 2158 3931 chorum
2212 3872 2396 3941 (lbid.,
2445 3873 2559 3941 25),
2635 3871 2693 3926 id
2760 3875 2848 3927 est
2911 3871 3315 3929 admirandam
3376 3893 3583 3933 conso-

1935 3962 2197 4019 nantiam
2230 3959 2553 4017 caelestium
2573 3959 3005 4031 Scripturarum
3023 3965 3081 4015 et
3097 3960 3326 4017 dulcem
3351 3980 3584 4020 concor-

1934 4054 2092 4109 diam
2122 4049 2512 4121 fidelium,qui
2545 4064 2749 4103 omnes
2778 4047 2932 4103 idem
2964 4048 3339 4119 sapientes,in
3376 4052 3578 4108 eodem

1934 4159 2108 4199 sensu
2141 4144 2314 4212 atque
2344 4137 2636 4193 sententia
2665 4136 3217 4205 ﬁrmati,unanimes
3239 4155 3355 4193 uno
3369 4155 3466 4195 ore
3485 4139 3585 4195 ho-

1933 4231 2239 4288 noriﬁcant
2269 4228 2451 4283 Deum
2470 4230 2527 4282 et
2546 4226 2773 4281 Patrem
2792 4225 3022 4281 Domini
3047 4227 3230 4282 nostri
3262 4228 3401 4283 Jesu
3423 4228 3584 4283 Chri-

1934 4321 2029 4377 sti.
2063 4324 2129 4374 In
2160 4318 2269 4373 hac
2300 4318 2495 4388 itaque
2525 4316 2699 4371 domo
2743 4331 2847 4387 per
2894 4315 2992 4371 Dei
3036 4315 3494 4373 misericordiam
3525 4322 3584 4374 et

1934 4409 2068 4466 fidei
2094 4407 2341 4482 gratiam
2375 4405 2569 4479 positi,
2603 4405 2915 4461 audiamus
2954 4411 3011 4461 et
3055 4409 3361 4461 teneamus
3391 4407 3583 4462 fideli-

1932 4505 2022 4556 ter
2045 4498 2199 4570 quod
2224 4497 2593 4569 dispensator
2610 4495 2781 4568 panis
2801 4493 3086 4561 aaterni,id
3100 4495 3355 4552 estverbi
3378 4492 3581 4562 divini,

167 4590 394 4645 atemis
428 4588 638 4658 legibus
668 4590 881 4645 obsistit
906 4605 977 4645 ne
1024 4591 1084 4645 in
1132 4597 1348 4646 tantum
1377 4590 1535 4646 cadat
1562 4599 1827 4663 quantum
1859 4612 1904 4677 Ι)
1938 4588 2106 4644 nobis
2138 4584 2637 4655 insinuat,dicens
2674 4600 2687 4638 :
2719 4584 2782 4640 Si
2809 4586 2933 4657 quis
2960 4583 3175 4640 videtur
3204 4586 3349 4640 inter
3375 4600 3467 4640 vos
3495 4600 3582 4640 sa-

167 4676 350 4745 vellet,
383 4693 457 4733 ex
483 4693 556 4733 ea
586 4677 914 4749 difﬁcultate
943 4679 1215 4743 laborare,
1249 4678 1545 4735 laborando
1564 4681 1826 4751 torqueri,

162 4767 377 4837 puniri,
411 4768 681 4837 cruciari,
712 4775 762 4823 et
808 4766 936 4824 inde
983 4769 1108 4839 ﬁeri
1154 4769 1418 4823 miseram
1451 4769 1707 4823 inanium
1735 4784 1826 4824 vo-

167 4854 443 4927 luptatum
469 4863 721 4925 egestate.
771 4857 1011 4930 Eamque
1056 4856 1456 4929 difﬁcultatem,
1492 4873 1601 4929 qua
1634 4858 1826 4930 prohi-

169 4944 365 5000 bentur
385 4947 682 5018 pervenire
709 4945 780 5001 ad
807 4962 871 5001 ea
896 4961 1022 5019 quae
1054 4946 1349 5002 libidinose
1372 4954 1650 5017 appetunt,
1683 4948 1832 5018 efﬁci

167 5034 242 5088 eis
266 5034 550 5106 pcenalem
579 5036 883 5102 interitum,
916 5044 969 5091 et
1012 5049 1133 5092 suae
1176 5035 1509 5091 miserrimae
1554 5035 1830 5107 cupidinis

157 5123 536 5193 justissimum
557 5126 882 5180 cruciatum.

233 5211 291 5267 9.
358 5212 653 5285 Utriusque
716 5215 895 5286 partis
949 5212 1405 5287 prwdestinatum
1469 5229 1580 5270 esse
1636 5230 1831 5270 nume-

168 5316 312 5356 rum.

236 5390 325 5444 10.
362 5390 571 5447 Invitos
600 5395 710 5448 Deo
734 5393 940 5449 servire
970 5392 1166 5463 impios
1198 5409 1217 5445 :
1246 5407 1357 5447 non
1377 5398 1633 5448 naturam
1664 5409 1830 5464 quam

168 5478 226 5533 in
253 5480 338 5534 eis
368 5481 519 5551 fecit,
552 5488 604 5537 et
633 5482 693 5536 in
721 5482 802 5537 eis
831 5498 942 5537 non
984 5481 1168 5553 punit,
1211 5479 1305 5537 sed
1346 5481 1552 5536 malam
1577 5482 1828 5538 volunta-

168 5572 291 5634 tem,
327 5583 500 5641 quam
530 5570 591 5624 in
620 5571 700 5626 eis
722 5586 834 5626 non
860 5571 1067 5642 fecit,et
1094 5571 1154 5625 in
1200 5570 1280 5626 eis
1303 5571 1504 5641 punit;
1553 5572 1615 5626 in
1660 5585 1827 5644 eoque

169 5655 308 5733 quod
336 5659 395 5715 ei
422 5659 590 5719 inviti
615 5660 886 5727 serviunt,
910 5659 1110 5736 puniri
1136 5660 1198 5718 in
1225 5660 1418 5735 seipsis
1437 5674 1541 5717 sua
1562 5662 1825 5738 pwna.De

1933 4680 2091 4751 piens
2121 4692 2234 4732 esse
2262 4677 2321 4731 in
2350 4676 2448 4730 hoc
2476 4675 2699 4740 swculo,
2731 4675 2932 4735 stultus
2973 4675 3073 4746 ﬁat
3119 4683 3181 4730 ut
3228 4675 3298 4729 sit
3342 4675 3581 4746 sapiens.

1934 4768 2219 4840 Sapientia
2249 4766 2397 4820 enim
2425 4762 2588 4836 hujus
2617 4763 3072 4829 mundi,stultitia
3096 4770 3174 4818 est
3200 4762 3347 4835 apud
3393 4763 3581 4819 Deum.

1934 4858 2213 4927 Scriptum
2241 4861 2321 4909 est
2344 4854 2493 4909 enim
2523 4872 2541 4907 :
2574 4851 3043 4923 Comprehendant
3069 4853 3338 4922 sapientes
3360 4853 3419 4906 in
3438 4860 3586 4908 astu-

1936 4947 2016 5001 tia
2044 4961 2250 5001 eorum.
2282 4943 2351 4997 Et
2383 4959 2395 4997 :
2427 4943 2687 4997 Dominus
2716 4942 2965 5008 cognovit
2990 4940 3339 5008 cogitationes
3366 4944 3583 5012 sapien-

1938 5036 2097 5102 tium,
2148 5033 2407 5104 quoniam
2454 5044 2615 5087 vana?
2659 5037 2789 5084 sunt
2821 5028 2868 5099 (1
2914 5027 3034 5084 Cor.
3070 5045 3152 5095 IlI,
3209 5030 3290 5096 18,
3322 5029 3435 5100 20).
3472 5031 3585 5084 Au-

1937 5124 2171 5179 diamus
2204 5125 2260 5176 et
2286 5118 2454 5174 illum
2479 5115 2985 5191 sapientissimum
3014 5114 3226 5185 virum,
3257 5115 3356 5188 qui
3399 5116 3541 5171 dicit
3568 5134 3582 5171 :

1938 5212 2310 5270 Stultissimus
2334 5224 2455 5264 sum
2495 5209 2822 5272 virorum,et
2846 5205 3121 5277 sapientia
3166 5206 3449 5261 hominum
3475 5221 3588 5261 non

1937 5310 2016 5359 est
2042 5316 2254 5366 meum;
2284 5313 2393 5351 non
2423 5296 2598 5351 didici
2621 5295 2969 5367 sapientiam,
2992 5310 3100 5351 non
3122 5297 3253 5352 novi
3279 5303 3585 5352 sanctorum

1934 5389 2226 5447 scientiam
2256 5386 2435 5458 (Prov.
2468 5401 2599 5449 xxx,
2632 5386 2686 5452 2,
2719 5382 2788 5451 3).
3006 5424 3025 5458 ε

2007 5473 2168 5542 Quod
2203 5487 2321 5527 non
2353 5468 2483 5524 ideo
2514 5468 2768 5525 dicimus
2799 5469 2969 5542 quasi
3002 5470 3150 5526 nihil
3182 5470 3240 5526 in
3272 5469 3390 5526 illis
3411 5469 3588 5526 etiam

1934 5562 2143 5620 litteris
2172 5556 2452 5616 humanis
2480 5556 2812 5616 inveniatur
2838 5559 3232 5629 veritatis,aut
3262 5558 3373 5616 illa:
3405 5558 3590 5615 disci-

1933 5655 2104 5736 plinas
2116 5667 2234 5711 non
2246 5648 2501 5707 habeant
2512 5644 2771 5727 aliquam
2784 5646 3094 5713 utilitatem
3108 5648 3182 5708 ad
3193 5647 3589 5726 indagandum
