3896 6198
112 431 213 493 233

1038 423 1265 481 LIBER
1308 421 1721 482 ADVEltSUS
1770 420 2131 483 JUANNEM
2179 422 2513 484 SCOTU’M.

3358 426 3481 485 234

174 560 304 615 llost
330 555 445 609 haec
475 552 547 608 ad
582 551 728 607 illud
773 552 1101 608 necessario
1136 553 1549 619 convertimur,
1574 553 1729 624 quod
1757 558 1811 623 Α
1843 553 1998 623 quod
2031 553 2235 625 utique
2267 553 2637 611 manifestius
2687 555 2759 610 ad
2798 553 3171 611 destinatum
3221 554 3475 627 pertinet

112 650 207 705 ista
229 649 287 700 ut
304 641 516 714 aliquid
541 640 719 695 etiam
745 657 813 695 ex
831 641 1036 696 Graacae
1058 640 1272 713 lingua:
1296 640 1505 712 peritia
1521 641 1727 696 docere

112 737 365 797 videatur,
388 729 549 785 addit
591 732 649 783 et
686 728 866 784 dicit:
896 731 1023 784 Ecce
1066 728 1314 785 Graecum
1348 729 1571 785 verbum
1605 736 1722 801 ὁρῶ,

111 823 232 898 quod
244 821 418 888 video,
429 826 480 874 et
493 816 729 885 deﬁnio,
742 824 793 873 et
808 818 952 874 desti
963 833 1037 874 na
1055 818 1728 890 interpretatur,similiter

109 912 431 983 compositum
449 916 641 978 προορῶ
664 903 966 976 pravideo,
982 905 1338 977 praedelinio,
1352 903 1722 978 praedestino.

110 1003 174 1057 Ac
191 1016 282 1074 per
308 998 401 1053 hoc
425 995 962 1068 praedestinatin
991 1002 1040 1049 ct
1057 993 1551 1065 prsetleﬁnitionem
1579 994 1726 1049 nihil

109 1088 243 1145 aliud
268 1102 377 1143 esse
404 1100 568 1157 quam
591 1084 999 1154 praecisionem.
1026 1084 1088 1138 In
1122 1083 1338 1155 quibus
1367 1082 1558 1139 verbis
1582 1083 1725 1138 bene

109 1177 319 1250 quidem
367 1174 447 1229 ait
472 1172 629 1245 quod
657 1181 755 1246 ὁρῶ
784 1171 972 1245 possit
1003 1172 1206 1228 Latine
1254 1172 1366 1227 dici
1416 1173 1588 1238 video,
1622 1171 1723 1227 sed

108 1264 370 1339 quomodo
400 1262 556 1318 istud
578 1262 729 1318 video
761 1260 1008 1333 intelligi
1034 1261 1261 1329 debeat,
1286 1268 1482 1317 utrum
1506 1259 1726 1333 simpli-

106 1356 230 1411 citer
251 1351 671 1419 tantummodo,
696 1350 849 1407 sicut
868 1349 1055 1406 multa
1074 1350 1340 1405 videmus
1359 1348 1516 1405 velut
1537 1354 1727 1405 trans-

104 1446 287 1498 eunter
312 1445 367 1496 et
394 1439 545 1495 ultro
574 1455 636 1495 se
665 1439 882 1495 nostris
906 1439 1243 1511 aspectibus
1271 1438 1625 1511 ingerentia;
1650 1454 1724 1492 an

105 1537 241 1589 certo
270 1529 461 1603 aliquo
491 1533 550 1585 et
576 1529 762 1585 deﬁxo
793 1528 1011 1598 intuiti,
1039 1545 1155 1600 quo
1188 1545 1309 1583 rem
1340 1528 1599 1600 aliquam
1625 1531 1727 1582 aut

101 1619 399 1678 certissime
448 1634 578 1674 esse
615 1633 1059 1691 cognoscamus,
1085 1627 1188 1673 aut
1235 1622 1397 1673 tanta
1444 1616 1582 1672 illuc
1635 1615 1722 1671 in-

102 1709 332 1766 tentione
352 1712 552 1764 noster
575 1707 862 1779 dirigatur
887 1712 1180 1780 aspectus,
1208 1711 1268 1762 ut
1291 1706 1460 1778 quasi
1487 1705 1723 1779 signum

103 1800 163 1856 ad
191 1798 451 1871 sagittam
483 1796 759 1852 eumdem
792 1800 1058 1852 nostrum
1088 1800 1389 1867 aspectum
1421 1795 1572 1850 actio
1594 1810 1725 1849 con-

102 1892 375 1960 sequatur.
391 1885 557 1942 Sicut
585 1889 643 1942 et
670 1884 973 1958 Scriptura
1004 1885 1146 1941 dicit
1174 1886 1245 1940 de
1289 1885 1452 1939 fabro
1485 1883 1724 1939 ferrario

102 1976 174 2033 vel
196 1975 499 2048 cujuslibet
515 1973 755 2030 alterius
773 1972 1160 2046 metalli,quia
1181 1974 1251 2029 ad
1271 1972 1722 2028 similitudinem

101 2065 235 2120 vasis
263 2064 414 2138 quod
460 2063 799 2131 fabricatur,
833 2067 921 2119 est
951 2063 1155 2119 oculus
1186 2062 1518 2129 illius,cum
1565 2065 1728 2117 tanta

104 2155 231 2209 illud
260 2153 579 2209 intentione
604 2152 755 2208 oculi
788 2152 1053 2219 attendit,
1079 2157 1144 2207 ut
1173 2152 1331 2208 velut
1363 2152 1435 2207 ad
1463 2150 1724 2224 regulam

102 2244 175 2299 vel
205 2244 270 2299 ad
294 2243 511 2298 lineam
558 2242 650 2297 sui
690 2242 929 2297 obtutus
977 2240 1121 2296 nihil
1156 2241 1213 2295 in
1247 2258 1313 2297 eo
1342 2239 1510 2297 aliter
1546 2257 1724 2312 quam

101 2334 207 2405 ipse
245 2332 535 2405 disposuit
583 2347 711 2387 esse
762 2328 1036 2403 patiatur.
1072 2333 1158 2386 Ita
1187 2347 1324 2403 ergo
1383 2330 1574 2402 magis
1630 2328 1726 2385 ille

98 2439 266 2477 sermo
302 2430 416 2495 ὁρῶ,
451 2421 512 2476 id
544 2424 635 2476 est
667 2421 835 2489 video,
860 2419 1278 2492 intelligendus
1321 2424 1430 2488 est,
1480 2424 1546 2474 ut
1590 2417 1725 2475 talis

98 2512 164 2566 ibi
192 2511 325 2567 visio
350 2509 715 2583 designetur,
731 2525 858 2581 quae
892 2508 971 2564 ita
1000 2510 1069 2564 ad
1094 2513 1317 2564 certum
1344 2507 1618 2580 dirigitur
1641 2507 1729 2562 in-

99 2600 311 2667 tuitum,
337 2603 401 2654 ut
431 2599 508 2653 ad
540 2598 734 2670 ipsum
766 2597 852 2652 vel
884 2597 1161 2653 incursus
1199 2596 1500 2663 intuentis,
1524 2595 1609 2651 vel
1638 2597 1726 2668 ja-

98 2687 405 2755 culatio,vel
440 2685 869 2753 fabricatio,vel
896 2686 1052 2742 aliud
1085 2688 1373 2759 ejusmodi
1404 2685 1726 2742 rectissime

96 2783 144 2833 et
172 2776 652 2833 indeclinabiliter
679 2776 988 2848 dirigatur.

158 2869 230 2923 Ex
258 2868 361 2923 hoc
395 2882 655 2938 namque
684 2867 858 2921 verbo
887 2866 1042 2938 quod
1069 2865 1283 2921 dicitur
1306 2873 1403 2938 δρῶ
1435 2865 1729 2921 derivatur

99 2965 263 3029 ὁρώμα,
285 2957 439 3029 quod
473 2959 564 3011 est
595 2955 799 3010 Latine
834 2956 995 3010 visio.
1019 2955 1204 3019 Quam
1242 2955 1548 3025 visionem,
1570 2952 1727 3009 verbi

96 3047 281 3119 gratia,
311 3045 552 3111 somnii,
570 3048 671 3099 aut
699 3044 952 3115 alicujus
982 3043 1368 3114 revelationis,
1397 3044 1477 3098 ita
1501 3042 1728 3114 antiqui

97 3134 446 3199 definierunt,
472 3133 614 3205 quia
640 3132 788 3187 visio
833 3136 922 3188 est
968 3147 1102 3186 cum
1136 3132 1192 3186 id
1224 3131 1357 3203 quis
1388 3131 1541 3186 videt
1571 3131 1728 3202 quod

97 3224 277 3278 eodem
310 3223 486 3279 modo
518 3239 634 3294 quo
662 3226 1011 3295 apparuerat
1029 3222 1270 3278 eveniet.
1290 3221 1448 3279 Unde
1479 3220 1730 3276 maxime

1753 1931 1799 1995 B

1834 643 1995 706 Quod
2019 646 2215 699 autem
2235 644 2592 699 destinatum
2614 643 2724 700 hoc
2743 642 2819 700 sit
2841 643 3258 715 proprie,quod
3280 645 3349 698 ad
3374 660 3492 700 cer-

1833 735 1961 786 tum
1992 732 2270 788 intuitum
2299 733 2418 788 sive
2436 731 2749 788 consilium
2775 732 3068 805 dirigitur,
3093 732 3351 788 ostendit
3378 749 3488 789 no-

1834 819 1927 876 bis
1957 821 2280 894 Scriptura,
2310 838 2436 894 quae
2466 822 2610 877 dicit
2643 838 2655 879 :
2682 826 2792 878 Aut
2814 824 2957 878 sicut
2982 823 3186 891 sagitta
3216 823 3277 877 in
3311 822 3489 878 locum

1832 911 2034 965 emissa
2088 910 2417 967 destinatum
2469 910 2620 981 (Sep.
2654 928 2707 978 v,
2742 913 2853 982 12).
2886 911 2957 966 Et
2999 908 3332 982 Apostolus,
3383 911 3483 967 ubi

1835 997 1906 1052 de
1938 1014 1999 1054 se
2029 998 2154 1071 ipso
2177 999 2293 1056 ait:
2320 1000 2411 1055 Ad
2434 999 2763 1055 destinatum
2787 1015 3100 1072 persequor,
3122 999 3190 1054 ad
3233 1000 3485 1057 bravium

1832 1102 2088 1158 supernae
2111 1090 2408 1145 vocationis
2442 1090 2559 1153 Dei,
2583 1092 2692 1143 etc.
2718 1088 2886 1159 (Phil.
2915 1105 2998 1155 ιιι,
3024 1088 3132 1156 ili).
3152 1086 3316 1154 Quod
3347 1088 3482 1144 bea-

1831 1180 1931 1231 tus
1955 1177 2337 1250 Hieronymus
2354 1193 2647 1248 exponens
2664 1176 2745 1232 ait
2762 1176 2957 1248 :[Dicit
2976 1192 3039 1232 se
3058 1178 3306 1233 necdum
3329 1190 3483 1233 com-

1833 1265 2212 1338 prehendisse
2235 1271 2293 1321 et
2321 1281 2693 1337 nequaquam
2725 1281 2853 1322 esse
2883 1266 3225 1338 perfectum,
3255 1266 3355 1323 sed
3386 1265 3481 1321 in-

1833 1359 1957 1411 star
1985 1354 2273 1427 sagittarii
2304 1355 2376 1410 ad
2406 1354 2775 1426 propositum
2808 1359 2866 1409 et
2903 1355 2977 1410 ad
3017 1354 3252 1427 signum
3283 1354 3484 1426 jacula

1834 1443 2102 1516 dirigere,
2137 1461 2263 1515 quae
2305 1444 2705 1517 igniﬁcanter
2735 1442 2912 1499 Graeci
2945 1451 3127 1501 σκόπον
3156 1444 3481 1511 nominant,

1835 1548 1906 1587 ne
1938 1532 2151 1605 sagitta
2178 1533 2249 1588 ad
2277 1539 2502 1604 partem
2525 1531 2829 1588 declinans
2858 1531 3121 1599 alteram,
3144 1530 3485 1605 imperitum

1833 1621 2106 1677 ostendat
2134 1620 2548 1694 sagittarium]
2580 1622 2705 1676 Non
2730 1637 2867 1694 ergo
2899 1621 3007 1677 iste
3037 1619 3247 1678 illudat
3272 1625 3487 1678 nostrae

1834 1710 2196 1784 ignorantiae,
2220 1716 2277 1767 et
2298 1710 2512 1767 Graecis
2531 1709 2724 1766 verbis
2746 1708 2962 1782 aliquis
2992 1710 3317 1767 immutans
3339 1724 3487 1767 nova

1832 1799 2324 1872 interpretatione,
2357 1804 2415 1856 et
2457 1814 2658 1855 eorum
2692 1798 2829 1868 vim,
2858 1802 3147 1871 quantum
3179 1798 3238 1854 in
3269 1815 3331 1855 se
3374 1803 3484 1866 est,

1834 1905 2123 1944 evacuans
2147 1905 2161 1943 :
2184 1892 2253 1943 ut
2281 1889 2435 1961 quod
2459 1904 2663 1946 omnes
2685 1888 2912 1960 antiqui
2935 1888 2991 1943 in
3016 1887 3334 1959 Scripturis
3355 1904 3487 1943 san-

1835 1978 1944 2034 ctis
1967 1976 2054 2034 vel
2076 1977 2647 2050 praedestinationem
2672 1975 3035 2050 interpretati
3059 1975 3318 2045 sunt,vel
3345 1992 3485 2049 pra:-

1834 2066 2183 2134 ﬁnitionem,
2197 2070 2301 2121 aut
2321 2064 2767 2138 providentiam,
2784 2065 2903 2122 sive
2922 2063 3309 2139 propositum,
3328 2081 3483 2120 nunc

1835 2157 1946 2211 iste
1975 2153 2113 2211 velit
2142 2155 2354 2226 dicere,
2385 2154 2663 2211 inusitato
2694 2158 2751 2209 et
2779 2154 3033 2210 absurdo
3065 2154 3320 2221 nomine,
3346 2170 3484 2226 pra:-

1833 2244 2321 2308 videntiam.Qu:e
2352 2248 2410 2299 et
2430 2242 2863 2315 ipsa,quamvis
2892 2242 2952 2298 in
2978 2247 3114 2315 Deo,
3128 2242 3280 2299 sicut
3308 2241 3484 2298 etiam

1834 2333 2217 2409 praescientia,
2243 2333 2571 2389 certissima
2593 2332 2690 2401 sit,
2719 2337 2914 2388 tamen
2948 2349 3016 2389 ex
3036 2332 3217 2404 hujus
3234 2331 3486 2388 novitate

1835 2421 2125 2480 sermonis
2157 2420 2495 2477 nullatenus
2526 2420 2785 2492 patimur
2809 2418 3132 2488 extenuari,
3156 2419 3243 2476 vel
3263 2419 3486 2477 destrui

1834 2528 2075 2569 sensum
2121 2510 2669 2584 praedestinationis,
2704 2511 2842 2583 quia
2891 2509 3189 2581 praivideri
3238 2514 3296 2565 et
3342 2524 3485 2581 prm-

1834 2602 1970 2659 sciri
2002 2620 2037 2657 a
2066 2603 2183 2658 Deo
2230 2605 2480 2673 possunt
2529 2601 2706 2657 etiam
2750 2601 2852 2656 illa
2880 2618 3006 2673 quae
3054 2601 3180 2673 ipse
3227 2600 3488 2657 facturus

1836 2709 1949 2748 non
1982 2696 2100 2759 est;
2136 2690 2537 2763 praedestinari
2569 2695 2764 2746 autem
2797 2690 2870 2745 ab
2901 2707 2967 2746 eo
2992 2707 3109 2746 non
3141 2689 3256 2746 alia
3284 2688 3490 2749 intelli-

1834 2785 2072 2855 guntur,
2096 2779 2210 2834 nisi
2231 2796 2299 2834 ea
2321 2795 2446 2850 quae
2480 2779 2607 2851 ipse
2636 2780 2899 2835 facturus
2919 2778 3126 2850 est,vel
3156 2778 3487 2835 misericor-

1836 2872 1934 2927 dia
1961 2869 2046 2925 vel
2070 2868 2296 2940 judicio
2327 2885 2455 2923 suo.
2478 2870 2556 2923 Ac
2576 2883 2679 2940 per
2699 2868 2808 2923 hoc
2828 2866 2983 2923 absit
3002 2866 3241 2924 omnino
3260 2883 3294 2922 a
3315 2867 3485 2923 nobis

1837 2960 1992 3032 quod
2023 2958 2135 3014 iste
2157 2957 2300 3012 dixit
2319 2962 2377 3012 et
2407 2956 2576 3029 quasi
2608 2955 2888 3024 deﬁnivit,
2914 2955 3484 3028 prmdestinationem

1836 3054 1893 3105 et
1921 3046 2363 3121 prmﬁnitionem
2396 3044 2498 3101 Dei
2530 3045 2674 3101 nihil
2713 3044 2873 3101 aliud
2915 3061 3043 3101 esse
3072 3060 3251 3118 quam
3282 3043 3484 3116 praevi-

1838 3138 2094 3203 sionem;
2129 3135 2267 3207 quia
2295 3135 2405 3190 iste
2435 3151 2645 3190 sensus
2689 3134 2997 3190 manifeste
3028 3133 3248 3206 impius
3278 3137 3389 3203 est,
3419 3136 3488 3187 ut

1840 3227 2009 3299 quasi
2040 3225 2413 3281 tantummdo
2463 3223 2789 3296 praeviderit
2843 3223 2998 3280 Deus
3046 3223 3187 3296 quid
3236 3222 3488 3296 quisque

97 3311 149 3365 in
177 3311 490 3384 Scripturis
522 3311 807 3368 visionem
849 3310 1165 3383 cujuslibet
1195 3309 1400 3366 divinae
1431 3309 1731 3366 revelatio-
1760 3303 1806 3370 C
1842 3320 1995 3372 esset
2023 3314 2306 3380 facturus,
2338 3312 2426 3369 vel
2471 3313 2613 3385 quid
2644 3329 2748 3385 pro
2781 3313 2950 3369 factis
3002 3313 3128 3369 suis
3180 3327 3492 3385 passurus,

96 3402 195 3469 nis,
222 3419 346 3473 quas
383 3401 592 3473 utique
636 3401 718 3456 ita
745 3400 976 3456 videtur
1023 3403 1083 3455 in
1133 3400 1366 3472 spiritu,
1400 3405 1465 3455 ut
1495 3398 1733 3455 omnino

100 3490 249 3546 aliter
275 3490 508 3546 evenire
548 3506 663 3545 non
705 3489 911 3562 possit,
936 3490 1129 3546 Graece
1160 3490 1221 3544 in
1250 3497 1472 3562 ὁρώματε
1504 3489 1734 3545 ostendi

97 3580 200 3635 sive
226 3580 409 3636 videri
440 3578 678 3653 legitur.
711 3580 781 3634 Et
810 3578 939 3635 ideo
971 3579 1143 3650 juxta
1181 3579 1336 3634 hunc
1375 3577 1738 3635 evidentissi-

98 3685 235 3724 mam
269 3669 559 3725 rationem
591 3685 725 3724 cum
756 3667 867 3725 isto
898 3669 1070 3724 modo
1102 3669 1318 3725 dicitur
1342 3669 1517 3737 video,
1542 3666 1738 3724 certis-

95 3758 226 3813 sime
274 3757 652 3831 intelligitur,
697 3757 917 3828 deﬁnio,
938 3756 1028 3813 vel
1056 3758 1287 3822 destino,
1323 3759 1477 3813 sicut
1521 3762 1579 3813 et
1626 3756 1736 3812 iste

99 3853 230 3903 recte
259 3847 481 3919 posuit,
512 3851 579 3902 ut
608 3863 742 3902 cum
775 3846 1146 3919 componitur
1181 3846 1278 3903 ille
1316 3864 1507 3903 sermo
1540 3845 1738 3901 addita

96 3935 510 4008 prepositione,
531 3940 589 3991 et
619 3934 834 3991 dicitur
861 3947 1073 4009 προορῶ,
1097 3935 1419 3992 rectissime
1450 3935 1738 4006 intelliga-

99 4030 249 4094 gatur
311 4027 601 4097 praefatio,
653 4024 744 4080 vel
796 4024 1146 4096 praedestino,
1206 4025 1362 4096 quod
1420 4029 1738 4095 utrumque

101 4113 254 4169 unius
286 4112 746 4187 signiﬁcationis
784 4118 894 4179 est,
924 4117 1116 4187 potest
1154 4113 1333 4169 etiam
1368 4111 1738 4184 interpretari

94 4202 331 4272 provideo
360 4220 375 4259 :
411 4220 547 4275 quae
573 4202 956 4274 providentia,
983 4219 1119 4258 cum
1150 4203 1223 4259 ad
1254 4203 1437 4258 Deum
1468 4202 1737 4268 refertur,

99 4291 321 4348 omnino
355 4289 692 4348 certissima
720 4294 828 4358 est,
860 4296 918 4347 et
946 4292 1205 4359 omnino,
1238 4292 1390 4348 sicut
1420 4290 1517 4346 ille
1545 4289 1739 4364 provi-

97 4379 249 4447 derit,
279 4381 575 4437 futurum.
603 4380 766 4436 Unde
795 4384 851 4437 et
878 4397 946 4436 ex
975 4380 1083 4437 hoc
1112 4381 1285 4437 verbo
1316 4381 1471 4453 quod
1503 4384 1593 4436 est
1624 4387 1739 4452 δρῶ,

99 4468 329 4524 derivari
359 4469 565 4525 Graece
599 4469 832 4526 videtur
859 4478 1071 4542 ὄρισμος,
1106 4471 1262 4543 quod
1302 4476 1392 4527 est
1428 4471 1742 4536 destinatio,

96 4562 144 4611 et
186 4558 603 4631 praepositione
648 4559 850 4615 addita
875 4568 1187 4634 προορισμός,
1219 4560 1276 4615 id
1325 4564 1415 4616 est
1456 4560 1743 4632 praedesti-

1841 3409 1899 3461 et
1928 3403 2073 3459 nihil
2105 3405 2176 3459 de
2204 3402 2303 3458 illo
2351 3404 2452 3475 qui
2486 3403 2573 3458 vel
2616 3403 2763 3459 bene
2794 3402 2881 3458 vel
2940 3402 3091 3458 male
3147 3406 3274 3458 erat
3329 3405 3493 3457 actu-

1844 3510 1964 3562 rus,
1999 3493 2058 3547 in
2089 3509 2196 3547 suo
2226 3497 2438 3548 aeterno
2475 3492 2701 3563 judicio
2747 3491 3182 3565 praedestinavit
3209 3490 3296 3547 vel
3345 3507 3493 3563 prae-

1842 3582 2082 3638 finierit.

1913 3669 2083 3727 Addit
2112 3670 2223 3726 iste
2252 3669 2445 3725 adhuc
2490 3673 2549 3725 et
2578 3670 2762 3725 dicit:
2790 3672 2965 3726 Deum
3009 3687 3109 3727 nec
3147 3668 3491 3742 praecidisse,

1842 3776 1941 3816 nec
1956 3759 2373 3832 przedestinasse
2390 3766 2617 3814 mortem
2634 3766 2687 3814 et
2699 3775 2905 3830 poenas,
2920 3761 3017 3831 qui
3030 3760 3177 3815 nihil
3191 3757 3491 3824 sint.Quod

1844 3866 2023 3922 quam
2054 3848 2133 3903 sit
2161 3865 2375 3903 vanum
2408 3852 2467 3902 et
2495 3847 2721 3902 veritati
2752 3848 3131 3915 contrarium,
3151 3849 3278 3920 jam
3309 3863 3492 3920 supra

1844 3939 2008 4006 satis,
2033 3943 2090 3993 et
2120 3942 2420 4009 putamus,
2443 3941 2501 3991 et
2520 3936 2735 4008 saepius
2764 3941 3063 3993 ostensum
3094 3940 3202 3993 est.

1917 4028 2135 4083 Deinde
2167 4026 2296 4096 subj
2308 4025 2474 4097 ungit
2502 4025 2613 4080 iste
2642 4024 2887 4096 loquens
2907 4026 2979 4080 de
3004 4026 3121 4080 Deo
3147 4041 3159 4080 :
3183 4027 3494 4081 Peccatores

1848 4120 1905 4173 in
1934 4132 2119 4172 massa
2147 4114 2441 4183 originalis
2465 4115 2675 4185 peccati
2702 4115 2945 4186 reliquit,
2976 4114 3192 4170 relictos
3221 4112 3497 4179 deseruit;

1845 4205 2079 4262 desertos
2109 4204 2318 4259 lumine
2365 4202 2612 4258 tenebras
2641 4210 2907 4275 torquere,
2938 4202 3169 4258 desertos
3210 4203 3323 4257 vita
3349 4217 3496 4257 mor-

1848 4303 1954 4352 tem
1983 4295 2315 4350 interimere.
2349 4293 2455 4348 Nec
2485 4292 2627 4364 quod
2673 4293 2733 4348 in
2762 4293 2841 4348 eis
2868 4293 3008 4348 Deus
3054 4292 3205 4364 fecit,
3234 4291 3502 4364 relinquit

1848 4385 1932 4439 vel
1960 4382 2159 4439 deserit
2189 4398 2202 4438 :
2235 4382 2484 4453 alioquin
2532 4397 2721 4437 eorum
2759 4389 2963 4437 natura
3007 4382 3077 4437 ad
3123 4381 3365 4438 nihilum
3411 4395 3503 4437 re-

1851 4474 2011 4540 diret,
2041 4474 2093 4528 si
2118 4488 2335 4527 summa
2376 4472 2610 4527 essentia
2642 4472 2703 4526 in
2732 4472 2810 4527 eis
2858 4488 2971 4528 non
3015 4479 3151 4528 esset
3181 4490 3198 4525 :
3225 4470 3318 4527 sed
3363 4469 3504 4542 quod

1853 4564 1911 4618 in
1942 4564 2020 4618 eis
2045 4578 2158 4617 non
2185 4562 2334 4633 fecit,
2369 4560 2425 4616 id
2465 4568 2542 4616 est
2578 4561 2892 4631 superbiam
2920 4562 3142 4633 sprevit.
3174 4558 3336 4625 Quod
3365 4572 3502 4629 ergo

98 4648 254 4702 natio.
286 4649 430 4713 Quae
465 4648 581 4704 duo
624 4648 801 4704 verba
849 4665 1021 4706 nemo
1051 4666 1315 4721 unquam
1345 4649 1627 4706 visionem
1658 4648 1745 4705 vel
1777 4675 1822 4741 Ι)
1854 4651 1998 4706 dicit
2028 4651 2098 4706 de
2128 4656 2242 4706 Deo
2268 4652 2402 4722 quia
2435 4658 2739 4722 peccatores
2770 4651 2829 4705 in
2857 4667 3041 4706 massa
3069 4649 3361 4719 originalis
3377 4661 3503 4719 pec-

99 4736 499 4805 przevisionem
523 4737 891 4810 interpretari
913 4755 1092 4794 ausus
1115 4743 1223 4806 est,
1243 4740 1365 4807 sed,
1386 4745 1449 4794 ut
1467 4738 1745 4811 diximus,
1777 4736 1811 4741 ⁷
1855 4742 1964 4796 cati
1984 4740 2227 4812 reliquit,
2252 4739 2301 4794 si
2334 4738 2576 4794 dixisset
2607 4740 2883 4811 reprobos
2913 4743 3013 4795 aut
3035 4738 3362 4811 puniendos
3386 4736 3507 4792 sive

101 4824 518 4883 destinationem
546 4832 604 4882 et
628 4827 1186 4899 praedestinationem.

159 4914 452 4972 Similiter
507 4932 577 4971 ex
632 4917 834 4973 eodem
891 4917 1064 4973 verbo
1093 4925 1191 4991 ὁρῶ
1223 4918 1468 4974 derivari
1524 4919 1753 4975 videtur

102 5010 265 5074 ὄριςεν,
295 5005 465 5077 quod
497 5009 587 5061 est
628 5004 939 5075 destinavit,
985 5010 1042 5062 et
1092 5007 1497 5080 praepositione
1553 5008 1754 5063 addita

102 5118 369 5168 προορισεν,
407 5096 469 5151 id
503 5100 594 5152 est
617 5097 1054 5168 praedestinavit.
1089 5096 1281 5153 Potest
1315 5102 1509 5153 autem
1540 5121 1752 5170 προορω,

106 5190 161 5237 ut
204 5200 392 5257 supra
459 5184 739 5254 diximus,
794 5185 1162 5257 interpretari
1221 5186 1396 5242 etiam
1449 5187 1756 5259 prandeo,-

104 5270 241 5327 sicut
273 5272 335 5327 in
370 5272 628 5344 psalmo,
663 5272 762 5328 ubi
808 5289 915 5329 nos
947 5273 1149 5329 Latine
1179 5274 1432 5331 dicimus
1465 5293 1477 5330 :
1504 5275 1758 5333 Provide-

107 5360 214 5414 bam
236 5362 544 5416 Dominum
574 5363 635 5416 in
664 5369 946 5434 conspectu
968 5378 1086 5417 meo
1114 5378 1324 5434 semper
1353 5365 1520 5432 (Psal.
1554 5382 1648 5436 xv,
1670 5366 1757 5433 8);

106 5444 153 5502 in
202 5448 410 5507 Grieco
462 5448 700 5524 legitur,
734 5474 1020 5524 προορωμεν
1047 5460 1133 5507 τὸν
1163 5460 1357 5524 Κύριον,
1391 5468 1519 5522 quae
1568 5451 1760 5526 provi-

106 5535 289 5595 dentia
314 5538 529 5611 utique
561 5543 790 5594 certum
822 5538 1067 5611 aliquid,
1092 5544 1149 5594 et
1178 5540 1530 5612 praeﬁnitum
1564 5546 1759 5598 osten-

107 5622 196 5681 dit.
219 5627 392 5695 Quod
432 5626 643 5682 beatus
670 5626 1055 5703 Hieronymus
1074 5628 1134 5684 in
1155 5629 1408 5685 editione
1427 5647 1535 5686 sua
1554 5630 1636 5686 ita
1664 5648 1764 5704 po-

108 5713 216 5773 suit
238 5731 252 5772 ε
274 5716 565 5791 Proposui
586 5717 883 5774 Dominum
923 5719 985 5775 in
1032 5725 1318 5797 conspectu
1345 5734 1464 5778 meo
1506 5735 1715 5795 semper
1742 5737 1762 5777 :

430 5843 703 5909 PATROL.
751 5844 958 5911 CXIX.

1858 4830 2246 4894 damnandos,
2271 4828 2524 4900 profecto
2546 4845 2746 4883 verum
2776 4836 2961 4895 esset;
2992 4827 3104 4898 ipsi
3137 4826 3317 4895 enim,
3337 4825 3395 4881 id
3420 4828 3510 4881 est

1861 4916 2111 4991 reprobi,
2147 4916 2453 4989 puniendi,
2498 4921 2675 4988 atque
2727 4916 3046 4972 damnandi
3092 4918 3415 4981 remanent,
3446 4914 3507 4969 in

1862 5023 2061 5063 massa
2080 5005 2179 5062 illa
2198 5022 2265 5061 ex
2288 5006 2467 5061 Adam
2489 5004 2839 5077 generaliter
2858 5003 3211 5071 damnanda,
3233 5003 3371 5075 quia
3392 5020 3509 5058 non

1863 5114 1961 5153 eos
1992 5096 2126 5151 inde
2173 5095 2450 5151 discrevit
2494 5095 2700 5164 figulus
2738 5093 2835 5149 ille
2866 5092 3255 5164 omnipotens,
3282 5092 3413 5164 quia
3442 5107 3512 5147 ea:

1866 5204 1979 5242 una
1998 5185 2287 5258 eademque
2306 5200 2481 5239 massa
2500 5186 2637 5254 facit
2664 5182 2818 5238 aliud
2844 5198 2936 5237 vas
2965 5183 3024 5237 in
3054 5180 3330 5249 honorem,
3355 5180 3513 5235 aliud

1864 5292 1991 5331 vera
2023 5277 2082 5330 in
2122 5273 2511 5330 contumeliam
2538 5273 2711 5339 (Item.
2737 5286 2812 5337 ix,
2839 5271 2952 5338 21).
2981 5269 3146 5325 Nunc
3174 5285 3308 5326 vero
3355 5268 3514 5340 quod

1866 5362 2182 5434 dicit,quod
2201 5363 2338 5417 Deus
2362 5367 2667 5432 peccatores
2698 5361 2754 5414 in
2782 5375 2963 5414 massa
2990 5359 3284 5430 originalis
3308 5359 3518 5431 peccati

1870 5453 2115 5523 reliquit,
2149 5466 2264 5505 non
2295 5445 2535 5503 omnino
2566 5451 2758 5519 potest
2793 5464 2922 5505 esse
2960 5463 3192 5517 nerum,
3224 5447 3366 5521 quia
3399 5446 3518 5502 uti-

1870 5557 1984 5613 que
2015 5542 2346 5611 peccatores
2376 5534 2509 5589 inde
2559 5535 2832 5593 discrevit
2877 5552 2943 5593 ac
2996 5535 3265 5593 liberavit
3290 5534 3390 5593 ille
3419 5536 3522 5607 qui

1870 5627 2015 5687 dicit
2046 5644 2059 5683 :
2094 5630 2215 5684 Non
2245 5625 2372 5682 veni
2412 5638 2605 5680 vocare
2632 5626 2827 5697 justas,
2857 5625 2949 5683 sed
2982 5633 3287 5700 peccatores
3318 5625 3524 5701 (Matth.

1872 5735 1935 5791 ιι,
1971 5718 2093 5790 t7);
2126 5719 2184 5776 et
2213 5715 2283 5773 de
2327 5726 2442 5791 quo
2470 5712 2788 5787 Apostolus
2836 5714 2917 5773 ait
2947 5731 2960 5772 :
2998 5714 3207 5775 Fidelis
3253 5730 3449 5785 sermo,
3480 5720 3531 5773 et

3176 5843 3218 5932 3.
