3896 6198
428 413 543 471 235
1563 408 1791 468 FLORI
1838 405 2149 467 DIACONI
2198 407 2769 468 LUGDUNENSIS.
3723 408 3827 466 236

427 545 579 602 onmi
609 544 915 613 acceptione
952 542 1176 613 dignus,
1209 544 1337 613 quia
1371 543 1615 597 Christus
1654 546 1815 598 Jesus
1847 541 1990 595 venit
2022 542 2081 594 in
2108 540 2163 606 Α
2191 555 2405 594 summa
2434 542 2669 595 essentia
2700 541 2760 594 in
2806 542 2884 595 eis
2926 548 3078 607 esset,
3112 543 3338 595 tantum
3390 539 3477 594 eis
3525 539 3827 598 attribuere

428 633 574 688 hunc
600 631 869 686 mundum
894 640 1196 703 peccatores
1224 632 1398 687 salvos
1424 633 1603 703 facere
1627 631 1675 700 (ι
1697 632 1830 686 Tim.
1849 629 2080 702 xv).Ve-
2188 628 2417 684 videtur
2437 629 2537 700 qui
2555 633 2727 684 erunt
2750 629 2805 682 in
2830 627 2930 685 illa
2947 628 3269 701 perditione
3284 628 3652 690 damnati.ut
3666 629 3821 685 etiam

429 720 1489 792 rumtamen,quianondixit,0mnes
1507 720 1911 792 peccatoresin
1931 736 2083 774 mas-
2187 718 2473 790 templum
2519 717 2618 773 Dei
2666 734 2796 773 esse
2820 717 3346 790 videantur(b):Si
3397 719 3557 775 enim
3607 736 3825 775 summa

430 828 496 867 sa
515 809 617 865 illa
637 810 901 881 reliquit;
926 810 1079 881 quod
1113 810 1313 881 utique
1344 810 1713 882 apertissime
1744 808 1956 864 falsum
1989 825 2077 863 es-
2187 807 2446 863 essentia
2474 807 2533 862 in
2564 806 2648 863 eis
2679 806 2808 876 erit,
2832 808 2972 879 quia
2997 824 3233 863 summa
3262 808 3520 865 essentia
3548 808 3703 864 Deus
3727 813 3825 881 est,

431 904 540 966 set,
564 900 663 955 sed
687 898 832 954 dixit
851 898 1172 965 indefinite,
1197 900 1535 955 Peccatores
1567 899 1623 953 in
1652 915 1849 953 massa
1873 897 1971 952 illa
1993 914 2078 951 re-
2189 895 2288 968 qui
2311 897 2381 951 de
2403 897 2594 968 seipse
2616 895 2793 951 dicit:
2820 898 2928 965 Ego
2955 914 3079 952 sum
3106 898 3204 969 qui
3229 914 3353 952 sum
3383 897 3589 963 (Exod.
3618 914 3700 963 in,
3727 899 3824 967 14),

430 987 588 1060 quit;
610 988 765 1059 quod
788 990 982 1060 potest
1006 987 1249 1060 intelligi
1270 992 1327 1043 et
1351 1005 1419 1043 ex
1446 990 1760 1059 parte,stet
1784 991 2079 1056 utcunque
2187 1001 2325 1057 ergo
2350 986 2503 1042 Deus
2526 986 2582 1040 in
2608 987 2693 1041 eis
2715 986 2915 1049 erit,et
2935 985 3223 1058 templum
3245 986 3347 1042 Dei
3369 986 3511 1041 dicit
3532 990 3826 1057 poterunt:

431 1076 588 1149 quod
615 1076 835 1132 dictum
868 1079 974 1133 est.
999 1076 1160 1138 Quod
1193 1080 1387 1131 autem
1422 1076 1727 1148 subjungit
1756 1076 1827 1131 de
1855 1075 2079 1130 eisdem
2188 1072 2270 1129 ita
2298 1078 2362 1129 ut
2391 1076 2461 1130 de
2483 1074 2627 1147 ipsis
2650 1075 2805 1130 dicat
2828 1075 2983 1131 Deus
3007 1093 3020 1130 :
3050 1080 3113 1132 Et
3134 1075 3452 1131 inhabitabo
3476 1077 3536 1130 in
3555 1077 3695 1131 illis.
3719 1076 3829 1133 Ιωο

430 1164 650 1222 relictis
679 1164 737 1219 in
770 1180 968 1221 massa
1005 1164 1226 1235 peccati
1254 1182 1267 1219 :
1295 1166 1521 1221 Relictos
1560 1166 1816 1232 deseruit,
1848 1165 2080 1221 desertos
2189 1163 2514 1235 etamplius
2537 1181 2714 1236 quam
2737 1162 3024 1237 templum
3046 1165 3303 1231 erunt,si
3326 1181 3565 1220 summa
3589 1166 3832 1222 essentia

432 1255 641 1312 lumine
668 1256 917 1309 tenebras
947 1262 1214 1326 torquere,
1237 1254 1467 1311 desertos
1499 1256 1610 1309 vita
1638 1263 1863 1311 mortem
1887 1255 2079 1309 interi-
2188 1251 2248 1305 in
2280 1252 2363 1308 eis
2394 1252 2529 1321 erit;
2555 1258 2621 1308 ut
2645 1254 3080 1325 quodammodo
3118 1253 3414 1310 essentiali
3457 1254 3716 1325 quadarn
3747 1271 3830 1309 co-

429 1359 599 1412 mere,
622 1343 704 1398 ita
733 1360 832 1398 eos
859 1341 985 1398 vult
1027 1342 1273 1416 intelligi
1301 1361 1335 1397 a
1363 1343 1478 1399 Dee
1526 1343 1779 1410 relictos,
1803 1346 1860 1398 et
1906 1340 2078 1397 relin-
2187 1341 2485 1412 pulatione
2512 1341 2628 1398 Dee
2658 1342 2811 1397 uniri
2834 1342 3171 1411 videantur;
3204 1342 3358 1415 quod
3389 1343 3460 1398 de
3486 1359 3606 1397 uno
3633 1348 3693 1397 et
3721 1342 3831 1398 sole

432 1432 663 1504 quende
686 1433 1048 1500 desertos,ut
1068 1431 1207 1503 quia
1228 1432 1443 1488 deserti
1470 1436 1814 1489 suntavero
1834 1430 2077 1498 lumine,
2189 1430 2503 1486 Mediatore
2535 1430 2633 1487 Dei
2693 1436 2750 1510 et
2806 1431 3115 1487 hominum
3155 1431 3392 1488 homine
3420 1432 3657 1488 Christe
3703 1432 3831 1488 Jesu

429 1521 687 1577 tenebris
708 1520 984 1577 cmeitatis
1001 1539 1119 1577 sua:
1137 1525 1521 1593 torqueantur
1542 1522 1599 1576 in
1624 1525 1848 1577 mente:
1871 1523 1927 1576 et
1943 1520 2082 1592 quia
2188 1519 2562 1592 singulariter
2591 1526 2681 1577 est
2711 1521 3086 1586 credendum,
3113 1538 3287 1593 quem
3314 1520 3427 1577 sibi
3450 1521 3714 1577 Verbum
3743 1522 3832 1578 Dei

431 1609 646 1666 deserti
694 1615 831 1666 sunt
862 1628 896 1666 a
924 1628 1055 1667 vero
1088 1610 1330 1679 lumine,
1360 1611 1615 1667 tenebris
1654 1609 1919 1667 caetitatis
1961 1626 2079 1664 sua“:
2187 1612 2243 1663 et
2273 1608 2527 1664 Verbum
2562 1611 2710 1666 Deus
2741 1608 3038 1665 essentiali
3070 1614 3127 1665 et
3153 1609 3405 1666 naturali
3428 1610 3829 1682 conjunctione

431 1702 817 1771 torqueantur
848 1700 904 1754 in
939 1704 1161 1768 mente;
1196 1704 1253 1756 et
1289 1701 1431 1772 quia
1460 1699 1672 1756 deserti
1716 1703 1856 1756 sunt
1885 1715 1919 1754 a
1947 1714 2082 1753 vera
2188 1696 2392 1765 univit,
2414 1697 2469 1752 id
2487 1697 2649 1753 estin
2669 1698 2951 1754 unitatem
2974 1715 3234 1770 persona:
3252 1715 3370 1754 sua:
3388 1700 3828 1772 suscepit.0ued

428 1787 568 1857 vita,
598 1793 781 1844 morte
838 1789 1076 1861 speciali
1114 1789 1175 1845 in
1217 1790 1415 1845 anima
1461 1790 1810 1862 primantur.
1843 1789 1913 1842 Et
1960 1787 2081 1842 haec
2187 1786 2235 1841 si
2261 1786 2467 1842 dixerit
2487 1787 2642 1859 quod
2666 1804 2899 1843 summa
2924 1787 3258 1843 substantia
3282 1787 3341 1843 in
3372 1788 3455 1845 eis
3477 1789 3830 1856 erit,virtute

430 1877 509 1934 sit
538 1880 947 1935 tantummodo
978 1896 1181 1935 eorum
1220 1896 1391 1951 poma
1429 1884 1602 1951 atque
1633 1877 1988 1950 supplicium
2019 1875 2080 1930 in
2112 1912 2158 1977 Β
2188 1875 2541 1947 operationis
2572 1893 2691 1932 sua:
2720 1878 2968 1948 agendo,
2998 1894 3068 1933 ne
3097 1894 3299 1933 eorum
3332 1878 3677 1934 substantia
3705 1879 3830 1933 abo-

429 1965 533 2022 illa
561 1970 777 2022 interna
824 1968 1219 2036 damnatione,
1249 1972 1314 2023 ut
1356 1968 1516 2024 nullo
1572 1967 1931 2024 extrinsecus
1960 1969 2077 2021 ter-
2112 1962 2158 1977 "
2187 1962 2378 2020 leatur
2407 1969 2463 2020 et
2511 1969 2728 2037 pereat,
2758 1982 2872 2021 non
2932 1982 3032 2038 per
3079 1966 3340 2038 aliquam
3389 1966 3831 2023 inhabitatienis

432 2059 628 2111 mento
667 2054 950 2122 adhibito,
985 2055 1110 2111 sola
1151 2056 1366 2111 mentis
1415 2056 1689 2122 cazcitate,
1716 2054 1841 2111 sola
1870 2055 2077 2110 animae
2185 2053 2590 2125 gratiam,qua
2610 2052 2806 2125 aliquo
2829 2054 2981 2109 bono
3008 2053 3068 2110 in
3100 2054 3199 2111 illo
3239 2060 3296 2111 et
3317 2072 3384 2111 ex
3406 2054 3507 2111 illo
3532 2056 3835 2128 perfruan-

431 2148 618 2199 morte
649 2142 989 2216 puniantur,
1021 2145 1172 2200 sicut
1202 2149 1258 2201 et
1287 2163 1465 2218 supra
1498 2144 1903 2217 multipliciter
1921 2160 2078 2199 assc-
2188 2146 2314 2209 tur;
2350 2145 2536 2197 mutet
2566 2157 2702 2213 ergo
2752 2141 3089 2198 inusitatam
3119 2148 3175 2197 et
3200 2142 3547 2199 insolentem
3597 2144 3834 2199 locutio-

432 2250 554 2289 rere
579 2238 822 2288 cenatus
844 2237 950 2288 est.
967 2235 1066 2289 Est
1088 2237 1152 2288 ut
1173 2234 1230 2289 in
1256 2234 1357 2289 illa
1377 2235 1750 2290 damnatione
1781 2248 2079 2291 remanere
2188 2230 2696 2299 nem,necdicatin
2714 2229 3055 2286 hominibus
3070 2231 3269 2303 impiis
3283 2237 3499 2288 aeterna
3514 2234 3835 2305 perditione

430 2321 515 2378 eis
536 2321 773 2394 aliquod
795 2338 1077 2395 magnum
1102 2322 1341 2390 bonum,
1363 2324 1665 2379 ostendere
1684 2324 1969 2393 videatur,
1998 2326 2081 2381 di-
2186 2320 2481 2375 damnatis
2504 2337 2799 2376 summam
2821 2320 3137 2376 essentiam
3161 2338 3310 2388 esse,
3337 2322 3435 2378 sed
3464 2322 3669 2395 potius
3691 2339 3837 2379 sum-

432 2410 511 2465 cit
530 2410 724 2466 adhuc
746 2412 816 2467 de
838 2411 984 2483 ipsis
1008 2429 1020 2467 :
1044 2412 1149 2467 Nec
1170 2413 1309 2483 quod
1326 2414 1384 2467 in
1404 2414 1482 2467 eis
1505 2414 1644 2469 Deus
1661 2416 1792 2485 fecit
1810 2414 2079 2486 relinquit
2187 2425 2343 2464 mam
2384 2409 2468 2465 cis
2511 2408 2825 2464 essentiam
2874 2410 3103 2477 adesse.
3123 2410 3339 2466 Virtute
3377 2412 3707 2482 Opemntis9
3730 2429 3832 2467 non

430 2500 513 2556 vel
533 2500 750 2571 deserit,
775 2501 1023 2573 alioquin
1047 2517 1236 2557 eorum
1258 2509 1461 2557 natura
1487 2502 1557 2557 ad
1586 2503 1830 2558 nihilum
1856 2504 2074 2571 rediret,
2185 2498 2523 2572 dignatione
2554 2496 2959 2554 inhabitantis.
2985 2500 3087 2553 Est
3115 2504 3311 2555 autem
3346 2516 3565 2572 magna
3595 2503 3835 2572 quaestio

427 2590 481 2643 si
505 2604 720 2644 summa
746 2591 979 2645 essentia
1010 2592 1068 2644 in
1096 2592 1176 2645 eis
1202 2605 1321 2646 non-
1334 2599 1487 2658 esset,
1512 2591 1602 2646 sed
1625 2592 1767 2663 quod
1788 2594 1842 2648 in
1866 2594 1945 2649 eis
1967 2611 2078 2653 non
2184 2592 2242 2643 et
2263 2585 2419 2642 ﬁdeli
2442 2586 2968 2659 pietate,quantum
2988 2586 3183 2642 divina
3202 2586 3389 2659 gratia
3409 2586 3668 2660 largitur
3689 2589 3836 2644 inda-

426 2678 577 2749 fecit,
611 2677 666 2732 id
694 2686 773 2734 est
801 2680 1119 2750 superbiam
1142 2681 1363 2750 sprevit.
1391 2680 1530 2735 Ecce
1553 2680 1724 2751 quale
1748 2682 1967 2739 bonum
1991 2684 2076 2739 eis
2185 2675 2396 2749 ganda,
2423 2674 2716 2747 quomodo
2765 2675 3136 2747 omnipotens
3186 2675 3342 2732 Deus
3391 2677 3733 2733 credendus
3770 2679 3839 2734 sit

430 2764 703 2838 praedicat
724 2767 1284 2839 remansisse,quale
1306 2768 1483 2823 etiam
1507 2768 2079 2828 insensibilibusele-
2184 2764 2243 2819 in
2290 2764 2666 2820 universitate
2718 2769 2994 2820 creatum
3042 2781 3274 2837 semper
3320 2765 3542 2837 ubique
3591 2783 3732 2823 esse
3758 2766 3835 2822 vel

430 2854 644 2909 mentis
665 2854 820 2910 Deus
843 2854 1113 2910 exhibere
1139 2856 1433 2927 dignatur,
1458 2859 1524 2911 ut
1552 2856 1939 2928 omnipotenti
1963 2858 2075 2914 vir-
2185 2854 2410 2921 adesse,
2431 2858 2488 2909 et
2543 2853 2855 2925 aliquando
2900 2852 3075 2908 etiam
3115 2852 3307 2910 inesse
3336 2853 3424 2909 vel
3484 2854 3835 2921 inhabitare,

426 2945 548 2998 tute
570 2943 833 2999 essentiee
856 2961 975 2999 sua:
994 2944 1091 2999 det
1109 2943 1193 2999 eis
1213 2961 1340 2999 esse
1364 2949 1420 2999 et
1444 2950 1506 2999 ut
1526 2961 1653 3000 esse
1675 2951 2073 3017 permeneant,
2184 2959 2362 3015 quam
2394 2947 2589 2998 tamen
2622 2942 2730 2998 hoc
2763 2942 2819 2996 in
2851 2941 2975 2997 loco
3016 2942 3207 3015 magis
3250 2944 3633 3015 quaerendam
3669 2961 3835 3016 quam

424 3047 531 3087 nec
560 3048 760 3087 eorum
795 3037 1005 3087 natura
1025 3032 1096 3088 ad
1130 3031 1380 3087 nihilum
1413 3033 1729 3105 redigatur,
1743 3035 1947 3091 eadem
1969 3036 2078 3091 vir-
2183 3032 2582 3103 exponendam
2614 3030 3018 3104 proponimus,
3047 3036 3112 3087 ut
3140 3049 3175 3086 a
3203 3032 3316 3104 piis
3349 3039 3407 3088 et
3439 3031 3728 3090 ﬁdelibus
3758 3035 3835 3105 pie

424 3122 549 3176 tute
570 3136 637 3176 ea
661 3125 953 3176 sustentat
975 3125 1031 3175 et
1054 3137 1394 3192 permanere
1418 3120 1573 3177 facit.
1599 3122 1710 3177 Sed
1738 3122 1870 3191 ista,
1897 3123 1953 3179 id
1987 3130 2075 3181 est
2182 3126 2241 3177 et
2270 3120 2516 3177 ﬁdeliter
2534 3120 2713 3192 hujus
2734 3120 2815 3176 rei
2835 3120 3047 3178 veritas
3068 3125 3382 3193 qumratur,
3410 3126 3475 3177 ut
3493 3123 3713 3178 eodem
3739 3128 3833 3177 Deo

421 3207 710 3264 elementa
730 3213 807 3278 (α)
834 3208 1060 3276 mundi,
1090 3210 1148 3263 in
1179 3214 1467 3280 quantum
1523 3215 1683 3276 sunt,
1712 3211 1770 3265 in
1821 3214 2069 3269 naturali
2116 3278 2147 3283 ᾧ
2182 3210 2491 3281 adjuvante
2528 3210 2811 3265 veraciter
2836 3210 3183 3266 inveniatur.
3530 3270 3541 3283 ,

388 3354 401 3367 ρ
423 3314 532 3353 sua
563 3296 896 3353 substantia
924 3302 1362 3366 conservantur,
1391 3304 1737 3370 permanent
1769 3301 1969 3372 utique
2001 3303 2074 3357 ad
2104 3278 2148 3346 (ἶ
2253 3299 2368 3355 lste
2388 3298 2545 3353 enim
2567 3303 2625 3355 et
2644 3298 3046 3355 ecclesiastica:
3073 3298 3386 3356 locutionis
3407 3304 3467 3357 et
3488 3301 3833 3358 Christiane

422 3385 655 3441 laudem
680 3384 985 3454 Creatoris,
1002 3389 1060 3440 et
1089 3386 1160 3442 ad
1185 3403 1357 3442 usum
1386 3386 1506 3443 sive
1527 3387 1806 3445 honorem
1830 3390 2077 3447 rationa-
2183 3388 2417 3460 pietatis
2438 3388 2636 3444 minus
2657 3391 2927 3460 expertus
2951 3388 3219 3462 adjungit
3240 3388 3430 3444 adhuc
3455 3395 3709 3462 propter
3727 3409 3836 3448 ees-

419 3473 493 3530 lis
514 3480 829 3530 creaturae:
858 3474 1093 3530 illorum
1127 3492 1258 3531 vero
1290 3475 1701 3533 damnatorum
1734 3483 1790 3534 et
1817 3480 2070 3552 perdito-
2182 3476 2314 3531 dem
2345 3476 2560 3549 impios
2590 3478 2920 3544 damnatos,
2946 3480 3003 3532 et
3021 3476 3162 3532 dicit
3185 3495 3198 3533 :
3223 3482 3399 3535 Deum
3420 3481 3477 3534 in
3507 3496 3577 3534 ea
3610 3489 3833 3543 natura,

421 3580 554 3617 rum
577 3568 788 3618 natura
808 3567 866 3618 et
895 3563 1278 3635 omnipotenti
1305 3565 1402 3620 Dei
1445 3566 1655 3622 virtute
1696 3573 1959 3624 servatur
1999 3587 2071 3627 ne
2179 3566 2498 3638 quamadse
2512 3567 3293 3638 creavitsemperhabitare.ln
3308 3566 3531 3639 quibus
3549 3569 3834 3625 nimirum

420 3655 639 3723 pereat,
672 3655 729 3706 et
770 3652 932 3723 justo
963 3652 1062 3707 Dei
1103 3654 1328 3724 judicio
1360 3655 1431 3709 ad
1462 3673 1692 3727 pcenam
1725 3657 1776 3712 ei
1808 3662 2068 3714 tantum-
2176 3653 2368 3710 verbis
2391 3658 2663 3710 naturam
2685 3672 2862 3727 quam
2894 3654 3049 3711 Deus
3071 3656 3143 3711 ad
3166 3672 3229 3712 se
3250 3656 3481 3724 creavit,
3503 3656 3833 3715 humanam

422 3739 595 3793 modo
627 3740 855 3810 proficit
884 3741 1038 3812 quod
1070 3746 1349 3812 servatur,
1375 3760 1446 3799 ne
1475 3762 1736 3817 unquam
1768 3748 1896 3818 ejus
1927 3766 2065 3821 sup-
2175 3744 2298 3800 vult
2328 3743 2789 3817 intelligi,quam
2814 3744 2872 3799 in
2897 3749 3091 3801 mente
3119 3744 3388 3801 rationali
3411 3746 3483 3801 ad
3508 3747 3832 3819 imaginem

418 3825 660 3898 plicium
710 3829 968 3885 ﬁniatur.
1003 3830 1161 3887 Licet
1189 3832 1365 3887 etiam
1416 3833 1557 3889 mihi
1608 3834 1939 3892 laudandus
1988 3838 2066 3894 sit
2174 3837 2232 3889 et
2264 3832 2714 3890 similitudinem
2738 3850 2906 3889 suam
2932 3835 3081 3890 Deus
3104 3834 3255 3901 fecit,
3270 3839 3326 3889 et
3347 3835 3489 3891 dicit
3509 3836 3575 3891 in
3600 3837 3717 3893 hac
3738 3855 3833 3893 na-

417 3916 673 3983 Creator,
696 3917 795 3989 qui
821 3919 1040 3975 bonum
1063 3924 1305 3988 naturae,
1322 3923 1477 3994 quod
1501 3924 1781 3996 condidit,
1806 3943 1921 3983 non
1944 3944 2064 3983 om-
2172 3926 2307 3978 tura
2336 3923 2552 3979 mentis
2581 3922 2882 3979 rationalis
2904 3940 3133 3996 semper
3162 3924 3346 3980 Deum
3378 3924 3677 3993 habitare,
3702 3933 3759 3983 et
3780 3927 3831 3980 in

414 4004 650 4062 nimodo
683 4007 861 4064 deleri
889 4008 1092 4065 voluit.
2170 4011 2439 4084 praesenti
2462 4009 2729 4067 videlicet
2756 4010 2989 4080 saeculo,
3011 4017 3069 4067 et
3100 4012 3157 4067 in
3185 4012 3403 4080 future,
3425 4018 3483 4069 et
3506 4013 3568 4068 in
3594 4016 3835 4071 creden-

481 4095 643 4161 Qued
683 4113 815 4153 vero
841 4098 957 4153 ait:
982 4100 1238 4171 Alioquin
1269 4118 1458 4159 eorum
1493 4112 1697 4159 natura
1724 4105 1795 4159 ad
1819 4107 2061 4161 nihilum
2167 4102 2346 4169 tibus,
2372 4101 2471 4173 qui
2493 4100 2621 4170 ejus
2643 4099 2844 4156 fideles
2865 4104 3023 4169 sunt,
3038 4104 3095 4157 et
3124 4100 3182 4156 in
3213 4100 3535 4158 incredulis
3567 4120 3641 4159 ac
3665 4121 3837 4176 paga-

404 4183 626 4254 rediret,
646 4188 699 4241 si
723 4204 936 4243 summa
958 4193 1190 4247 essentia
1210 4193 1269 4247 in
1290 4195 1370 4248 eis
1390 4210 1501 4248 non
1519 4202 1673 4249 esset.
1697 4193 1756 4249 Si
1777 4193 2018 4251 dixisset
2041 4213 2053 4250 :
2167 4189 2397 4263 nis,qu-i
2430 4190 2557 4262 ipsa
2588 4206 2695 4246 sua
2726 4188 3067 4246 inﬁdelitate
3097 4190 3170 4246 ab
3190 4207 3257 4247 eo
3290 4190 3465 4246 alieni
3498 4199 3672 4260 sunt,
3695 4200 3755 4249 et
3779 4195 3834 4248 in

403 4273 619 4329 Eorum
649 4281 858 4331 natura
887 4278 959 4333 ad
990 4278 1239 4335 nihilum
1270 4281 1483 4337 rediret
1512 4281 1562 4337 si
1592 4283 1676 4338 eis
1707 4300 1943 4339 summa
1970 4302 2057 4341 es-
2164 4278 2384 4345 electis,
2407 4295 2557 4350 quos
2604 4276 2890 4350 templum
2943 4295 3117 4334 suum
3168 4279 3321 4348 fecit,
3346 4285 3402 4336 et
3433 4280 3492 4335 in
3557 4282 3830 4354 reprohis

400 4361 591 4417 sentin
619 4379 747 4420 esse
777 4381 892 4420 non
932 4369 1293 4433 concederet,
1316 4368 1404 4425 vel
1436 4385 1565 4425 esse
1605 4386 1723 4425 non
1753 4387 2055 4428 censerva-
2163 4386 2310 4442 quos
2332 4372 2546 4423 aeterna
2575 4365 2895 4438 perditione
2918 4367 3417 4440 damnavitzqued
3452 4369 3672 4442 utique
3694 4389 3830 4427 con-

400 4454 510 4523 ret,
538 4458 694 4508 esset
728 4452 930 4526 utique
977 4473 1179 4512 verum
1211 4474 1225 4512 :
1261 4458 1400 4529 quia
1446 4458 1646 4513 omnia
1692 4475 2053 4532 quaecunque
2161 4457 2407 4513 trarium
2428 4460 2517 4512 est
2546 4455 2677 4510 ﬁdei
2704 4460 2760 4510 et
2778 4454 3035 4522 veritati;
3068 4456 3206 4528 quia
3236 4455 3286 4513 si
3316 4456 3425 4512 hoc
3456 4475 3671 4514 verum
3705 4476 3828 4515 esse

400 4537 621 4596 habent
651 4558 799 4611 esse,
825 4545 897 4599 ab
928 4543 1290 4601 illa’summa
1311 4550 1369 4600 et
1390 4546 1585 4602 divina
1610 4547 1865 4603 essentia
1894 4565 2053 4605 acce-
2160 4546 2559 4619 posset,etiam
2580 4544 2639 4599 in
2660 4542 3083 4601 inﬁdelissimis
3099 4545 3318 4601 Judaais
3339 4551 3396 4602 et
3413 4547 3826 4620 paganis,qui,

398 4634 613 4700 perunt
656 4636 719 4686 ut
767 4637 982 4689 essent.
1018 4634 1183 4689 Nunc
1237 4638 1433 4689 autem
1489 4651 1624 4690 cum
1682 4636 1911 4705 dixerit,
1938 4641 2053 4695 nisi
2078 4645 2127 4711 Ι)
2158 4640 2448 4714 quantum
2493 4634 2565 4689 ad
2615 4637 2888 4689 naturam
2936 4632 3151 4689 bonam
3182 4637 3238 4690 et
3267 4652 3302 4689 a
3348 4634 3466 4691 Deo
3516 4638 3829 4693 conditam

1384 4793 1596 4850 NOT/E
1634 4796 1974 4857 DUVALLII
2011 4797 2368 4861 DOCTORIS
2408 4793 2808 4851 SORBONICI.

424 4916 539 4996 .(a)
574 4917 696 5000 Non
742 4924 1164 5000 consumantur
1210 4919 1497 5000 elementa
1527 4924 1719 5000 quoad
1768 4926 2042 5000 substan-
2153 4922 2567 5000 perfectionem
2615 4921 2920 5000 majorem,
2970 4920 3123 5000 sicut
3170 4924 3227 4976 et
3271 4919 3829 5000 elementaucalere

392 4988 625 5069 tium‘et
655 4990 969 5069 qualitates
991 4992 1076 5069 eis
1098 4990 1362 5069 proprias
1383 4988 1719 5069 (sunt-enim
1743 4996 1827 5052 sic
1848 5004 2043 5069 partes
2150 4988 2447 5062 solvenda,
2497 4993 2556 5049 id
2608 4988 3133 5069 est—repurganda.
3159 5024 3225 5034 —
3254 4993 3528 5065 August.,
3581 4992 3700 5050 lib.
3757 5013 3827 5050 xx

393 5060 659 5146 quaedam
682 5060 993 5146 praecipuae
1030 5060 1221 5146 ipsius
1258 5060 1483 5146 mundi,
1510 5064 1610 5145 qui
1659 5070 1797 5123 tunc
1846 5060 2039 5146 potius
2147 5060 2454 5146 de__6_'itﬁ'it.,_
2471 5080 2638 5146 capp.
2666 5065 2783 5146 ﬁet
2809 5060 2899 5119 18.

389 5130 762 5213 perﬁcietur),
814 5130 912 5187 sed
969 5130 1121 5213 quod
1184 5131 1494 5213 qualitates
1528 5130 1655 5213 'eis.
1696 5130 2035 5209 perniistas;
2218 5130 2636 5213 (b)Perfectiu_s
2668 5134 2823 5213 Deus
2871 5134 3075 5213 unitur
3111 5151 3245 5213 cum
3275 5134 3576 5213 damnatis
3635 5154 3825 5213 quam

388 5204 529 5280 tunc
560 5204 715 5255 enim
749 5220 894 5273 pura
926 5204 1514 5280 anllanICdtlt‘lliUl‘
1541 5212 1602 5280 et
1628 5204 1824 5266 futuro
1857 5204 2035 5269 statui
2144 5204 2284 5266 cum
2300 5207 2541 5280 templis
2563 5206 2933 5280 siactionum
2953 5207 3082 5261 vitae
3106 5207 3254 5280 ratio
3275 5206 3582 5280 habeatur,
3602 5204 3825 5265 si‘vero

386 5266 689 5352 beatorum
720 5266 1142 5352 convenientia.
1174 5274 1382 5352 Sicque
1413 5278 1645 5347 quando
1678 5281 1819 5336 dicit
1849 5266 2035 5341 13.153:
2144 5266 2558 5338 beneﬁciorum
2581 5276 2972 5352 singularium
2991 5294 3119 5352 qua:
3140 5277 3482 5352 hominibus
3503 5266 3825 5352 intemple

386 5341 536 5429 trusi,
556 5340 631 5429 All,
661 5359 787 5429 (ξαρ.
818 5362 899 5429 ψ,
925 5344 1099 5400 caelos
1133 5340 1484 5429 trans-ituros
1506 5366 1633 5429 esse
1662 5356 1721 5429 et
1735 5340 2035 5429 elementa
2142 5352 2449 5429 orantibus
2478 5340 2878 5429 conferunt-ur,
2912 5340 3223 5429 magiaest
3258 5347 3315 5403 in
3350 5340 3823 5429 templ-isquae)

386 5409 575 5496 qalore
605 5409 1040 5496 soli-lendaLnOn
1072 5422 1160 5496 est
1192 5417 1377 5496 primo
1409 5419 1553 5496 illud
1590 5409 2033 5495 intelligendum
2142 5424 2202 5479 in
2234 5421 2435 5496 inferis
2466 5437 2570 5477 seu
2598 5437 2733 5496 cum
2765 5409 3083 5496 dampatis.
3108 5420 3231 5496 Non
3256 5424 3430 5496 negat
3452 5409 3823 5478 Trinitatem

384 5481 458 5536 de
486 5484 830 5566 cnerporibus
863 5485 979 5566 illis
1010 5481 1344 5545 coelestibus
1393 5492 1462 5545 ad
1515 5510 1639 5565 quin
1690 5481 1911 5551 certum
1945 5481 2032 5553 est
2139 5512 2267 5551 esse
2298 5495 2355 5549 in
2382 5491 2700 5566 damnatis,
2727 5490 2866 5562 quia
2897 5481 3445 5566 Deus_ubiqu_e_§rit
3472 5508 3576 5562 per
3610 5509 3823 5549 essen-

383 5550 859 5637 coqﬂagrationis
905 5557 1098 5637 ignem
1149 5577 1292 5637 non_
1325 5550 1759 5637 perveniprum,
1811 5550 1911 5622 sed
1954 5550 2030 5622 de
2138 5566 2301 5637 tiam,
2332 5550 2809 5637 praesentiamulet
2855 5550 3222 5637 potentiam;
3262 5550 3511 5637 ideoque
3566 5567 3820 5619 tantum

383 5621 527 5706 agile
558 5621 711 5691 aere,
743 5625 851 5706 hoc
877 5621 965 5706 est
993 5635 1111 5687 toto
1143 5621 1339 5704 spatio
1363 5633 1532 5689 aeris.
1563 5621 1781 5691 Deinde
1812 5621 2029 5695 dicitur
2136 5636 2258 5692 vult
2288 5621 2403 5692 non
2435 5651 2566 5691 esse
2596 5634 2654 5689 in
2688 5632 2803 5706 illis
2837 5621 2943 5705 per
2977 5621 3248 5706 gratiaei
3268 5621 3673 5706 habitantem,
3711 5638 3819 5693 sed

380 5689 529 5763 illud
578 5689 706 5757 esse
759 5701 1144 5763 transiturum
1176 5689 1441 5783 ‘propter
1497 5689 2027 5773 renovation—em'et
2114 5689 2927 5784 tantumiper’estensionem
2960 5689 3079 5763 ἑῖιω
3103 5702 3370 5780 justitite.
