3896 6198
83 427 183 487 237

1016 422 1249 483 LIBER
1289 421 1704 486 ADVERSUS
1748 422 2117 485 JOANNEM
2163 424 2497 488 SCOTUM.

3343 432 3464 492 238

84 557 331 632 pertinet,
362 558 418 609 et
445 555 523 609 ad
557 553 871 626 imaginem
902 556 959 609 et
979 553 1425 610 similitudinem
1443 554 1544 610 Dei
1566 555 1703 611 facti
1731 557 1786 624 Α
1816 554 1961 611 mini
1990 556 2336 629 praedixerat
2368 575 2380 613 :
2416 560 2746 632 Quaeunque
2792 560 2879 616 die
2926 563 3219 618 comederis
3266 581 3335 619 ex
3375 582 3457 634 eo,

82 650 224 711 sunt,
256 646 400 700 recte
433 642 728 699 diceretur
754 641 1019 698 habitare
1050 642 1205 698 Deus
1236 642 1705 709 Pater,habitare
1814 653 1983 701 morte
2009 647 2266 702 morieris
2285 651 2311 701 .9
2340 647 2492 715 (Gen.
2526 665 2587 714 ιι,
2623 649 2733 718 12.)
2766 649 2914 715 Quia
2961 652 3263 707 comedere
3292 669 3360 709 ex
3390 652 3459 708 il-

80 734 342 800 Christus,
361 723 629 787 habitare
655 731 833 787 etiam
860 730 1114 803 Spiritus
1145 735 1402 787 sanctus.
1418 733 1484 787 Et
1498 731 1705 788 simili-

82 823 233 880 terde
250 820 362 877 illis
378 825 597 877 aeterna
617 819 992 876 damnatione
1007 820 1249 891 perditis
1271 821 1426 893 quod
1449 821 1624 877 etiam
1644 820 1703 876 in

78 913 211 985 ipsis
239 910 612 966 habitaturus
640 909 717 965 sit
749 910 900 965 Deus
930 908 1117 977 Pater,
1142 909 1514 966 habitaturus
1545 910 1707 966 Chri-

80 1006 213 1066 stus,
234 999 605 1055 habitaturus
635 996 886 1071 Spiritus
903 1002 1164 1080 sanctus.
1181 999 1306 1064 Quo
1327 1015 1503 1056 sensu
1522 999 1704 1072 impio

77 1095 128 1147 et
146 1088 478 1145 detestando
509 1086 649 1160 quid
682 1085 1020 1144 horribilius
1052 1087 1167 1143 dici
1198 1092 1301 1144 aut
1326 1088 1570 1162 cogitari
1602 1105 1702 1161 po-

77 1178 402 1234 test?lstam
424 1192 677 1249 namque
698 1175 1122 1233 absurditatem
1146 1176 1319 1233 etiam
1345 1176 1490 1233 illud
1514 1178 1705 1249 sequi-

76 1271 177 1334 tur,
209 1269 270 1320 ut
297 1263 347 1320 si
371 1263 586 1338 angeli,
605 1263 703 1336 qui
722 1268 863 1319 sunt
884 1263 1087 1335 utique
1109 1262 1510 1336 principaliter
1528 1262 1701 1319 ratio-

76 1355 210 1410 nalis
237 1357 524 1421 creatura,
539 1357 694 1409 recte
709 1352 1027 1407 creduntur
1047 1352 1119 1408 ad
1139 1350 1456 1425 imaginem
1473 1357 1530 1408 ct
1544 1351 1703 1408 simi-

74 1443 363 1500 litudinem
392 1441 494 1498 Dei
525 1441 746 1497 conditi
771 1459 786 1510 ;
818 1457 1009 1514 neque
1053 1440 1211 1497 enim
1253 1440 1451 1497 minus
1480 1440 1701 1514 aliquid

75 1532 394 1589 hominibus
423 1531 484 1587 in
514 1549 625 1588 sua
652 1536 863 1587 natura
892 1535 1280 1603 acceperunt;
1303 1530 1561 1587 etiamin
1582 1530 1704 1587 dia-

73 1620 191 1679 bolo
219 1628 272 1677 et
299 1619 525 1693 angelis
549 1621 698 1691 ejus,
723 1619 822 1692 qui
856 1620 1034 1676 unius
1065 1624 1286 1676 naturae
1316 1636 1452 1675 cum
1483 1620 1703 1676 sanctis

74 1709 278 1784 angelis
304 1708 585 1776 existunt,
616 1712 673 1765 et
697 1708 853 1765 Deus
885 1709 1242 1781 Pater,quod
1271 1708 1516 1776 absit,et
1544 1708 1705 1764 Chri-

72 1805 187 1856 stus
213 1800 430 1870 ejus,et
462 1796 715 1870 Spiritus
742 1802 983 1854 sanctus
1013 1796 1277 1854 habitare
1305 1798 1588 1854 dicendus
1604 1798 1699 1854 sit:

72 1906 189 1945 cum
219 1888 324 1944 hoc
354 1887 576 1943 donum
607 1887 787 1942 beatae
817 1892 874 1943 et
903 1886 1164 1959 benigne
1189 1886 1566 1943 habitationis
1583 1905 1701 1942 suae

75 1976 169 2033 soli
190 1974 377 2032 electae
399 1979 459 2031 et
480 1974 637 2031 ﬁdeli
659 1975 930 2031 rationali
952 1981 1250 2043 creaturae,
1267 1977 1420 2031 sicut
1439 1993 1618 2048 supra
1638 1993 1706 2031 ex

74 2064 372 2137 Scripturis
412 2064 806 2130 ostendimus,
838 2063 1033 2138 largiri
1086 2065 1412 2120 credendus
1460 2065 1554 2120 sit.
1592 2064 1708 2120 Piis

78 2170 310 2226 namque
327 2158 385 2208 et
418 2152 693 2209 ﬁdelibus
720 2153 1005 2210 Dominus
1035 2153 1326 2226 promittit
1354 2154 1708 2224 dicens:Ego

77 2252 120 2299 et
144 2248 299 2299 Pater
323 2242 397 2298 ad
426 2259 554 2298 eum
586 2244 881 2310 veniemus,
914 2251 969 2299 et
1009 2245 1353 2299 mansionem
1396 2244 1543 2315 apud
1582 2259 1708 2300 eum

76 2335 322 2404 faciemus
354 2334 545 2403 (Joan.
576 2332 816 2403 x1v,23).
850 2331 1074 2400 Quibus
1104 2336 1162 2388 et
1189 2333 1260 2388 de
1291 2332 1543 2404 Spiritus
1568 2349 1708 2388 san-

80 2421 148 2477 cti
176 2420 535 2494 habitatione
564 2420 838 2477 similiter
868 2421 1219 2493 repromittit
1247 2422 1448 2477 dicens
1479 2439 1492 2477 :
1525 2424 1591 2478 Et
1615 2438 1709 2494 ego

80 2513 260 2580 rogabo
286 2516 537 2576 Patrem,
565 2518 616 2567 et
642 2512 820 2566 alium
844 2511 1178 2582 paraelitum
1225 2510 1375 2566 dabit
1420 2513 1571 2567 vobis
1614 2513 1712 2584 qui

80 2607 280 2656 maneat
306 2600 587 2656 vobiscum
614 2601 673 2655 in
702 2608 975 2657 aeternum
998 2601 1176 2667 (Joan.
1215 2617 1332 2667 xw,
1364 2601 1450 2668 16,
1488 2602 1594 2668 17).
1629 2600 1710 2656 De

82 2705 183 2761 quo
209 2689 383 2744 etiam
416 2687 592 2761 paulo
625 2691 758 2760 post
791 2687 1098 2761 subjungit
1130 2706 1143 2743 :
1184 2690 1277 2746 Vos
1305 2696 1487 2745 autem
1512 2705 1708 2758 cogno-

79 2778 219 2833 scetis
245 2793 390 2844 eum,
424 2779 560 2849 quia
590 2776 736 2848 apud
762 2793 853 2834 vos
880 2778 1123 2833 manebit
1148 2786 1200 2834 et
1229 2779 1287 2833 in
1315 2780 1466 2834 vobis
1484 2780 1607 2835 erit.
1634 2780 1711 2835 De

80 2866 277 2922 talibus
305 2866 435 2937 ipse
466 2866 623 2922 Deus
653 2864 915 2922 dicitzEt
935 2867 1253 2922 inhabitabo
1281 2874 1333 2922 et
1362 2867 1711 2923 inambulabo

80 2957 130 3010 in
158 2956 266 3011 illis
296 2957 371 3023 (II
399 2956 525 3012 Cor.
555 2970 633 3024 vx,
669 2955 776 3028 16).
818 2955 890 3010 Et
934 2954 1248 3011 Psalmista
1295 2954 1376 3011 ait
1408 2974 1420 3011 :
1454 2957 1516 3011 In
1544 2964 1712 3014 aeter-

76 3062 196 3100 nam
222 3044 600 3111 exsultabant,
629 3053 681 3100 et
709 3044 983 3100 habitabit
1008 3045 1067 3100 in
1097 3045 1177 3099 eis
1205 3044 1373 3110 (Psal.
1398 3044 1570 3116 v,l2).
1603 3044 1711 3108 Qui
1748 3088 1755 3091 .

76 3132 237 3189 etiam
260 3133 401 3189 alibi
420 3133 791 3189 dicuntzNisi
808 3134 942 3205 quia
960 3133 1221 3189 Dominus
1242 3142 1359 3190 erat
1380 3136 1440 3189 in
1460 3135 1617 3189 nobis
1627 3134 1712 3189 di-

75 3231 151 3278 cat
167 3239 313 3278 nunc
331 3223 528 3289 Israel,
550 3224 667 3278 nisi
683 3224 816 3294 quia
842 3223 1105 3277 Dominus
1135 3230 1252 3278 erat
1281 3224 1341 3277 in
1360 3223 1515 3278 nobis
1536 3223 1708 3293 (Psal.

1814 731 1869 789 lo
1891 732 2053 807 ligno
2084 735 2280 803 vetito,
2305 735 2413 792 hoc
2432 736 2543 792 fuit
2561 738 2763 810 utique
2784 743 3111 811 peccatum,
3138 757 3310 813 pcena
3325 758 3460 799 vero

1814 823 2034 896 peccati
2057 823 2166 880 hoc
2188 825 2344 897 quod
2365 830 2790 898 consequenter
2810 828 3153 900 adiunctum
3179 834 3462 899 est,morte

1810 913 2085 968 morieris.
2101 913 2260 977 Quod
2286 913 2489 985 utique
2520 931 2635 971 non
2667 917 2739 972 de
2767 915 2891 973 sola
2918 916 3032 973 ista
3062 917 3255 991 prima
3276 922 3462 975 morte

1813 1001 2071 1073 corporis
2102 1002 2154 1057 ei
2181 1002 2581 1059 comminatus
2612 1009 2701 1060 est
2730 1005 2904 1074 Deus,
2920 1007 3022 1062 sed
3045 1010 3102 1063 et
3121 1006 3193 1062 de
3214 1005 3315 1062 illa
3330 1024 3459 1079 quae

1811 1091 2104 1160 peccando
2125 1091 2280 1146 facta
2309 1096 2398 1147 est
2426 1091 2487 1147 in
2516 1093 2890 1165 anima,quia
2918 1097 3107 1151 anima
3127 1111 3253 1168 qua
3276 1112 3461 1169 pecca-

1810 1181 1966 1248 verit,
1990 1187 2041 1234 et
2061 1181 2179 1251 ipsa
2200 1182 2466 1236 morietur
2485 1181 2698 1253 (Ezeeh.
2720 1199 2881 1251 xvm,
2907 1184 2995 1252 li);
3020 1189 3078 1240 et
3107 1185 3178 1241 de
3205 1186 3464 1241 secunda

1811 1266 1991 1322 etiam
2023 1271 2229 1336 morte,
2262 1285 2388 1340 quas
2437 1268 2548 1323 erit
2595 1269 2653 1323 in
2700 1270 3074 1328 damnatione
3120 1277 3355 1341 aeterna,
3388 1274 3459 1329 ad

1813 1372 1990 1427 quam
2008 1361 2204 1411 reatus
2220 1355 2379 1413 illius
2400 1357 2574 1430 primi
2592 1358 2810 1430 peccati
2842 1358 3081 1416 omnino
3099 1377 3335 1418 omnem
3358 1362 3460 1418 bo-

1812 1444 2031 1501 minem
2061 1444 2261 1513 trahit,
2296 1444 2411 1501 nisi
2438 1445 2653 1502 Christi
2684 1446 2873 1519 gratia
2901 1447 3200 1506 liberetur.

1883 1534 2027 1590 Cum
2057 1551 2194 1608 ergo
2224 1534 2347 1591 haec
2377 1539 2531 1591 Deus
2561 1535 2725 1605 dixit,
2742 1554 2858 1593 non
2890 1537 3259 1596 solummodo
3289 1544 3465 1597 terro-

1811 1640 1934 1679 rem
1957 1623 2217 1680 audienti
2240 1624 2501 1680 incutere
2523 1625 2723 1694 voluit,
2747 1627 2848 1682 sed
2873 1627 3028 1699 quod
3043 1628 3275 1699 justum
3298 1634 3461 1685 aster-

1812 1729 1886 1767 no
1896 1712 2120 1783 judicio
2144 1730 2250 1769 suo
2279 1714 2505 1779 statuit,
2526 1713 2628 1770 illa
2648 1714 3101 1773 comminatione
3122 1717 3462 1774 manifesta-

1810 1802 1911 1868 vit,
1938 1806 2002 1856 ut
2020 1793 2288 1859 videlicet
2299 1803 2464 1874 justo
2488 1807 2545 1858 et
2563 1808 2776 1860 aiterno
2803 1804 2930 1875 ejus
2944 1805 3192 1876 judicio,
3216 1805 3265 1861 si
3286 1806 3462 1862 homo

1812 1889 1957 1945 illud
1990 1894 2293 1962 peccatum
2324 1892 2684 1960 admitteret,
2718 1892 2907 1965 primo
2956 1894 3165 1950 animas
3215 1900 3461 1951 mortem

1818 1979 2124 2046 incuteret,
2141 1981 2397 2036 secundo
2413 1980 2588 2036 etiam
2621 1982 2881 2054 corporis
2911 1987 3096 2039 morte
3126 1984 3465 2040 dissolvere-

1819 2073 1935 2136 tur,
1958 2067 2127 2124 tertio
2151 2069 2329 2124 etiam
2353 2070 2611 2125 secunda
2632 2074 2818 2125 morte
2837 2071 3236 2127 damnaretur.
3262 2072 3463 2128 Ethosc

1816 2161 1943 2213 tota
1971 2157 2271 2213 damnatio
2304 2162 2361 2213 et
2390 2157 2449 2212 in
2481 2159 2679 2215 anima
2708 2157 2930 2215 scilicet
2955 2163 3011 2214 et
3036 2160 3095 2214 in
3128 2176 3388 2233 corpore,
3407 2164 3466 2217 et

1818 2251 1952 2318 post
1984 2252 2218 2318 tempus
2249 2264 2382 2302 cum
2434 2247 2560 2319 ipso
2612 2252 2847 2319 peccato
2875 2247 2936 2303 in
2968 2264 3173 2305 omnes
3202 2253 3466 2322 posteros

1817 2334 2346 2390 transfunderetur.
2370 2336 2439 2390 Et
2470 2335 2598 2391 ideo
2620 2336 2915 2407 judicium
2936 2337 3136 2393 aeterni
3158 2336 3389 2393 consilii
3411 2341 3469 2394 et

1808 2423 2056 2494 justitiaa
2089 2440 2228 2492 suae,
2262 2425 2417 2496 quod
2448 2424 2507 2479 in
2540 2424 2641 2480 illo
2671 2426 2861 2497 primo
2893 2431 2950 2481 et
2982 2444 3097 2483 uno
3127 2426 3365 2483 homine
3387 2427 3471 2481 in-

1818 2512 2044 2568 choand
2054 2528 2152 2568 um
2159 2513 2531 2584 judicavit,in
2545 2531 2778 2570 omnem
2790 2516 2921 2586 ejus
2932 2517 3269 2590 progeniem
3282 2520 3470 2572 trans-

1819 2602 1985 2658 misit
2011 2617 2025 2657 :
2050 2605 2116 2657 ut
2135 2600 2234 2657 illo
2246 2602 2410 2673 justo
2431 2603 2798 2675 ejusjudicio
2829 2603 3167 2677 quicunque
3187 2621 3255 2660 ex
3274 2604 3376 2660 illa
3406 2604 3466 2660 in

1815 2691 2001 2746 Adam
2032 2707 2231 2746 massa
2260 2691 2541 2746 damnata
2559 2689 2771 2747 Christi
2792 2692 2983 2763 gratia
3013 2709 3128 2749 non
3159 2693 3368 2750 fuisset
3383 2694 3467 2750 di-

1818 2783 2063 2845 scretus,
2095 2778 2287 2851 prima
2333 2779 2435 2834 illa
2472 2778 2653 2834 divini
2677 2779 2885 2851 judicii
2920 2781 3211 2838 sententia
3238 2784 3463 2838 aeternis

1818 2866 2180 2924 damnationi
2211 2871 2506 2924 teneretur
2533 2868 3000 2940 praedestinatus.
3020 2870 3090 2925 Et
3117 2870 3247 2926 ideo
3272 2887 3465 2944 repro-

1818 2956 1925 3012 bos
1957 2972 2071 3010 non
2120 2954 2359 3027 reliquit
2402 2957 2810 3012 tantummodo
2842 2957 2900 3012 in
2935 2974 3132 3015 massa
3160 2957 3464 3032 originalis

1819 3044 2245 3118 peccati,quasi
2277 3044 2512 3100 nihilde
2539 3045 2626 3101 eis
2654 3049 2920 3103 statuens
2949 3051 3127 3119 atque
3155 3046 3462 3115 deﬁniens,

1821 3135 1922 3198 sed
1954 3133 2129 3189 etiam
2152 3133 2457 3206 judicavit,
2488 3138 2556 3190 ut
2585 3138 2865 3191 aeternum
2896 3138 2954 3192 et
2972 3136 3205 3208 justum
3236 3136 3470 3208 ejusju-

1823 3223 2064 3289 dicium,
2079 3223 2235 3295 quod
2258 3223 2553 3294 praecessit
2572 3223 2633 3278 in
2656 3224 2871 3292 radice,
2895 3229 3238 3296 sequeretur
3258 3225 3317 3280 in
3340 3241 3470 3299 ger-

77 3312 345 3383 cxxm,i).
379 3311 549 3367 Unde
577 3316 636 3366 et
664 3311 870 3367 beatus
898 3310 1153 3367 Joannes
1183 3310 1483 3383 apostolus
1512 3310 1718 3368 distin-
1746 3298 1789 3365 C
1828 3311 2022 3379 mine;
2055 3315 2111 3367 et
2141 3312 2297 3384 quod
2328 3311 2502 3384 coepit
2530 3311 2589 3367 in
2619 3317 2876 3385 parente,
2910 3314 3237 3370 necessario
3267 3298 3475 3388 imple-

75 3416 247 3472 guens
267 3400 424 3456 inter
444 3399 835 3456 habitatorem
860 3400 1094 3472 piorum
1123 3399 1400 3469 Deum,et
1431 3399 1715 3456 habitato-

79 3505 188 3545 rem
216 3488 543 3562 impiorum
574 3487 896 3557 diabolum,
912 3488 1053 3545 dicit
1071 3489 1373 3545 ﬁdelibus:
1391 3493 1501 3546 Vos
1521 3506 1591 3546 ea:
1606 3494 1716 3547 Deo

76 3581 207 3645 estis,
239 3578 432 3650 ﬁlioli,
464 3585 518 3634 et
547 3579 749 3634 vicistis
778 3594 885 3642 eos,
917 3580 1181 3650 quoniam
1218 3579 1397 3652 major
1423 3587 1501 3635 est
1530 3581 1630 3650 qui
1657 3580 1713 3635 in

78 3667 210 3723 vobis
234 3676 314 3723 est
346 3684 519 3740 quam
548 3668 645 3740 qui
672 3669 733 3723 in
760 3666 962 3723 mundo
994 3669 1040 3737 (1
1067 3668 1224 3724 Joan.
1247 3685 1325 3733 ιν,
1348 3668 1422 3740 4).
1450 3669 1576 3723 llaec
1609 3668 1719 3724 iste

1823 3405 1983 3457 retur
2014 3400 2073 3456 in
2104 3400 2484 3457 sobole.Nam
2502 3399 2667 3457 nulla
2694 3402 2933 3458 omnino
2963 3403 3119 3475 apud
3150 3401 3349 3459 ﬁdeles
3374 3403 3477 3459 du-

1823 3490 2027 3546 bitatio
2039 3494 2128 3546 est
2140 3489 2297 3562 quod
2310 3490 2681 3563 omnipotens
2702 3490 2856 3547 Deus
2877 3494 3194 3563 antequam
3212 3496 3475 3564 peccaret

1824 3579 2022 3646 homo,
2055 3578 2341 3652 praescivit
2369 3596 2503 3635 eum
2538 3580 2742 3652 utique
2776 3585 3155 3652 peccaturum
3187 3597 3201 3636 :
3236 3585 3293 3636 et
3322 3581 3476 3637 sicut

1826 3668 2113 3741 praescivit
2140 3671 2466 3741 peccatum,
2501 3667 2583 3724 ita
2637 3668 2815 3725 etiam
2861 3669 3293 3742 praedestinavit
3335 3668 3475 3742 quid

78 3755 120 3811 si
139 3757 346 3831 corrigi
379 3756 698 3823 desiderat,
722 3754 970 3812 ﬁdeliter
996 3772 1066 3812 ex
1094 3756 1412 3829 Soripturis
1444 3756 1649 3826 discat,
1664 3760 1722 3813 et
1818 3758 1983 3829 justo
2003 3757 2371 3829 ejusjudicio
2394 3762 2550 3814 esset
2570 3775 2855 3830 passurus
2880 3776 2892 3813 :
2918 3762 2975 3815 et
2996 3760 3150 3831 quod
3174 3760 3233 3814 in
3257 3758 3358 3815 illo
3371 3760 3477 3830 ju-

81 3863 182 3902 non
210 3846 497 3902 humanis
513 3850 571 3901 et
585 3846 752 3901 vanis
782 3845 1390 3918 argumentationibus
1411 3850 1615 3902 contra
1625 3862 1719 3902 ve-

80 3934 294 3991 ritatem
326 3933 435 3991 Dei
467 3933 676 4007 litiget,
696 3934 797 3990 sed
816 3951 878 3990 se
895 3933 978 3989 illi
1001 3933 1127 3989 miti
1150 3934 1359 4006 pietate
1388 3934 1718 3991 submittat.

142 4024 246 4080 Sed
270 4024 420 4096 quia
437 4027 629 4079 totum
651 4023 760 4080 hoc
773 4024 928 4096 quod
941 4021 1141 4080 deillis
1154 4023 1255 4095 qui
1273 4023 1332 4078 in
1345 4022 1724 4097 massaorigi-

82 4112 217 4170 nalis
240 4112 473 4186 peccati
499 4110 684 4168 relicti
706 4116 864 4181 sunt,
885 4110 1176 4179 dicit,non
1191 4112 1265 4167 ob
1278 4110 1437 4168 aliud
1460 4111 1720 4184 replicat,

79 4202 179 4259 nisi
194 4207 258 4257 ut
272 4218 377 4257 eos
391 4200 805 4258 tantummodo
817 4200 1039 4273 peccati
1051 4199 1354 4275 originalis
1370 4200 1600 4257 vinculo
1622 4202 1723 4257 ob-

81 4288 501 4356 strictos,nullo
511 4288 615 4346 Dei
619 4290 644 4361 j
656 4288 847 4345 udicio
859 4293 1083 4345 asserat
1094 4289 1166 4345 ad
1179 4306 1411 4362 pinnam
1435 4289 1728 4362 praedesti-

81 4384 257 4447 natos,
287 4378 683 4455 quaerendum
733 4378 806 4434 ab
858 4395 924 4434 eo
967 4382 1057 4435 est
1106 4383 1164 4435 et
1193 4396 1228 4435 a
1256 4378 1480 4435 caeteris
1516 4378 1618 4451 qui
1647 4378 1729 4434 ita

82 4467 357 4535 sentiunt,
372 4472 576 4529 utrum
590 4467 786 4540 aliquo
801 4466 899 4523 Dei
905 4466 1131 4539 judicio
1145 4468 1361 4524 factum
1385 4468 1462 4525 sit
1482 4472 1547 4523 ut
1568 4471 1731 4523 tanta

82 4557 398 4614 multitudo
421 4556 655 4630 generis
671 4556 916 4612 humani
936 4555 1019 4612 illi
1036 4561 1275 4629 peccato
1287 4555 1555 4630 originali
1570 4558 1731 4613 ﬁeret

1828 3852 1916 3902 ste
1935 3846 2256 3917 judicando
2287 3846 2481 3919 coepit,
2515 3847 2575 3902 in
2610 3851 2731 3902 tota
2761 3846 2921 3903 illius
2964 3848 3240 3921 progenie
3273 3848 3477 3905 eadem

1829 3932 2215 4005 praescientia,
2246 3932 2448 3988 eadem
2479 3932 2988 4005 praedestinatione
3008 3934 3239 4005 judicii,
3273 3935 3478 3991 eadem

1821 4020 2052 4093 justitia
2076 4019 2475 4076 damnationis
2506 4020 2786 4094 implevit.
2820 4022 2931 4077 Sed
2962 4021 3085 4077 haec
3113 4022 3289 4077 verba
3318 4022 3482 4078 nulla

1832 4110 2055 4166 ratione
2072 4108 2237 4174 fulta,
2254 4109 2407 4182 quod
2426 4109 2579 4165 Deus
2610 4109 2887 4181 reprobos
2904 4110 2964 4166 in
2982 4126 3183 4166 massa
3195 4109 3299 4166 illa
3314 4110 3479 4166 dam-

1833 4198 2088 4254 nationis
2116 4197 2437 4270 reliquerit,
2457 4214 2563 4253 nec
2594 4196 2816 4270 aliquid
2848 4199 2920 4255 de
2952 4215 3154 4255 eorum
3186 4198 3482 4271 praedesti—

1834 4287 2058 4344 naverit
2077 4285 2546 4351 damnatione,ex
2565 4284 2761 4342 libello
2784 4303 2954 4360 quem
2978 4286 3160 4343 Graeci
3180 4288 3485 4360 Hypogno-

1836 4376 2023 4432 sticon
2056 4374 2372 4449 appellant,
2386 4391 2560 4447 quem
2589 4375 2765 4432 etiam
2783 4392 2852 4432 ex
2869 4375 3015 4432 falso
3029 4376 3201 4432 titulo
3220 4375 3483 4449 plerique

1835 4466 2022 4521 sancti
2050 4464 2362 4538 Augustini
2392 4481 2520 4521 esse
2550 4468 2782 4538 putant,
2804 4465 3201 4537 assumpsisse
3232 4464 3480 4520 videtur.

1839 4557 2023 4621 Quem
2054 4553 2317 4610 libellum
2334 4570 2447 4610 non
2470 4571 2600 4610 esse
2621 4554 2886 4626 ejusdem
2902 4553 3087 4611 sancti
3099 4553 3414 4627 Augustini
3430 4558 3487 4609 et

85 4645 344 4715 obnoxia,
380 4663 452 4702 ac
483 4663 586 4718 per
608 4645 718 4733 hoc
742 4645 919 4701 etiam
950 4650 1177 4702 aeternae
1209 4646 1383 4702 morti
1414 4646 1631 4714 debita,
1657 4663 1730 4702 an
1759 4670 1808 4733 Β
1839 4643 2025 4733 stylus
2057 4643 2574 4733 ipsedemonstrat
2602 4648 2660 4700 et
2688 4660 3059 4701 sensusznon
3089 4643 3281 4733 solum
3304 4643 3488 4733 S.A_u-

83 4736 229 4791 non?
259 4735 321 4792 Si
358 4735 524 4791 enim
555 4732 719 4792 nullo
768 4734 868 4790 Dei
905 4733 1151 4806 judicio,
1185 4735 1286 4790 sed
1322 4735 1730 4791 tantummodo
1759 4730 1798 4733 ⁷
1840 4732 2061 4805 gustini
2094 4732 2352 4805 scriptis,
2386 4733 2486 4788 sed
2516 4733 2693 4789 etiam
2728 4734 2860 4790 ﬁdei
2892 4732 3309 4802 contrarius,et
3332 4730 3490 4787 testi-

85 4823 331 4879 naturali
364 4841 549 4880 cursu
577 4822 793 4881 vitiata
822 4823 1065 4897 originis
1093 4824 1203 4880 hoc
1232 4824 1451 4880 factum
1467 4827 1577 4892 est,
1599 4840 1735 4897 ergo

84 4912 158 4968 sic
172 4917 492 4986 peccatum
522 4912 933 4973 tantummodo
964 4913 1024 4969 in
1057 4930 1155 4970 eos
1186 4912 1532 4970 naturaliter
1546 4930 1615 4969 ex
1636 4912 1735 4968 illo

85 5002 264 5071 primo
294 5002 546 5059 homine
574 5002 944 5059 transfusum
964 5007 1073 5070 est,
1088 5007 1152 5058 ut
1176 5002 1339 5058 nulla
1369 5003 1588 5074 peccati
1605 5003 1735 5074 ejus

87 5090 384 5149 damnatio
400 5092 461 5147 in
475 5107 575 5148 eos
594 5091 1124 5159 transfunderetur,
1140 5096 1197 5148 et
1211 5091 1473 5148 cucurrit
1486 5090 1545 5146 in
1557 5108 1656 5148 eos
1670 5108 1738 5147 ex

87 5180 259 5236 Adam
281 5179 418 5237 sola
439 5178 602 5253 origo
625 5181 869 5253 peccati,
894 5197 1008 5236 non
1032 5180 1208 5236 etiam
1226 5180 1394 5252 justa
1414 5197 1585 5253 poena
1605 5197 1738 5253 pec-

88 5268 209 5337 cati,
240 5271 350 5326 sed
386 5269 701 5325 manifeste
729 5269 1042 5342 Apostolus
1072 5270 1215 5326 dicit
1246 5270 1402 5343 quod
1437 5286 1538 5342 per
1567 5287 1740 5327 unum

90 5355 356 5414 hominem
382 5365 671 5430 peccatum
701 5360 931 5415 intravit
958 5360 1018 5414 in
1038 5358 1325 5427 mundum,
1348 5367 1400 5415 et
1424 5376 1525 5431 per
1550 5375 1739 5432 pecca-

90 5451 191 5502 tum
218 5463 396 5515 mors,
428 5455 481 5503 et
513 5450 594 5504 ita
622 5449 683 5503 in
712 5464 894 5504 omnes
937 5448 1181 5504 homines
1206 5450 1533 5520 pertransiit
1563 5450 1739 5517 (Rom.

1843 4820 2042 4877 monia
2069 4837 2138 4877 ex
2167 4837 2315 4877 nova
2358 4820 2475 4877 ista
2515 4821 2789 4890 editione,
2822 4840 2941 4895 qua
2987 4839 3094 4878 nos
3141 4820 3360 4877 utimur
3397 4836 3489 4875 as-

1846 4914 2102 4982 sumpta,
2133 4926 2269 4965 cum
2298 4909 2396 4965 ille
2425 4914 2629 4965 contra
2658 4909 2959 4967 haereticos
2988 4910 3298 4984 disputans
3335 4913 3392 4965 et
3420 4908 3492 4964 de

1847 4998 2041 5055 causis
2070 4999 2207 5056 ﬁdei
2238 5015 2418 5072 agens
2448 4998 2724 5056 continue
2743 5015 2812 5055 ex
2832 5000 3074 5071 antiqua
3094 5000 3346 5056 editione
3363 5014 3496 5054 con-

1846 5088 2040 5144 vincat
2067 5087 2550 5155 contradicentes,
2580 5092 2637 5143 et
2665 5103 2734 5142 ex
2763 5087 2892 5158 ipsa
2919 5087 3171 5143 instruat
3198 5086 3420 5143 ﬁdeles.

1917 5176 2091 5233 Addit
2112 5176 2303 5232 adhuc
2324 5180 2381 5232 et
2398 5175 2541 5232 dicit
2563 5194 2576 5232 :
2602 5178 2705 5233 Dei
2731 5177 3060 5247 sapientiam
3079 5175 3499 5247 praedestinasse

1850 5268 1907 5322 in
1936 5267 2053 5321 suis
2084 5265 2295 5334 legibus
2323 5263 2506 5320 modos
2536 5266 2685 5321 ultra
2742 5280 2871 5336 quos
2926 5264 3222 5334 impiorum
3276 5264 3500 5319 malitia

1846 5354 2105 5428 progredi
2132 5370 2241 5410 non
2268 5354 2461 5425 possit,
2493 5358 2627 5422 etc.,
2664 5368 2851 5424 usque
2882 5350 2982 5406 ubi
3031 5349 3191 5416 dicit,
3220 5350 3500 5420 cupidinis

1841 5443 2211 5516 justissimum
2239 5441 2562 5496 crueiatum.
2599 5440 2661 5496 In
2694 5440 2788 5495 his
2826 5438 3017 5497 verbis
3065 5437 3333 5512 quadam
3364 5454 3503 5494 vera

88 5550 139 5601 v,
167 5538 275 5605 l2).
309 5536 469 5592 Vere
487 5552 626 5610 ergo
645 5553 716 5593 ex
736 5553 853 5593 uno
877 5540 934 5593 et
954 5554 1056 5609 per
1078 5554 1264 5594 unum
1296 5535 1594 5593 hominem
1628 5555 1743 5594 non
1852 5531 2157 5608 praemissa
2176 5534 2337 5598 sunt,
2356 5532 2419 5583 ut
2436 5545 2506 5585 ex
2527 5530 2613 5586 eis
2636 5530 2782 5587 falsa
2803 5528 3098 5588 conclusio
3118 5525 3504 5583 concinnare-

90 5622 272 5681 eelum
302 5633 619 5699 peccatum,
650 5627 753 5682 sed
802 5625 976 5682 etiam
1016 5643 1189 5699 pmna
1218 5625 1436 5699 peccati
1468 5642 1627 5683 mors
1657 5630 1743 5683 in-

93 5715 245 5776 acvit
273 5716 341 5776 in
370 5714 666 5776 mundum.
699 5714 880 5790 Cujus
902 5713 1148 5789 judicio,
1181 5714 1296 5773 nisi
1327 5713 1487 5773 illius
1516 5715 1618 5792 qui
1648 5715 1748 5777 ho-

1853 5627 1970 5678 tur.
2002 5620 2149 5676 Nam
2182 5618 2336 5693 quod
2361 5615 2462 5673 Dei
2482 5618 2774 5692 sapientia
2798 5620 2858 5676 in
2876 5618 3118 5675 occultis
3133 5614 3362 5689 legibus
3383 5632 3503 5671 suae

1855 5708 2259 5791 dispositionis
2289 5706 2790 5784 praedestinaverit
2816 5713 2996 5786 atque
3040 5703 3351 5788 prosiluerit
3380 5721 3510 5785 mo:
