3896 6198
441 422 559 482 239
1540 420 1767 481 FLORI
1814 418 2127 481 DIACONI
2173 420 2748 482 LUGDUNENSIS.
3731 422 3829 482 240

445 552 586 608 dum
620 556 794 624 atque
826 568 1162 607 mensuram
1196 552 1429 607 malitiae
1459 551 1901 623 impiorum,vel
1922 568 2091 624 ange-
2119 552 2173 620 Α
2202 552 2314 608 ista
2343 552 2707 625 praemiserit,
2742 551 3052 624 subjungit
3098 552 3155 606 in
3201 552 3311 607 [ine
3342 555 3400 608 et
3429 552 3594 618 dicit,
3627 554 3755 625 quod
3778 572 3828 611 ea

442 641 656 709 lorum,
687 640 772 697 vel
804 640 1133 710 hominum,
1168 656 1241 697 no
1285 640 1507 697 scilicet
1536 640 1595 696 in
1628 646 1858 696 tantum
1904 641 2092 714 possit
2198 641 2496 712 difﬁcultas
2512 649 2563 695 et
2587 640 3000 711 impossibilitas
3029 655 3138 711 qua
3168 640 3331 723 impii
3358 640 3548 710 angeli
3576 641 3657 695 vel
3686 641 3829 695 homi-

443 731 755 805 procedere
786 733 843 786 et
873 730 1101 786 extendi
1149 746 1352 786 eorum
1403 729 1629 785 malitia
1658 736 1946 801 quantum
1978 731 2091 801 ipsi
2198 747 2294 786 nes
2322 731 2426 785 Deo
2456 731 2744 785 obsistente
2792 729 3157 800 prohibentur
3198 731 3485 800 pervenire
3534 730 3605 784 ad
3643 747 3701 785 ea
3728 747 3829 802 quae

445 820 799 889 desiderant,
834 818 883 875 si
914 819 1023 873 sub
1055 818 1296 874 occultis
1325 819 1425 874 Dei
1465 818 1692 891 legibus
1741 824 1897 876 certa
1929 836 2090 875 men-
2199 820 2391 891 cupide
2421 827 2470 874 et
2496 835 2745 890 perverse
2773 825 3051 890 appetunt,
3085 819 3205 875 haec
3233 820 3311 873 eis
3360 818 3727 874 tantummodo
3753 821 3832 889 ﬁat

445 926 585 965 sura
613 912 669 964 et
697 907 967 964 terminis
996 913 1389 973 coerceantur,
1435 909 1745 964 manifeste
1772 925 1973 963 verum
2005 914 2094 964 est

446 997 587 1072 quia
602 1001 659 1053 et
675 996 944 1053 diabolus
972 1000 1029 1053 et
1059 996 1326 1052 homines
1356 996 1596 1067 maligni
1629 1014 1861 1069 semper
1890 998 2094 1069 utique

443 1088 664 1144 habent
685 1087 836 1142 male
859 1087 1065 1161 agendi
1089 1085 1176 1141 vel
1198 1086 1443 1141 nocendi
1463 1086 1842 1151 voluntatem,
1857 1087 1956 1140 scd
1978 1103 2091 1141 non

444 1193 677 1250 semper
703 1176 921 1232 habent
949 1179 1317 1247 potestatem,
1334 1175 1448 1229 nisi
1471 1179 1759 1247 quantum
1784 1179 1840 1230 et
1860 1176 2093 1247 quando

444 1283 480 1322 a
498 1266 612 1322 Deo
634 1265 1073 1338 permittuntur.
1101 1264 1246 1319 Nam
1271 1269 1327 1319 et
1348 1263 1579 1319 diabolo
1602 1263 1894 1319 malitiose
1914 1269 1971 1318 et
1995 1281 2091 1319 ne-

446 1354 640 1428 quiter
667 1355 835 1409 beato
857 1353 965 1409 Job
985 1369 1191 1408 nocere
1221 1353 1498 1424 cupienti,
1524 1353 1765 1407 modum
1791 1352 2090 1424 imposuit,

448 1461 554 1500 nec
584 1447 873 1515 quantum
903 1441 1103 1507 voluit,
1136 1443 1237 1497 sed
1284 1446 1569 1514 quantum
1614 1442 1940 1513 permissus
1983 1446 2092 1509 est,
2204 1442 2574 1497 mendacium
2605 1448 2718 1508 est,
2750 1442 2883 1496 ﬁdei
2916 1458 2983 1498 ac
3013 1442 3241 1497 veritati
3289 1442 3676 1511 contrarium,
3709 1442 3835 1497 sicut

448 1549 655 1589 nocere
684 1531 1002 1605 praevaluit.
1037 1533 1105 1585 Et
1135 1532 1205 1586 de
1238 1531 1435 1603 impiis
1466 1530 1805 1586 hominibus
1838 1531 2097 1603 maligna
2197 1534 2323 1603 jam
2357 1548 2534 1605 supra
2566 1532 2903 1603 frequenter
2931 1536 3237 1587 ostensum
3269 1536 3377 1587 est.

449 1626 506 1679 et
535 1622 710 1694 prava
739 1621 1106 1687 conantibus,
1141 1624 1199 1675 et
1228 1624 1447 1685 tamen,
1466 1620 1582 1675 Deo
1614 1621 1854 1676 modum
1878 1621 1962 1676 eis
1992 1620 2097 1675 im-
2276 1622 2362 1676 10.
2389 1621 2523 1676 Post
2539 1621 2660 1676 haec
2691 1621 3001 1692 subjungit
3022 1625 3080 1675 et
3110 1621 3270 1687 dicit,
3307 1624 3507 1678 invitos
3534 1626 3643 1677 Deo
3662 1624 3838 1677 servire

450 1714 722 1784 ponente,
758 1724 1126 1782 nequaquam
1186 1709 1461 1781 perficere
1514 1707 1864 1773 valentibus,
1900 1714 2096 1781 aperte
2209 1712 2401 1782 impios
2435 1727 2581 1765 :non
2612 1718 2875 1764 naturam
2905 1727 3071 1781 quam
3102 1712 3161 1765 in
3191 1712 3270 1766 eis
3293 1713 3443 1782 fecit,
3478 1719 3533 1766 et
3562 1713 3623 1765 in
3650 1714 3722 1766 eis
3748 1729 3834 1764 non

450 1800 753 1874 Scriptura
782 1799 923 1854 dicit
955 1816 968 1853 :
1001 1798 1386 1867 Cogitaverunt
1432 1800 1665 1854 consilia
1713 1813 1839 1869 quae
1866 1814 1972 1853 non
2000 1816 2095 1870 po-
2202 1802 2381 1871 punit,
2412 1800 2500 1855 sed
2530 1800 2733 1854 malum
2756 1801 3106 1867 voluntatem,
3126 1816 3289 1871 quam
3306 1802 3363 1854 in
3387 1803 3470 1855 eis
3494 1816 3607 1855 non
3634 1802 3773 1870 fecit,
3799 1808 3839 1855 et

449 1896 672 1946 luerunt
714 1888 962 1945 stabilire
1009 1889 1176 1958 (Psal.
1228 1905 1320 1956 xx,
1356 1888 1464 1957 {2).
1516 1888 1579 1941 Et
1626 1888 1835 1942 iterum
1871 1904 1885 1943 :
1948 1890 2097 1961 Quia
2132 1924 2175 1989 Β
2208 1891 2264 1943 in
2296 1891 2374 1945 eis
2402 1890 2564 1960 punit
2595 1907 2612 1943 :
2639 1890 2861 1959 ideoque
2890 1889 3032 1959 quod
3059 1891 3112 1945 ei
3144 1890 3308 1944 inviti
3329 1891 3583 1945 serviunt
3600 1892 3778 1961 puniri
3792 1893 3833 1943 in

449 1979 685 2051 dissipat
726 1979 1073 2048 cogitationes
1120 1977 1510 2047 malignorum,
1540 1993 1608 2031 ne
1636 1979 1842 2048 possint
1876 1978 2101 2050 implere
2135 1977 2174 1989 "
2216 1980 2411 2050 seipsis
2438 1995 2537 2032 sua
2565 1994 2744 2049 paena,
2776 1978 2841 2032 de
2870 1995 2977 2049 qua
3020 1995 3152 2050 quos
3191 1979 3341 2049 juste
3385 1995 3496 2033 non
3549 1980 3757 2039 liberet.
3785 1979 3835 2032 ad

450 2084 650 2125 manus
693 2083 881 2123 eorum
932 2066 1073 2139 quod
1122 2074 1393 2137 cmperant
1438 2066 1555 2133 (Job
1583 2083 1640 2133 ν,
1675 2067 1783 2137 12).
1835 2066 1904 2121 Et
1951 2067 2106 2138 quod

451 2156 757 2229 subjungit
786 2156 893 2211 iste
924 2160 981 2211 et
1013 2154 1152 2210 dicit
1181 2171 1195 2209 :
1229 2155 1381 2209 Nihil
1409 2163 1654 2226 appetere
1686 2156 1961 2210 malitiam
1990 2156 2112 2212 dia-

452 2248 565 2305 boli
588 2254 640 2302 et
666 2246 913 2301 omnium
960 2246 1274 2316 impiorum,
1308 2246 1424 2299 nisi
1454 2252 1514 2299 ut
1534 2244 1807 2315 peccando
1838 2252 1888 2299 et
1918 2246 2111 2316 inique

451 2334 676 2408 agendo,
710 2349 744 2388 a
803 2338 929 2401 Deo,
981 2334 1078 2404 qui
1133 2348 1347 2387 summa
1396 2336 1632 2388 essentia
1688 2341 1787 2401 est,
1829 2334 2103 2401 recedant,

449 2422 761 2480 manifeste
792 2437 993 2477 verum
1026 2425 1133 2489 est,
1153 2421 1309 2492 quia,
1329 2427 1394 2476 ut
1424 2422 1648 2477 dictum
1678 2425 1786 2490 est,
1812 2424 2105 2495 peccando

451 2516 510 2568 et
525 2497 724 2584 inique
751 2511 975 2583 agendo
1007 2510 1148 2582 quid
1181 2510 1338 2565 aliud
1373 2515 1556 2583 agunt
1587 2510 1701 2566 nisi
1735 2515 1800 2566 ut
1830 2529 1864 2567 a
1898 2514 2006 2567 Deo
2023 2529 2109 2568 re-

2202 910 2262 963 in
2282 909 2385 962 illa
2406 916 2617 964 aeterna
2640 907 2994 962 damnatione
3021 908 3257 979 poenalis
3279 909 3599 963 interituset
3618 910 3833 963 miserri-

2199 1011 2310 1053 ma:
2335 996 2650 1067 cupiditatis
2669 997 3016 1067 justissimus
3046 998 3342 1063 cruciatus,
3359 1005 3423 1053 ut
3449 997 3598 1052 hunc
3625 1005 3834 1052 tantum-

2184 1086 2355 1159 ~modo
2376 1088 2457 1141 ibi
2470 1088 2830 1157 patianturin
2840 1088 3026 1141 animo
3036 1102 3136 1142 suo
3154 1088 3440 1142 interitum
3462 1094 3511 1141 et
3529 1089 3832 1152 cruciatum,

2204 1179 2333 1247 quia
2354 1176 2473 1246 jam
2511 1176 2651 1246 quod
2692 1192 2944 1247 perverse
2992 1176 3459 1241 desideraverant,
3497 1176 3720 1247 implere
3743 1193 3833 1231 non

2202 1266 2477 1329 sinantur,
2502 1282 2598 1319 nec
2626 1265 2805 1319 ullum
2833 1265 2912 1319 eis
2943 1266 3285 1320 extrinsecus
3302 1281 3372 1319 ea:
3396 1266 3493 1320 illo
3517 1266 3638 1331 igni
3655 1273 3833 1320 aeterne

2204 1354 2866 1425 adhibeatursupplicium
2878 1362 2928 1409 et
2940 1361 3292 1419 tormentum,-
3308 1353 3833 1409 manifestissimum

2216 2084 2337 2123 eam
2394 2068 2514 2123 illos
2570 2067 2958 2138 quodammodo
3009 2076 3304 2139 praeparet,
3335 2068 3467 2122 dum
3515 2084 3605 2123 eos
3650 2068 3716 2123 ad
3741 2085 3837 2122 eam

2215 2160 2417 2228 scipsos
2435 2171 2758 2228 przBparare
2782 2158 3083 2228 permittat.
3108 2156 3330 2212 Similis
3350 2162 3442 2212 est
3463 2163 3521 2213 et
3543 2158 3601 2212 in
3625 2157 3714 2211 his
3732 2174 3838 2211 ver-

2218 2246 2308 2301 bis
2338 2248 2466 2317 ejus
2497 2245 2763 2301 intentio.
2784 2245 2936 2300 Dicit
2960 2263 3215 2318 namque
3249 2247 3404 2318 quod
3437 2262 3648 2302 omnes
3678 2246 3836 2318 impii,

2218 2335 2275 2390 id
2308 2339 2395 2391 est
2425 2338 2481 2392 et
2512 2333 2699 2407 angeli
2730 2337 2787 2389 et
2817 2334 3084 2389 homines
3131 2335 3397 2407 maligni,
3432 2336 3490 2390 in
3526 2335 3628 2391 illa
3671 2335 3837 2405 subje-

2216 2423 2405 2479 ctione
2437 2440 2553 2495 qua
2582 2422 2971 2494 subjicientur
3000 2424 3274 2495 potestati
3325 2427 3381 2478 et
3415 2424 3649 2495 judicio
3677 2423 3768 2479 Dei
3795 2424 3836 2477 in

2215 2517 2497 2568 aeternum
2529 2512 2812 2579 damnati,
2848 2512 3011 2567 inviti
3061 2512 3316 2567 servient
3356 2512 3569 2567 divinae
3620 2512 3838 2584 disposi-

2214 2600 2378 2657 tioni.
2399 2602 2467 2656 Et
2486 2600 2595 2656 hoc
2618 2601 2941 2656 secundum
2964 2602 3093 2672 ejus
3124 2617 3389 2665 sensum,
3413 2605 3479 2656 ut
3498 2601 3761 2657 videlicet
3776 2601 3842 2656 in-

2211 2689 2312 2745 viti
2345 2689 2871 2760 subjicianturDeo
2902 2706 3014 2745 non
3047 2694 3260 2745 natura
3289 2691 3348 2745 in
3377 2691 3465 2746 eis
3498 2690 3673 2746 faciet
3689 2706 3837 2762 quam

452 2602 679 2672 cedant,
713 2604 769 2655 et
796 2599 966 2673 longe
996 2600 1068 2654 ab
1100 2614 1166 2655 eo
1199 2599 1342 2655 fiant
1372 2604 1428 2655 et
1459 2600 1914 2672 pereant?Sieut
1934 2601 2005 2657 de
2022 2601 2106 2657 eis

452 2689 738 2763 scriptum
787 2692 876 2745 est
908 2706 921 2743 :
958 2689 1229 2757 Quoniam
1279 2691 1378 2760 qui
1432 2691 1688 2761 elonga-nt
1726 2705 1782 2745 se
1810 2707 1843 2745 a
1877 2698 1945 2757 te,
1976 2706 2105 2762 per-

452 2779 610 2835 ibunt
636 2780 810 2847 (Psal.
845 2794 1015 2843 Lxxu,
1048 2780 1161 2850 27).
2212 2778 2367 2834 Deus
2389 2779 2541 2845 fecit,
2562 2784 2639 2844 et,
2665 2779 2819 2833 sicut
2848 2779 2957 2834 iste
2988 2780 3307 2848 contendit,
3333 2796 3647 2851 nunquam
3677 2779 3836 2852 punit;

520 2868 591 2924 Et
612 2868 766 2940 quod
791 2867 1101 2941 subjungit
1130 2867 1241 2923 iste
1272 2867 1461 2922 adhuc
1494 2867 1873 2940 dicens,quod
1894 2870 1954 2924 in
1985 2876 2104 2925 tan-
2212 2868 2311 2923 sed
2344 2867 2500 2923 mala
2527 2870 2797 2924 voluntas
2841 2885 3018 2940 quam
3049 2868 3110 2923 in
3144 2868 3227 2923 eis
3260 2886 3375 2924 non
3410 2868 3572 2933 fecit,
3605 2874 3661 2924 et
3690 2884 3837 2940 quam

454 2963 567 3014 tum
598 2965 651 3013 et
676 2956 884 3013 diaboli
911 2964 963 3012 et
993 2956 1273 3012 hominum
1304 2958 1601 3027 impiorum
1639 2958 1864 3028 iniquus
1892 2961 2101 3029 appeti-
2211 2955 2403 3013 solum
2431 2957 2489 3011 in
2520 2956 2605 3012 eis
2633 2957 2819 3028 punit.
2843 2958 2905 3011 Et
2928 2973 2995 3012 ex
3017 2974 3083 3013 eo
3116 2958 3272 3041 qpod
3306 2957 3471 3012 inviti
3508 2957 3757 3013 servient
3775 2956 3838 3009 di-

452 3054 539 3103 tus
560 3062 768 3119 pronus
798 3051 849 3101 et
878 3045 1071 3100 avidus
1100 3046 1173 3100 sit
1201 3044 1270 3099 ad
1296 3046 1525 3111 malum,
1580 3053 1642 3099 ut
1684 3045 1737 3101 si
1773 3062 1861 3101 eos
1912 3046 2102 3102 divina
2208 3046 2340 3101 vino
2363 3045 2608 3118 judicio,
2643 3045 2977 3117 puniendos
3027 3062 3126 3101 eos
3175 3062 3305 3102 esse
3350 3063 3467 3102 non
3501 3045 3837 3101 extrinsecus

448 3142 679 3209 potestas
704 3135 1059 3205 permitteret,
1097 3141 1307 3189 tantum
1332 3149 1387 3188 se
1414 3135 1645 3204 peccatis
1691 3136 2097 3204 immergerent,
2209 3134 2402 3207 aliquo
2435 3139 2720 3191 tormento
2742 3134 3025 3201 adhibito,
3044 3135 3142 3190 sed
3163 3136 3582 3191 tantummodo
3605 3135 3838 3190 intrinse-

449 3226 591 3279 utin
619 3224 697 3280 eis
724 3224 893 3278 etiam
921 3223 1040 3293 ipsa
1068 3227 1277 3276 natura
1303 3224 1496 3277 merito
1524 3222 1696 3277 deleri
1720 3223 2099 3294 posset,nimis
2142 3292 2169 3296 ᾗ
2209 3241 2313 3280 cus
2344 3224 2403 3279 in
2434 3223 2564 3296 ipsa
2590 3223 2907 3291 voluntate,
2938 3224 3082 3279 dum
3131 3224 3190 3279 in
3239 3224 3324 3280 eis
3360 3223 3647 3281 voluntas
3670 3225 3729 3279 ﬁt
3758 3240 3839 3279 sua

451 3312 690 3384 quidem
736 3292 1027 3371 coactum,
1062 3311 1161 3366 sed
1195 3309 1437 3365 forsitan
1486 3327 1599 3365 non
1641 3292 1854 3367 ex—toto
1884 3312 2097 3369 falsum
2128 3292 2171 3359 (ἶ
2213 3330 2384 3386 paena
2410 3292 2521 3367 sibi
2552 3312 2702 3385 ipsa,
2736 3313 2877 3368 dum
2908 3317 2966 3367 et
2994 3329 3122 3368 esse
3162 3314 3357 3385 cupiet
3388 3312 3550 3369 male
3580 3313 3773 3379 libera,
3799 3315 3837 3365 et

452 3405 560 3457 est.
586 3399 867 3457 Similiter
888 3398 1043 3471 quod
1072 3399 1360 3471 adjungit,
1380 3401 1511 3471 quia
1529 3416 1598 3455 ea:
1617 3418 1680 3456 ea
1700 3400 2030 3472 difﬁcultate
2052 3411 2103 3458 et
2210 3406 2408 3457 tamen
2457 3401 2654 3457 divina
2708 3406 2991 3473 potestate
3038 3404 3110 3457 ab
3143 3401 3242 3457 illa
3282 3418 3561 3474 perversa
3610 3401 3837 3457 libertate

449 3490 887 3561 impossibilitate
902 3504 1011 3559 qua
1034 3489 1088 3542 in
1101 3489 1181 3543 eis
1195 3487 1385 3542 divina
1412 3490 1653 3558 potentia
1682 3498 1731 3544 et
1759 3490 2103 3561 providentia
2213 3494 2508 3547 coercetur
2537 3491 2736 3546 invita.
2771 3491 2931 3546 Hanc
2964 3491 3162 3562 itaque
3195 3490 3379 3546 solam
3414 3491 3563 3547 dicit
3593 3508 3719 3548 esse
3747 3507 3837 3562 p02-

449 3579 788 3649 imponit,ne
809 3578 870 3632 in
899 3582 1111 3632 tantam
1138 3585 1306 3631 ruant
1332 3580 1642 3648 voraginem
1676 3579 1911 3635 malitiae
1932 3596 2104 3650 quan-
2214 3596 2349 3635 nam
2381 3584 2437 3635 et
2468 3579 2807 3651 angelorum
2838 3584 2896 3635 et
2925 3579 3233 3635 hominum
3279 3580 3632 3652 impiorum,
3674 3586 3733 3637 ut
3756 3579 3838 3634 hoc

452 3674 566 3722 tam
593 3664 924 3733 desiderant,
957 3668 1028 3720 sit
1062 3668 1117 3721 in
1152 3667 1336 3721 animo
1384 3683 1590 3737 conum,
1633 3668 1688 3723 id
1730 3673 1819 3723 est
1847 3673 1901 3724 et
1933 3670 2102 3726 mali-
2213 3670 2387 3724 modo
2401 3667 2908 3739 cupiendohabere
2922 3668 3837 3742 necvalendoassequipessimam

452 3769 701 3828 gnorum
739 3754 1049 3827 spirituum
1084 3758 1141 3811 et
1172 3754 1478 3811 hominum
1514 3757 1904 3828 pessimorum
1938 3758 2103 3815 labor
2214 3757 2448 3812 malitia:
2484 3756 2913 3823 libertatem,in
2943 3757 3067 3813 sola
3093 3762 3147 3813 et
3178 3775 3246 3813 ex
3278 3757 3404 3813 sola
3433 3758 3538 3812 tali
3574 3758 3839 3814 voluntate

452 3843 722 3912 conandi,
755 3849 811 3900 et
842 3844 1137 3900 cruciatus
1168 3844 1571 3917 multipliciter
1602 3846 1915 3919 cogitandi,
1942 3850 2101 3920 quod
2212 3845 2565 3901 crucientur.
2598 3846 2817 3902 Natura
2866 3863 3000 3902 vero
3050 3863 3251 3901 eorum
3283 3863 3400 3918 qua
3432 3848 3769 3902 subsistunt
3796 3846 3837 3898 in

451 3932 695 4005 implere
715 3950 831 3989 non
853 3935 1200 4004 possunt.Et
1214 3934 1348 3989 talis
1370 3933 1535 3990 labor
1553 3936 1615 3990 fit
1648 3937 1849 4008 utique
1882 3938 2099 3994 animis
2213 3934 2421 4006 spiritu
2455 3934 2538 3989 vel
2572 3951 2828 4006 corpore,
2863 3935 3001 4007 quia
3030 3953 3064 3991 a
3095 3936 3210 3991 Deo
3243 3936 3393 3991 facta
3424 3942 3538 4003 est,
3574 3942 3633 3992 et
3664 3951 3841 3992 secun-

449 4038 651 4078 eorum
682 4025 1062 4089 tormentum,
1098 4022 1344 4095 punitio,
1379 4023 1695 4090 cruciatus,
1730 4031 1794 4080 ut
1832 4026 1960 4098 ipsa
1996 4044 2105 4083 sua
2212 4026 2353 4080 dum
2393 4024 2573 4079 istum
2626 4040 2927 4095 nunquam
2976 4029 3197 4095 peccat,
3227 4041 3535 4096 nunquam
3573 4026 3839 4097 punietur,

447 4109 708 4183 maligna
734 4109 1033 4167 voluntate
1064 4115 1449 4183 torqueantur
1479 4118 1536 4167 et
1566 4114 1906 4185 puniantur.
1940 4115 2103 4179 Quod
2212 4130 2515 4185 nunquam
2549 4113 2748 4185 aliqua
2776 4118 3067 4169 tormenta
3101 4114 3376 4186 patietur.

445 4205 582 4255 vero
613 4203 745 4271 post
772 4186 893 4254 haec
924 4198 1120 4255 omnia
1151 4200 1462 4273 subjungit
1494 4206 1551 4257 et
1580 4201 1740 4269 dicit,
1768 4202 2020 4258 videlicet
2036 4220 2105 4259 ea:
2282 4202 2363 4258 De
2383 4202 2598 4273 quibus
2619 4202 2893 4257 omnibus
2907 4202 3033 4273 jam
3055 4219 3255 4274 supra,
3270 4206 3445 4275 prout
3468 4202 3754 4258 Dominus
3768 4202 3841 4255 de-

448 4289 546 4344 hoc
575 4290 791 4343 interno
821 4290 1067 4345 cruciatu
1095 4297 1146 4345 et
1170 4292 1460 4361 punitione
1490 4292 1689 4357 animi,
1730 4290 1859 4345 dum
1886 4292 2103 4364 cupidi-
2211 4291 2317 4356 dit,
2349 4291 2492 4346 satis
2543 4307 2889 4362 responsum
2936 4294 3043 4345 est.
3078 4290 3270 4346 Unum
3315 4292 3732 4348 tantummodo
3764 4289 3841 4344 hic

449 4383 583 4432 tates
610 4391 739 4432 suas
760 4378 867 4433 Deo
896 4377 1179 4434 obsistente
1208 4379 1435 4450 implere
1457 4396 1565 4434 non
1592 4387 1786 4450 potest,
1800 4382 1897 4451 fiat
1914 4383 2104 4437 anima
2211 4379 2592 4451 proponimus
2648 4378 2924 4434 omnibus
2980 4378 3494 4446 considerandum,
3525 4380 3650 4437 imo
3688 4380 3838 4435 etiam

445 4466 668 4534 misera,
700 4468 969 4522 sustinens
1000 4468 1256 4522 inanium
1287 4468 1623 4538 voluptatum
1644 4484 1875 4523 suarum
1894 4476 2101 4537 egesta-
2211 4468 2648 4534 exsecrandum,
2682 4468 2974 4538 quomodo
3006 4468 3116 4523 iste
3146 4473 3348 4524 contra
3376 4468 3711 4525 humanum
3729 4484 3838 4523 sen-

447 4562 553 4612 tem
574 4575 593 4623 ;
613 4570 813 4610 verum
846 4554 1083 4627 quidem
1117 4560 1227 4621 est,
1270 4557 1423 4627 quod
1466 4555 1587 4610 haec
1620 4572 1891 4627 perversa
1919 4559 2099 4614 animi
2211 4573 2341 4611 sum
2373 4562 2429 4611 et
2458 4560 2660 4611 contra
2688 4556 3068 4627 apostolicam
3098 4557 3402 4613 veritatem
3435 4557 3595 4613 dicat
3624 4574 3733 4613 non
3742 4571 3839 4628 pec-

448 4643 757 4716 cupiditas,
783 4648 839 4700 et
859 4661 993 4699 cum
1025 4643 1304 4715 expletur,
1331 4649 1387 4699 et
1407 4660 1541 4698 cum
1573 4645 1791 4716 expleri
1826 4663 1942 4702 non
1970 4664 2100 4719 per-
2131 4663 2175 4728 D
2205 4660 2331 4701 care
2375 4653 2655 4709 naturam,
2686 4644 2778 4699 sed
2824 4645 2999 4700 solam
3052 4646 3389 4701 voluntatem
3445 4654 3691 4702 naturae.
3723 4642 3840 4710 Quis

447 4732 1007 4798 mittitur,miscrum
1022 4732 1296 4788 eumdem
1311 4732 1576 4786 animum
1600 4732 1883 4789 facit.Sed
1908 4736 2095 4792 multo
2204 4735 2361 4791 enim
2390 4750 2652 4804 unquam
2682 4732 2989 4789 hominum
3022 4733 3131 4789 fuit
3162 4739 3264 4788 aut
3289 4734 3499 4805 estqui
3530 4734 3693 4790 dicat
3707 4731 3839 4805 quod

446 4826 534 4878 est
550 4822 853 4878 misericor
874 4821 1269 4888 animus,cum
1292 4821 1363 4875 ad
1387 4820 1528 4876 talia
1550 4822 2094 4896 permittiturquam

447 4928 579 4967 cum
605 4927 638 4966 a
658 4909 875 4966 talibus
897 4909 1091 4965 divina
1112 4912 1395 4981 potestate
1421 4908 1785 4979 prohibetur:
1804 4911 2095 4970 infelicius

446 5016 699 5071 namque
733 4998 887 5053 mala
917 4998 1123 5069 possit,
1159 5013 1336 5068 quam
1363 4996 1501 5051 velit
1529 5001 1955 5067 tantummodo,
1990 5019 2093 5058 nec

445 5089 650 5160 possit.
684 5088 845 5142 Unde
878 5091 929 5141 et
964 5084 1258 5140 smeularis
1316 5085 1648 5156 philosophi
1698 5105 1834 5144 vera
1876 5096 1963 5146 est
1992 5091 2093 5147 illa

444 5176 731 5232 sententia
754 5176 822 5230 dc
846 5175 1097 5246 quodam
1128 5191 1139 5228 :
1168 5176 1206 5229 Ο
1231 5176 1491 5229 miserum
1506 5178 1601 5230 cui
1616 5192 1838 5247 peccare
1862 5178 2090 5238 licebat!

440 5262 657 5318 Verum
690 5279 945 5334 namque
976 5262 1120 5315 dixit
1150 5262 1247 5333 qui
1281 5262 1388 5318 hoc
1422 5262 1582 5331 dixit,
1605 5264 1744 5336 quia
1760 5266 1806 5321 si
1826 5267 2091 5339 prohibe-

441 5355 603 5406 retur
632 5366 869 5423 peccare
902 5349 996 5403 ille
1026 5350 1096 5405 de
1127 5367 1241 5421 quo
1300 5350 1409 5407 hoc
1467 5353 1690 5408 dictum
1748 5360 1855 5423 est,
1892 5356 2089 5414 minus

439 5439 642 5511 utique
674 5439 853 5493 miser
882 5443 1054 5503 esset,
1088 5438 1211 5494 sola
1255 5439 1549 5497 voluntate
1594 5446 1870 5514 peccandi
1905 5463 1918 5502 :
1952 5463 2085 5502 cum

437 5531 634 5584 autem
656 5528 707 5582 ei
728 5526 1618 5599 peccarelicebat,infelicissima
1636 5532 2085 5602 licentia,multo

439 5614 709 5672 miserior
727 5619 852 5671 erat
873 5618 929 5671 et
948 5617 1210 5690 appetitu
1239 5618 1403 5675 mala:
1435 5620 1751 5676 voluntatis
1773 5626 1829 5678 et
1848 5624 2080 5681 alfectu.

510 5703 674 5773 Quod
711 5721 844 5765 vero
888 5705 996 5766 iste
1048 5708 1315 5783 aperiens
1340 5713 1397 5767 et
1425 5725 1718 5787 exponens
1750 5728 1856 5769 cur
1886 5714 2085 5773 omnia

2204 4840 2339 4878 cum
2378 4822 2593 4893 aliquis
2651 4821 3026 4889 adulterium,
3064 4826 3166 4877 aut
3223 4824 3739 4888 comessationem,
3768 4818 3839 4875 vel

2202 4912 2540 4968 ebrietatem
2573 4916 2882 4983 perpetrat,
2918 4910 3042 4967 sola
3072 4911 3131 4966 in
3172 4910 3272 4965 illo
3319 4914 3521 4983 peccet
3566 4911 3837 4973 voluntas,

2201 5006 2258 5055 et
2287 4999 2431 5056 nihil
2489 5000 2567 5056 ibi
2626 5004 2825 5072 peccet
2878 5001 3097 5067 anima,
3155 4999 3300 5055 nihil
3349 5007 3553 5072 peccet
3601 4998 3839 5072 corpus?

2200 5105 2335 5144 cum
2365 5105 2396 5145 e
2423 5089 2732 5156 contrario,
2769 5089 3096 5145 secundum
3155 5088 3289 5144 fidei
3349 5088 3653 5145 catholicae
3708 5086 3837 5143 veri-

2197 5182 2398 5246 tatem,
2451 5183 2755 5250 propterea
2811 5178 3168 5233 adducendae
3229 5177 3347 5234 sint
3394 5195 3602 5235 omnes
3650 5176 3834 5233 animae

2198 5282 2331 5322 cum
2366 5266 2706 5338 corporibus
2728 5268 2852 5322 suis
2870 5268 2942 5322 ad
2968 5266 3264 5339 judicium
3288 5266 3710 5340 omnipotentis
3728 5263 3833 5328 Dei,

2197 5359 2264 5409 ut
2287 5355 2438 5411 sicut
2460 5356 2517 5411 in
2543 5360 2790 5427 utroque
2811 5361 2865 5413 et
2885 5373 2954 5412 ex
2975 5361 3223 5429 utroque
3246 5361 3656 5429 peccaverunt,
3684 5356 3760 5411 ita
3786 5354 3834 5406 in

2194 5449 2443 5516 utroque
2461 5445 2807 5516 judicentur
2836 5451 3012 5517 atque
3040 5445 3383 5518 puniantur.
3400 5446 3550 5501 Nam
3574 5446 3624 5500 si
3646 5448 3836 5500 natum

2194 5534 2453 5605 corporis
2484 5534 2799 5606 impiorum
2829 5534 3070 5590 omnino
3103 5534 3390 5590 immunis
3421 5531 3832 5606 estapeceatis,

2193 5622 2335 5696 quid
2354 5638 2591 5679 necesse
2605 5626 2695 5679 est
2721 5627 2785 5678 ut
2802 5627 3090 5696 resurgat,
3117 5640 3244 5698 quae
3267 5621 3497 5679 nullam
3531 5618 3833 5679 damnatio-

2192 5728 2329 5770 nem‘
2359 5711 2663 5769 meretur?
2694 5717 2795 5770 aut
2825 5713 3122 5787 quomodo
3152 5713 3314 5787 justo
3345 5729 3484 5771 cum
3519 5710 3713 5771 anima
3739 5722 3833 5767 sua
