3896 6198
131 273 241 338 245

1098 270 1333 338 LIBER
1373 275 1785 341 ADVERSUS
1830 275 2196 343 JOANNEM
2241 275 2581 343 SCOTUM.

3441 270 3560 339 246

129 404 507 477 malignorum
534 403 691 465 nullo
717 404 873 465 modo
901 406 977 465 sit
1016 410 1289 481 peritura,
1338 416 1399 466 ut
1439 409 1787 483 putchritudo
1813 412 1870 480 Α
1899 427 2035 468 cum
2067 410 2523 487 diabolo,neque
2551 409 2611 467 in
2642 406 3004 468 beatitudine
3038 424 3172 467 cum
3194 407 3417 467 Deo.Et
3434 425 3558 467 om-

128 499 389 556 eisnuiio
422 498 581 556 modo
611 500 685 555 sit
712 499 991 571 defutura,
1024 508 1085 555 ut
1122 500 1399 556 naturalis
1445 502 1791 557 incolumitas

128 591 197 645 sit
221 590 279 645 in
312 591 449 661 ipsis
476 605 866 661 permansura.
893 590 1036 645 Ecce
1066 605 1193 661 qua:
1216 590 1369 645 bona
1390 590 1475 646 eis
1502 590 1707 646 tribuit
1727 589 1788 646 in

130 676 431 751 suppliciis
462 678 622 751 ignis
651 678 1154 750 aaterni,videlicet
1187 678 1581 752 integritatem
1614 684 1787 735 natu-

1903 502 2042 557 nino
2074 502 2399 558 certissime
2420 504 2579 557 tenet
2597 501 2892 557 neminem
2918 516 3045 555 esse
3068 516 3238 573 posse
3258 503 3391 573 post
3410 499 3555 557 illud

1899 590 2553 664 universalejudicium,
2579 591 2691 646 nisi
2714 594 2815 646 aut
2836 591 2895 644 in
2918 589 3277 646 beatitudine
3315 594 3550 654 aeterna.

1897 685 2001 736 aut
2031 698 2060 736 e
2093 682 2379 737 contrario
2412 682 2470 736 in
2502 679 2740 737 miseria
2762 679 3137 751 sempiterna.
3155 679 3261 747 Qui
3281 678 3435 735 enim
3459 696 3548 735 se-

130 765 1241 840 rie,pulchritudinem,incolumitatem
1269 787 1281 824 :
1307 773 1371 824 ut
1391 768 1783 843 integritatem
1896 770 2011 826 mel
2042 770 2258 827 fuerint
2288 770 2347 826 in
2378 769 2478 826 illo
2501 769 2729 841 judicio
2761 768 2847 824 vel
2881 769 2939 823 in
2971 785 3203 841 pmuam
3234 767 3425 835 missi,
3457 768 3546 824 vel

130 861 345 914 natura:
390 873 516 912 suae
560 856 834 925 habeant,
867 858 1008 929 quia
1054 861 1174 914 toto
1222 874 1424 915 eorum
1474 863 1683 914 natura
1723 859 1782 914 in

131 946 318 1002 anima
339 949 396 1000 et
427 962 670 1019 corpore
701 951 978 1019 perpetuo
1022 946 1426 1019 permanebit:
1452 947 1782 1020 pulchritu-

130 1035 317 1090 dinem
347 1051 485 1091 vero
522 1035 622 1091 ubi
655 1038 754 1092 aut
774 1036 1067 1108 quomodo
1093 1035 1305 1092 habere
1332 1037 1779 1110 possintﬁdelis

129 1124 371 1197 quisque
403 1123 755 1192 consideret,
770 1123 1146 1197 pulchritudo
1164 1142 1417 1198 namque
1448 1130 1546 1180 aut
1568 1127 1776 1181 anima;

130 1217 211 1270 est
238 1216 339 1268 aut
368 1213 657 1285 corporis.
691 1213 831 1279 Quis
861 1216 1056 1270 autem
1084 1213 1344 1269 fidelium
1367 1215 1564 1270 credat
1594 1214 1774 1270 ullam

128 1300 202 1357 ibi
232 1317 359 1357 esse
392 1318 571 1373 posse
602 1302 1098 1374 pulchritudinem
1131 1302 1482 1369 animarum,
1515 1304 1613 1358 ubi
1664 1304 1776 1360 erit

130 1389 360 1447 amissio
393 1390 665 1447 omnium
684 1390 967 1447 virtutum
992 1400 1047 1447 ct
1069 1392 1294 1448 fmditas
1315 1393 1580 1449 omnium
1610 1392 1774 1448 vitio-

118 1478 284 1536 rum?
313 1478 519 1535 anima
544 1480 702 1535 enim
734 1484 837 1535 aut
863 1480 1075 1536 virtute
1107 1480 1353 1553 pulchra
1378 1486 1485 1549 est,
1511 1486 1612 1537 aut
1632 1482 1769 1539 vitio

120 1568 408 1625 deformis.
441 1569 581 1633 Qua:
613 1573 810 1624 autem
856 1569 935 1624 ibi
974 1587 1102 1626 esse
1133 1571 1345 1643 poterit
1392 1570 1768 1643 pulchritudo

120 1674 441 1730 corporum,
473 1657 576 1713 ubi
627 1662 839 1716 aeterno
888 1659 1125 1715 horrore
1174 1659 1443 1728 tristitiae,
1469 1665 1526 1715 et
1554 1664 1768 1716 aeterna

1891 858 1952 914 in
1984 860 2110 915 vitae
2143 875 2367 916 aeternas
2399 860 2681 932 gaudium
2708 856 3052 926 intromissi,
3077 873 3381 929 nunquam
3403 856 3547 913 ulte-

1893 948 2015 1004 rius
2045 948 2182 1004 alibi
2215 949 2302 1005 vel
2334 948 2503 1004 aliter
2546 966 2675 1004 esse
2724 951 3015 1020 poterunt.
3051 947 3215 1003 Sicut
3260 946 3544 1001 Dominus

1888 1038 2213 1109 certissime
2245 1038 2502 1094 ostendit
2531 1038 2603 1092 de
2634 1041 2881 1109 utraque
2912 1037 3159 1108 parte,id
3190 1039 3277 1091 est
3298 1040 3352 1090 et
3373 1036 3544 1090 dam-

1889 1131 2181 1195 natorum,
2217 1128 2315 1200 qui
2367 1130 2538 1183 erunt
2589 1143 2623 1182 a
2671 1125 2948 1193 sinistris,
2983 1130 3040 1181 et
3077 1125 3402 1192 beatorum,
3438 1125 3539 1196 qui

1885 1220 2055 1271 erunt
2073 1233 2107 1271 a
2124 1216 2364 1282 dextrix,
2383 1215 2819 1271 irrevocabilem
2843 1213 3193 1269 sententiam
3216 1213 3537 1286 proferens,

1883 1321 2017 1360 cum
2049 1304 2229 1361 dicit:
2267 1307 2412 1360 Tunc
2452 1306 2610 1360 ibunt
2652 1306 2713 1359 hi
2760 1306 2817 1359 in
2866 1304 3201 1375 supplicium
3242 1311 3533 1372 wternum,

1880 1396 2024 1450 Justi
2053 1402 2234 1450 autem
2283 1396 2341 1449 in
2389 1396 2563 1449 vitam
2608 1401 2876 1450 aeternam
2920 1392 3129 1463 (Matth.
3164 1409 3296 1460 xxv,
3330 1391 3439 1462 46).
3473 1391 3532 1447 Si

1879 1482 2034 1538 enim
2054 1482 2161 1539 erit
2182 1484 2316 1540 finis
2339 1481 2654 1556 aliquando
2676 1482 2759 1537 illi
2779 1499 2957 1555 parum
2973 1479 3335 1547 aaternaa,erit
3355 1480 3531 1535 etiam

1878 1571 2193 1645 aliquando
2220 1573 2396 1646 (quod
2434 1572 2604 1643 absit)
2640 1572 2772 1625 finis
2801 1571 2927 1625 vita:
2960 1574 3205 1625 (eterna).
3251 1569 3307 1625 Si
3334 1572 3528 1624 autem

1873 1660 1991 1716 vita
2021 1666 2236 1719 aeterna
2267 1661 2494 1718 nullum
2526 1661 2763 1717 omnino
2809 1660 3049 1717 habebit
3096 1661 3293 1726 finem,
3326 1658 3528 1732 procul

117 1746 259 1820 ignis
279 1747 833 1817 exustione,asterna
847 1748 1135 1804 vermium
1156 1749 1507 1805 laceratione
1524 1750 1765 1805 offusca-
1799 1787 1845 1851 B
1875 1749 2054 1807 dubio
2084 1755 2141 1806 et
2170 1769 2341 1825 pcena
2371 1751 2486 1818 illa,
2513 1751 2569 1806 id
2601 1755 2689 1806 est
2711 1749 3067 1822 supplicium
3090 1747 3527 1816 aeternum,nul-

114 1834 259 1891 hitur
287 1839 341 1891 et
372 1836 817 1893 tenebrabitur?
840 1839 972 1905 Qua:
1005 1838 1183 1894 ctiam
1212 1838 1271 1894 in
1306 1839 1600 1895 damnatis
1640 1838 1759 1895 illis

112 1924 319 1998 angelis
350 1929 409 1983 et
436 1925 805 1995 hominibus,
840 1927 995 1982 sicut
1025 1927 1134 1984 iste
1177 1927 1338 1999 dicit,
1370 1928 1583 2000 poterit
1628 1946 1756 1985 esse

111 2013 376 2069 naturalis
397 2013 942 2084 incolumitas,cum
966 2020 1177 2071 natura
1198 2017 1270 2072 ad
1294 2015 1403 2073 hoc
1420 2015 1503 2073 eis
1528 2017 1756 2090 integra

110 2104 501 2159 tantummodo
536 2109 816 2173 servetur,
850 2109 906 2161 et
937 2122 1241 2178 nunquam
1273 2123 1307 2161 a
1346 2123 1455 2161 sua
1502 2106 1767 2163 naturali

113 2209 369 2265 compage
391 2192 747 2261 solvatur,ut
767 2193 996 2267 plenius
1019 2200 1143 2252 tota
1162 2195 1287 2252 sine
1311 2196 1423 2252 ﬁne
1437 2197 1748 2253 crucietur.

112 2281 211 2338 Sed
236 2281 342 2337 iste
374 2300 490 2338 non
526 2287 839 2340 contentus
870 2288 1037 2340 tanta
1069 2285 1288 2357 ineptia
1309 2289 1365 2341 et
1387 2286 1749 2342 absurditate

116 2371 387 2443 depravati
421 2388 638 2428 sensus
678 2374 792 2440 sui,
825 2373 988 2429 addit
1032 2373 1095 2429 in
1145 2374 1261 2430 fine
1309 2375 1748 2447 apertissimum

116 2458 370 2516 haeretica:
387 2460 715 2533 impietatis
734 2470 1010 2529 errorem,
1025 2466 1090 2518 ut
1114 2463 1266 2535 quod
1290 2464 1460 2518 corde
1481 2465 1751 2536 gestabat

118 2548 179 2603 ad
224 2549 724 2622 impugnationem
773 2552 1036 2608 veritatis
1087 2556 1145 2607 et
1172 2552 1610 2608 subversionem
1644 2571 1746 2609 auc

120 2636 407 2705 dientium,
438 2640 619 2695 etiam
650 2658 746 2697 ore
771 2645 1079 2697 emoveret.

176 2727 337 2783 Addit
366 2745 625 2802 namque
652 2729 851 2786 statim
881 2731 952 2786 de
973 2729 1192 2786 eisdem
1217 2731 1548 2786 daemonum
1571 2735 1627 2787 et
1646 2731 1745 2787 ho-

117 2816 319 2872 minum
340 2819 757 2875 damnatorum
781 2820 1189 2893 naturis,quod
1210 2820 1491 2889 deinde(id
1505 2824 1593 2877 est
1614 2825 1746 2893 post

116 2903 201 2959 illa
218 2907 405 2961 aeterni
428 2907 588 2980 ignis
608 2907 917 2981 supplicia)
934 2909 1189 2965 omnibus
1220 2918 1439 2967 natura?
1470 2910 1622 2965 bonis
1642 2912 1744 2965 mi-

116 2995 265 3050 rabili
291 2997 478 3053 ordine
508 2998 856 3069 refulgebunt
887 3017 903 3053 :
938 2998 994 3054 id
1027 3003 1205 3055 estut
1235 3002 1291 3055 et
1316 2999 1373 3055 in
1404 3000 1602 3055 anima
1623 3000 1743 3056 sint

115 3083 315 3154 praediti
346 3090 400 3141 et
427 3084 707 3142 illustrati
739 3087 1104 3143 naturalibus
1126 3089 1295 3145 bonis
1328 3089 1737 3155 memoriaaﬁn-

1874 1838 1995 1894 lum
2031 1858 2290 1913 unquam
2322 1841 2535 1896 habere
2566 1840 2741 1895 finem
2765 1839 2996 1912 poterit.
3037 1840 3162 1894 Non
3186 1855 3322 1911 ergo
3352 1842 3527 1893 erunt

1866 1928 2140 2002 aliqui,ut
2168 1931 2276 1986 iste
2307 1929 2623 1995 delirat,ita
2647 1929 2704 1984 in
2741 1929 2931 1985 medio
2964 1927 3138 2000 positi
3160 1932 3227 1982 ut
3245 1944 3349 1982 nec
3366 1926 3521 1983 beati

1864 2018 1984 2073 sint
1999 2036 2099 2075 nec
2114 2018 2396 2086 miseri,et
2416 2023 2613 2074 tamen
2628 2022 2787 2073 extra
2802 2018 3042 2073 domum
3057 2017 3242 2072 Patris
3263 2016 3520 2087 aliquam

1863 2108 2123 2180 requiem
2142 2108 2419 2164 habituri.
2439 2108 2723 2163 Dominus
2745 2107 2901 2162 enim
2924 2105 3232 2161 manifeste
3255 2104 3395 2160 dicit
3419 2121 3431 2160 :
3456 2108 3523 2161 In

1860 2197 2016 2253 domo
2047 2199 2231 2253 Patris
2253 2199 2361 2253 mei
2378 2197 2570 2253 multra
2597 2203 2727 2251 sunt
2754 2196 3062 2251 mansiones
3088 2195 3266 2262 (Joan.
3290 2211 3404 2261 XIV,
3436 2193 3514 2265 2),

1859 2287 2172 2342 ostendens
2201 2290 2363 2342 extra
2392 2287 2632 2341 domum
2667 2283 2853 2339 Patris
2885 2283 2997 2348 sui,
3031 2283 3089 2337 id
3122 2287 3211 2338 est
3240 2285 3401 2337 extra
3422 2299 3515 2337 so-

1857 2374 2122 2430 cietatem
2146 2379 2485 2431 sanctorum
2508 2373 2848 2447 angelorum
2882 2377 2939 2428 et
2957 2372 3263 2428 hominum
3295 2369 3514 2427 electo-

1857 2480 2011 2529 rum,
2046 2480 2225 2535 quam
2275 2463 2401 2536 ipse
2448 2468 2727 2519 aeternum
2780 2462 3089 2529 inhabitat,
3124 2460 3351 2516 nullum
3383 2477 3512 2517 esse

1855 2551 2072 2621 locum,
2107 2552 2334 2609 nullam
2362 2553 2726 2609 mansionem
2758 2550 2990 2624 quietis.
3012 2550 3157 2616 Quia
3185 2549 3376 2605 omnis
3408 2548 3511 2605 illa

1855 2640 2170 2697 multitudo
2199 2646 2255 2698 et
2286 2640 2693 2714 multiplicitas
2726 2640 3099 2695 mansionum
3130 2656 3244 2693 non
3268 2638 3507 2703 est,nisi

1852 2729 1912 2785 in
1944 2731 2117 2786 domo
2147 2735 2410 2804 paterna,
2445 2730 2543 2785 ubi
2596 2730 2749 2785 sicut
2792 2729 2849 2782 in
2902 2744 3019 2782 uno
3059 2727 3201 2782 coelo
3232 2726 3401 2783 stella
3430 2728 3504 2783 ab

1852 2818 2021 2875 stella
2045 2820 2239 2876 differt
2267 2820 2326 2875 in
2359 2819 2640 2881 claritate,
2674 2817 2756 2872 sic
2790 2818 2847 2872 in
2880 2834 2998 2871 una
3039 2816 3359 2887 eademque
3404 2815 3505 2869 do-

1852 2925 1948 2964 mo
1979 2909 2088 2965 erit
2117 2909 2421 2965 diversitas
2452 2906 2825 2963 mansionum
2874 2923 2975 2979 pro
3023 2903 3356 2959 diversitate
3389 2919 3505 2957 me-

1849 2996 2116 3054 ritorum.

1922 3087 2058 3144 Post
2085 3088 2207 3143 hinc
2235 3087 2401 3143 addit
2434 3087 2637 3152 iste,et
2666 3084 2807 3140 dicit
2840 3101 2852 3138 :
2885 3083 3194 3155 Superioris
3227 3082 3373 3150 ignis
3394 3096 3509 3135 cor-

115 3171 417 3244 telligentiaa
447 3180 506 3231 et
535 3174 733 3231 liberae
762 3176 1108 3244 voluntatis;
1138 3182 1195 3232 et
1234 3178 1292 3233 in
1343 3193 1583 3249 corpore
1627 3178 1739 3233 cla-
1774 3161 1816 3226 Β
1849 3178 2003 3247 porci
2027 3193 2151 3231 cum
2176 3178 2464 3249 inferioris
2494 3176 2638 3231 aeris
2667 3173 2983 3245 corporibus
3031 3171 3293 3243 qualitate
3329 3169 3509 3224 coitu-

116 3266 452 3335 reant,atque
473 3263 937 3337 praepolleant,et
957 3265 1214 3339 quinque
1235 3265 1594 3322 naturalium
1619 3284 1744 3323 sen-

117 3366 268 3405 suum
301 3352 603 3409 vivacitate
635 3358 691 3409 et
731 3354 928 3410 forma:
976 3355 1238 3427 perfecta:
1284 3354 1740 3427 pulchritudine.

120 3437 354 3511 Dicitque
379 3457 477 3497 eos
505 3446 814 3514 propterea
833 3447 1130 3515 exemptos
1154 3443 1478 3516 suppliciis,
1501 3444 1557 3499 et
1586 3460 1747 3499 exor-

122 3532 266 3584 natos
294 3546 496 3586 omnes
528 3532 808 3587 omnibus
839 3532 1206 3589 naturalibus
1250 3533 1439 3596 bonis,
1469 3538 1533 3588 ut
1581 3538 1745 3588 tanta

124 3615 528 3686 pulchritudine
560 3620 911 3694 refulgentes
940 3622 1205 3694 proficiat
1234 3622 1305 3677 ad
1351 3623 1745 3678 universitatis

125 3711 363 3763 ornatum
388 3725 401 3763 :
427 3708 698 3766 videlicet
717 3716 781 3765 ut
799 3709 950 3767 inter
967 3715 1203 3767 caeteras
1223 3711 1426 3766 mundi
1449 3717 1745 3768 creaturas

126 3798 397 3853 terrestres
419 3797 542 3854 sive
561 3798 843 3867 cmlestes,
868 3799 1044 3855 etiam
1066 3799 1177 3871 ipsi
1199 3804 1604 3873 permanentes
1627 3801 1747 3856 sint

127 3881 172 3936 in
191 3892 517 3942 ornamento
541 3889 746 3943 mundi
767 3887 866 3960 qui
890 3888 1119 3944 fuerant
1136 3888 1194 3943 in
1218 3888 1595 3945 damnatione
1613 3907 1745 3962 sup-

125 3970 334 4042 plici.Et
362 3976 622 4047 posthaec
652 3993 822 4049 ne_ex
847 3981 968 4033 toto
996 3977 1290 4033 videretur
1313 3978 1509 4034 venire
1542 3982 1744 4034 contra

124 4059 357 4118 Ecclesia:
389 4065 568 4121 fidem
600 4069 658 4121 et
706 4066 1100 4139 evangelicum
1148 4071 1324 4139 atque
1364 4066 1744 4139 apostolicam

123 4150 744 4225 veritatem,subjunxit
773 4155 1231 4227 dicens,e:cccpta
1260 4155 1612 4223 beatitudine,
1639 4173 1745 4228 qua

120 4241 539 4310 priuabunturjd
568 4248 656 4298 est
677 4238 832 4316 quod
856 4243 940 4300 sic
964 4244 1557 4318 fulgebuntomnihus
1579 4249 1745 4300 natu-

128 4324 321 4384 ralibus
350 4330 518 4386 bonis
542 4331 837 4388 dmmones
859 4335 915 4387 et
937 4332 1205 4388 homines
1225 4333 1532 4406 suppliciis
1562 4333 1740 4403 exuti,

128 4418 178 4468 ut
198 4426 400 4489 excepta
432 4419 769 4476 beatitudine
795 4420 1037 4477 visionis
1082 4421 1341 4493 Dei,qua3
1373 4422 1459 4477 eis
1491 4421 1613 4478 sola
1644 4423 1744 4478 de-

1852 3272 2044 3330 ctante,
2079 3267 2330 3321 naturali
2360 3267 2415 3320 vi
2441 3272 2675 3329 servata,
2712 3264 3021 3335 infelicium
3049 3262 3369 3315 animarum
3417 3260 3506 3313 in-

1853 3356 2021 3409 tentio
2050 3355 2115 3409 de
2140 3356 2457 3426 corporibus
2486 3355 2601 3409 suis
2646 3362 2884 3409 aeternas
2929 3351 3176 3422 patiatur
3219 3364 3503 3402 arumnas.

1852 3443 1994 3497 Ecce
2015 3445 2309 3515 quomodo
2333 3440 2591 3509 credit,si
2616 3446 2811 3497 tamen
2835 3436 3332 3509 credit,supplicia
3352 3434 3508 3507 ignis

1852 3532 2050 3586 aeterni
2082 3532 2404 3587 exercenda
2437 3548 2449 3586 :
2483 3530 2749 3586 videlicet
2780 3528 2934 3601 quod
2964 3527 3115 3600 ignis
3146 3525 3262 3592 ille,
3297 3524 3396 3596 qui
3419 3528 3511 3580 est

1854 3619 2193 3693 hujusmodi
2214 3621 2483 3694 superius
2504 3620 3125 3688 elementum,corpora
3147 3614 3504 3682 daemonum,

1855 3726 1981 3781 quae
2015 3715 2181 3783 putat
2208 3728 2338 3766 esse
2369 3727 2557 3774 aerea,
2590 3714 2646 3763 et
2678 3723 2921 3779 corpora
2950 3705 3259 3761 hominum
3294 3702 3506 3775 impio-

1853 3817 2006 3867 rum,
2027 3817 2153 3871 qua:
2177 3799 2447 3871 superius
2470 3797 2614 3852 dixit
2637 3796 2957 3851 transitura
2976 3794 3036 3848 in
3060 3808 3290 3848 aeream
3314 3790 3505 3863 quali-

1854 3893 2224 3953 tatem,nunc
2255 3872 2449 3943 autem
2483 3889 2680 3957 aperte
2710 3883 2854 3938 dicit
2879 3899 3048 3937 aerea
3078 3880 3228 3936 sicut
3258 3885 3315 3934 et
3343 3880 3506 3951 ipso-

1854 3995 1985 4033 rum
2018 3978 2370 4042 daemonum,
2394 3975 2535 4029 dum
2569 3973 2876 4043 utriusque
2906 3969 3177 4024 elementi
3209 3968 3505 4035 natura,id

1854 4071 1943 4123 est
1972 4071 2029 4121 et
2050 4065 2405 4138 ignis,quem
2429 4066 2595 4134 putat
2614 4076 2743 4116 esse
2764 4059 2959 4131 ignem
2985 4061 3263 4111 internum
3291 4055 3348 4109 in
3372 4072 3507 4127 sup-

1854 4154 2042 4228 pliciis
2073 4155 2505 4216 damnatorum,
2538 4155 2593 4206 et
2623 4149 2795 4215 aeris,
2831 4164 3004 4219 quem
3037 4145 3221 4199 credit
3269 4160 3397 4198 esse
3445 4143 3505 4198 in

1854 4243 2198 4316 corporibus
2230 4243 2564 4297 dazmonum
2599 4244 2655 4295 et
2686 4237 2993 4294 hominum
3027 4233 3412 4307 perditorum,
3444 4232 3504 4288 in

1854 4332 1951 4388 illo
1965 4332 2222 4388 damnati
2231 4327 2666 4402 onisergastulo
2682 4328 2834 4382 inter
2847 4342 2908 4381 se
2927 4322 3322 4380 colluctantur
3333 4326 3508 4394 atque

1854 4419 2503 4493 compugnant,efficiat
2532 4416 2865 4472 infelicibus
2891 4412 3205 4468 animabus
3247 4415 3304 4467 et
3324 4409 3509 4465 homi-

130 4506 424 4576 negabitur,
444 4508 592 4564 nihil
619 4509 755 4565 boni
787 4510 873 4566 eis
903 4510 1106 4567 deesse
1136 4510 1417 4565 videatur.
1437 4511 1581 4566 Ecce
1602 4511 1744 4583 quid
1777 4532 1821 4595 υ
1855 4527 2021 4579 num,
2036 4516 2091 4564 et
2122 4510 2452 4564 dannonum
2476 4508 2547 4562 de
2567 4505 2909 4578 corporibus
2934 4502 3059 4558 suis
3090 4501 3241 4557 aeris
3262 4503 3509 4556 aeternas

130 4593 278 4649 audet
304 4597 540 4664 sentire,
573 4597 715 4669 quid
746 4598 921 4653 audet
950 4597 1160 4665 dicere,
1194 4597 1293 4670 qui
1342 4600 1517 4654 audct
1564 4600 1740 4655 etiam

128 4682 348 4740 scribere
378 4685 555 4741 homo
579 4686 679 4759 qui
707 4686 832 4741 vult
855 4686 1036 4743 videri
1068 4686 1456 4753 Christianus,
1492 4692 1548 4743 et
1597 4688 1744 4743 nihil

130 4767 259 4825 aliud
290 4772 509 4830 laborat
538 4774 652 4830 nisi
684 4778 749 4830 ut
779 4774 1119 4831 Christianae
1139 4775 1363 4831 veritati
1386 4777 1743 4845 adversetur,

130 4862 173 4912 et
189 4858 575 4918 hereticorum
598 4863 1116 4936 dogmata,quibus
1135 4864 1259 4937 ipse
1280 4863 1588 4921 infeliciter
1608 4883 1744 4921 con-

123 4946 334 5015 junctus
354 4957 462 5021 est,
480 4958 538 5008 et
565 4951 886 5008 sinceritati
914 4952 1182 5009 Ecclesiae
1204 4953 1574 5009 intromittat.
1599 4955 1745 5010 Nam

132 5035 350 5095 Ecclesia
373 5040 588 5097 Christi
621 5045 938 5113 utrumque
972 5047 1163 5115 negat,
1198 5047 1513 5114 utrumque
1554 5044 1747 5099 detes-

130 5124 275 5193 tatur,
304 5130 440 5200 quia
474 5135 791 5202 utrumque
823 5134 911 5186 est
942 5131 1281 5187 hzereticum
1314 5136 1370 5187 et
1390 5132 1748 5189 omnimodis

133 5217 449 5273 contrarium
464 5219 781 5286 veritati,id
806 5224 893 5275 est
915 5224 971 5275 et
991 5219 1392 5276 liberationem
1417 5222 1747 5277 dzemonum

137 5307 280 5374 atque
304 5305 612 5363 hominum
643 5324 712 5364 ex
740 5307 858 5364 illis
907 5308 1212 5382 suppliciis
1263 5310 1663 5383 sempiternis,
1695 5317 1753 5367 et

140 5388 357 5464 aliquem
389 5396 651 5452 medium
684 5396 876 5453 locum
899 5415 1026 5453 esse
1052 5397 1147 5452 ubi
1167 5397 1247 5453 ita
1268 5398 1385 5454 sint
1407 5399 1516 5471 ipsi
1540 5400 1752 5456 daemo-

143 5493 224 5535 nes
251 5488 301 5537 et
322 5484 588 5542 homines
612 5486 671 5540 in
694 5487 894 5559 requie
916 5491 973 5542 et
994 5487 1278 5542 bonorum
1301 5488 1562 5543 omnium
1590 5490 1756 5561 copia

146 5571 189 5622 et
211 5569 477 5644 claritate,
510 5579 576 5630 ut
602 5591 706 5632 nec
736 5575 793 5631 in
825 5576 1199 5632 damnatione
1229 5575 1381 5647 ignis
1412 5577 1609 5633 aeterni
1642 5579 1760 5634 sint

1852 4616 2156 4672 pmnarum
2187 4614 2478 4653 aerumnas
2510 4614 2521 4651 :
2554 4595 2692 4667 quia
2724 4593 2947 4649 scilicet
2972 4592 3148 4647 etiam
3196 4590 3253 4644 in
3279 4588 3378 4643 illo
3411 4604 3506 4643 ca-

1855 4688 2013 4744 mino
2036 4688 2189 4761 ignis
2214 4684 2408 4741 aaterni
2435 4683 2760 4739 naturalem
2776 4684 2891 4737 vim
2915 4681 3232 4736 servabunt
3252 4678 3374 4732 haec
3391 4677 3507 4731 duo

1854 4776 2141 4833 elementa
2162 4775 2316 4848 ignis
2338 4780 2393 4829 et
2414 4773 2657 4839 aeris,ut
2678 4772 2828 4826 sicut
2848 4770 2907 4823 in
2934 4769 3042 4823 hoc
3062 4767 3282 4822 mundo
3302 4765 3509 4820 ardore

1856 4866 2012 4938 ignis
2053 4863 2376 4937 superioris
2407 4879 2508 4935 per
2537 4859 2786 4916 calorem
2818 4856 2960 4913 solis
2994 4856 3106 4911 iste
3136 4871 3253 4919 aer,
3288 4852 3387 4924 qui
3418 4855 3510 4908 est

1854 4953 2211 5018 inferior,ita
2239 4956 2553 5023 vaporatur
2580 4953 2636 5005 et
2668 4949 2863 5014 fervet,
2890 4950 2954 5000 ut
2975 4961 3082 5000 suo
3103 4957 3313 5013 vapore
3335 4945 3510 5013 atque

1856 5044 2077 5097 fervore
2108 5056 2347 5111 corpora
2381 5043 2580 5095 nostra
2618 5036 2872 5110 graviter
2899 5032 3143 5098 afﬁciat;
3176 5032 3257 5085 ita
3293 5028 3352 5084 in
3385 5028 3505 5097 illo,

1857 5135 1921 5185 ut
1953 5131 2175 5185 dictum
2207 5132 2313 5194 est,
2348 5127 2575 5182 camino
2618 5126 2773 5199 ignis
2823 5120 3096 5196 supplicii
3147 5116 3508 5191 sempiterni,

1859 5220 2001 5274 dum
2033 5218 2154 5290 igni
2186 5214 2435 5271 naturali
2467 5216 2519 5269 vi
2554 5216 2883 5271 inflammat
2913 5227 3157 5283 corpora
3186 5225 3353 5264 aerea
3402 5207 3513 5262 daa-

1861 5324 2103 5363 monum
2123 5309 2294 5375 atque
2310 5302 2713 5370 hominum,ex
2732 5303 2859 5374 ipso
2883 5303 3102 5357 fervore
3122 5303 3296 5370 atque
3309 5297 3513 5351 ardore

1863 5411 2173 5468 corporum
2207 5408 2470 5456 suorum,
2495 5392 2702 5446 anima:
2734 5408 2861 5462 quae
2894 5391 2949 5444 in
2984 5390 3067 5444 eis
3095 5386 3515 5455 sunt,sentiant

1865 5490 1921 5541 et
1978 5483 2275 5557 patiantur
2316 5484 2561 5534 mtcrnas
2608 5479 2944 5535 afllictionis
3002 5493 3314 5532 aerumnas.
3349 5474 3515 5530 Dicat

1868 5591 2023 5631 nunc
2051 5568 2308 5644 ipse,qui
2338 5568 2447 5624 hoc
2479 5567 2657 5624 sentit
2687 5573 2743 5623 et
2771 5566 2994 5635 scribit,
3011 5565 3301 5637 quomodo
3330 5561 3516 5619 infeli-
