3896 6198
352 238 470 302 ω
1452 236 1682 300 FLORI
1727 236 2014 299 DIACON
2023 236 2044 297 Ι
2096 234 2662 299 LUGDUNENSIS.
3653 238 3757 299 248

356 390 452 435 ces
481 369 689 429 animas
721 368 1024 444 utriusque
1054 372 1329 429 creatura
1351 370 1621 445 angelicae
1656 374 1712 428 et
1732 371 2003 428 humana:
2037 371 2087 442 Α
2114 386 2334 443 serpens
2347 372 2514 426 Evam
2531 369 2750 427 seduxit
2770 369 2975 426 astutia
2988 369 3197 435 sua,ita
3213 377 3643 443 corrumpantur
3654 388 3758 428 sen-

364 462 681 535 aliquando
714 460 830 518 illis
862 459 1166 533 suppliciis
1197 464 1370 516 erunt
1399 465 1626 533 ereptae,
1649 465 1705 517 et
1736 461 2010 517 omnibus
2118 476 2211 515 sus
2230 462 2465 525 vestri,et
2497 460 2753 515 excidant
2772 477 2807 515 a
2837 460 3352 532 simplicitate,quaz
3376 468 3461 516 est
3482 463 3545 515 in
3566 461 3755 519 Christo

363 555 584 607 natura":
616 550 803 617 bonis,
826 550 979 607 sicut
1005 548 1130 622 ipse
1160 549 1320 616 dicit,
1348 549 1671 616 refulsuraa,
1698 550 1745 605 si
1769 567 1872 623 per
1893 549 2010 604 vim

366 639 525 697 illius
553 639 706 713 ignis
736 639 1079 712 corporibus
1112 639 1237 694 suis
1267 639 1450 694 aereis
1482 640 1754 695 atrociter
1783 639 2011 694 inflam-

370 729 545 786 matis
572 732 819 785 aeternas
844 729 1138 800 patientur
1162 728 1491 783 aerumnas?
1513 729 1571 783 Si
1604 728 1760 783 enim
1798 727 2014 784 libera-

370 818 594 874 buntur
624 816 742 874 illis
770 817 1382 890 suppliciis,carebunt
1404 816 1606 889 utique
1637 817 1945 884 aerumnis;
1967 816 2015 871 si

372 910 567 964 autem
628 906 688 961 in
735 905 1111 979 sempiternis
1159 910 1329 961 erunt
1384 906 1681 974 aerumnis,
1714 921 2018 978 nunquam

372 994 777 1052 liberationem
810 996 1210 1052 merebuntur.

443 1084 555 1141 Sed
586 1101 882 1158 exponens
906 1083 1015 1139 iste
1042 1084 1233 1139 adhuc
1283 1084 1523 1140 modum
1573 1084 1826 1156 qualiter
1876 1083 2021 1139 illud

371 1177 493 1231 tam
517 1174 719 1229 ﬁctum
735 1178 793 1228 et
817 1177 976 1230 tanto
999 1172 1194 1228 labore
1206 1173 1621 1229 concinnatum
1645 1173 1906 1229 futurum
1925 1190 2026 1244 pu-

374 1266 457 1319 tet
474 1279 602 1319 esse
625 1261 1279 1335 supplicium,adiungit
1299 1265 1355 1317 et
1376 1261 1515 1316 dicit
1537 1280 1549 1317 :
1572 1267 1661 1319 Ita
1676 1263 1947 1318 videlicet
1966 1268 2027 1315 ut

376 1352 537 1408 idem
567 1353 691 1424 ipse
721 1352 873 1422 ignis
900 1352 1165 1407 omnibus
1194 1353 1536 1420 corporibus
1551 1350 1659 1422 ﬁat
1687 1350 2030 1424 gloria,quo

378 1440 737 1497 damnandis
752 1441 1052 1497 animabus
1067 1442 1418 1499 intrinsecus
1433 1442 1748 1514 iniquitate
1760 1443 2028 1513 prapria,

2124 550 2195 619 (II
2211 550 2331 605 Cor.
2359 548 2730 619 x1,23).Unde
2752 553 2809 603 et
2839 548 2975 604 alibi
3004 548 3279 604 admonet
3310 547 3549 605 dicens:
3571 552 3762 622 Inepta:

2122 647 2305 694 autem
2331 646 2381 693 et
2411 639 2585 693 aniles
2612 639 2829 709 fabulas
2858 637 3037 693 devita
3067 639 3113 711 (Ι
3148 640 3284 693 Tim.
3336 655 3414 705 Iv,
3449 641 3528 707 ‘7).
3567 640 3634 694 Et
3679 641 3763 695 ite.-

2125 743 2255 781 rum
2283 744 2295 781 :
2329 727 2571 797 Pro/‘ana
2605 735 2787 782 autem
2813 734 2865 783 et
2892 727 3239 798 inaniloquia
3289 727 3472 782 devita
3508 744 3522 782 :
3556 727 3766 784 multum

2125 817 2273 871 enim
2299 817 2596 887 proﬁciunt
2627 816 2697 871 ad
2730 818 3146 888 impietatem,et
3168 833 3343 872 sermo
3362 832 3557 872 eorum
3587 825 3769 873 utcun-

2127 921 2216 961 cer
2259 907 2426 976 serpit
2456 905 2527 976 (II
2560 907 2693 961 Tim.
2738 922 2800 976 ιι,
2835 907 2943 973 17).
2975 905 3141 961 Unde
3198 909 3255 960 et
3313 906 3530 961 beatus
3587 907 3771 963 Petrus

2130 993 2430 1067 apostolus
2455 994 2657 1050 eadem
2689 994 3134 1066 pietate,eadem
3168 993 3570 1051 sollicitudine
3592 994 3769 1052 ﬁdeles

2133 1084 2428 1150 admonet,
2482 1082 2680 1138 dicens
2711 1100 2723 1139 :
2760 1083 2856 1139 Vos
2914 1085 3107 1155 igitur,
3158 1086 3381 1155 fratres,
3439 1087 3773 1156 prtescicntes

2133 1173 2394 1228 custodite
2422 1175 2785 1245 vosmetipsos,
2818 1189 2886 1228 ne
2916 1173 3300 1245 insipientium
3323 1188 3515 1229 errore
3538 1174 3772 1243 traducti,

2135 1261 2399 1317 excidatis
2415 1280 2447 1317 (ι
2466 1264 2697 1333 propria
2722 1264 2998 1332 ﬁrmitate.
3030 1262 3259 1317 Crescite
3286 1279 3413 1318 vero
3446 1263 3511 1317 in
3533 1265 3708 1331 gratia
3733 1272 3775 1317 et

2136 1353 2443 1420 cognitione
2472 1352 2692 1407 Domini
2718 1353 2892 1407 nostri
2918 1352 3043 1407 Iesu
3075 1351 3281 1407 Christi
3306 1359 3359 1407 et
3393 1351 3695 1408 Saluatoris
3718 1353 3779 1423 (II

2144 1446 2256 1496 l’et.
2290 1457 2372 1507 III,
2402 1442 2485 1506 17,
2522 1442 2629 1507 18).

378 1530 735 1587 extrinsecus
753 1531 1356 1603 cumulabiturpoena.
1375 1532 1436 1586 In
1461 1530 1676 1603 quibus
1710 1531 1902 1588 verbis
1923 1531 2032 1586 hoc
2213 1530 2337 1584 Non
2371 1530 2537 1585 nobis
2567 1529 2895 1585 efﬁciantur
2923 1528 3037 1585 ista
3064 1528 3222 1585 velut
3242 1530 3453 1602 jocosa
3481 1534 3540 1584 et
3568 1528 3696 1585 ludo
3715 1531 3776 1585 si-

379 1617 611 1675 videtur
640 1636 900 1677 asserere
928 1621 1082 1693 quod
1116 1620 1268 1676 idem
1305 1620 1430 1693 ipse
1480 1620 1634 1693 ignis
1679 1625 1930 1677 aeternus
1980 1623 2038 1675 et
2146 1618 2483 1691 milia,quia
2512 1623 2571 1675 et
2598 1618 2804 1674 ludum
2829 1618 3094 1676 Ismaelis
3114 1636 3249 1675 cum
3267 1619 3433 1675 lsaac
3449 1619 3776 1691 persecutio-

381 1709 693 1768 animabus
713 1709 1069 1767 intrinsecus
1085 1726 1154 1767 ex
1174 1710 1533 1766 conscientia
1554 1728 1661 1766 sua
1676 1710 1910 1783 propria
1926 1710 2039 1765 ini-
2065 1747 2110 1811 Β
2147 1724 2281 1763 nem
2309 1712 2473 1763 vocat
2493 1707 2825 1780 Apostolus.
2844 1710 2912 1764 Et
2940 1708 3069 1764 ideo
3091 1708 3429 1781 ubicunque
3450 1707 3593 1763 talia
3621 1725 3774 1781 agno-

382 1800 602 1874 quitate
623 1799 1002 1868 damnatis,et
1030 1799 1283 1856 exterius
1312 1816 1515 1856 earum
1547 1816 1789 1872 corpora
1807 1799 2033 1857 inﬁam-
2065 1796 2110 1811 υ
2141 1797 2382 1865 scimus,
2403 1796 2522 1853 zelo
2548 1797 2679 1854 ﬁdei
2711 1802 2914 1853 contra
2941 1797 3062 1852 haec
3085 1797 3321 1853 excitari
3340 1798 3628 1854 debemus
3653 1815 3665 1851 :
3689 1797 3772 1853 illo

379 1890 593 1946 mando
617 1893 674 1945 et
690 1888 1109 1946 fervefaciendo
1129 1887 1459 1945 accumulet
1477 1889 2031 1961 poenam,utscilicet
2142 1904 2247 1943 nos
2278 1887 2629 1942 informante
2660 1890 2717 1943 et
2744 1886 3057 1958 adjuvante
3088 1886 3189 1959 qui
3233 1887 3293 1941 in
3342 1886 3578 1959 psalmo
3607 1886 3733 1942 dicit
3762 1904 3772 1940 :

383 1996 499 2034 non
548 1977 741 2034 solum
788 1977 1039 2034 interius
1088 1981 1471 2050 torqueantur
1517 1977 1894 2046 conscientia,
1930 1980 2031 2036 sed
2141 1979 2311 2033 Zelus
2338 1977 2527 2033 domus
2558 1986 2671 2034 tute
2700 1975 2928 2032 comedit
2970 1992 3055 2031 me
3084 1976 3258 2047 (Psal.
3310 1993 3510 2041 LXVIII,
3547 1978 3662 2045 10);
3691 1976 3774 2048 qui

380 2069 556 2125 etiam
579 2068 831 2124 exterius
851 2067 1189 2141 affligantur
1208 2084 1380 2139 paena
1400 2067 1583 2139 ignita
1606 2084 1619 2123 ε
1640 2072 1697 2123 et
1718 2072 1916 2124 tamen
1937 2086 2031 2125 eo-
2141 2067 2315 2123 etiam
2345 2065 2570 2139 ﬂagello
2620 2066 2691 2121 de
2723 2065 2998 2121 funiculis
3032 2066 3201 2135 facto,
3231 2065 3545 2122 violatores
3593 2066 3778 2121 domus

382 2175 513 2214 rum
537 2156 878 2229 corporibus
902 2156 1052 2212 aeris
1075 2156 1229 2212 idem
1252 2155 1404 2229 ignis
1427 2157 1745 2229 quamdam
1784 2157 2032 2230 gloriam

385 2247 663 2304 conferat.
699 2246 981 2301 Putamus
1012 2245 1152 2317 quia
1183 2246 1337 2301 sicut
1355 2244 1463 2300 iste
1493 2244 1647 2319 ignis
1673 2247 1774 2317 qui
1800 2245 1952 2302 lucet
1974 2248 2034 2303 in

387 2334 702 2401 sideribus,
721 2333 1033 2390 obscuram
1054 2336 1111 2388 et
1139 2331 1521 2405 caliginosam
1546 2332 1724 2405 hujus
1747 2334 1898 2390 aeris
1926 2351 2033 2390 na-

388 2428 583 2480 turam
614 2440 724 2479 sua
748 2421 1039 2478 infusione
1067 2421 1384 2491 illuminat,
1399 2438 1504 2477 suo
1537 2421 1759 2495 fulgore
1780 2422 2034 2479 lucidam

389 2514 598 2579 reddit,
626 2513 724 2585 qui
757 2516 847 2568 est
882 2511 1084 2583 utique
1133 2510 1476 2566 naturaliter
1526 2512 1891 2579 tenebrosus,
1921 2513 2035 2568 nisi

393 2602 577 2659 autin
609 2602 701 2658 die
732 2599 911 2657 radiis
942 2600 1083 2656 solis
1112 2602 1217 2655 aut
1260 2600 1316 2654 in
1364 2604 1529 2656 nocte
1577 2600 1757 2657 radiis
1795 2600 1947 2656 lunae
1981 2605 2039 2657 et

393 2692 651 2749 siderum
672 2690 1031 2748 illustretur:
1060 2691 1139 2745 ita
1167 2689 1277 2746 iste
1310 2690 1604 2747 existimat
1627 2689 1725 2746 illa
1741 2708 1908 2747 aerea
1928 2692 2037 2747 dte-

392 2799 633 2839 monum
659 2786 717 2837 et
744 2780 1050 2837 hominum
1074 2797 1317 2852 corpora
1336 2784 1550 2835 {eterna
1572 2779 1729 2836 illius
1757 2781 1908 2854 ignis
1933 2780 2040 2836 ful-

389 2888 526 2944 gore
555 2870 904 2927 illustranda
935 2873 992 2924 et
1020 2868 1574 2940 clariﬁcanda,sicut
1603 2870 1775 2925 etiam
1798 2869 2037 2942 nigredo

389 2960 525 3016 ferri
555 2960 745 3027 calore
767 2960 1020 3015 fornacis
1043 2959 1099 3013 in
1123 2958 1378 3014 lucidam
1403 2959 1651 3013 vertitur
1670 2958 2034 3030 qualitatem.

388 3050 686 3114 Quomodo
730 3064 867 3121 ergo
916 3047 1186 3118 superius
1215 3046 1362 3101 dixit
1394 3063 1406 3101 :
1444 3045 1809 3119 Angelorum
1854 3048 2036 3104 homi-

2143 2156 2244 2212 Dei
2275 2172 2409 2213 cum
2442 2156 2567 2213 suis
2598 2155 2893 2212 mercibus
2920 2156 3194 2227 ejecit,eo
3218 2157 3374 2229 quod
3407 2156 3674 2213 eamdem
3695 2157 3777 2211 do-

2144 2263 2309 2301 mum
2332 2249 2635 2319 paternam
2668 2246 2911 2301 fecerint
2930 2244 3272 2318 speluncam
3293 2244 3596 2302 latronum
3617 2248 3773 2313 (Joan.

2144 2353 2203 2404 ιι,
2232 2337 2338 2408 15),
2363 2335 2510 2391 Vere
2541 2336 2695 2390 enim
2730 2335 2972 2390 domum
3005 2334 3256 2403 Domini,
3289 2351 3418 2407 quae
3444 2344 3527 2391 est
3567 2336 3777 2391 Ecclesia

2142 2427 2242 2481 Dei
2268 2425 2669 2493 vivi,columna
2699 2433 2750 2480 et
2777 2426 3183 2495 [irritamentum
3212 2426 3460 2481 veritatis
3495 2427 3544 2492 (Ι
3566 2426 3689 2481 Tim.
3704 2441 3773 2491 ιιι,

2146 2517 2233 2585 15)
2255 2515 2312 2570 in
2346 2513 2688 2587 speluncam
2714 2513 3013 2569 latronum
3044 2518 3364 2583 vertunt,et
3393 2531 3528 2570 vere
3548 2512 3776 2569 latrones

2146 2608 2304 2671 sunt,
2339 2602 2439 2675 qui
2472 2603 2577 2658 sub
2609 2606 2889 2674 pratextu
2922 2602 3239 2658 Christiani
3271 2601 3536 2658 nominis
3555 2602 3704 2657 velut
3727 2601 3773 2655 in

2144 2692 2403 2749 Ecclesia
2430 2690 3164 2759 constituti,inﬁdelitatem
3196 2707 3368 2746 suam
3389 2690 3681 2747 occultare
3705 2706 3776 2745 co-

2147 2784 2444 2849 nantur,et
2473 2780 2777 2835 insidiosis
2800 2781 2977 2836 etiam
3000 2797 3065 2836 ac
3108 2779 3421 2836 malitiosis
3453 2780 3773 2852 disputatio-

2146 2871 2322 2925 nibus
2343 2871 2468 2925 vitzr
2502 2869 2761 2924 ﬁdelium
2796 2869 3167 2925 insidiantur.
3200 2871 3269 2924 Et
3301 2870 3444 2942 quia
3479 2869 3607 2934 iste,
3635 2869 3776 2938 cujus

2144 2960 2357 3025 verbis,
2391 2957 2707 3014 auxiliante
2739 2958 3003 3022 Domino,
3042 2963 3338 3030 utcunque
3371 2958 3775 3029 respondimus,

2146 3048 2207 3103 in
2231 3046 2650 3120 pliilosophicis
2672 3046 2889 3119 regulis
2930 3051 2988 3101 et
3017 3045 3394 3120 syllogisticis
3430 3050 3775 3118 argumenta-

388 3155 637 3211 numque
666 3153 951 3206 corporea.
979 3152 1164 3191 aerea
1187 3134 1495 3205 supplicia
1518 3136 1672 3208 ignis
1693 3138 1893 3192 aeterni
1912 3154 2036 3206 per-
2068 3116 2109 3181 C
2148 3137 2408 3193 tionibus
2431 3136 3050 3209 gloriatur,audiamus
3082 3136 3141 3190 in
3176 3134 3289 3190 ﬁne
3321 3134 3576 3190 ﬁdeliter
3594 3138 3648 3189 et
3672 3134 3777 3189 obe-

388 3228 671 3297 pessura?
700 3225 759 3283 Si
814 3224 970 3281 enim
1022 3222 1377 3296 supplicium
1436 3223 1521 3279 eis
1578 3224 1688 3279 erit
1739 3224 1835 3281 ille
1885 3226 2038 3299 ignis

388 3321 659 3384 internus,
679 3332 795 3371 non
828 3314 939 3370 erit
968 3313 1171 3385 utique
1200 3312 1417 3385 gloria;
1451 3313 1499 3368 si
1533 3317 1726 3370 autem
1751 3313 1935 3387 gloria
1954 3316 2038 3373 eis

390 3406 584 3471 fuerit,
618 3422 731 3461 non
754 3403 863 3460 erit
895 3420 1083 3474 poena.

460 3494 772 3566 Abigentos
794 3491 989 3563 itaque
1019 3495 1075 3547 et
1096 3489 1295 3563 procul
1330 3491 1674 3562 repellentes
1698 3493 2035 3565 hujusmodi

388 3586 683 3638 tortuosae
702 3585 761 3637 et
779 3580 1040 3652 vipereas
1063 3579 1357 3651 ambages,
1374 3584 1429 3635 et
1460 3598 1531 3635 an
1542 3582 1757 3639 fractus
1789 3582 2035 3639 laborio-

388 3670 660 3727 sissimos
690 3686 757 3726 ac
788 3668 1166 3741 perniciosos,
1188 3673 1492 3725 teneamus
1522 3670 1654 3727 ﬁdei
1694 3671 2036 3744 simplicita-

388 3763 511 3815 tem
544 3776 555 3814 :
588 3775 723 3815 vera
752 3758 1160 3814 damnatorum
1210 3757 1514 3815 hominum
1567 3777 1827 3832 corpora,
1860 3761 1916 3815 id
1948 3764 2038 3818 est

386 3850 638 3913 terrena,
662 3847 983 3912 credentes,
1002 3851 1058 3901 et
1078 3846 1133 3900 in
1158 3846 1243 3901 eis
1264 3863 1397 3901 vera
1415 3850 1471 3902 et
1490 3852 1706 3903 aeterna
1725 3847 2033 3920 supplicia,

388 3935 488 4010 qui
508 3935 568 3992 in
590 3935 691 3992 illa
703 3934 917 3991 fuerint
936 3933 1311 3991 damnatione
1332 3952 1635 4007 passuros:
1655 3937 1794 4009 quia
1808 3938 2035 3994 verissi-

390 4042 525 4083 mus
542 4030 629 4082 est
648 4041 838 4081 sermo
854 4024 1126 4080 Veritatis
1151 4042 1276 4096 qua:
1291 4023 1348 4078 in
1367 4025 1675 4098 Evangelia
1693 4025 1861 4081 dicit:
1876 4029 2035 4097 Quia

387 4116 573 4172 ueniet
599 4115 749 4171 hora
763 4115 999 4187 quando
1026 4130 1220 4169 omnes
1259 4113 1359 4186 qui
1390 4115 1451 4168 in
1495 4117 1874 4170 monumentis
1902 4122 2034 4172 sunt

387 4204 637 4263 audient
660 4220 846 4259 vocem
865 4202 1013 4259 Filii
1033 4203 1131 4259 Dei
1150 4220 1162 4257 :
1188 4211 1241 4258 et
1263 4202 1578 4271 precedent
1598 4205 1700 4275 qui
1720 4205 1869 4259 bona
1889 4203 2034 4278 fece-

388 4298 525 4349 runt
547 4292 608 4347 in
628 4293 1106 4348 resurrectionem
1127 4295 1292 4358 vita;
1312 4293 1412 4363 qui
1432 4308 1562 4347 vero
1585 4293 1745 4347 mala
1765 4300 2032 4366 egerunt,

388 4384 450 4440 in
481 4383 959 4438 resurrectionem
974 4381 1205 4453 judicii
1235 4381 1419 4452 (Joan.
1445 4397 1497 4446 v,
1517 4382 1605 4446 28,
1628 4379 1839 4447 29).Ad
1873 4380 2031 4438 illam

2149 3227 2376 3282 dienter
2398 3224 2803 3282 beatissimum
2829 3223 3041 3280 Christi
3065 3224 3388 3280 antistitem
3424 3229 3484 3279 et
3515 3223 3777 3278 confesso-

2150 3333 2269 3371 rem
2286 3314 2681 3378 llilarium,ita
2701 3313 3031 3370 istiusmodi
3058 3312 3328 3369 homines
3351 3313 3770 3384 redarguentem

2148 3411 2322 3476 atque
2369 3404 2659 3460 dicentem
2695 3421 2707 3458 :
2746 3404 3113 3475 [Oportuerat
3151 3402 3423 3458 homines
3471 3401 3774 3473 religiosam

2147 3493 2478 3549 divinarum
2514 3510 2706 3548 rerum
2740 3492 3043 3547 scientiam
3075 3492 3474 3562 praeferentes,
3510 3489 3607 3545 ubi
3636 3505 3773 3545 evan-

2146 3583 2340 3655 gelica:
2364 3588 2537 3654 atque
2569 3580 2897 3654 apostolicae
2921 3579 3347 3653 praadicationis
3368 3580 3583 3636 veritas
3607 3576 3771 3650 praefe-

2147 3670 2550 3740 rebat,callide
2582 3670 2962 3742 philosophiae
2995 3673 3289 3725 tortuosas
3320 3668 3668 3740 quaestiones
3695 3665 3771 3719 al)-

2138 3761 2412 3832 jicere,et
2442 3759 2647 3816 sectari
2681 3759 2875 3831 potius
2908 3758 3102 3826 ﬁdem,
3122 3774 3247 3829 quae
3274 3756 3332 3811 in
3365 3759 3479 3813 Deo
3507 3761 3627 3812 est:
3653 3752 3771 3826 quia

2144 3867 2383 3908 sensum
2402 3848 2702 3904 inﬁrmum
2731 3847 2893 3903 facile
2912 3846 3043 3902 ﬁdei
3062 3864 3179 3901 suae
3204 3846 3478 3919 praedisio
3499 3843 3769 3917 sophisma

2145 3938 2513 4013 syllogisticas
2564 3935 3035 4010 interrogationis
3080 3940 3333 4003 exueret,
3368 3951 3509 3991 cum
3541 3932 3770 4005 captiosa

2144 4028 2464 4101 propositio
2495 4028 2934 4098 responsionem
2970 4024 3318 4097 simplicem,
3344 4024 3577 4096 sibique
3598 4036 3770 4077 secun-

2144 4118 2285 4173 dum
2309 4116 2820 4189 interrogationem
2844 4132 3038 4169 rerum
3053 4110 3647 4179 obseeundantcm,ad
3663 4107 3771 4163 ulti-

2144 4223 2306 4261 mum
2332 4206 2457 4277 jam
2492 4222 2701 4260 sensus
2734 4204 2824 4259 sui
2870 4201 3323 4273 interrogatione
3375 4200 3688 4273 spoliaret:
3718 4198 3769 4251 ut

2114 4286 2296 4367 quod
2333 4294 2692 4367 professione
2723 4291 3039 4357 amisisset,
3066 4291 3121 4346 id
3145 4292 3273 4361 jam
3295 4287 3651 4345 conscientia
3668 4302 3763 4341 non

2142 4385 2404 4454 teneret].
2438 4385 2578 4438 Item
2612 4383 2765 4438 idem
2796 4380 3085 4454 gloriosus
3114 4379 3413 4435 confessor
3456 4394 3588 4434 cum
3615 4374 3764 4431 verba

388 4488 641 4543 namque
666 4488 863 4527 vocem
896 4470 1021 4527 Filii
1056 4470 1151 4526 Dei
1195 4485 1400 4524 omnes
1440 4468 1539 4539 qui
1567 4467 1626 4522 in
1658 4472 2036 4526 monumentis
2070 4488 2110 4552 ι)
2141 4471 2398 4543 Apostoli
2432 4475 2743 4543 exponeret
2773 4468 3020 4525 dicentis
3047 4469 3075 4524 ?
3105 4469 3252 4525 Videt
3280 4484 3349 4523 ne
3377 4469 3504 4539 quis
3534 4482 3617 4521 vos
3657 4478 3761 4534 spo-

383 4566 515 4617 sunt
542 4561 848 4629 precedent
878 4581 897 4615 :
931 4558 1069 4632 quia
1099 4558 1301 4614 eadem
1332 4573 1574 4628 corpora
1595 4572 1720 4628 quae
1746 4557 1803 4612 in
1833 4575 2033 4617 monu-

386 4648 599 4706 mentis
628 4653 794 4706 erant
823 4648 1011 4722 posita
1042 4646 1341 4718 recipient,
1374 4648 1430 4700 et
1460 4644 1517 4698 in
1568 4643 1789 4701 eisdem
1841 4664 2032 4706 resur-

384 4742 540 4811 gent,
572 4737 631 4793 in
655 4738 876 4795 eisdem
907 4734 1166 4791 habituri
1211 4732 1297 4789 vel
1348 4733 1831 4790 resurrectionem
1880 4737 2030 4808 vitae,

383 4826 471 4882 vel
488 4827 972 4883 resurrectionem
988 4822 1197 4895 judicii
1217 4840 1230 4890 ;
1250 4825 1313 4877 ut
1328 4825 1431 4876 aut
1451 4820 1509 4876 in
1534 4822 1677 4894 ipsis
1695 4824 2033 4895 possideant

382 4914 560 4970 vitam
582 4919 879 4981 aeternam,
904 4919 1005 4967 aut
1029 4911 1086 4966 in
1111 4911 1254 4982 ipsis
1277 4913 1523 4965 mortem
1548 4911 1842 4981 patiantur
1861 4919 2029 4971 aeter-

381 5005 777 5059 nam.Bonum
808 5006 899 5058 est
927 5000 1177 5065 nobis,et
1201 4997 1438 5054 omnino
1461 4998 1637 5054 saluti
1661 5005 1868 5057 nostra:
1893 5010 2027 5061 ante

379 5092 578 5148 omnia
607 5089 1106 5156 necessarium,ut
1135 5087 1192 5141 in
1228 5087 1358 5142 ﬁdei
1382 5087 1625 5143 veritate
1647 5094 1704 5145 et
1742 5091 2024 5164 simplici-

378 5182 493 5235 tate
511 5176 1123 5244 fundanti,timeamus
1139 5174 1466 5243 et,Domino
1490 5176 2027 5246 auxiliante,cavea—

377 5284 510 5322 mus
540 5265 684 5322 illud
717 5265 940 5322 malum
972 5265 1125 5334 quod
1148 5262 1460 5337 Apostolus
1490 5266 1756 5323 Ecclesiae
1795 5269 2023 5328 Christo

373 5355 735 5425 desponsata:
754 5358 812 5409 et
832 5356 993 5408 casta
1016 5352 1148 5407 ﬁdei
1173 5353 1505 5426 virginitate
1528 5356 1778 5426 praaditce
1819 5359 2022 5416 timere

373 5458 434 5495 se
451 5439 987 5505 denuntiat,dicens
1012 5443 1344 5514 :Despontli
1360 5442 1508 5496 enim
1534 5459 1631 5497 cos
1649 5447 1756 5498 uni
1776 5446 1899 5499 viro
1914 5448 2022 5502 vir-

372 5529 561 5599 ginem
581 5534 805 5585 castam
826 5527 937 5585 each
949 5531 1101 5587 iberc
1113 5531 1360 5588 Christo.
1377 5532 1569 5588 Timeo
1582 5538 1778 5589 autem
1793 5551 1860 5589 ne
1872 5535 2020 5592 sicut

2144 4561 2238 4616 liet
2259 4578 2364 4634 per
2391 4561 2797 4633 philosOphiam
2825 4569 2875 4616 et
2904 4561 3128 4614 inanem
3155 4559 3467 4630 fallaciam,
3497 4552 3761 4611 secundum

2141 4650 2491 4705 traditionem
2524 4649 2832 4714 hominum,
2857 4648 3155 4704 secundum
3181 4648 3446 4704 elementa
3495 4642 3691 4705 mundi,
3719 4647 3761 4695 et

2139 4755 2250 4793 non
2278 4737 2577 4794 secundum
2611 4738 2904 4793 Christum.
2940 4736 3318 4810 [Cavendum,
3339 4734 3555 4806 inquit,
3586 4732 3759 4786 adver-

2141 4845 2242 4882 sus
2274 4826 2707 4899 philosophiam
2739 4831 2845 4893 est,
2879 4830 2938 4882 et
2966 4825 3361 4880 humanarum
3402 4822 3756 4879 traditionum

2140 4932 2252 4971 non
2287 4920 2405 4970 tam
2436 4915 2707 4970 evitanda
2737 4919 2875 4970 sunt
2905 4914 3102 4970 studia
3131 4931 3308 4985 quam
3333 4911 3649 4967 refutanda.
3666 4908 3755 4963 Ne-

2138 5022 2250 5078 que
2284 5006 2440 5060 enim
2471 5003 2564 5060 his
2596 5005 2677 5059 ita
2718 5003 3154 5059 concedendum
3204 5006 3293 5057 est
3342 5000 3514 5072 quasi
3553 4996 3755 5053 vincant

2136 5094 2331 5168 potius
2362 5110 2536 5165 quam
2566 5092 2786 5148 fallant.
2812 5091 2957 5158 Quia
2978 5109 3084 5149 nos
3107 5091 3386 5147 Christum
3405 5091 3511 5146 Dei
3533 5090 3753 5144 virtutem

2133 5192 2182 5240 et
2217 5185 2317 5239 Dei
2342 5184 2674 5253 sapientiam
2693 5184 3070 5255 praedicantes
3100 5197 3335 5253 aequum
3366 5183 3457 5235 est
3497 5178 3751 5233 humanas

2133 5272 2429 5328 doctrinas
2460 5288 2574 5326 non
2608 5275 2724 5327 tam
2754 5272 3028 5345 defugere
3058 5287 3237 5343 quam
3266 5268 3609 5334 refellere,et
3629 5262 3749 5317 sim-

2132 5360 2399 5435 pliciores
2452 5377 2523 5414 ne
2573 5361 2643 5415 ab
2692 5359 2783 5416 bis
2824 5359 3151 5432 spolientur
3189 5364 3244 5414 et
3275 5359 3575 5413 obstruere
3597 5356 3647 5408 et
3674 5350 3748 5403 in-

2131 5455 2373 5506 struere.
2408 5450 2553 5505 Nam
2586 5466 2720 5504 cum
2753 5449 2938 5521 possit
2968 5449 3185 5517 omnia,
3220 5451 3277 5504 et
3304 5464 3374 5504 ea
3415 5444 3544 5519 ipsa
3581 5435 3747 5497 omnia

2131 5541 2285 5595 Deus
2317 5539 2503 5612 possit
2534 5538 2847 5611 sapienter,
2882 5543 2938 5595 et
2968 5555 3073 5595 nec
3105 5536 3301 5595 virtuti
3335 5537 3464 5607 ejus
3496 5533 3630 5590 ratio
3660 5541 3743 5582 nec
