3896 6198
282 354 397 420 2ὃ1

1386 357 1617 420 FLORI
1661 354 1976 418 DIACONI
2020 354 2591 418 LUGDUNENSIS.

284 489 559 565 Princeps
588 507 743 548 unus
768 487 1169 564 erat,populus
1194 507 1424 563 quoque
1455 490 1726 547 subditus
1748 506 1922 545 unus.
1954 488 2010 556 Α
2038 488 2115 543 Ac
2144 487 2344 544 stellas
2374 486 2600 543 radiare
2630 484 2763 559 polo
2796 485 2944 542 miro
2977 483 3171 542 omine
3200 484 3354 541 fecit.

284 581 399 637 Lex
427 580 601 636 simul
633 584 689 636 et
709 580 891 652 judex
921 584 1072 636 totas
1103 584 1408 636 ornaverat
1434 581 1628 648 urbes,

286 669 400 725 Pax
426 670 577 725 cives
605 670 812 739 tenuit,
842 670 1032 725 virtus
1063 668 1345 726 exterruit
1374 670 1593 736 hostes,

283 757 451 814 Alma
479 758 844 815 sacerdotum
876 760 1139 815 certatim
1163 776 1305 814 cura
1332 759 1564 831 vigebat

284 847 556 904 Conciliis
587 848 826 915 crebris,
851 847 1083 921 populis
1106 848 1201 920 pia
1222 848 1360 919 jura
1390 847 1753 903 ministrans.

285 936 430 992 Hinc
460 937 643 992 sacris
674 936 865 1003 cleris,
896 936 1034 992 hinc
1067 936 1334 1008 plebibus
1366 936 1715 1008 eximiisque

286 1024 652 1099 Principibus
682 1025 794 1082 late
828 1027 1139 1082 resonabat
1168 1043 1359 1082 sermo
1392 1024 1620 1082 salutis.

286 1113 599 1171 Discebant
619 1116 866 1187 juvenes
897 1115 1092 1171 divina
1120 1115 1421 1170 volumina
1451 1114 1692 1186 passim.

288 1202 572 1259 Littereas
602 1209 755 1261 artes
786 1221 1098 1276 puerorum
1135 1205 1308 1259 corda
1334 1203 1629 1260 bibebant.

287 1291 548 1348 Crimina
575 1297 726 1349 tetra
753 1293 889 1367 vigil
913 1295 1113 1349 crebro
1143 1310 1389 1350 censura
1421 1294 1660 1365 fugabat
1691 1309 1704 1349 :

287 1381 404 1437 Hos
433 1380 629 1447 timor,
663 1382 769 1437 hos
799 1386 854 1437 et
885 1400 1049 1438 amor
1078 1382 1149 1438 ad
1184 1383 1398 1439 foedera
1420 1384 1587 1454 justa
1617 1382 1877 1438 vocabat.

359 1470 508 1534 Quin
530 1470 704 1527 etiam
735 1476 1001 1528 externas
1029 1472 1163 1527 ﬁdei
1196 1473 1547 1545 conjungere
1573 1475 1776 1544 gentes

289 1558 440 1614 Cura
471 1563 679 1627 erat,et
708 1560 945 1616 domitis
973 1560 1272 1633 imponere
1302 1562 1463 1615 frena
1493 1559 1719 1615 salutis.

289 1648 435 1703 Hinc
462 1664 690 1721 pagana
720 1666 934 1705 manus
951 1651 1097 1722 juga
1126 1649 1422 1722 religionis
1452 1648 1639 1705 inibat
1669 1666 1681 1703 :

290 1737 513 1810 (a)Hinc
530 1738 768 1795 haeresis
790 1740 1313 1812 surgens,pedibus
1330 1739 1628 1794 substrata
1646 1738 1933 1811 gemebat.

2042 575 2204 640 Quod
2236 580 2565 631 monstrum
2590 574 2813 632 scimus
2837 573 3055 630 bellum
3089 573 3266 630 ferale
3296 576 3596 639 secutum,

2043 668 2164 732 Quo
2196 682 2258 721 se
2289 664 2640 722 Christicolae
2674 665 2792 720 fero
2823 664 3042 736 petiere
3072 664 3344 733 nefando,

2042 755 2111 809 Et
2139 753 2616 827 consanguineus
2647 753 2805 826 rupit
2834 752 2930 825 pia
2954 753 3170 808 fmdera
3193 769 3397 807 mucro
3432 770 3447 807 :

2041 846 2229 916 Atque
2259 845 2411 911 ferae,
2442 842 2830 916 volucresque
2881 840 3057 897 simul
3104 840 3200 913 pia
3240 840 3513 897 membra
3542 857 3699 896 vora-

3434 930 3629 1000 [runt;

2045 1024 2121 1095 (ὁ)
2153 1022 2300 1078 Cum
2331 1022 2441 1077 diri
2474 1022 2616 1078 coelo
2647 1022 2863 1078 totiens
2895 1037 3088 1077 arsere
3121 1023 3381 1087 cometas,

2045 1112 2310 1168 Humano
2341 1110 2565 1167 cladem
2597 1111 2795 1185 generi
2821 1110 3234 1182 excidiumque
3262 1109 3585 1164 minantes.

2044 1201 2199 1256 Inter
2230 1218 2376 1273 quos
2407 1218 2561 1256 unus
2595 1199 2921 1256 ﬂammanti
2954 1201 3112 1255 crine
3141 1214 3423 1255 coruscus

2044 1289 2243 1345 Mense
2277 1291 2392 1345 fere
2422 1293 2542 1345 toto
2571 1288 2901 1345 truculento
2932 1286 3157 1344 lumine
3188 1286 3376 1342 fulsit.

2043 1378 2224 1442 Quem
2252 1378 2554 1452 regionum
2586 1382 2748 1434 atrox
2776 1377 3045 1443 vastatio,
3079 1375 3258 1432 motio
3289 1391 3521 1448 regum,

2043 1469 2113 1522 Et
2142 1467 2330 1523 rabies
2362 1466 2521 1535 belli,
2544 1472 2597 1523 et
2629 1467 2789 1540 regni
2824 1467 3085 1523 scissura
3117 1469 3339 1535 secuta,

2043 1556 2346 1613 Continuis
2375 1556 2656 1612 miserum
2689 1555 2961 1628 quatiunt
2990 1553 3313 1611 terroribus
3344 1552 3573 1609 orbem.

2114 1645 2253 1711 Quis
2283 1647 2439 1715 ﬁnis,
2472 1661 2671 1718 quaeve
2702 1646 2788 1701 ira
2816 1645 2917 1700 Dei
2947 1643 3106 1700 mala
3132 1646 3295 1699 tanta
3325 1639 3647 1714 sequatur?

2044 1738 2177 1803 Quae
2202 1736 2328 1807 jam
2353 1735 2447 1790 vix
2475 1734 2689 1807 aliquis
2722 1733 3003 1807 pavitanti
3035 1733 3207 1788 corde
3235 1731 3481 1798 volutat,

288 1827 509 1883 Claruit
536 1827 674 1883 hinc
704 1828 955 1884 nimium
985 1832 1105 1884 toto
1136 1845 1279 1902 gens
1313 1829 1589 1884 Francica
1619 1828 1839 1885 mundo
1864 1845 1879 1884 :
1968 1861 2015 1926 B
2043 1825 2152 1881 Vix
2181 1824 2401 1893 recolit,
2432 1824 2527 1881 vix
2555 1823 2690 1880 inde
2723 1822 2926 1879 dolens
2958 1820 3215 1894 suspiria
3245 1820 3463 1876 fundit.

289 1916 583 1989 Famaque
614 1916 897 1972 virtutum
920 1918 1067 1973 fines
1094 1918 1416 1990 penetravit
1447 1919 1517 1973 ad
1549 1918 1719 1972 imos.

290 2006 537 2078 Legatos
568 2005 705 2062 hinc
735 2023 874 2062 suos
904 2005 1104 2079 procul
1137 2011 1332 2062 extera
1363 2022 1560 2079 regna,

288 2094 566 2163 Barbara,
599 2094 815 2164 Graeca,
848 2094 1027 2150 simul
1060 2095 1291 2150 Latium
1324 2095 1537 2151 misere
1568 2094 1845 2150 tribunal.

290 2183 436 2238 Huic
466 2182 679 2238 etenim
711 2184 888 2239 cessit
915 2184 1091 2239 etiam
1122 2200 1267 2257 gens
1294 2183 1541 2239 Romula
1570 2184 1748 2257 genti,

291 2273 743 2345 Regnorumque
775 2271 949 2327 simul
983 2277 1168 2328 mater
1200 2273 1377 2328 Roma
1414 2272 1615 2329 inclita
1643 2270 1838 2328 cessit.

293 2362 479 2435 Hujus
508 2360 589 2416 ibi
619 2359 889 2436 princeps
921 2362 1082 2435 regni
1107 2362 1439 2417 diademata
1469 2362 1726 2434 sumpsit

293 2452 532 2507 Munere
563 2449 902 2523 apostolico,
935 2450 1150 2506 Christi
1182 2450 1506 2508 munimine
1536 2451 1738 2508 fretus.

363 2540 407 2596 Ο
439 2540 824 2606 fortunatum,
858 2544 1058 2596 nosset
1087 2557 1196 2596 sua
1225 2540 1274 2596 si
1305 2540 1476 2609 bona,
1511 2557 1780 2613 regnum,

293 2628 474 2701 Cujus
505 2629 690 2685 Roma
718 2646 820 2685 arx
850 2633 957 2697 est,
989 2634 1047 2686 et
1078 2629 1205 2687 coeli
1234 2629 1483 2703 claviger
1510 2633 1732 2697 auctor,

291 2719 478 2774 Tutor
506 2720 561 2775 et
590 2722 842 2775 aeternus
873 2717 1149 2775 caelorum
1182 2718 1239 2774 in
1272 2718 1486 2775 saecula
1514 2723 1721 2786 rector,

292 2806 398 2874 Qui
432 2811 701 2864 terrestre
730 2807 883 2865 valet
913 2809 970 2863 in
1002 2808 1211 2865 cmlum
1244 2807 1445 2865 tollere
1477 2825 1722 2881 regnum

360 2898 433 2951 At
462 2913 618 2953 nunc
649 2900 849 2953 tantus
880 2915 1025 2971 apex
1052 2902 1213 2954 tanto
1240 2899 1311 2954 de
1343 2898 1599 2954 culmine
1628 2897 1831 2971 lapsus

294 2984 495 3042 Florea
526 3003 630 3043 ceu
663 2988 961 3060 quondam
993 2987 1166 3060 capiti
1199 2988 1423 3060 dejecta
1452 3004 1687 3058 corona,

293 3077 478 3141 Quam
509 3075 708 3132 varius
736 3075 880 3132 texit
909 3075 1187 3131 redolenti
1210 3077 1484 3149 gramine
1515 3076 1723 3150 fulgor,

292 3163 647 3221 Cunctorum
674 3164 883 3220 teritur
911 3164 1160 3237 pedibus
1194 3182 1207 3219 :
1241 3165 1570 3221 diademate
1602 3166 1799 3220 nudus

292 3252 552 3308 Perdidit
571 3252 801 3326 imperii
831 3253 1049 3325 pariter
1078 3269 1407 3325 nomenque
1435 3254 1751 3326 decusque,

292 3343 364 3397 Et
392 3358 637 3414 regni'm
668 3341 905 3397 unitum
931 3341 1186 3397 concidit
1214 3345 1368 3398 sorte
1398 3341 1669 3398 triformi.

294 3430 679 3502 Induperator
706 3429 787 3486 ibi
818 3447 1024 3502 prorsu
1050 3431 1177 3501 jam
1210 3447 1380 3487 nemo
1412 3436 1669 3504 putatur.

296 3518 403 3575 Pro
434 3535 567 3591 rege
597 3524 686 3574 est
714 3519 973 3592 regulus,
1007 3536 1110 3592 pro
1141 3536 1318 3594 regno
1345 3519 1636 3593 fragmina
1665 3521 1848 3594 regni.

295 3606 566 3663 Consiliis
597 3608 817 3664 crebris
848 3613 1189 3681 quaeruntur
1219 3610 1373 3665 furta
1403 3610 1648 3666 nocendi
1681 3621 1713 3667 :'

295 3700 590 3753 Conventu
611 3696 849 3753 assiduo
879 3697 1236 3771 populantur
1254 3699 1394 3771 jura
1424 3699 1652 3756 salutis.

294 3787 571 3842 Cassatur
597 3785 866 3859 generale
894 3787 1135 3856 bonum,
1168 3806 1277 3845 sua
1305 3789 1554 3862 quisque
1587 3794 1803 3846 tuetur.

296 3873 505 3931 Omnia
535 3879 673 3930 sunt
701 3892 852 3931 curae
888 3894 901 3932 :
935 3877 1089 3933 Deus
1119 3882 1209 3934 est
1238 3878 1450 3935 oblivio
1480 3878 1661 3935 solus.

296 3963 560 4020 Pastores
590 3964 821 4022 Domini
852 3965 1007 4022 soliti
1038 3983 1380 4024 concurrere
1410 3968 1468 4023 in
1501 3984 1716 4037 unum;

295 4052 550 4110 Dissidio
582 4071 799 4122 rerum,
834 4055 1137 4128 synodalia
1166 4056 1327 4113 nulla
1358 4058 1749 4130 frequentant.

296 4142 559 4198 Concicio
582 4143 708 4214 jam
740 4143 937 4215 populi
968 4144 1129 4201 nulla
1157 4150 1265 4206 est.
1290 4147 1392 4217 jus
1423 4164 1594 4202 omne
1644 4146 1903 4202 recessit.

296 4231 534 4287 Frustra
562 4230 676 4286 huc
706 4231 952 4305 legatus,
985 4233 1118 4291 aula
1147 4239 1236 4291 est
1259 4235 1359 4290 ubi
1394 4234 1572 4302 nulla,
1607 4239 1886 4290 recurrat.

296 4318 443 4383 Quid
478 4318 693 4375 faciant
722 4320 941 4393 populi,
974 4339 1119 4394 quos
1151 4323 1359 4395 ingens
1390 4322 1555 4378 alluit
1583 4321 1795 4386 Hister,

298 4409 451 4474 Quos
484 4407 744 4465 Rhemus
775 4409 1207 4484 Rhodanusque
1239 4411 1451 4483 rigant,
1493 4410 1804 4482 Ligerisve,
1838 4411 1942 4465 Pa-

1632 4499 1688 4566 [d
1698 4516 1833 4556 usve
1846 4499 1874 4554 ?

298 4586 452 4650 Quos
482 4603 685 4644 omnes
716 4588 939 4644 dudum
970 4588 1159 4644 tenuit
1189 4586 1499 4644 concordia
1529 4605 1725 4656 nexos,

296 4674 530 4732 Faedere
560 4692 716 4732 nunc
744 4681 915 4749 rupto
947 4677 1191 4733 divortia
1220 4680 1431 4732 incesta
1460 4676 1729 4749 fatigant.

367 4765 529 4838 Saepe
560 4764 783 4821 malum
813 4765 921 4821 hoc
952 4764 1121 4822 nobis
1150 4763 1407 4821 ccelestia
1436 4765 1607 4837 signa
1637 4764 1942 4832 canebant,

298 4852 442 4909 Cum
472 4854 688 4910 totiens
719 4854 914 4928 ignitae
946 4855 1120 4921 acies,
1153 4870 1257 4909 ceu
1288 4852 1436 4920 luce,
1472 4853 1767 4926 pavendaa,

301 4942 404 4998 Per
436 4943 629 4999 media
660 4943 849 4999 noctis
879 4943 1073 4999 dirum
1104 4942 1318 4997 fulsere
1348 4942 1638 5009 tcnebras,

298 5031 568 5088 Partibus
599 5038 657 5088 et
686 5031 861 5088 variis
891 5031 1224 5087 micuerunt
1251 5030 1386 5103 igne
1416 5030 1676 5087 sinistro.

300 5122 442 5176 Cum
476 5121 774 5176 mediante
803 5119 895 5175 die
924 5119 1155 5192 populis
1178 5118 1409 5191 jejunia
1438 5120 1583 5176 festa

300 5208 665 5280 Devotasque
690 5225 888 5280 preces
920 5225 1021 5280 per
1048 5208 1269 5280 templa
1299 5209 1655 5282 agitantibus
1688 5208 1875 5277 alma;

302 5296 397 5351 Sol
433 5295 685 5351 nitidum
719 5296 870 5351 tristi
902 5295 1044 5351 texit
1074 5296 1364 5371 ferrugine
1393 5297 1641 5367 vultum,

373 5440 450 5509 (α)
483 5437 579 5492 Sic
610 5436 1000 5511 Prudentibus
1030 5440 1089 5492 in
1123 5438 1455 5511 prmfatione
1485 5441 1555 5496 ad
1590 5441 1948 5497 Cathemeri-

305 5514 661 5594 non.Pugnet
688 5516 875 5594 contra
904 5509 1486 5594 hwreaeadti‘ulta‘alia
1512 5517 1714 5594 peccat
1736 5512 1950 5594 lf‘lorus

218 5616 225 5621 ι
305 5579 363 5633 in
388 5582 702 5656 poetarum
732 5579 891 5656 leges
923 5586 1029 5656 :_at
1058 5582 1481 5656 indulgendum
1509 5579 1592 5638 illi
1621 5584 1794 5656 aetati.

398 5595 702 5703 poetarum
732 5595 891 5663 leges
923 5596 936 5637 :
968 5595 1029 5637 at
1058 5595 1481 5665 indulgendum
1509 5595 1592 5638 1111
1621 5595 1794 5639 aetati.

377 5651 399 5719 (
435 5650 461 5722 )
492 5650 710 5723 Nempe
739 5666 911 5709 annis
940 5653 1046 5709 837
1075 5658 1132 5711 et
1160 5658 1428 5727 sequenti
1458 5655 1565 5710 840
1595 5660 1653 5711 et
1678 5655 1803 5710 342.

2046 1915 2343 1971 Gaudetur
2371 1914 2507 1970 fessi
2541 1930 2690 1969 saeva
2720 1910 2870 1968 inter
2897 1910 3141 1967 vulnera
3169 1910 3334 1984 regni
3371 1926 3385 1964 :

2044 2005 2114 2060 Et
2144 2020 2347 2077 pacem
2376 2003 2653 2071 vocitant,
2685 2000 2847 2057 nulla
2872 2005 2962 2057 est
2993 2001 3092 2056 ubi
3126 2000 3314 2072 gratia
3338 1998 3528 2071 pacis,

2046 2093 2175 2149 Stat
2203 2092 2394 2165 paries
2419 2091 2677 2147 subitam
2707 2090 2992 2146 minitans
3020 2088 3398 2160 validamque
3448 2085 3702 2153 ruinam,

2046 2182 2180 2238 Jam
2208 2182 2433 2238 dudum
2462 2180 2739 2249 inclinus,
2765 2177 3041 2236 scissuris
3071 2177 3333 2249 undique
3366 2175 3601 2249 plenus.

2048 2273 2116 2343 (ι’)
2150 2270 2519 2343 Illiniturque
2549 2269 2674 2326 luto
2701 2268 2901 2333 ﬂuido,
2934 2268 3225 2339 citiusque
3256 2282 3490 2323 casuro.

2047 2360 2294 2417 Mistura
2324 2359 2418 2416 hic
2450 2358 2627 2432 paleae
2651 2357 2810 2414 nulla
2832 2357 3213 2424 est,membra
3240 2354 3442 2410 omnia
3473 2356 3700 2409 nutant.

2116 2450 2247 2507 Jam
2278 2449 2429 2505 vatis
2459 2448 2646 2504 sancti
2678 2447 3060 2503 metuendum
3086 2444 3384 2502 cernimus
3412 2445 3597 2498 Amos

2045 2538 2335 2612 Compleri
2365 2539 2425 2594 in
2456 2537 2626 2594 nobis
2658 2537 2923 2594 deﬂendo
2954 2551 3025 2591 ex
3053 2533 3255 2590 ordine
3284 2533 3503 2589 visum.

2043 2629 2174 2685 Jam
2207 2628 2491 2684 Dominus
2521 2643 2759 2683 murum
2790 2623 3026 2697 linquit,
3057 2624 3347 2696 deponere
3367 2620 3613 2677 trullam

2044 2719 2176 2775 Jam
2207 2722 2393 2790 parat,
2428 2720 2485 2772 et
2514 2714 2740 2772 nullam
2770 2715 2956 2770 iratus
2985 2712 3111 2768 vult
3135 2712 3283 2768 ferre
3310 2711 3578 2766 lituram.

2043 2808 2295 2880 Jamque
2324 2806 2502 2862 etiam
2528 2805 2812 2861 uncinum
2844 2818 3155 2876 pomorum
3187 2799 3477 2872 conspicit
3504 2798 3623 2867 ille,

2046 2897 2168 2961 Quo
2198 2900 2320 2951 tota
2348 2894 2563 2952 evulsis
2594 2893 2850 2949 nudetur
2881 2891 3170 2946 fructibus
3202 2889 3396 2945 arbor.

2044 2985 2176 3041 Jam
2206 2988 2469 3041 remanet
2498 2999 2749 3055 quercus
2780 2979 3051 3036 foliorum
3084 2978 3342 3051 tegmine
3373 2977 3536 3032 nuda
3568 2992 3582 3030 :

2045 3074 2178 3131 Jam
2208 3073 2433 3130 domini
2462 3071 2731 3146 egregius
2754 3070 2922 3125 ﬂavet
2951 3068 3078 3125 sine
3108 3066 3370 3123 fontibus
3402 3065 3628 3122 hortus.

2050 3165 2133 3220 En
2164 3162 2292 3219 sitis
2321 3166 2495 3235 atque
2527 3162 2729 3228 fames,
2765 3157 2975 3215 cecinit
3003 3173 3181 3230 quam
3213 3154 3497 3228 praescius
3517 3154 3691 3221 idem,

1969 3229 2012 3296 C
2050 3252 2277 3309 Judicio
2308 3250 2539 3307 Domini
2570 3249 2741 3306 terris
2773 3246 3043 3303 immissa
3066 3248 3357 3319 perurget.

2046 3341 2307 3398 Caelestis
2334 3339 2493 3401 verbi
2524 3340 2737 3395 desunt
2759 3338 2882 3408 jam
2915 3333 3131 3409 pabula
3160 3338 3217 3391 et
3246 3333 3491 3389 imbres.

2046 3432 2162 3487 Hoc
2195 3430 2399 3486 Oriens
2424 3430 2751 3500 Boreasque
2785 3425 3028 3493 malum,
3061 3423 3170 3479 hoc
3221 3422 3412 3478 maria
3439 3420 3700 3492 undique

3328 3510 3627 3566 [clamant

3328 3518 3627 3581 [clamant.

2045 3609 2259 3665 Vocem
2289 3605 2683 3680 evangelicam
2715 3603 2908 3660 divino
2941 3620 3009 3660 ex
3034 3618 3132 3657 ore
3162 3604 3483 3656 tonantem.

2118 3697 2258 3764 Quis
2289 3713 2405 3753 non
2427 3697 2554 3768 jam
2586 3694 2779 3750 videat
2806 3692 3114 3763 doleatque
3142 3689 3363 3745 instare
3392 3686 3661 3762 piorum?

2049 3786 2229 3843 Filius
2259 3803 2330 3843 eu
2362 3784 2621 3841 hominis
2649 3782 2886 3840 veniens
2918 3799 2987 3837 ex
3018 3796 3150 3836 arce
3179 3778 3473 3851 polorum,

2049 3875 2402 3939 Invenietne,
2436 3876 2631 3947 putas,
2655 3871 2788 3927 ﬂdei
2818 3868 3064 3943 vestigia
3092 3867 3309 3924 terris?

2049 3965 2334 4021 Cordibus
2366 3962 2642 4018 humanis
2671 3960 2964 4016 latebrosa
2993 3956 3281 4015 foramina
3309 3955 3517 4028 vulpes

2050 4054 2372 4110 Immundas
2401 4055 2459 4108 et
2488 4050 2616 4107 coeli
2649 4050 2818 4106 nidos
2849 4049 3033 4104 fecere
3059 4046 3345 4103 volucres.

2052 4144 2233 4200 Fraus
2264 4143 2387 4198 hanc
2417 4144 2589 4213 atque
2618 4144 2815 4195 tumor
2843 4136 2955 4194 diri
2986 4137 3103 4192 late
3132 4133 3356 4192 obtinet
3394 4133 3579 4190 hostis
3612 4148 3624 4187 :

2050 4232 2166 4288 Nec
2196 4231 2360 4288 locus
2390 4234 2479 4286 est
2503 4228 2753 4295 Christo,
2787 4244 2902 4300 quo
2930 4225 3019 4282 vel
3050 4229 3226 4297 caput
3253 4222 3355 4279 ille
3384 4222 3619 4279 reclinet

2122 4321 2252 4377 Haec
2282 4321 2433 4376 inter
2462 4321 2659 4392 gemat
2688 4321 2747 4373 et
2770 4316 2913 4371 fidat
2940 4332 3082 4388 grex
3115 4312 3211 4368 ille
3246 4311 3519 4386 pusillus,

2052 4410 2156 4466 Cui
2189 4410 2357 4465 Pater
2382 4406 2581 4464 aeterni
2610 4409 2914 4463 conservat
2945 4403 3160 4478 gaudia
3190 4402 3376 4475 regni,

2054 4499 2429 4571 Deducatque
2458 4494 2642 4553 oculis
2670 4494 2957 4568 lacrymas
2982 4496 3280 4564 noctuque
3310 4489 3542 4562 dieque,

1971 4597 2019 4663 Ι)
2047 4594 2127 4649 Ac
2156 4589 2428 4664 precibus
2457 4586 2584 4643 vitae
2615 4584 2861 4659 pulsans
2890 4584 2961 4641 ad
2990 4582 3200 4638 limina
3230 4584 3475 4654 perstet.

2046 4681 2333 4752 Exposcat
2358 4692 2523 4732 veros
2551 4673 2803 4730 inhianti
2835 4676 3063 4745 pectore
3094 4687 3276 4742 panes

2054 4770 2218 4833 Tres,
2250 4763 2566 4838 evangelici
2595 4764 2882 4818 memorat
2907 4776 3056 4833 quos
3086 4758 3303 4832 pagina
3330 4757 3517 4813 verbi.

2014 4920 2017 4923 γ
2050 4858 2202 4914 Vera
2231 4856 2376 4913 fides
2399 4853 2667 4910 confessa
2694 4852 2877 4908 Deum
2908 4867 3011 4923 per
3041 4846 3254 4906 saecula
3282 4847 3532 4914 trinum,

2054 4948 2159 5004 Hts
2189 4945 2404 5001 fruitur
2433 4942 2705 5015 dapibus,
2737 4940 2831 4996 his
2860 4940 3045 4995 fidum
3075 4937 3265 5011 pascit
3290 4936 3571 4993 amicum.

2053 5037 2179 5092 Non
2210 5033 2465 5106 lapidem
2496 5034 2707 5097 sumet,
2743 5029 2790 5086 si
2823 5044 3039 5101 panem
3070 5024 3327 5100 postulet
3359 5038 3617 5097 unquam
3647 5036 3659 5074 :

2056 5125 2171 5180 Nec
2200 5139 2304 5195 pro
2336 5122 2494 5193 pisce
2525 5123 2701 5192 caput
2727 5116 2904 5173 virosi
2938 5115 3192 5173 sentinet
3221 5113 3394 5187 hydri
3430 5129 3444 5167 :

2057 5214 2172 5269 Nec
2202 5227 2305 5284 pro
2336 5226 2439 5264 ovo
2471 5207 2648 5264 fallax
2677 5205 2884 5261 illudet
2905 5203 3171 5277 scorpius
3195 5201 3317 5271 olli,

2060 5303 2271 5358 Fronte
2299 5297 2458 5355 velut
2487 5296 2670 5363 mitis,
2705 5294 2807 5351 sed
2840 5294 3039 5351 cauda:
3067 5292 3308 5348 vulnere
3338 5307 3548 5347 saevus.

2130 5445 2200 5517 (ο)
2223 5444 2338 5499 Hoc
2368 5459 2437 5517 ex
2463 5439 2791 5517 imitatione
2819 5434 3140 5517 Ezechielis
3168 5433 3229 5517 in
3271 5450 3400 5517 cap:
3432 5443 3689 5517 x_1-u,ver§.

2059 5504 2213 5573 12‘e't
2243 5531 2365 5586 seq.
2400 5512 2563 5576 Quod
2595 5508 2972 5586 subditurde
3000 5505 3199 5564 Amosi
3231 5504 3692 5579 prophetia,peli-

2058 5591 2155 5644 tur
2184 5604 2252 5643 ex
2281 5581 2407 5658 cap.
2440 5600 2561 5647 vm,
2592 5599 2743 5638 vers.
2774 5581 2798 5637 l
2837 5584 2893 5637 et
2921 5582 2977 5636 2.
