3896 6198
219 339 334 403 253
1606 337 1701 401 CA
1715 340 1757 400 ll

2100 337 2269 399 111A.
3516 336 3638 401 254

218 474 361 529 Nam
392 469 532 544 pius
570 469 666 528 ille
694 471 883 542 Pater,
917 470 1017 544 qui
1050 470 1179 529 fons
1208 469 1485 528 bonitatis
1515 471 1780 541 habetur,
1901 472 1957 538 Α
2058 470 2369 545 Cornipeta
2396 469 2455 528 in
2488 467 2803 529 Dominum
2833 468 3072 544 turgida
3098 468 3246 528 colla
3273 468 3488 528 vibras.

217 561 289 618 Ut
319 559 406 617 sol
438 564 655 634 sponte
689 560 890 633 micat,
924 578 1027 617 ceu
1063 562 1193 618 fons
1222 561 1514 618 uberrime
1544 567 1764 628 manat,
1983 561 2134 617 Dum
2168 561 2473 635 phrenesis
2504 560 2709 617 furiale
2743 561 2965 618 malum
2998 564 3100 617 tua
3126 560 3350 617 viscera
3375 561 3528 617 ferro

218 651 404 723 thue
434 649 599 706 ultro
630 650 900 724 placidus
931 655 1086 707 rorat
1120 651 1188 707 de
1212 651 1469 708 nubibus
1500 652 1688 707 imber
1717 669 1730 707 :
2054 653 2134 707 Te
2166 650 2399 725 proprio
2429 653 2692 723 expetere
2725 650 2901 718 cohit,
2933 653 2991 705 et
3019 649 3144 722 ipse
3174 650 3386 707 nescis.

218 740 305 796 Sic
336 740 494 795 bona
521 743 739 795 cuncta
768 739 893 796 suis
925 758 1105 813 prono
1137 741 1317 796 donat
1347 741 1589 796 numine
1621 740 1797 809 natis,
1980 740 2210 797 Justius
2242 740 2461 796 invidia
2493 740 2638 796 nihil
2669 732 2777 806 est,
2803 757 2931 812 quae
2960 738 3229 812 protinus
3257 738 3453 812 ipsum

217 827 320 896 Qui
352 833 556 884 tamen
591 828 748 891 hunc
767 847 901 885 vera
933 829 1065 885 fidei
1096 830 1308 901 pietate
1336 830 1644 900 requirunt
1677 849 1690 886 :
2052 831 2361 886 Auctorem
2396 830 2571 899 rodit,
2605 827 3012 901 excruciatque
3043 827 3330 885 animum.

216 917 318 984 Qui
350 918 510 990 quod
546 935 653 990 spe
683 919 1065 992 sitiunt,puro
1099 918 1533 991 amplectuntur
1558 937 1754 977 amore
1784 938 1797 976 :
1980 919 2250 976 Ecclesiae
2281 919 2636 976 reverendus
2666 918 2849 974 bonos
2881 934 2915 973 a
2943 921 3207 991 tempore
3236 917 3450 990 prisco,

217 1008 318 1073 Qui
350 1007 508 1063 bona
535 1008 660 1064 sive
691 1007 846 1063 mala
876 1007 1161 1064 ﬂuitantis
1189 1013 1407 1064 temere
1436 1010 1642 1065 mundi
2050 1009 2424 1081 Principibus
2457 1007 2710 1064 summis
2744 1005 3211 1079 pressulibusque
3240 1006 3379 1080 piis,

213 1096 457 1164 Norunt,
492 1095 860 1170 instantique
891 1098 1075 1153 Deum
1096 1097 1308 1152 virtute
1340 1103 1687 1170 sequuntur.
1979 1097 2285 1154 Curricula
2314 1114 2604 1153 annorum
2635 1097 2847 1152 ﬂorens
2875 1111 2980 1169 per
3007 1095 3263 1169 plurima
3294 1093 3478 1166 fulsit,

281 1186 325 1243 Ο
356 1184 613 1242 Domine
644 1187 1117 1259 omnipotens,da
1145 1187 1315 1242 nobis
1347 1190 1542 1243 mente
1571 1187 1764 1244 videre
2049 1187 2170 1242 Sub
2203 1186 2420 1259 pietate
2450 1190 2685 1258 patrum
2717 1184 2964 1257 pignora
2992 1185 3170 1240 chara
3203 1184 3401 1241 fovens
3434 1202 3449 1240 :

212 1275 314 1331 Tot
344 1273 524 1340 mala,
552 1279 641 1331 tot
672 1275 865 1331 clades
890 1296 904 1345 ς
937 1279 993 1331 et
1024 1280 1107 1332 tot
1126 1275 1503 1348 lacrymanda
1534 1274 1752 1349 pericla
1976 1277 2042 1331 Et
2068 1275 2288 1348 gallina
2317 1275 2444 1349 pios
2475 1289 2798 1348 pennarum
2828 1272 3085 1346 tegmine
3115 1273 3269 1329 fetus

216 1364 296 1421 Da
323 1380 582 1437 gemere,
613 1368 673 1421 et
703 1368 822 1421 toto
849 1365 938 1420 fac
970 1382 1075 1421 nos
1107 1382 1174 1420 ea
1206 1366 1379 1421 corde
1409 1365 1623 1431 dolere,
2050 1364 2293 1438 Mystica
2322 1363 2639 1421 mundanis
2668 1362 2809 1419 texit
2840 1363 2911 1418 ab
2944 1360 3197 1417 insidiis.

214 1453 603 1525 Assiduisque
628 1457 796 1508 tuum
829 1454 1096 1526 precibus
1129 1454 1439 1526 deposcere
1468 1471 1708 1510 numen.
1975 1453 2279 1528 Agnoscis,
2315 1454 2373 1509 ni
2406 1452 2595 1521 fallor,
2630 1451 2786 1510 enim
2820 1465 2947 1524 qua
2970 1448 3206 1507 nomine
3235 1448 3338 1506 tali

218 1542 320 1609 Qui
347 1542 503 1615 regis
539 1541 740 1611 Israel,
774 1542 868 1599 cui
900 1560 1012 1599 non
1046 1542 1300 1599 dormiat
1328 1543 1389 1598 in
1420 1560 1604 1599 mvum
2044 1542 2195 1600 Voce
2226 1542 2562 1617 evangelica
2591 1546 2794 1598 sancta
2827 1544 3060 1598 notetur
3087 1538 3229 1596 avis.

217 1629 420 1687 Omnia
449 1632 824 1706 conspiciens
855 1633 1098 1690 oculus:
1131 1632 1232 1705 qui
1261 1631 1386 1705 lege
1413 1633 1650 1706 perenni
1976 1631 2079 1688 Illa
2109 1631 2374 1688 dolenter
2402 1632 2524 1687 avis
2555 1631 2732 1688 etiam
2766 1647 2922 1685 nunc
2952 1628 3190 1703 garrula
3218 1626 3451 1696 clamat,

217 1720 398 1793 Erigis
429 1718 635 1789 elisos,
661 1720 831 1777 elidis
861 1726 919 1778 et
947 1722 1073 1794 ipse
1104 1723 1408 1795 superbos,
2044 1723 2115 1777 Et
2142 1725 2341 1778 nostro
2372 1721 2630 1794 gemitus
2658 1720 2874 1793 promit
2907 1719 2980 1775 ab
3009 1735 3107 1775 ore
3139 1718 3286 1791 pios.

218 1808 597 1883 Supplicibus
625 1810 1126 1879 veniam,tumidis
1152 1812 1516 1884 properando
1548 1812 1802 1867 ruinam.
1894 1844 1942 1910 Β
1976 1812 2173 1883 Teque
2203 1811 2367 1884 prius
2399 1828 2577 1883 quam
2608 1809 2763 1866 calce
2793 1814 3151 1880 secet,quam
3172 1808 3437 1864 verberet
3466 1805 3620 1875 aliis,

217 1900 298 1955 Tu
328 1915 454 1965 nos,
487 1905 695 1955 sancte
728 1900 911 1967 Pater,
943 1899 1037 1956 hic
1065 1901 1302 1957 verbere
1333 1900 1549 1956 caedere
1581 1904 1821 1972 paterno
1847 1919 1860 1957 :
1897 1897 1940 1910 υ
2043 1901 2345 1973 Quamque
2376 1899 2564 1957 oculis
2595 1898 2825 1973 spoliet,
2860 1898 2943 1955 sic
2975 1897 3195 1971 pietata
3222 1900 3406 1952 vocat.

217 1990 298 2045 Tu
326 1988 487 2061 virga
516 1988 849 2062 baculoque
876 1993 978 2045 tuo
1009 2006 1115 2046 nos
1147 1990 1393 2063 corripe,
1429 1990 1599 2045 ﬁrma
1634 2006 1646 2045 :
1973 1989 2017 2045 Ο
2051 1988 2133 2045 illi
2161 1989 2457 2056 Moduine,
2491 1989 2597 2045 tibi
2629 1988 2788 2062 (nam
2821 1987 3037 2061 pignus
3066 1990 3123 2042 et
3151 1985 3277 2059 ipse

216 2078 389 2134 Omne
422 2078 652 2134 malum
686 2079 891 2135 mundi
924 2080 1026 2135 ﬁat
1055 2079 1327 2152 purgatio
1358 2079 1564 2135 nostri.
2042 2080 2118 2135 Es
2151 2082 2438 2145 nostrum,
2473 2081 2672 2135 nostro
2704 2078 2861 2134 fotus
2890 2080 2947 2132 et
2976 2076 3036 2131 in
3068 2074 3309 2149 gremio)

218 2166 318 2233 Qui
346 2170 400 2223 te
430 2184 670 2240 semper
698 2171 920 2235 amant,
954 2170 1112 2225 omni
1145 2167 1481 2224 discrimine
1508 2172 1790 2235 crescant,
1973 2167 2120 2236 Quid
2151 2184 2291 2242 rogo
2320 2167 2663 2235 commerui,
2696 2170 2859 2223 tanto
2888 2165 3043 2238 quod
3073 2168 3335 2237 tempore
3364 2165 3514 2231 tuta,

221 2256 500 2322 Quatinus
533 2257 720 2330 erepti
749 2258 937 2331 pelagi
969 2258 1039 2315 de
1071 2258 1345 2314 fluctibus
1377 2257 1539 2326 atris,
2045 2256 2296 2314 Sedibus
2325 2275 2356 2314 e
2386 2256 2633 2329 placidis
2663 2254 2909 2329 pignora
2936 2258 3140 2310 nostra
3170 2251 3383 2326 fugas?

222 2346 402 2418 Teque
430 2345 804 2420 gubernante
826 2363 952 2419 jam
983 2352 1216 2420 portum
1243 2346 1404 2420 pacis
1434 2348 1648 2420 adepti,
1973 2348 2119 2414 Quid
2152 2347 2296 2402 mihi
2331 2345 2601 2403 tristitias
2628 2343 3079 2417 cumulas?quid
3111 2343 3326 2416 gaudia
3353 2344 3623 2398 truncas?

224 2434 536 2507 Carpamus
562 2434 796 2491 dulcem
827 2435 979 2491 tristi
1011 2436 1081 2492 de
1111 2436 1333 2493 semine
1365 2436 1614 2510 frugem,
2044 2438 2189 2494 Cum
2222 2437 2475 2511 gaudere
2506 2453 2635 2491 mea
2665 2452 2759 2491 me
2788 2433 2985 2491 sobole
3016 2432 3174 2488 haud
3205 2430 3469 2505 pateris?

227 2523 618 2598 Perpetuaque
652 2528 782 2581 tuos
814 2525 1147 2582 recinamus
1176 2525 1349 2582 laude
1379 2526 1729 2600 triumphos.
1974 2528 2064 2584 Me
2096 2527 2402 2600 pietas,me
2432 2526 2625 2598 prisca
2655 2522 2800 2581 ﬁdes
2826 2522 3157 2579 munimine
3188 2520 3322 2578 torti

2042 2616 2330 2683 Cinxerat,
2361 2620 2418 2672 et
2447 2614 2619 2671 certis
2649 2617 2913 2687 sepserat
2942 2611 3197 2668 auxiliis.

1972 2704 2197 2778 Quique
2227 2704 2403 2762 etiam
2434 2703 2740 2777 accipitres
2770 2703 3002 2758 fuerant
3032 2699 3308 2773 milvique
3353 2715 3617 2773 rapaces,

313 2781 333 2806 ⁸
361 2782 432 2821 ΑΙ.)
471 2782 786 2823 MODUINUM
826 2784 1384 2825 AUGUSTODUNENSEM
1424 2786 1769 2827 EPISCOPUM.
2040 2796 2119 2850 Ac
2148 2793 2304 2850 soliti
2333 2798 2504 2850 natos
2533 2792 2815 2850 dilaniata
2844 2806 3006 2847 meos
3030 2808 3044 2859 ς

1972 2883 2033 2938 In
2065 2883 2323 2955 placidas
2347 2882 2497 2939 versi
2528 2882 2725 2938 subita
2752 2880 2968 2954 pietate
2992 2880 3316 2946 columbas,

367 2901 441 2955 De
469 2901 681 2973 injuata
706 2904 990 2958 vexatione
1020 2903 1275 2961 Ecclesia:
1300 2904 1698 2975 Lugdunensis.
1972 2901 2497 2981 19AP1801033_‘:9P31
2528 2901 2725 2981 εξωιιει
2752 2901 2968 2981 Ριθπςεξιθ
2992 2901 3076 2980 εοξ

2039 2972 2226 3028 Cursu
2259 2972 2424 3028 avido
2456 2976 2689 3027 nostros
2718 2972 3004 3043 expetiere
3030 2972 3197 3025 sinus
3231 2984 3244 3024 :

222 3058 470 3133 Egregie,
505 3060 803 3129 Moduine,
833 3062 955 3117 viro
984 3063 1089 3118 tibi
1122 3063 1291 3120 mitto
1323 3064 1598 3131 salutem,
1967 3062 2356 3134 Depositoque
2385 3066 2548 3117 truce
2578 3059 2812 3134 ingenio
2840 3075 2942 3116 seu
2973 3058 3210 3115 nomine
3234 3060 3416 3125 torvo,

285 3146 530 3220 Exiguus
564 3165 801 3221 magno,
833 3148 964 3204 vilis
995 3154 1050 3206 et
1080 3149 1309 3206 eximio.
1894 3215 1928 3225 _
2038 3151 2284 3207 Nomine
2314 3156 2369 3207 et
2399 3151 2631 3225 ingenio
2660 3148 3067 3222 complacuere
3099 3164 3248 3203 meo.

224 3235 353 3290 Sum
385 3236 782 3304 modicus,sed
817 3254 1031 3311 magna
1055 3238 1444 3313 loquarzquia
1476 3241 1728 3297 maxime
1759 3242 1853 3297 ille
1886 3215 1928 3282 δ
1967 3239 2246 3313 Hospitiis
2276 3240 2491 3296 haesere
2523 3239 2692 3306 meis,
2724 3255 2855 3294 mea
2884 3254 3063 3311 parva
3091 3237 3275 3293 secuti

284 3323 454 3397 Cujus
484 3342 579 3381 res
611 3343 787 3398 parvo
818 3328 1074 3383 carmine
1104 3346 1261 3385 nunc
1293 3330 1505 3403 agitur.
1723 3333 1853 3399 [est,
2035 3328 2271 3397 Pabula,
2305 3334 2362 3385 et
2390 3328 2659 3385 innocuis
2688 3328 2877 3383 vivere
2908 3326 3154 3383 deliciis.

222 3412 323 3469 Res
351 3413 543 3470 divina
572 3414 681 3470 tibi
716 3415 1048 3472 cantabitur
1081 3433 1093 3473 :
1123 3418 1334 3492 arrige,
1368 3436 1584 3492 qumso,
1964 3417 2173 3474 Rostra
2203 3434 2548 3490 unguesque
2577 3418 2731 3473 feros
2761 3416 2895 3489 quis
2925 3432 3019 3471 me
3047 3420 3276 3471 vastare
3321 3414 3608 3487 solebant,

284 3501 566 3560 Sollicitas
598 3521 794 3572 aures,
827 3510 884 3560 et
914 3505 1009 3578 pia
1038 3507 1213 3562 corda
1245 3508 1475 3563 adhibe.
2030 3507 2266 3564 Vertere
2296 3507 2355 3563 in
2392 3511 2659 3563 nostrum
2690 3506 2940 3562 dulciter
2957 3504 3329 3577 obsequium.

219 3588 343 3646 Esto
372 3609 616 3660 memor,
652 3594 930 3666 quoniam
961 3594 1139 3651 duras
1171 3595 1270 3668 qui
1307 3601 1627 3670 praegravat
1656 3615 1849 3668 auras,
1957 3596 2243 3653 Adversas
2274 3596 2537 3653 volucres
2566 3594 2776 3651 virtute
2808 3599 2981 3668 atque
3007 3611 3105 3651 ore
3135 3592 3446 3666 repellunt,

282 3680 360 3735 Ad
388 3681 620 3737 Domini
648 3681 835 3757 legem
867 3689 995 3739 vcta
1024 3683 1226 3740 odiosa
1255 3685 1393 3741 facit
1425 3701 1438 3741 :
2031 3685 2122 3741 Me
2149 3685 2308 3758 vigili
2340 3685 2557 3756 studio,
2592 3702 2686 3741 me
2717 3684 2933 3758 pietate
2964 3684 3178 3740 fovent.

220 3766 280 3821 Et
305 3786 512 3827 vacuas
543 3771 730 3827 defert
760 3772 831 3828 ad
864 3771 1078 3829 Christi
1111 3772 1318 3829 altaria
1345 3791 1533 3843 voces,
1956 3775 2335 3848 Agnoscisne,
2367 3791 2527 3848 rogo,
2560 3774 2903 3830 veneranda
2932 3773 3246 3846 aanigmata
3275 3771 3524 3828 matris?

281 3856 549 3932 Pauperis
580 3860 654 3916 ad
687 3878 883 3917 vocem
914 3862 1137 3918 viscera
1165 3863 1346 3918 cruda
1374 3880 1604 3934 gerens.
2028 3866 2097 3920 Et
2126 3882 2257 3920 mea
2288 3865 2428 3938 quid
2461 3865 2697 3938 signent
2722 3863 2971 3936 mystica
3000 3864 3175 3919 verba
3207 3862 3368 3936 capis
3387 3863 3417 3919 ?

218 3945 369 4012 Quid,
402 3966 620 4020 quaeso,
651 3955 1025 4006 sacrosancta
1054 3951 1161 4007 tibi
1192 3952 1487 4008 nutricula
1518 3957 1737 4024 nostra,
1954 3956 2041 4010 An
2073 3953 2403 4011 miserande
2427 3970 2620 4009 meam
2650 3969 2757 4009 nec
2780 3952 2869 4008 vis
2892 3969 3239 4025 cognoscere
3269 3969 3492 4020 vocem,

276 4036 453 4108 Atque
484 4039 689 4095 eadem
721 4039 971 4112 genitrix
1000 4040 1257 4097 Ecclesia
1284 4041 1406 4097 haec
1438 4042 1696 4099 meruit?
2027 4041 2305 4115 Displicet
2335 4046 2508 4114 atque
2539 4041 2725 4098 oculis
2756 4041 3006 4113 hispada
3035 4041 3223 4096 forma
3247 4038 3366 4096 tuis
3388 4041 3416 4095 ‘I

218 4121 282 4177 Ut
304 4124 500 4183 furiale
532 4127 735 4183 odium
769 4128 933 4184 lerali
963 4134 1193 4201 pectore
1223 4146 1485 4198 versans,
1954 4134 2034 4188 Te
2064 4131 2318 4205 gemitus
2344 4136 2544 4187 noster
2570 4130 2814 4204 peperit,
2850 4134 2905 4186 te
2936 4129 3216 4202 parvulus
3247 4133 3440 4185 ortum

278 4212 453 4269 Moliri
485 4216 637 4273 hanc
668 4220 871 4273 contra
893 4216 1036 4274 talia
1067 4235 1181 4275 non
1215 4222 1462 4276 metuas.
2024 4221 2274 4277 Nidulus
2304 4220 2546 4293 excepit,
2579 4225 2634 4276 te
2664 4220 2824 4276 calor
2850 4219 2947 4276 hic
2979 4219 3123 4274 aluit
3148 4237 3161 4287 ;

217 4299 487 4361 Discindis
516 4303 697 4378 leges,
732 4322 1023 4363 canonum
1056 4324 1222 4364 sacra
1244 4309 1384 4381 jura
1414 4307 1663 4377 revellis,
1955 4311 2015 4367 In
2048 4310 2360 4383 lucemque
2389 4311 2650 4378 trahens,
2685 4310 2997 4365 tenebrosa
3024 4307 3320 4382 ergastula
3343 4307 3527 4382 rapit:

278 4389 417 4447 Dum
448 4398 716 4449 materna
747 4397 921 4451 modo
952 4396 1173 4452 viscera
1194 4397 1336 4469 proh
1364 4397 1376 4452 !
1413 4397 1661 4472 subigis,
2021 4403 2184 4473 Aque
2214 4399 2373 4456 dedit
2400 4400 2538 4468 vita,
2574 4399 2725 4466 luce,
2759 4398 2947 4455 salute
2973 4398 3108 4455 frui.

216 4476 316 4534 Nec
344 4482 556 4537 metuis
586 4484 831 4541 demens
860 4484 1048 4541 calces
1077 4484 1301 4543 illidere
1331 4486 1579 4557 Christo,
1951 4489 2111 4545 Haere
2141 4488 2322 4563 igitur
2353 4487 2545 4556 matri,
2577 4486 2779 4543 dulces
2811 4502 2884 4542 ne
2915 4486 3116 4542 desere
3145 4484 3353 4540 fratres
3384 4499 3397 4538 :

276 4567 348 4623 De
372 4572 540 4642 cujus
571 4572 811 4629 stimulo
842 4578 1006 4646 terga
1035 4578 1277 4631 cruenta
1307 4576 1482 4649 geris.
1872 4589 1919 4652 ι)
2004 4578 2241 4651 Ηονυῐη
2273 4577 2435 4633 solus
2465 4593 2630 4633 amor
2658 4580 2747 4633 est
2775 4574 2882 4630 tibi
2913 4578 3071 4631 certa
3100 4572 3281 4630 salus.

214 4653 378 4728 Terga
406 4664 647 4716 cruenta
676 4661 850 4735 geris,
885 4679 990 4719 nec
1023 4661 1254 4720 sulcum
1286 4664 1549 4739 corrigis,
1576 4671 1633 4722 et
1667 4667 1771 4723 bos
1945 4668 2061 4724 Cur
2090 4666 2241 4722 hanc
2272 4667 2660 4739 persequeris,
2694 4682 2799 4722 cur
2826 4663 3020 4721 dulcia
3050 4663 3295 4736 pignora
3324 4661 3515 4736 carpis
3534 4662 3562 4717 ?

272 4791 291 4816 ⁸
318 4780 429 4862 Hoc
454 4784 703 4862 alterum
747 4802 982 4843 carmen
1025 4788 1308 4862 scriptum
1357 4793 1446 4846 est
1488 4792 1560 4847 ad
1612 4791 1838 4848 Modoi-
1950 4791 2057 4848 Ubi
2090 4790 2302 4862 mirari
2324 4791 2485 4862 subit
2514 4790 2654 4862 quid
2681 4790 2838 4862 juris
2869 4786 3596 4862 fueritAModoino,Lugdu-

214 4866 336 4907 num
358 4857 950 4929 Augustodunensem
981 4857 1342 4932 episcopum,
1377 4861 1478 4933 qui
1948 4862 2151 4919 nensis
2177 4860 2446 4934 Ecclesiae
2475 4857 2862 4934 suﬂ‘raganeo,
2894 4860 2955 4916 in
3002 4857 3369 4934 Metropolim
3399 4857 3591 4934 suam.

1946 4933 2237 4989 Nimirum
2266 4932 2405 5005 quia
2434 4931 2805 5005 magna'ejus
2833 4936 2960 5005 erat
3007 4931 3163 5005 apud
3192 4931 3591 5005 ’Ludovicum.

248 5063 259 5074 ,
295 5064 326 5076 ,_
348 5001 990 5076 "“‘?""_,"'“__"_"°_"“°'"'
1013 5001 1075 5076 _‘”
1104 5001 1224 5016 “'“'
1259 5001 1450 5076 "‘_"“_“°
1539 5074 1546 5076 _
1944 5005 2082 5061 Pius
2113 5001 2654 5076 auctoritas,gfacile
2682 5001 2793 5076 ipsi
2825 5001 2936 5076 fuit
2966 5001 3267 5076 gaulante
3286 5002 3591 5076 Agebat-do

212 5063 486 5149 diciturjn
518 5071 634 5127 alio
665 5071 815 5149 Flori
848 5071 1126 5149 carmine,
1146 5072 1316 5149 quod
1360 5072 1704 5149 Petavianus
1737 5092 1831 5132 co-
1942 5076 2401 5149 archiepiSCOpo,
2436 5063 2515 5128 'in
2556 5063 3249 5149 jura-ipsiusdﬁcclesiaa
3298 5063 3590 5130 invadere.

213 5134 307 5219 gfx
337 5139 563 5219 _iti_dem
632 5142 966 5219 continebat
1050 5134 1249 5219 (viden
1278 5146 1472 5219 infra).
1557 5145 1659 5219 Hic
1741 5153 1832 5204 est
1944 5147 2108 5204 Certe
2134 5134 2490 5219 quamibene
2521 5134 2784 5219 audierit.
2809 5143 2965 5215 apud
3001 5143 3380 5219 Ludovicum,
3413 5161 3593 5219 argu-

215 5204 908 5298 llltlatwinusepiscopus,
954 5204 1129 5298 quem
1177 5204 1536 5298 Walafridgs
1585 5217 1830 5298 St_ra_b_us
1943 5204 2259 5298 mento‘est
2288 5214 2591 5298 '_l‘_hepdulﬁ
2625 5204 2865 5298 carmen:
2890 5213 3350 5298 pgaacitatumgx
3367 5204 3588 5298 quoin-

212 5282 449 5359 versibus
478 5282 1323 5361 itide'mcelebravitﬁdemque
1344 5287 1829 5361 cuii‘Theodulfus
1940 5289 2261 5361 telligimus
2293 5287 2635 5361 Moduinum
2668 5282 2994 5361 Tlieodulfo
3043 5282 3403 5361 persuadere
3420 5286 3587 5361 moli-

212 5356 792 5439 Epismpus‘inscribit
808 5357 919 5439 lib.
955 5375 1028 5426 IV,
1062 5356 1295 5439 carmen
1326 5358 1490 5439 t5.H_ic
1521 5374 1653 5416 vero
1676 5377 1829 5439 seve:
1938 5356 2278 5439 tum'fuisse
2308 5362 2379 5439 ut
2401 5358 2621 5439 crimen
2641 5356 2751 5413 sibi
2783 5358 2855 5413 ab
2885 5356 3587 5439 imperatoreimpositum

212 5427 596 5504 riuacarpitur
627 5428 962 5504 Modu_inu_s,
987 5429 1152 5504 quod
1184 5431 1521 5504 nutriculam
1555 5447 1737 5504 suam,
1769 5433 1827 5488 id
1938 5435 2277 5504 agnosceret
2306 5430 2704 5504 fatereturque
2728 5445 2749 5504 _:
2785 5429 2939 5500 quod
2972 5427 3023 5504 is
3052 5427 3585 5504 innocens—detrec-

213 5444 317 5476 nus
344 5444 596 5553 carpitur
628 5444 962 5499 monuinus,
998 5444 1152 5502 quoa
1184 5444 1521 5485 nutrzcutam
1555 5447 1737 5495 suam,
1769 5444 1827 5488 Id
1938 5444 2277 5504 agnosceret
2306 5444 2704 5500 iatereturque
2737 5445 2749 5482 :
2785 5444 2939 5500 quoa
2972 5445 3023 5483 IS
3052 5444 3334 5483 innocens
3364 5444 3582 5483 detrec-

212 5495 285 5573 est
312 5493 428 5573 Lug
471 5515 755 5554 unensem
784 5500 1189 5573 Ecclesiam,i_n
1219 5503 1390 5573 cujus
1421 5500 1826 5573 sinuadoleve-
1936 5504 2097 5559 tavit.
2132 5505 2204 5557 At
2233 5500 2447 5573 clarius
2478 5498 2740 5573 Moduini
2774 5500 3178 5573 auctoritatem
3211 5499 3418 5571 probat
3445 5499 3582 5554 Wa-

212 5567 288 5645 I'a‘t
313 5567 455 5645 male
482 5570 1011 5641 tractaverat,illius
1042 5567 1309 5629 Ecclesiae
1338 5571 1578 5629 clericos
1591 5573 1827 5632 trahens
1935 5573 2202 5641 lafridus,
2235 5588 2369 5628 eum
2403 5570 2600 5628 Galliae
2627 5580 2903 5644 proretam
2936 5567 3258 5645 appellans.

213 5632 270 5688 ad
295 5638 555 5697 saeculare
598 5632 843 5700 storum'
875 5649 1077 5701 contra
1123 5660 1415 5700 canonum
1466 5644 1821 5717 praescripta.

348 4960 566 5028 Augusti
596 4968 792 5014 montis
821 4968 1001 5029 pastor
1021 4966 1075 5015 in
1104 4980 1224 5016 arce
1257 4970 1450 5029 potens
