3896 6198
292 355 410 418 255
1389 368 1622 432 FLORI
1668 367 1830 431 DIAC

2165 367 2609 431 iDUNENSIS.
3586 369 3703 432 256

364 490 490 548 Non
521 489 642 549 haec
670 498 860 552 rostra
889 495 994 553 tibi
1028 503 1228 555 nostra
1259 501 1445 573 figura
1476 502 1654 559 dedit.
1971 503 2021 569 Α
2056 500 2362 557 Infremuit
2391 500 2597 556 mundi
2630 498 2859 557 Christo
2890 498 3151 557 veniente
3182 504 3462 573 potestas,

294 580 500 637 Tunde
530 582 713 655 igitur
735 589 948 642 tetrum
975 588 1148 644 rostri
1178 590 1533 648 damnabilis
1567 611 1783 649 uncum
1819 610 1831 648 :
2126 590 2411 646 Gentilem
2445 595 2509 645 ut
2534 590 2763 662 plebem
2790 594 3043 646 necteret
3074 591 3166 662 ipe
3197 589 3332 655 sibi,

363 670 435 725 Et
465 671 599 743 fuge
630 689 911 745 germana
938 676 1126 733 vivere
1157 697 1329 736 carne
1362 682 1538 737 ferox.
2052 679 2356 735 Infremuit
2386 684 2602 735 terrore
2633 679 2810 749 gravi,
2847 677 3120 751 legesque
3152 678 3369 735 feroces

294 758 464 815 Utere
494 761 864 835 simplicibus
897 767 1206 823 nobiseum
1239 769 1489 825 dulciter
1519 771 1689 839 escis,
2124 768 2338 836 Edidit,
2374 785 2440 824 ac
2470 772 2589 823 toto
2624 768 2827 823 terruit
2858 768 2995 823 orbe
3022 768 3169 839 pios.

363 850 432 904 Et
462 850 588 905 miti
622 851 820 907 mitem
856 860 1085 925 pectore
1106 874 1297 928 quaere
1330 860 1548 915 cibum.
2053 858 2114 914 In
2149 857 2330 913 servis
2361 862 2555 912 tamen
2586 856 2682 912 ille
2712 857 2837 912 suis
2866 857 3080 912 virtute
3111 857 3353 928 potenti,

293 937 441 993 Sunt
470 940 565 1011 pia
589 941 725 1012 jura
759 943 1099 1017 ducum;pia
1132 952 1271 1002 sunt
1291 955 1576 1021 praecepta
1605 954 1939 1023 parentum:
2125 948 2275 1003 Dum
2308 951 2545 1018 supcrat
2575 947 2885 1011 mundum,
2920 946 3127 1001 robora
3157 946 3284 1000 dira
3316 950 3505 1000 necat.

364 1027 504 1093 Quis
536 1046 641 1103 ego
673 1032 747 1087 ab
781 1032 945 1089 initio
969 1036 1207 1091 munior
1235 1042 1412 1109 atque
1443 1057 1628 1111 regor.
2053 1037 2127 1094 Ut
2152 1036 2304 1091 male
2334 1036 2489 1108 quod
2521 1036 2686 1103 vixit,
2718 1035 3041 1104 moriatur;
3078 1041 3307 1090 mortua
3334 1051 3507 1107 porro

293 1116 440 1182 Quid
474 1120 744 1175 tenebras
776 1120 913 1186 luci,
948 1125 1087 1194 quid
1124 1125 1279 1181 melli
1312 1128 1609 1184 absinthia
1643 1128 1890 1185 misces?
2126 1125 2405 1198 Impietas
2436 1124 2666 1180 dulcem
2700 1128 2928 1197 promat
2958 1124 3029 1179 ab
3061 1141 3156 1179 ore
3189 1124 3365 1179 fidem
3398 1141 3412 1178 :

365 1206 481 1261 Ista
510 1207 614 1263 tibi
649 1226 879 1283 semper
908 1212 1225 1270 dissociata
1257 1221 1515 1272 manent.
2054 1215 2333 1287 Quodque
2364 1214 2502 1269 olim
2535 1214 2738 1269 rabido
2770 1213 3007 1269 fremitu
3038 1212 3258 1268 laniare
3294 1213 3563 1284 parabat,

291 1295 371 1349 Ex
398 1313 511 1367 quo
544 1300 896 1370 conspicuus
925 1302 1141 1358 Christi
1176 1322 1276 1375 per
1305 1306 1515 1362 saacula
1539 1306 1732 1362 cultus
2126 1305 2242 1360 Hoc
2274 1305 2445 1360 modo
2468 1305 2593 1376 jam
2626 1302 2781 1358 dulci
2816 1302 3087 1375 praedicet
3118 1319 3216 1357 ore
3248 1302 3432 1357 melos
3463 1319 3478 1356 :

365 1386 569 1441 Fulsit.
605 1393 657 1441 et
695 1389 904 1444 idolira
936 1392 1087 1463 fugit
1119 1393 1190 1447 ab
1222 1394 1363 1450 urbe
1394 1396 1520 1451 lues
1556 1414 1569 1451 :
2054 1394 2303 1467 Jamque
2333 1393 2534 1448 haedus
2566 1392 2803 1459 Christi,
2829 1392 2927 1463 qui
2958 1396 3098 1447 tunc
3129 1390 3217 1446 leo
3251 1395 3453 1446 torvus
3485 1390 3704 1459 abibat,

294 1473 609 1547 Nunquam
642 1478 838 1548 prisca
869 1496 1031 1535 meos
1058 1486 1496 1555 vexaruntjura
1529 1486 1854 1554 ministros,
2124 1484 2397 1538 Peccator
2425 1482 2652 1537 veniam
2686 1480 2943 1553 postulet
2974 1480 3099 1552 ipse
3130 1480 3263 1536 sibi.

364 1563 621 1620 Pondere
653 1584 757 1622 nec
788 1568 940 1623 saecli
976 1587 1067 1624 res
1094 1578 1331 1628 onerata
1355 1591 1520 1630 sacra
1551 1579 1657 1631 est.
2055 1573 2147 1628 Sic
2182 1573 2485 1627 mundana
2512 1570 2621 1626 sibi
2655 1570 2904 1640 subjecit
2933 1568 3193 1625 culmina
3221 1568 3511 1636 Christus,

296 1652 538 1725 Semper
564 1654 879 1712 distinctus
908 1660 985 1728 (a)
1010 1660 1225 1733 duplex
1255 1662 1349 1717 hic
1381 1664 1521 1719 ordo
1548 1666 1857 1732 cuburrit,,
2126 1661 2349 1717 Cuncta
2378 1668 2434 1716 et
2463 1660 2521 1715 in
2554 1660 2903 1732 obsequium
2936 1658 3112 1714 traxit
3143 1658 3358 1731 ubique
3389 1675 3591 1713 suum.

365 1741 791 1816 Judicibusque
824 1747 947 1803 suis
975 1754 1220 1823 utraque
1252 1768 1388 1823 pars
1419 1754 1623 1825 viguit.
2053 1752 2125 1807 At
2153 1756 2216 1806 tu
2249 1750 2298 1805 si
2328 1755 2591 1805 veterum
2625 1749 2816 1805 nescis
2850 1748 2945 1820 pia
2966 1749 3107 1818 jura
3137 1746 3391 1820 piorum,

295 1828 610 1888 Ordinibus
642 1834 825 1892 sacris
853 1838 1173 1895 reverentia
1200 1841 1395 1897 debita
1424 1843 1600 1899 cessit
1634 1861 1645 1898 :
1969 1872 2017 1937 Β
2123 1839 2331 1895 Desine
2362 1838 2516 1911 quod
2550 1838 2741 1894 nescis
2773 1836 3057 1893 dilaniare
3087 1838 3330 1893 bonum.

365 1918 627 1976 Plebeios
658 1923 804 1979 rexit
832 1924 923 1981 lex
944 1943 1052 1983 sua
1083 1945 1377 2002 quemque
1408 1932 1582 1988 viros.
1969 1918 2017 1937 υ
2046 1929 2116 1984 Et
2144 1946 2285 2001 cape
2315 1926 2690 2000 tranquillus,
2724 1925 2956 1982 brevius
2989 1925 3143 1998 quod
3179 1924 3393 1998 pagina
3422 1925 3619 1981 verbis

295 2006 442 2072 Quid
476 2010 623 2065 mihi
655 2029 811 2067 nunc
840 2019 1090 2073 veterem
1119 2022 1181 2073 tu
1215 2019 1300 2075 vis
1332 2022 1665 2078 subvertere
1695 2038 1892 2095 sepem
1913 2023 1941 2079 ?
2118 2018 2187 2091 (ε)
2218 2017 2412 2074 Altera
2440 2016 2681 2089 pacifico
2714 2015 2979 2089 suggerit
3008 2032 3079 2069 en
3103 2014 3295 2070 studio
3324 2031 3337 2069 :

366 2096 513 2162 Quid
546 2099 691 2155 mihi
717 2104 1031 2161 maceriam
1062 2106 1249 2164 diruis
1279 2111 1608 2182 oppositam
1630 2112 1658 2167 ?
2045 2105 2307 2179 Cumque
2339 2110 2604 2162 serenato
2636 2102 2949 2177 perlegeris
2980 2103 3177 2159 omnia
3208 2102 3398 2170 vultu,

295 2182 412 2239 Cur
438 2190 661 2245 veteres
687 2189 834 2247 ﬁnes
866 2197 1065 2250 nostro
1089 2196 1409 2254 convellere
1440 2199 1621 2255 fundo
2117 2197 2184 2251 Et
2215 2212 2390 2268 quam
2422 2212 2537 2250 non
2570 2210 2744 2250 noras
2774 2192 2988 2249 videris
3019 2192 3145 2265 ipse
3170 2192 3344 2259 viam,

365 2274 603 2343 Niteris,
636 2282 691 2333 et
722 2280 950 2338 cunctis
979 2284 1175 2354 pervia
1204 2303 1344 2342 rura
1373 2287 1558 2343 facis?
2047 2285 2168 2340 Sub
2201 2283 2413 2340 Christi
2444 2288 2661 2340 terrore
2690 2286 2970 2348 tremens,
3004 2281 3219 2354 pietate
3251 2280 3409 2337 fideli

294 2363 443 2418 Audi
473 2365 725 2422 veridico
756 2368 1030 2427 Salomon
1061 2373 1202 2445 quid
1237 2380 1507 2447 personet
1534 2394 1653 2444 ore,
2116 2373 2349 2447 Corrige
2378 2374 2533 2446 quod
2561 2388 2803 2447 pravum
2834 2370 3118 2444 perspicis
3150 2369 3275 2444 ipse
3305 2375 3499 2426 tuum.

366 2453 436 2507 Et
464 2470 743 2512 mucrone
775 2459 915 2514 time
944 2463 998 2515 te
1020 2442 1296 2535 jugulare
1325 2469 1446 2520 tuo.
1640 2442 1645 2444 ⁷
2046 2463 2263 2535 Nempe
2282 2442 2473 2518 etiam
2504 2442 2706 2517 si‘ulla
2735 2442 2989 2532 usquam
3022 2460 3143 2516 haec
3167 2442 3305 2531 iura
3334 2464 3606 2515 vetarent

294 2542 534 2599 Evcrsor
566 2545 721 2618 scpis
752 2547 990 2606 colubro
1022 2553 1320 2610 mordente
1352 2556 1582 2627 peribit,
2116 2553 2268 2608 Num
2300 2551 2551 2625 gessisse
2584 2551 2747 2605 decet
2780 2548 2918 2605 talia
2948 2547 3326 2621 pontificem?

367 2632 555 2705 Seque
577 2652 683 2691 suo
714 2637 813 2709 qui
849 2639 955 2695 fert
986 2658 1125 2697 saxa
1153 2642 1349 2699 labore
1375 2650 1615 2717 premet.
2046 2642 2188 2697 Rem
2216 2642 2359 2697 bene
2391 2643 2785 2695 constructam
2813 2643 2974 2693 tanto
3006 2638 3240 2703 sudore,
3266 2642 3350 2692 tot
3381 2637 3556 2693 annis

297 2721 376 2775 Te
404 2738 623 2795 preme,
655 2729 709 2781 te
741 2728 960 2798 perime
992 2747 1005 2784 :
1041 2748 1175 2787 nam
1208 2750 1301 2788 me
1333 2734 1581 2806 spoliare
1608 2736 1898 2809 nequibis,
2118 2730 2431 2797 Subruere,
2464 2732 2518 2784 et
2545 2727 2749 2784 sceleri
2780 2727 3034 2799 pandere
3065 2730 3271 2797 sponte
3296 2725 3449 2780 viam
3474 2726 3503 2780 ?

367 2811 611 2868 AUXiliiS
645 2815 848 2872 fultam
881 2836 1113 2892 semper
1142 2821 1357 2893 ubique
1388 2824 1507 2878 Dei.
2046 2819 2268 2886 Dicere,
2302 2816 2502 2874 nullus
2532 2817 2720 2872 honos
2749 2816 2996 2871 debetur
3027 2814 3287 2885 (credite)
3319 2813 3505 2870 sacris

295 2899 429 2955 Post
460 2903 820 2977 evangelicos
852 2907 1104 2982 clypeos,
1138 2917 1273 2984 post
1302 2912 1420 2969 tela
1447 2930 1690 2971 corusca
2117 2907 2434 2963 Ordinibus
2469 2923 2481 2961 :
2510 2910 2751 2961 cunctos
2782 2904 2976 2978 pulset
3006 2904 3226 2975 ubique
3260 2904 3472 2958 forum.

366 2989 495 3045 Oris
524 2994 846 3064 apostolici,
877 3003 1009 3069 post
1040 3000 1137 3071 pia
1166 3000 1297 3071 jura
1326 3001 1450 3073 Dei,
2046 2996 2119 3069 (ά)
2154 2996 2299 3052 Nam
2328 2996 2437 3051 nisi
2468 2995 2794 3051 cmnobium
2827 2998 3013 3048 mater
3034 2990 3318 3047 muliebre
3333 2992 3700 3065 gubernans,

295 3077 385 3133 Me
416 3079 835 3141 Constantinus
864 3090 1172 3145 reverendo
1205 3091 1396 3146 munit
1426 3093 1497 3147 ab
1528 3109 1625 3148 ore
1660 3110 1672 3148 :
2116 3088 2183 3141 Et
2213 3102 2377 3141 sacer
2408 3085 2671 3151 antistes,
2706 3087 2910 3140 οίθὶθνᾶ
2940 3082 3131 3156 PUlVis
3158 3086 3351 3138 erunt-

367 3167 456 3223 Me
486 3186 719 3243 quoque
747 3174 823 3246 (b)
855 3175 1219 3233 Theodosius
1250 3181 1500 3253 protegit
1530 3198 1627 3237 ore
1661 3181 1775 3254 pio.
1971 3242 2006 3254 Α
2048 3176 2106 3231 Si
2140 3180 2305 3249 pater
2333 3192 2395 3231 es
2426 3173 2584 3240 cleri,
2617 3172 2734 3229 noli
2768 3177 3139 3229 contemnere
3171 3170 3390 3226 clerum
3430 3188 3441 3224 :

292 3256 536 3313 Arcadio
568 3260 724 3316 dulci
753 3264 1046 3333 perdulcis
1079 3267 1367 3323 Honorius
1398 3242 1621 3326 haerens
1661 3242 1679 3254 .
1965 3242 2008 3309 C
2117 3265 2231 3320 Nec
2262 3270 2317 3321 te
2349 3264 2431 3320 sic
2464 3267 2529 3319 ut
2558 3280 2656 3318 eos
2686 3263 2841 3336 erige
2875 3261 3112 3317 deicias.

366 3345 455 3402 Me
486 3348 642 3403 dulci
671 3349 901 3421 eloquio
929 3351 1149 3420 laudat,
1170 3354 1435 3423 honorat,
1472 3362 1647 3413 amat.
2044 3354 2175 3410 Hinc
2206 3354 2483 3427 quoniam
2515 3371 2631 3409 non
2664 3358 2902 3408 sanctus
2929 3368 3113 3422 amor,
3139 3350 3239 3405 sed
3272 3350 3546 3423 turgidus
3568 3353 3701 3406 atro

293 3433 437 3497 Quid
470 3441 743 3494 veterana
773 3439 982 3512 loquar
1002 3442 1029 3497 ‘I
1060 3449 1257 3499 nostro
1289 3462 1443 3501 nunc
1472 3464 1601 3502 eccc
1634 3448 1744 3504 sub
1775 3466 1890 3504 aevo
2117 3442 2473 3498 Fumilluum
2506 3442 2738 3514 spirans
2771 3444 2961 3495 ructat
2991 3441 3061 3496 ab
3092 3456 3189 3494 ore
3220 3439 3384 3494 furor
3419 3456 3432 3493 :

361 3526 484 3590 Qua
513 3526 778 3597 placidus
807 3530 1078 3603 princeps
1108 3549 1200 3588 me
1230 3534 1439 3605 pietate
1470 3536 1653 3592 colit?
2045 3532 2174 3587 Haec
2202 3532 2250 3587 si
2285 3536 2474 3587 mente
2506 3532 2601 3602 pia
2625 3530 2867 3601 relegas,
2903 3527 2952 3583 si
2984 3531 3213 3600 pectore
3246 3544 3390 3600 puro

291 3611 399 3667 Pro
431 3629 526 3669 me
555 3616 817 3673 conciliis
849 3620 1080 3675 sudavit
1103 3638 1254 3695 sirpe
1282 3625 1567 3693 verendis,
2113 3620 2398 3692 Accipias,
2432 3620 2670 3692 prodest
2702 3612 2859 3691 potio
2893 3633 3060 3672 sacra
3090 3616 3216 3671 tibi.

361 3703 431 3757 Et
458 3702 647 3760 valido
677 3707 891 3778 pressit
920 3709 1067 3765 colla
1095 3713 1348 3784 superba
1358 3715 1524 3786 jugo.
2044 3707 2141 3766 Est
2166 3710 2481 3765 subamara
2510 3708 2748 3780 quidem
2780 3723 2793 3761 :
2829 3707 2927 3762 sed
2965 3706 3013 3762 si
3045 3706 3287 3778 patiare,
3324 3702 3612 3761 salubris.

292 3791 544 3865 Legibus
575 3795 833 3868 antiquis
864 3798 1053 3855 edicta
1083 3801 1337 3857 recentia
1358 3803 1576 3874 junxit,
2113 3799 2323 3855 Insunt
2350 3797 2581 3872 gallina:
2607 3795 2765 3852 zelus
2796 3811 3078 3868 amorque
3111 3792 3308 3849 simul.

360 3882 430 3937 Et
453 3883 601 3939 bona
624 3885 817 3956 prisca
846 3888 1009 3944 novis
1041 3890 1201 3945 auxit
1231 3892 1447 3964 ubique
1478 3894 1650 3950 bonis
1685 3911 1697 3948 :
2039 3888 2305 3955 Estimo,
2334 3887 2422 3941 vir
2450 3885 2731 3958 prudens,
2764 3881 2924 3938 nullo
2956 3886 3011 3937 te
3044 3880 3173 3938 felle
3204 3881 3446 3948 moveri,

288 3970 368 4027 Ne
398 3987 490 4027 me
520 3990 624 4045 per
647 3972 857 4049 plagus
888 3979 1113 4046 mundi,
1148 3997 1250 4053 per
1280 3982 1515 4038 turbida
1544 4000 1683 4040 saxa
2112 3977 2256 4033 Cum
2288 3976 2482 4031 videas
2514 3974 2747 4030 Florum
2778 3976 2834 4028 te
2865 3973 2950 4027 sic
2981 3989 3177 4028 amare
3208 3975 3399 4026 tuum.

359 4061 640 4120 Obrueret
669 4065 862 4121 subito
896 4085 1008 4123 nox
1039 4070 1161 4124 fera
1192 4071 1516 4144 naufragio.
2041 4068 2187 4123 Nam
2219 4064 2463 4120 meliora
2492 4062 2573 4135 pii
2605 4066 2744 4118 sunt
2773 4061 3017 4117 vulnera
3047 4076 3279 4132 semper
3307 4059 3553 4133 amoris,

286 4150 431 4207 Vere
462 4151 621 4209 clara
652 4155 871 4211 micant
897 4159 1047 4213 sacri
1081 4160 1361 4232 mysteria
1392 4161 1624 4228 Christi,
2113 4153 2374 4211 Subdola
2405 4169 2583 4226 quam
2616 4152 2765 4207 ﬁctis
2798 4149 2998 4207 oscula
3032 4166 3234 4222 pressa
3263 4148 3468 4205 labris.

356 4240 489 4304 Qua:
520 4248 781 4300 veterum
811 4245 1047 4319 signant
1076 4253 1240 4321 gesta
1261 4250 1430 4306 beata
1454 4251 1714 4307 Patrum.
2040 4246 2109 4301 Et
2141 4245 2287 4300 bene
2318 4259 2433 4298 non
2467 4245 2661 4306 notus,
2695 4239 2845 4296 male
2878 4238 2924 4296 si
2957 4237 3391 4294 inscrebescere
3421 4239 3654 4294 cunctis

283 4328 415 4383 Jam
444 4328 703 4387 validum
735 4334 1002 4402 Samson,
1038 4337 1177 4393 dum
1209 4338 1332 4393 vult
1363 4341 1669 4412 peregrina
1697 4339 1893 4395 subire
2112 4332 2389 4407 Coeperis,
2424 4330 2661 4386 infamis
2694 4327 2892 4384 fabula
2924 4344 3155 4399 semper
3182 4326 3317 4382 eris.

353 4418 960 4526 Connublial,.ilmpetiit
990 4426 1294 4526 hprrisono
1325 4445 1422 4483 ore
1449 4428 1557 4484 leo.
1592 4520 1600 4526 Δ
1639 4516 1651 4526 Ι
1746 4517 1760 4526 1
2819 4471 2892 4526 111

284 4509 487 4577 Quem,
517 4510 691 4566 veluti
725 4516 988 4570 tenerum
1025 4515 1317 4572 frustatim
1350 4520 1608 4588 carperet
1638 4516 1892 4582 hedum,

353 4597 453 4654 Ille
482 4616 717 4666 necans,
750 4603 951 4659 dulces
980 4606 1235 4677 sumpsit
1263 4605 1336 4660 ab
1365 4622 1462 4661 ore
1494 4605 1673 4661 favos.

283 4686 545 4761 Sumpsit
577 4690 648 4746 ab
678 4707 776 4747 ore
810 4693 967 4748 favos
998 4698 1055 4749 et
1085 4694 1281 4749 dulcia
1312 4694 1486 4748 mella
1516 4694 1721 4762 leonis,
2035 4688 2281 4746 Joannis
2308 4686 2590 4759 Paulique
2620 4685 2777 4741 diem
2810 4683 2897 4741 sol
2928 4683 3124 4739 attulit
3156 4682 3303 4750 orbi,

352 4778 457 4842 Qui
488 4779 726 4836 fremuit
751 4782 998 4853 pridem,
1032 4782 1279 4838 dulciter
1309 4799 1437 4837 esse
1466 4784 1637 4856 sapit.
2106 4777 2211 4845 Qui
2244 4776 2421 4831 rubra
2448 4775 2711 4847 martyrii
2742 4778 2897 4829 serta
2926 4788 3130 4829 cruore
3159 4775 3393 4844 gerunt.

1955 4612 2001 4675 Β
2038 4568 2110 4636 (e)
2150 4579 2388 4620 avemus
2414 4580 2468 4618 NI
2500 4577 2715 4617 NATALE
2752 4575 3094 4616 SANCTORUM
3125 4573 3368 4615 JOANN'IS
3408 4575 3479 4615 ET
3501 4573 3693 4614 ρΑυιι.

352 4903 426 4973 (τι)
459 4903 1071 4990 ϐξρῐζὶοοιυιιῐῐξβοὶιὶοθι
1108 4913 1164 4990 et
1207 4907 1526 4990 laic‘orum,
1550 4910 1890 4990 quinsempe

1033 4912 1071 4961 et
1108 4913 1164 4990 et
1207 4907 1526 4990 laic‘orum,
1550 4910 1928 4990 quinsemper
2035 4905 2107 4960 ab
2139 4902 2231 4959 his
2258 4900 2525 4957 versibus
2558 4916 2571 4954 :

280 4972 467 5029 forum
501 4975 755 5032 habuere
777 4978 1092 5033 diversum.
1129 4980 1249 5034 Sub
1281 4978 1530 5033 clericali
1567 4972 1771 5035 ordine
1802 4998 1818 5033 ι

280 5045 655 5121 ηαρῂὶγθῐῇωη
698 5054 831 5121 ante
864 5048 1007 5121 illud
1042 5055 1275 5121 tempus
1305 5050 1734 5121 continebatur.

2160 5018 2337 5077 Solvo,
2368 5018 2537 5074 Pater,
2571 5016 2801 5078 proﬂuas
2830 5014 2985 5064 hilari
3006 5013 3071 5062 de
3096 5015 3311 5075 pectore
3341 5015 3546 5076 grates,

2220 5080 2368 5121 Hnnd
2402 5092 2635 5121 magal-as
2665 5077 2819 5121 Floro
2850 5077 2999 5121 labra
3026 5076 3261 5121 benigna
3288 5079 3406 5121 tuo.

358 5077 450 5100 mu
481 5077 655 5103 cuqu
698 5077 831 5103 autc
866 5077 1007 5103 uiuu
1045 5077 1275 5121 ιυιιιρυδ
1305 5077 1734 5105 υυυιιιιιδυῑιιυικ
2220 5080 2371 5140 Quod
2401 5077 2635 5128 resscrns
2664 5077 2819 5126 Floro
2850 5077 2999 5125 labra
3026 5077 3261 5139 benigna
3288 5079 3406 5123 tuo.

352 5117 424 5196 (ᾦ)
447 5117 668 5196 Quippe
702 5118 955 5196 Ecclesia
977 5120 1272 5196 Gallicana
1293 5120 1491 5196 codice
1520 5121 1924 5196 Theo‘dosiano
2030 5146 2095 5196 η·
2283 5192 2291 5196 Α
2345 5192 2352 5196 _
2428 5186 2442 5196 _
2659 5186 2669 5196 ,
2714 5188 2722 5196 λ
2772 5184 2785 5196 ,
2986 5187 2995 5196 ι
3270 5185 3280 5196 _
3338 5181 3396 5196 η
3457 5182 3472 5196 ‘
3528 5182 3540 5194 _

278 5181 577 5267 utebatur,
601 5181 657 5245 et
686 5192 813 5267 ejus
842 5189 1080 5246 libertas
1111 5208 1177 5246 ac
1180 5190 1546 5267 immunitas
1577 5192 1926 5267 legibusim-
2030 5190 2248 5267 _Verum
2277 5192 2399 5267 tota
2428 5184 2828 5267 haecnepistola
2867 5201 2933 5239 eo
2982 5182 3188 5267 tendit,
3222 5185 3289 5236 ut
3338 5181 3684 5237 Moduinum

279 5253 634 5326 peratorum,
669 5253 805 5315 olim
862 5278 1128 5328 suorum,
1180 5262 1573 5318 Romanorum
1624 5253 1918 5320 utebatur.
2030 5262 2295 5317 hortetur
2326 5258 2398 5314 ad
2429 5253 2693 5313 studium
2725 5273 2846 5328 sacj
2858 5271 3025 5310 arum
3059 5253 3412 5328 litterarum.

347 5323 694 5405 (c_)1\_|tcrani_
720 5331 824 5385 hac
851 5332 921 5387 de
954 5350 1012 5405 re
1043 5323 1349 5404 epistolam
1371 5334 1487 5389 sive
1510 5352 1742 5391 carmen
1762 5336 1920 5391 aliud
2036 5404 2041 5405 ί
2103 5333 2174 5405 (d)
2206 5330 2397 5405 Verba
2427 5333 2565 5384 sunt
2596 5326 2872 5405 Modoini,
2908 5343 3082 5405 (Luem
3108 5324 3312 5405 Florus
3344 5323 3681 5405 loquentem

347 5344 685 5396 (ci-Alteram
720 5344 824 5385 hac
851 5344 921 5387 de
954 5350 1012 5387 re
1043 5344 1349 5404 epistolam
1371 5351 1487 5389 swc
1510 5352 1742 5391 carmen
1762 5344 1920 5391 aliud
2120 5344 2174 5399 (1)
2214 5344 2397 5385 verba
2427 5344 2565 5384 sunt
2596 5344 2872 5394 monomi,
2908 5344 3082 5452 qlpem
3108 5344 3312 5405 riorus
3346 5344 3681 5396 loquentem

277 5396 552 5480 Moduino
585 5401 897 5480 scripserat
919 5404 1343 5480 Florus,forsan
1379 5405 1518 5460 illud
1554 5407 1745 5480 ipsum
1765 5408 1919 5480 quod
2029 5344 2256 5480 inducit
2285 5401 2344 5455 in
2375 5400 2532 5480 hunc
2565 5399 2805 5454 modum
2831 5416 2851 5480 εἴ
2873 5422 2900 5446 ‹‹
2929 5469 2937 5478 _
2981 5402 3146 5480 rieter
3175 5411 3487 5480 episcopos
3520 5400 3575 5477 et
3593 5395 3686 5450 ab-

277 5475 462 5548 cxstat
493 5472 548 5548 in
582 5465 778 5548 codice
807 5465 1239 5548 Petaviano,qui
1275 5495 1429 5533 nunc
1460 5483 1546 5533 est
1576 5465 1919 5534 Christiania
2029 5474 2301 5548 batissas,
2336 5471 2521 5526 caeteri
2555 5486 2759 5548 omnes
2805 5467 2995 5523 clerici
3026 5473 3083 5523 et
3110 5465 3435 5540 presbyteri
3468 5465 3682 5522 laicum

276 5543 671 5622 serenissimze
692 5544 914 5622 Suecize
944 5543 1174 5622 reginae:
1206 5549 1462 5604 Habetur
1488 5551 1726 5622 quidem
1759 5551 1917 5605 aliud
2029 5546 2592 5622 foru_m_agnoscant.
2630 5564 2656 5590 ››

276 5613 415 5665 item
448 5614 518 5668 ad
544 5614 958 5672 Muduinumin
975 5608 1308 5676 collectione
1320 5608 1611 5677 variorum
1634 5623 1920 5703 epigram-
2099 5620 2169 5685 (ε)
2195 5608 2319 5672 Hoc
2343 5613 2604 5693 carmine
2634 5627 2737 5667 seu
2754 5611 2971 5737 hpmno
2982 5610 3141 5667 Actis
3158 5614 3500 5667 sanctorum
3513 5608 3681 5666 Joan-

279 5687 501 5737 metum
536 5685 691 5737 tVDiS
721 5684 1054 5737 Morelianis
1083 5691 1233 5737 edita
1263 5709 1417 5737 nnnn
1450 5694 1605 5737 {550
1631 5692 1917 5737 inmnieng
2028 5688 2119 5737 nis
2148 5692 2205 5737 et
2234 5684 2397 5737 Pauli
2428 5682 2773 5737 conciliatur
2818 5682 2962 5737 ides.

279 5687 501 5740 metum
536 5685 691 5757 typis
721 5684 1054 5747 Morelianis
1083 5691 1237 5748 edita
1263 5709 1417 5747 anno
1450 5694 1607 5759 1550,
1631 5682 1917 5765 incipiens
2028 5682 2119 5745 nis
2148 5682 2205 5745 et
2233 5684 2397 5744 Pauli
2428 5682 2773 5741 conciliatur
2796 5682 2962 5738 fides.
