3896 6198
196 363 306 425 257

198 495 404 552 Unicus
434 493 543 549 hos
575 493 816 567 sanguis
847 509 1125 566 germano
1157 493 1369 549 Imdere
1391 492 1609 564 junxit,

264 583 440 639 Unica
472 600 608 639 mox
637 583 846 639 fratres
878 599 1152 655 morsque
1187 583 1447 655 ﬁdesque
1476 582 1647 655 parit.

199 672 343 730 Olim
376 671 646 727 Romulei
683 676 980 727 servantes
1014 670 1229 727 muenia
1260 670 1421 744 regni

266 760 606 817 Barbaricos
639 765 898 816 strarant
929 778 1080 834 saepe
1109 776 1384 815 mucrone
1414 760 1617 833 globos
1651 776 1663 813 :

200 852 357 908 Nunc
387 850 584 905 ovium
616 849 835 905 Christi
868 850 1189 922 purissima
1220 853 1385 922 septa
1418 854 1666 916 tuentes,

266 939 631 995 Daemonicas
664 944 863 994 arcent
892 938 945 992 vi
978 939 1366 1011 precibusque
1396 937 1609 995 minas.

201 1029 310 1085 Hos
338 1026 510 1084 morti
545 1028 771 1082 addixit
801 1044 968 1082 sacra
998 1044 1101 1099 pro
1133 1026 1256 1100 lege
1290 1031 1574 1099 tyrannus

267 1117 644 1189 Contemptor
672 1115 887 1172 Christi
916 1115 1187 1172 Julianus
1220 1117 1459 1172 rabidus
1494 1134 1506 1171 :

202 1206 380 1265 Unius
408 1205 505 1261 ille
541 1205 638 1261 Dei
669 1203 893 1261 cultum
926 1203 1090 1278 prius
1122 1222 1218 1261 ore
1252 1205 1489 1273 ferebat,

267 1296 456 1350 Donec
487 1294 559 1349 ad
594 1293 827 1349 culmen
859 1294 1164 1350 scanderet
1192 1294 1444 1366 imperii.

201 1387 297 1440 Ast
322 1384 417 1438 ubi
449 1382 749 1438 convaluit
779 1384 993 1439 misero
1024 1388 1253 1439 terrena
1282 1386 1563 1456 potestas,

270 1471 493 1528 Idolum
525 1489 662 1529 vero
695 1472 947 1545 praetulit
978 1471 1075 1528 ille
1106 1473 1243 1528 Deo.

205 1564 347 1619 Tum
379 1561 639 1617 famulos
688 1560 899 1616 Christi
944 1560 1197 1630 lanians,
1230 1565 1286 1617 et
1317 1561 1602 1635 sanguine
1647 1568 1851 1634 pastus

272 1652 545 1719 Innocuo,
583 1650 891 1707 horrendis
918 1650 1080 1706 szevit
1106 1650 1320 1724 ubique
1352 1651 1565 1706 modis.

208 1742 415 1795 \‘erum
450 1740 549 1794 ubi
587 1739 803 1795 cmlesti
838 1740 1134 1812 prospexit
1165 1739 1431 1795 Christus
1463 1740 1534 1795 ab
1567 1757 1719 1805 arce,

273 1829 623 1900 Audivitque
654 1828 734 1901 pii
762 1828 1069 1900 sanguinis
1097 1828 1196 1883 ille
1227 1846 1459 1901 preces;

210 1918 519 1973 Confestim
557 1918 770 1972 misero
801 1916 1025 1973 cladem
1056 1918 1370 1974 exitiabilis
1403 1919 1556 1975 hora:

278 2006 559 2071 Destinat,
600 2005 793 2061 hostili
828 2006 1016 2061 hostis
1048 2011 1113 2061 ut
1143 2024 1280 2063 ense
1312 2012 1462 2063 ruat.

210 2096 441 2151 Vastata
472 2095 735 2151 Ecclesia
769 2096 967 2151 Persas
1001 2096 1059 2150 in
1092 2096 1245 2151 bella
1273 2101 1525 2165 vocarat,

278 2188 351 2240 Ac
383 2184 592 2240 multis
625 2189 825 2258 septus
854 2184 1117 2241 millibus
1147 2185 1270 2241 ibat
1300 2191 1463 2242 atrox
1497 2205 1509 2242 :

215 2276 349 2331 Cum
382 2274 579 2331 subito
612 2278 844 2330 arentes
867 2274 1075 2330 deserti
1109 2275 1261 2330 ruris
1293 2276 1350 2331 in
1384 2292 1555 2349 agros

280 2363 537 2431 Devenit,
574 2367 633 2418 et
662 2379 877 2419 cuneos
909 2363 1101 2436 perdit
1133 2364 1347 2436 ubique
1379 2382 1538 2420 suos.

216 2454 329 2518 Qua
359 2468 550 2523 neque
579 2452 769 2508 vietus
800 2455 1062 2520 erat,nec
1088 2454 1364 2517 fons,nec
1396 2453 1653 2509 fluminis
1679 2454 1853 2518 unda,

279 2541 554 2597 Caumate
588 2542 690 2597 sed
722 2541 903 2596 nimio
936 2546 1057 2596 tota
1078 2542 1317 2613 jacebat
1346 2543 1584 2599 humus.

217 2630 472 2702 Dumque
516 2630 777 2686 fremens
825 2634 1074 2696 montes,
1104 2630 1305 2699 valles,
1340 2648 1697 2705 camposque
1729 2649 1859 2704 per-

281 2718 474 2773 Sicubi
507 2718 598 2773 vel
633 2718 858 2774 modico
891 2718 1045 2775 stilla
1074 2719 1298 2793 liquore
1331 2720 1472 2775 fluat
1499 2738 1512 2788 ;
1635 2724 1857 2795 [agrat;

218 2808 415 2864 Incidit
444 2808 514 2863 ad
530 2823 727 2863 versas
758 2809 1049 2881 condigno
1080 2825 1272 2865 errore
1303 2808 1645 2883 phalanges,

284 2896 705 2968 Perfossusque
737 2900 865 2952 atra
893 2897 1132 2970 cuspide
1165 2902 1368 2970 pectus
1400 2898 1539 2953 obit.

221 2985 323 3040 Sed
356 2985 602 3040 rabidus
633 3002 883 3058 semper,
917 2990 974 3041 et
999 2985 1060 3041 in
1090 2986 1219 3059 ipsa
1248 2990 1433 3043 morte
1465 2986 1717 3053 rebellis,

286 3074 570 3142 Infremit,
605 3078 661 3130 et
691 3091 993 3131 summum
1022 3074 1131 3131 hac
1159 3092 1297 3133 voce
1339 3074 1575 3132 lacessit
1604 3075 1811 3131 herum
1847 3094 1860 3131 :

223 3164 389 3219 Ebibe
404 3180 568 3220 nunc
582 3168 845 3220 nostrum
872 3181 1044 3238 quem
1063 3166 1294 3238 quaeris,
1311 3165 1557 3235 Christe,
1573 3181 1860 3234 cruorem,

288 3253 464 3325 Atque
493 3252 705 3309 avidus
734 3254 850 3309 leto
874 3255 1000 3326 jam
1032 3254 1246 3310 satiare
1278 3271 1426 3311 meo.

224 3339 318 3397 Ille
350 3342 592 3413 quidem
624 3341 770 3397 tales
792 3343 954 3414 justo
987 3344 1096 3399 sub
1121 3344 1323 3415 judice
1356 3361 1557 3417 pcnnas

287 3430 563 3497 Exsolvit,
596 3435 728 3503 post
756 3431 877 3487 haec
908 3437 1129 3488 tartara
1159 3450 1309 3488 caeca
1338 3438 1565 3506 petens.

222 3521 286 3576 At
310 3520 549 3576 Domini
580 3525 757 3577 testes
788 3526 1015 3577 sacrato
1048 3522 1333 3595 sanguine
1361 3522 1486 3590 loti,

286 3609 512 3666 Vertice
547 3608 839 3683 laurigero
871 3609 1062 3666 sidera
1092 3611 1248 3667 celsa
1280 3616 1487 3684 petunt
1522 3629 1534 3667 :

223 3697 366 3761 Quos
395 3702 535 3773 toga
565 3699 804 3772 pacifieo
836 3700 1005 3755 vestit
1034 3700 1378 3773 praefulgida
1409 3701 1593 3768 cultu,

289 3788 610 3861 Regalique
642 3789 826 3844 ambit
855 3805 1117 3861 purpura
1146 3790 1302 3845 clara
1333 3789 1522 3863 peplo.

225 3875 330 3931 Ilos
359 3894 463 3933 ceu
498 3877 832 3933 fructiferas
860 3877 1072 3934 florens
1101 3878 1411 3950 paradisus
1445 3879 1648 3951 olivas,

290 3966 511 4039 Irriguo
546 3966 675 4021 vita:
697 3965 918 4038 jugiter
948 3984 1119 4022 amne
1154 3967 1320 4040 rigat.

227 4052 285 4107 Ili
318 4060 453 4109 sunt
486 4059 705 4110 aeterno
733 4055 1084 4111 candelabra
1115 4056 1339 4129 fulgida
1367 4056 1607 4130 templo,

290 4144 603 4217 Progenies
635 4142 804 4212 lueis,
840 4149 895 4199 et
923 4143 1155 4216 pietatis
1189 4145 1396 4202 honos.

228 4231 454 4289 Sidereo
488 4233 610 4306 regi
647 4232 884 4289 sublimi
918 4250 1151 4307 semper
1178 4233 1239 4289 in
1272 4234 1406 4290 aula

290 4322 608 4378 Adstantes
640 4321 872 4394 populis
905 4322 1005 4395 qui
1038 4323 1134 4394 pia
1163 4328 1297 4379 vota
1328 4325 1540 4379 ferunt.

230 4408 478 4471 Quorum
512 4410 802 4483 propitius
831 4411 1103 4483 precibus
1127 4429 1233 4468 nos
1266 4412 1506 4486 reSpice,
1540 4413 1785 4481 Christe,

294 4500 359 4555 Et
384 4517 578 4575 purga
607 4500 927 4556 obscenum
961 4500 1244 4573 quidquid
1278 4501 1468 4558 inesse
1500 4502 1682 4558 vides.

1012 4671 1105 4726 IV.

230 4780 557 4845 (a)'rrruws
583 4795 795 4833 unum
820 4795 891 4833 an
912 4796 1125 4833 ΑιΤΑιιε
1145 4796 1335 4835 SANCTI
1362 4796 1635 4835 STEPHANI
1658 4796 1876 4845 OBLA'I‘I,

298 4865 669 4905 SANCTISSIMO
700 4867 765 4904 ΕΤ
786 4866 1225 4906 GLORIOSISSIMO
1256 4868 1494 4906 ALUMNO
1524 4868 1593 4906 AC
1625 4867 1879 4906 ΡΑτιιΟΝΟ

299 4937 514 4977 ΝΟΞἸἍΟ
548 4937 722 4976 ΒΕΑΤο
754 4937 1041 4977 ΒΤΕΡΗΑΝΟ
1073 4939 1506 4978 ΡΒΟἸῸΜΑῙΠὙΒῙ
1547 4939 1876 4979 DEDICATUS.

234 5086 391 5144 Hunc
421 5089 551 5157 tibi,
586 5089 773 5163 prime
805 5090 883 5163 pii
914 5092 1080 5147 testis
1108 5091 1422 5147 fortissime
1452 5091 1682 5155 Christi,

234 5175 545 5234 Otl‘erimus
576 5179 733 5235 vario
766 5178 1106 5237 rutilantem
1138 5181 1279 5237 ﬂore
1310 5180 1595 5236 libellum.

236 5263 332 5321 Hic
362 5270 465 5324 tua
486 5268 680 5341 prima
710 5269 890 5325 micat
918 5274 1050 5342 post
1080 5270 1267 5326 indita
1297 5269 1449 5326 bella
1478 5287 1690 5327 corona
1724 5288 1737 5326 :

302 5444 377 5516 (α)
406 5444 647 5529 Titulus
672 5450 763 5529 est
789 5445 984 5529 libelli.
1004 5448 1075 5529 ad
1108 5446 1360 5529 altareS.
1378 5446 1658 5529 Stephani
1682 5447 1882 5529 oblati,

236 5529 438 5598 nem-pe
451 5518 509 5573 in
522 5516 847 5600 cathedrali
870 5518 1116 5575 ecclesia
1147 5516 1545 5647 Lurgdunensi,
1562 5536 1687 5601 quae
1705 5516 1885 5575 beatae

236 5583 425 5661 Mante
458 5593 515 5645 et
532 5593 772 5661 sanctis
802 5589 1096 5661 stephano
1126 5596 1184 5646 et
1250 5608 1424 5647 oanm
1476 5590 1744 5653 dedicata
1773 5596 1881 5647 est.

236 5655 294 5715 1n
323 5659 642 5737 exemplari
674 5655 1001 5734 Petaviabo,
1035 5679 1104 5722 ex
1133 5679 1248 5737 quo
1295 5662 1403 5722 hos
1450 5677 1667 5749 versus
1686 5667 1888 5722 noster

1562 358 1915 423 CARMINA
1959 360 2227 421 VARIA.
2726 366 2752 403 ⁵

3484 376 3603 435 258

1868 503 1923 568 Α
1956 492 2161 565 Fulget
2177 493 2362 549 bonos
2384 511 2711 567 nomenque
2728 500 2897 554 tuum
2915 516 2928 566 ;
2946 503 3044 555 tua
3065 503 3307 573 praemia
3327 502 3600 564 clamant.

1956 581 2279 637 Gamalihel
2311 600 2476 638 sacer
2505 582 2600 640 ille
2631 602 2808 641 senex
2836 592 2940 643 tua
2970 588 3200 648 coalitus
3230 609 3365 650 ossa

1955 670 2106 726 Olim
2137 670 2336 743 ignota
2365 672 2491 727 orbi
2523 676 2833 731 reverendo
2867 676 3127 748 publicat
3151 698 3248 738 ore
3275 701 3287 749 ;

1953 760 2030 814 Ac
2060 765 2158 814 tua
2190 761 2472 828 membra,
2507 767 2688 833 pater,
2723 765 2973 822 radianti
3005 768 3202 840 signat
3232 771 3290 827 in
3322 790 3485 844 auro,

1959 848 2300 921 Martyrium
2332 849 2543 905 illustri
2576 852 2838 926 depingit
2871 855 3007 911 flore
3038 872 3325 915 rosarum.

1958 938 2029 993 Se
2062 955 2295 1010 quoque
2325 939 2665 996 Nichodemi
2693 945 3055 1016 conjungcns
3082 953 3236 1003 sorte
3270 952 3494 1022 nepotis
3519 971 3532 1021 ;

1958 1026 2021 1081 In
2052 1027 2302 1099 geminis
2336 1029 2460 1083 auri
2494 1029 2741 1087 calathis
2768 1032 3099 1092 albentibus
3132 1037 3323 1094 almus

1960 1115 2155 1171 Prodit
2186 1116 2290 1172 rite
2318 1117 2466 1173 rosis
2498 1119 2656 1173 tenui
2688 1121 2780 1176 vix
2812 1124 3094 1196 sanguine
3126 1127 3325 1184 tinctis
3360 1147 3373 1185 :

1956 1203 2380 1277 Virgineusque
2411 1211 2572 1262 artus
2604 1208 2732 1280 puri
2765 1210 3022 1283 fulgente
3053 1216 3306 1273 canistro

1958 1294 2199 1366 Argenti
2231 1299 2287 1349 et
2318 1296 2497 1350 crocei
2531 1300 2902 1355 commendat
2934 1302 3092 1359 floris
3124 1306 3318 1364 odore.

2104 1401 2232 1455 Haec
2280 1405 2382 1457 tua
2430 1400 2559 1458 laus
2610 1405 2898 1476 sequitur,
2931 1411 3199 1481 sequitur
3250 1420 3352 1470 tua
3404 1417 3611 1474 ﬂorida

1960 1489 2023 1544 In
2044 1489 2258 1545 Christi
2281 1491 2489 1548 virtute
2512 1498 2716 1565 potens
2746 1496 2959 1567 pietate
2984 1501 3338 1570 redundans,
3381 1505 3609 1579 [virtus,

1961 1579 2189 1635 Gaudia
2217 1580 2364 1635 dans
2396 1582 2643 1653 maestis,
2676 1583 2927 1642 inﬁrmis
2958 1588 3168 1646 robora
3198 1593 3467 1663 reddens,

1961 1668 2030 1721 Et
2057 1668 2205 1723 dura
2235 1669 2344 1724 sub
2378 1675 2563 1726 morte
2594 1672 2737 1728 sitos
2769 1692 2834 1729 ac
2861 1694 3008 1748 pene
3038 1681 3299 1752 sepultos

1964 1757 2302 1813 Itestituens
2330 1758 2479 1825 vitai,
2513 1761 2640 1815 vitae
2672 1762 2810 1834 quia
2839 1767 3003 1823 testis
3036 1768 3287 1827 haberis.

1963 1847 2050 1900 Tu
2084 1846 2310 1918 primus
2340 1847 2552 1903 Christi
2583 1850 2803 1907 calcata
2833 1861 3018 1912 morte
3047 1861 3320 1930 perennis

1963 1934 2250 1990 Vexillum
2281 1936 2532 1992 sublime
2565 1938 2776 2009 ferens,
2812 1942 3041 1999 hostilia
3074 1953 3268 2005 castra

1968 2023 2286 2080 Fulmineis
2315 2024 2527 2098 linguae
2560 2028 2691 2084 telis
2721 2030 3025 2105 signisque
3055 2039 3315 2095 coruscis

1966 2114 2254 2179 Stravisti,
2290 2119 2347 2169 et
2376 2115 2622 2186 pulchra
2650 2119 2905 2189 palmam
2936 2124 3007 2178 de
3033 2132 3218 2182 morte
3248 2127 3456 2184 tulisti.

2109 2220 2187 2273 Te
2207 2220 2473 2291 sequitur
2499 2226 2812 2281 reverenda
2833 2228 3040 2285 cohors
3064 2248 3167 2302 pro
3198 2235 3433 2292 nomine
3451 2254 3614 2295 sacro

1968 2308 2125 2399 ltiille
2160 2309 2376 2399 afflicta
2404 2312 2616 2379 modis,
2650 2314 2811 2371 mille
2841 2316 3135 2377 illustrata
3164 2323 3504 2399 triumphis.

1968 2397 2322 2469 Martyribus
2354 2405 2573 2473 martyr
2602 2406 2664 2457 tu
2698 2421 2903 2461 norma
2933 2413 2990 2464 et
3022 2411 3222 2483 regula
3252 2397 3499 2477 cunctis,

1969 2487 2298 2558 Purpureos
2330 2489 2498 2545 ducis
2524 2507 2738 2547 cuneos
2772 2512 3086 2571 roseasque
3115 2506 3374 2560 catervas
3404 2523 3417 2560 :

1969 2577 2226 2641 Quorum
2256 2594 2587 2650 purpureus
2620 2582 2690 2635 de
2721 2586 3005 2657 sanguine
3036 2591 3335 2661 praemicat
3365 2594 3544 2664 orbis,

1970 2665 2228 2729 Quorum
2262 2666 2545 2738 florigeris
2571 2671 2916 2745 praefulgent
2948 2682 3107 2733 astra
3136 2681 3387 2748 coronis,

1970 2756 2226 2819 Quorum
2259 2760 2418 2811 casta
2444 2755 2543 2812 Dei
2574 2759 2923 2817 decorantur
2950 2767 3169 2839 templa
3199 2772 3506 2843 sepulcris,

1971 2842 2228 2906 Quorum
2262 2848 2383 2899 tota
2414 2845 2631 2901 micant
2662 2849 2918 2923 insignia
2946 2857 3212 2927 tempora
3244 2842 3425 2929 festis,

1972 2933 2229 2997 Quorum
2260 2939 2470 2988 cuncta
2498 2936 2681 2991 sacris
2714 2939 2929 2995 cedunt
2959 2940 3331 3003 incommoda
3360 2950 3530 3006 votis.

2115 3039 2231 3095 Hos
2261 3056 2425 3095 sacer
2454 3040 2548 3097 ille
2578 3042 2735 3100 videt
2765 3045 2892 3101 cmli
2924 3046 2983 3102 in
3016 3050 3248 3123 regione
3279 3053 3534 3113 Joannes

1974 3128 2298 3183 Tantorum
2331 3128 2592 3187 illustres
2623 3137 2754 3205 post
2786 3135 2982 3208 praelia
3012 3138 3157 3195 dura
3188 3140 3478 3214 laborum,

1926 3246 1940 3311 Σ
1979 3217 2089 3272 Dat
2117 3217 2331 3288 quibus
2363 3223 2608 3276 aeternas
2641 3222 2776 3279 felix
2804 3224 3045 3283 victoria
3069 3228 3316 3302 palmas,

1979 3306 2164 3376 Atque
2196 3304 2559 3365 immortales
2592 3310 2740 3366 stola
2771 3314 3019 3370 candida
3039 3319 3252 3388 praebet
3282 3320 3553 3380 amictus.

1980 3393 2105 3449 Non
2137 3393 2226 3449 his
2255 3394 2375 3450 ulla
2408 3402 2582 3469 negat
2613 3416 2719 3454 sua
2766 3401 3023 3461 clemens
3064 3423 3307 3465 munera
3337 3410 3624 3483 Christus,

1981 3485 2144 3548 Quos‘
2168 3485 2292 3556 ipse
2323 3502 2356 3539 a
2386 3488 2589 3541 mundi
2624 3488 2871 3547 selectos
2904 3497 3057 3550 sorte
3087 3495 3341 3568 diremit,

1981 3571 2381 3646 Plantavitque
2415 3575 2528 3631 Deo
2563 3594 2575 3632 :
2608 3595 2724 3649 quo
2755 3597 2987 3654 semper
3018 3585 3221 3642 robore
3252 3587 3381 3644 lzrto

1982 3661 2303 3717 Crescendo
2333 3663 2389 3718 in
2425 3665 2635 3722 coelum
2666 3669 2957 3739 exsiliant,
2987 3673 3326 3749 fructusque
3348 3696 3631 3751 perennes

1985 3750 2226 3805 Pollenti
2259 3752 2474 3810 virtute
2504 3756 2709 3824 ferant,
2746 3763 2802 3813 et
2832 3761 3117 3834 quidquid
3148 3767 3218 3821 ab
3252 3750 3368 3823 alto

1983 3840 2221 3895 Oratum
2257 3843 2516 3913 genitore
2546 3846 2744 3915 velint,
2780 3866 2913 3904 mox
2944 3853 3186 3909 numine
3217 3872 3400 3927 prono

1985 3928 2305 4017 Accipient,
2338 3932 2716 4005 tribuantque
2747 3935 2859 4007 piis
2894 3955 2906 3992 :
2942 3956 3090 4011 quos
3120 3940 3274 3997 inter
3303 3962 3525 4017 egenus

1984 4016 2218 4073 Censori
2252 4019 2512 4090 cupiens,
2548 4027 2604 4077 et
2634 4024 2825 4079 cordis
2857 4026 3097 4082 vulnera
3128 4016 3368 4099 deflens,

1984 4104 2101 4160 Ista
2131 4109 2389 4162 tremens
2418 4109 2600 4165 cecini
2633 4112 2930 4169 submisso
2958 4120 3213 4187 pectore,
3246 4119 3469 4190 Florus,

1988 4195 2055 4251 Ut
2085 4194 2311 4251 meritis
2342 4199 2488 4253 tanti
2520 4216 2621 4271 per
2650 4199 2944 4258 Christum
2979 4204 3166 4261 salver
3190 4207 3433 4282 alumni,

1985 4284 2055 4339 Et
2078 4300 2383 4356 procerum
2414 4287 2563 4343 votis
2595 4288 2854 4346 absolvat
2882 4309 3331 4366 purpureorum.

1987 4463 2334 4519 Sanctorum
2367 4465 2595 4523 eximiis
2628 4469 2852 4526 meritis
2880 4474 3269 4548 precibusque
3296 4478 3503 4539 beatis.

1987 4551 2243 4615 Quorum
2274 4560 2587 4627 perpetuos
2620 4565 2906 4616 memorat
2938 4560 3086 4619 liber
3126 4565 3234 4621 iste
3281 4567 3633 4640 triumphos,

1909 4618 1956 4683 D
1988 4640 2090 4709 Da,
2109 4618 2686 4718 Pater-omnipotens,
2699 4649 2950 4720 veniam,
2965 4652 3060 4719 da,

1989 4730 2090 4787 His
2122 4732 2221 4804 qui
2248 4734 2618 4807 supplicibus
2645 4739 2794 4795 votis
2825 4757 2891 4795 ac
2925 4750 3118 4798 mente
3150 4743 3304 4799 ﬁdeli

1988 4819 2375 4877 Committunt
2407 4840 2532 4879 sese
2563 4827 2741 4882 tantis
2772 4845 2875 4900 per
2904 4828 3073 4885 smela
3103 4834 3388 4903 patronis,

1990 4908 2098 4975 Qui
2130 4910 2336 4966 zabulo
2366 4911 2515 4968 victo
2548 4914 2738 4971 rutilis
2771 4933 2947 4988 super
2977 4923 3135 4973 astra
3164 4921 3413 4990 coronis,

1991 4997 2322 5071 Conspicui,
2358 5001 2427 5055 de
2459 5007 2512 5056 te
2542 5004 2827 5075 quidquid
2859 5006 3075 5076 petiere
3103 5015 3421 5068 merentur.

1992 5177 2238 5246 Christe,
2272 5195 2475 5250 precor
2502 5182 2730 5237 veniam
2762 5183 2923 5255 segni
2953 5184 3054 5239 des
3086 5186 3247 5243 mitis
3279 5187 3536 5247 alumno.

2064 5268 2293 5323 Tardus
2323 5285 2478 5336 sum,
2512 5271 2674 5327 tarde
2704 5272 2805 5327 sed
2834 5271 2938 5327 tibi
2972 5290 3142 5331 nemo
3167 5277 3342 5333 venit.

1992 5445 2276 5526 Acherius
2306 5447 2603 5526 quondam
2635 5449 2882 5505 describi
2916 5454 3158 5526 curavit,
3192 5460 3417 5513 exstant
3446 5457 3642 5515 hiatus

1996 5532 2097 5572 seu
2130 5518 2319 5601 spatia
2345 5533 2527 5601 vacua
2553 5521 2822 5601 duo,_non
2845 5523 3080 5597 quidem
3111 5518 3217 5601 pro
3244 5528 3641 5601 versibus,sed

1994 5605 2098 5662 pro
2129 5588 2314 5647 titulis
2343 5589 2778 5652 interserendis.
