3896 6198
328 362 445 420 259

328 497 570 569 Longus
602 492 911 567 praeteritis
942 486 1129 545 tenuit
1159 501 1264 540 nos
1294 499 1454 539 error
1484 481 1555 537 ab
1582 479 1774 547 annis,

403 585 670 646 Sufficiat
698 580 926 639 meritis
956 578 1079 634 haec
1110 590 1249 647 rogo
1277 588 1449 645 pcena
1475 569 1641 626 meis.

327 680 461 735 Vita
490 674 681 733 brevis
709 672 997 744 superest,
1030 667 1092 722 in
1123 667 1371 720 mortem
1401 664 1458 717 et
1481 657 1718 732 pronior
1742 661 1881 712 satas
1916 674 1928 710 :

400 768 532 824 Jam
562 778 801 837 peccare
831 774 1005 816 senex
1034 769 1281 826 nequeo,
1314 749 1450 807 nolo
1480 755 1639 805 tuus.

1123 872 1192 924 V.

825 965 903 1036 (a)
940 977 1158 1019 vsasus
1207 973 1476 1015 musaea.

437 1070 537 1127 Ubi
559 1084 677 1124 ossa
706 1065 762 1122 S.
784 1061 1050 1136 Cypriani
1081 1056 1332 1131 Lugduni
1360 1053 1576 1111 condita
1604 1051 1872 1107 habentur

325 1177 442 1233 Hac
472 1172 733 1246 locuples
763 1168 981 1227 Christi
1012 1166 1325 1223 thesaurus
1356 1159 1629 1216 conditur
1658 1173 1812 1223 arca,

325 1264 531 1322 Purior
551 1265 811 1336 argento,
846 1258 1001 1314 fulvo
1032 1252 1340 1327 pretiosior
1369 1265 1532 1317 auro,

323 1354 542 1410 Clarior
569 1335 865 1408 eticuncta
895 1358 1263 1419 gemmarum
1294 1338 1421 1394 luce
1451 1335 1795 1393 micantum.

323 1444 428 1499 Hic
459 1457 669 1513 nempe
699 1435 919 1510 insigni
949 1435 1149 1490 doctor
1176 1427 1567 1487 suavissimus
1598 1441 1716 1491 ore,

323 1531 586 1589 Eximius
616 1525 852 1602 praesul,
886 1528 1109 1593 martyr
1137 1516 1551 1576 celeberrimus
1582 1514 1759 1580 idem,

325 1620 559 1679 Lucifer
586 1623 653 1675 ut
684 1616 904 1672 nitidus
932 1628 1144 1684 magna
1175 1606 1524 1679 Carthagine
1557 1603 1778 1659 missus

322 1709 567 1779 Emicat,
601 1712 662 1763 et
691 1703 935 1780 pulchra
964 1700 1287 1774 Cyprianus
1319 1699 1475 1752 sorte
1507 1691 1774 1766 quiescit.

320 1798 569 1854 Additur
599 1796 733 1852 huic
762 1791 1067 1867 geminum
1097 1786 1349 1844 radianti
1378 1783 1602 1840 lumine
1634 1781 1819 1848 sidus,

321 1887 601 1960 Speratus
633 1887 853 1956 martyr
881 1897 1015 1937 cum
1049 1880 1301 1951 martyre
1336 1872 1704 1937 Pantaleone,

319 1958 499 2047 cujus
529 1991 664 2030 cum
696 1972 885 2044 capite
914 1968 1007 2024 hic
1034 1965 1253 2039 pollent
1283 1978 1451 2020 sacra
1476 1977 1609 2016 ossa
1640 1958 1922 2031 priorum.

320 2046 476 2129 Quos
508 2061 723 2136 pariter
754 2058 957 2116 Carolo
1001 2057 1353 2112 Francorum
1406 2048 1664 2123 principe
1709 2046 1970 2119 gaudens

321 2152 507 2209 Gallia
535 2148 816 2221 suscepit,
847 2145 1076 2218 Libycis
1108 2143 1293 2198 ditata
1318 2138 1578 2195 talentis.

320 2243 437 2297 Hos
467 2240 649 2314 igitur
680 2237 847 2293 nobis
878 2233 1061 2291 oratio
1094 2230 1212 2287 ﬁda
1242 2234 1517 2302 patronos

320 2329 567 2397 Efficiat,
598 2326 826 2383 Christo
860 2330 923 2379 ut
952 2321 1112 2378 caelis
1142 2318 1407 2374 veniente
1438 2314 1717 2383 coruscis,

319 2417 792 2491 Martyribusque
821 2412 948 2470 suis
975 2409 1307 2466 diademata
1336 2405 1494 2462 clara
1522 2405 1759 2471 ferente,

320 2508 588 2580 Ipsorum
622 2503 845 2561 meritis
874 2501 975 2558 lux
1003 2515 1111 2556 nos
1141 2502 1356 2553 aeterna
1384 2496 1655 2566 receptet.

824 2718 901 2788 (b)
938 2622 1189 2771 τιτυιζζ
1214 2727 1453 2767 ΑΒειΜῖ.

317 2826 670 2901 Martyribus
699 2824 900 2881 subter
927 2816 1277 2878 venerabilis
1306 2816 1520 2873 emicat
1550 2813 1685 2870 aula
1717 2830 1730 2868 :

314 2916 670 2991 Martyribus
700 2930 880 2987 supra
906 2910 1172 2966 Christus
1197 2924 1296 2963 rex
1326 2905 1598 2979 praesidet
1627 2902 1801 2959 altus.

313 3006 709 3063 Circumstant
737 3002 903 3059 miris
935 2998 1216 3056 animalia
1244 2995 1494 3069 mystica
1524 2993 1751 3058 formis,

311 3096 489 3152 Nocte
520 3094 728 3167 dieque
757 3090 994 3165 hymnis
1024 3089 1243 3144 trinum
1296 3082 1676 3140 inclamantia
1721 3096 1961 3137 numen.

311 3185 512 3240 Adstat
541 3180 898 3256 apostolicus
930 3178 1145 3251 pariter
1174 3175 1386 3231 chorus
1417 3189 1514 3228 ore
1545 3186 1807 3238 corusco,

310 3275 453 3330 Cum
486 3270 713 3328 Christo
746 3267 1012 3325 adveniet
1036 3269 1191 3322 certo
1223 3263 1321 3335 qui
1356 3268 1614 3333 tempore
1636 3261 1839 3331 judex.

308 3362 567 3433 Vivaque
598 3356 952 3425 Hierusales,
983 3370 1132 3428 agno
1165 3351 1494 3407 illustrante
1525 3349 1841 3421 refulgens,

196 3494 199 3497 -
310 3452 571 3517 Quatuor
600 3464 716 3504 uno
747 3446 931 3519 agitat
958 3442 1212 3516 paradisi
1248 3440 1493 3495 ﬂumina
1522 3438 1699 3494 fonte.

311 3537 660 3612 Pignoribus
691 3535 876 3591 sacris
905 3533 1097 3589 clerus
1124 3530 1385 3603 Baptista
1412 3529 1668 3585 Joannes

307 3626 503 3682 Altare
534 3624 812 3690 illustrat,
840 3620 1140 3694 poscentia
1170 3622 1403 3691 pectora
1434 3620 1663 3689 purgat.

706 3764 1089 3829 MARTENII
1136 3761 1572 3824 ADMUNITIO

1096 3877 1175 3922 DE

391 3972 877 4037 CARMINIBUS
907 3966 1262 4030 PltOXIME
1307 3963 1875 4039 SEQUENTlBUS.

384 4100 518 4168 Qua
560 4098 650 4152 hic
695 4094 885 4151 damus
931 4094 1185 4168 camino
1228 4107 1298 4147 ex
1317 4098 1621 4168 perpetuate
1653 4089 1833 4168 codice
1862 4090 1959 4146 Bi-

306 4162 526 4243 gotiano
551 4169 818 4243 eruimus,
850 4166 1007 4243 eujus
1036 4162 1331 4220 character
1353 4162 1422 4218 ad
1452 4163 1697 4243 auctoris
1742 4168 1961 4243 aetatem

308 4234 556 4298 accedere
582 4239 815 4294 videtur.
851 4234 975 4294 Haec
1017 4243 1199 4292 autem
1245 4236 1461 4290 tametsi
1502 4236 1645 4289 tanti
1688 4249 1799 4289 non
1844 4234 1959 4288 sint

306 4313 587 4377 momenti,
617 4310 846 4364 minime
900 4316 1076 4363 tamen
1126 4314 1257 4362 sunt
1311 4310 1635 4378 spernenda,
1680 4305 1959 4378 praecipue

307 4392 491 4439 autem
514 4376 852 4454 epigramma
884 4381 943 4434 in
974 4380 1181 4435 librum
1210 4376 1578 4433 [familiarum
1607 4377 1770 4454 totius
1796 4376 1954 4454 anni,

307 4471 377 4510 ea:
405 4470 509 4527 quo
532 4448 823 4508 didicimus
851 4467 1016 4522 quam
1040 4457 1360 4527 pauca_tum
1389 4454 1697 4527 satiatatum
1719 4448 1862 4527 festa
1877 4461 1958 4501 ce-

310 4517 673 4592 lebfarentur,
724 4530 820 4594 aut
847 4517 1173 4594 proprium
1210 4521 1471 4594 haberent
1516 4517 1781 4594 ofﬁcium.
1803 4520 1955 4594 _Nam

1437 349 1667 410 FLOHI
1714 346 2025 407 DIACONI
2070 340 2648 406 LUGDUNENSIS.

2009 477 2064 545 Α
2098 476 2227 532 Haec
2257 478 2429 530 canat
2458 472 2663 529 almus
2681 486 2866 539 amor,
2899 468 3020 524 hzec
3050 464 3207 523 dulci
3236 481 3373 521 voce
3400 465 3655 521 resultet.

3624 334 3731 391 260

2162 563 2507 620 Nasciturin
2526 559 2821 618 Bethleem
2847 560 3052 614 sancta
3079 557 3151 612 de
3179 554 3419 628 Virgine
3447 553 3727 627 Christus,

2089 654 2386 710 Advenere
2416 651 2571 724 Magi
2604 648 2823 707 caelesti
2849 646 3037 704 sidere
3068 645 3250 701 ducti.

2089 743 2307 817 Joseph
2338 759 2474 799 cum
2505 756 2683 814 puero
2714 740 3022 811 Egyptum
3055 735 3307 807 migrare
3330 732 3597 806 jubetur.

2160 832 2475 888 Caeduntur
2500 829 2663 902 pueri
2695 827 2849 900 regis
2878 825 3055 881 livore
3086 823 3337 880 cruenti.

2086 920 2259 977 Jesus
2289 919 2362 975 ab
2388 919 2630 991 Egypto
2661 914 2944 971 Nazareth
2980 916 3280 970 revocatur
3310 911 3371 967 in
3403 912 3629 968 urbem.

2084 1009 2341 1066 Joannes
2370 1006 2615 1081 populos
2644 1005 2821 1078 tingit
2848 1002 3122 1060 Jordanis
3152 1002 3212 1057 in
3240 999 3437 1056 undis.

2158 1096 2414 1170 Suscipit
2444 1101 2500 1152 et
2528 1094 2796 1152 Christus
2828 1092 3071 1149 humilis
3102 1090 3397 1164 baptisma
3424 1088 3681 1147 Joannis.

2086 1188 2225 1244 Inde
2250 1192 2459 1259 quater
2487 1184 2653 1241 denis
2675 1184 2957 1255 jejunans
2987 1180 3112 1253 ipse
3144 1179 3372 1235 diebus.

2085 1277 2367 1333 Tentatus
2397 1273 2609 1331 zabulli
2638 1272 2823 1328 vincit
2852 1269 3160 1327 molimina
3188 1267 3321 1324 diri.

2156 1364 2454 1420 Piscantes
2511 1366 2773 1429 Petrum,
2822 1360 3152 1426 Andrzeam,
3215 1356 3507 1414 Jacobum
3564 1360 3729 1428 atque

3424 1444 3727 1519 [Joannem

2085 1543 2313 1599 Evocat.
2350 1541 2438 1597 Illi
2470 1539 2643 1597 almis
2674 1541 2880 1612 parent
2909 1553 3045 1593 mox
3072 1534 3275 1593 sedule
3296 1533 3487 1606 jussis
3517 1551 3531 1587 :

2086 1632 2331 1689 Retibus
2362 1629 2626 1702 abjectis,
2660 1633 2717 1684 et
2740 1626 2872 1683 navi
2902 1631 2960 1683 et
2988 1629 3151 1698 patre
3183 1623 3421 1681 relictis.

2154 1720 2256 1776 His
2288 1719 2384 1776 ille
2415 1717 2740 1790 assumptis
2761 1714 3057 1771 Galilaeam
3089 1713 3296 1770 circuit
3324 1729 3585 1779 omnem,

2082 1811 2160 1865 Ac
2192 1810 2380 1865 varios
2412 1808 2717 1863 hominum
2750 1805 3062 1878 languores
3092 1807 3257 1859 curat
3285 1801 3529 1875 ubique,

2084 1897 2410 1971 Discipulos
2442 1897 2720 1952 mandata
2749 1896 2939 1962 docet,
2973 1894 3075 1949 dat
3092 1893 3232 1964 jura
3255 1891 3465 1947 beatis.

2150 1987 2469 2060 Sanguinis
2500 1984 2669 2041 effusi
2697 1983 2997 2040 vitandam
3025 1981 3301 2038 admonet
3331 1980 3503 2035 iram.

2081 2077 2324 2132 Munera
2353 2079 2518 2148 grata
2550 2075 2686 2141 Deo,
2722 2075 3039 2128 fraternam
3072 2070 3313 2126 reddere
3343 2084 3573 2142 pacem,

2080 2165 2386 2222 Moechiam
2418 2163 2609 2220 cordis
2645 2160 2980 2235 fugiendam
3011 2164 3242 2231 pectore
3274 2161 3456 2214 casto.

2147 2252 2433 2311 Scandala
2461 2253 2509 2309 si
2542 2254 2818 2326 generent
2848 2248 3022 2306 oculu
3053 2248 3152 2321 qui
3185 2263 3346 2304 more
3371 2244 3649 2301 coluntur

2076 2345 2205 2400 Sive
2234 2358 2446 2399 manus
2478 2343 2692 2398 dextrae
2723 2338 2876 2413 pulsi
2907 2336 3109 2411 procul
3141 2338 3224 2392 ire
3245 2336 3559 2407 jubentur,

2078 2434 2320 2505 Semper
2347 2447 2494 2487 nexa
2520 2430 2642 2487 viro
2672 2429 2785 2484 nisi
2815 2431 3041 2484 constet
3070 2425 3336 2482 adultera
3363 2425 3603 2495 conjux.

2146 2521 2493 2577 Juramenta
2515 2522 2691 2585 vetat,
2725 2517 2865 2589 quia
2894 2519 3035 2572 sunt
3064 2513 3321 2588 perjuria
3337 2514 3517 2585 juxta
3541 2530 3555 2567 :

2080 2612 2177 2668 Est
2202 2615 2259 2667 et
2286 2610 2411 2667 Non
2442 2607 2649 2666 statuit
2664 2607 2852 2663 veraci
2883 2621 3021 2662 voce
3045 2604 3383 2660 tenendum.

2072 2700 2268 2756 Altera
2297 2697 2538 2755 candenti
2564 2698 2737 2753 detur
2766 2694 3004 2750 maxilla
3033 2693 3304 2748 libenter.

2144 2789 2216 2844 Et
2245 2787 2378 2861 pius
2409 2792 2601 2843 almus
2630 2801 2796 2840 amor
2820 2781 3093 2839 inimicos
3117 2779 3325 2853 diligat
3353 2779 3541 2852 ipsos,

2076 2877 2148 2933 Ut
2174 2876 2407 2950 pietatis
2438 2891 2587 2947 opus
2615 2873 2743 2928 sine
2773 2871 2915 2927 laeva
2943 2871 3178 2928 dextera
3208 2868 3436 2936 reddat,

2076 2966 2265 3038 thue
2294 2964 2519 3037 placere
2554 2961 2706 3018 Patri
2737 2961 2939 3034 cupiat
2967 2957 3150 3016 oratio
3180 2956 3311 3013 soli.

2144 3056 2217 3111 Ut
2248 3071 2414 3110 mens
2444 3053 2666 3109 munda
2695 3057 2804 3106 Deo
2819 3049 3049 3122 jejunia
3076 3047 3212 3105 laeta
3243 3047 3596 3119 frequentet,

2073 3144 2188 3200 Nec
2219 3143 2363 3199 facie
2394 3141 2545 3199 tristi
2580 3140 2813 3197 laudem
2844 3141 3004 3210 petat
3032 3134 3135 3192 illa
3157 3136 3462 3201 caducam,

1989 3220 2032 3287 C
2071 3234 2440 3291 Thesaurum
2473 3230 2615 3287 cmlo
2647 3228 3016 3285 condendam
3048 3226 3142 3281 fur
3173 3225 3274 3281 ubi
3306 3224 3534 3281 nullus.

2140 3321 2409 3395 Corporis
2439 3324 2527 3377 est
2551 3319 2757 3377 oculus
2786 3316 2979 3389 operis
3010 3314 3256 3370 intentio
3288 3312 3566 3386 simplex.

2068 3412 2197 3468 Haec
2227 3411 2276 3468 si
2307 3428 2454 3484 pura
2473 3409 2648 3482 viget,
2682 3411 2834 3464 totos
2860 3404 3156 3460 illuminat
3185 3406 3369 3470 artus,

2069 3502 2184 3558 Nec
2214 3501 2520 3557 tenebrosa
2549 3500 2711 3566 ﬁent,
2746 3512 2872 3568 quae
2898 3494 3049 3550 lucis
3078 3508 3274 3549 amore
3304 3493 3618 3564 geruntur.

2139 3588 2379 3645 Nullum
2411 3604 2581 3661 posse
2610 3601 2772 3657 aeque
2802 3581 3059 3639 dominis
3090 3580 3303 3637 servire
3334 3580 3597 3645 duobus,

2068 3679 2182 3734 Nec
2214 3694 2500 3733 mamonae
2532 3679 2709 3747 atque
2739 3673 2854 3729 Deo
2886 3671 3072 3728 divisa
3102 3674 3295 3726 mente
3324 3668 3557 3742 placere
3584 3687 3598 3737 ;

2069 3766 2372 3823 Pellendas
2401 3764 2597 3821 animo
2625 3779 2796 3820 curas
2826 3766 2883 3817 et
2909 3761 3087 3817 vestis
3116 3764 3173 3815 et
3199 3775 3366 3815 escae.

2139 3857 2198 3913 Si
2227 3854 2490 3912 volucres
2521 3852 2649 3909 οωιί
2683 3852 2870 3925 pascit
2899 3848 3199 3923 opulentia
3229 3847 3439 3916 Patris,

2068 3944 2382 4017 Molliaque
2405 3940 2630 3998 auleolo
2660 3937 2923 4012 depingit
2951 3936 3075 3993 lilia
3100 3936 3260 4005 flore,

2067 4016 2308 4101 Quando
2339 4031 2463 4089 suis
2496 4046 2757 4104 unquam
2788 4027 2943 4085 natis
2973 4026 3072 4100 pia
3099 4016 3254 4081 dona
3284 4024 3571 4098 negabit?

2137 4125 2499 4195 Quapropter
2526 4137 2636 4177 sua
2663 4119 2874 4191 cuique
2905 4116 3051 4173 satis
3083 4114 3160 4170 sit
3186 4131 3329 4171 cura
3357 4113 3495 4184 diei,

2065 4212 2331 4269 Crastina
2357 4228 2472 4267 non
2505 4209 2786 4274 crucient,
2819 4206 2959 4280 quia
2987 4209 3129 4262 sunt
3154 4204 3375 4260 incerta
3404 4202 3671 4260 caducis.

2065 4301 2306 4360 Justitia
2335 4304 2424 4357 est
2460 4297 2774 4372 quaerenda
2803 4296 2925 4365 Dei,
2959 4293 3185 4368 reliqua
3215 4292 3368 4350 ultro
3399 4292 3723 4349 dabuntur.

2137 4390 2376 4447 Occulta
2405 4388 2647 4445 alterius
2672 4386 2911 4442 damnet
2940 4401 3003 4441 se
3024 4383 3226 4455 judice
3258 4398 3453 4451 nemo,

2064 4481 2147 4536 Ex
2174 4478 2341 4536 oculo
2372 4476 2567 4535 fratris
2597 4477 2884 4532 festucam
2915 4473 3161 4529 educere
3193 4488 3486 4545 quaerens,

301 4561 673 4669 ἷτέᾝῖἓξὶᾶ
700 4561 1857 4669 53".?szgttt‘ti'totﬁ;"etaetatis

2094 4586 2198 4641 pse
2228 4568 2391 4640 prius
2421 4566 2655 4639 proprio
2686 4564 2865 4637 pellat
2896 4563 2967 4619 de
2996 4561 3219 4617 lumine
3248 4562 3504 4634 tignum.

306 4658 564 4735 'centium',
596 4666 832 4723 Joannis
888 4658 1166 4735 Baptistae,
1217 4661 1369 4735 Petri
1402 4667 1467 4735 et
1510 4658 1699 4735 Pauli,
1728 4659 1955 4735 Maelia-

310 4730 560 4796 bxorum'
579 4745 631 4793 et
652 4736 903 4803 Andrew,
936 4730 1034 4806 q'ui
1064 4734 1242 4806 locum
1288 4732 1346 4785 in
1393 4730 1757 4785 [familiarum
1815 4730 1956 4806 libro

306 4810 595 4874 habebant,
616 4810 669 4864 si
696 4824 803 4880 qua
832 4802 1370 4880 forteoecurrebant,
1401 4808 1557 4857 extra
1587 4802 1958 4857 communium

306 4882 534 4938 classem
558 4876 802 4953 ofﬁcium
829 4876 941 4934 non
969 4876 1258 4932 habebant.

690 5154 695 5157 ,
735 5110 793 5150 IN
832 5106 1196 5147 EVANGELIUM
1249 5103 1529 5143 ΜΛΤΤΗᾹΞῘ.

381 5204 612 5259 Primus
642 5197 959 5271 evangelici
990 5195 1227 5268 scripsit
1256 5193 1535 5267 mysteria
1564 5193 1725 5266 regni

307 5291 617 5347 Matthzeus
648 5305 717 5343 ex
745 5286 960 5344 telonio
992 5285 1065 5341 ad
1099 5282 1226 5339 cceli
1256 5281 1419 5339 lucra
1446 5286 1703 5339 vocatus.

378 5416 453 5488 (a)
477 5414 557 5470 De
574 5408 958 5488 translatione
989 5407 1371 5488 reliquiarum
1401 5407 1587 5488 sancti
1612 5405 1882 5488 Cypriani
1899 5410 1957 5488 et

308 5477 557 5541 aliorum
576 5485 634 5538 in
658 5479 957 5552 ecclesiam
995 5477 1446 5552 Lugdunensem
1478 5477 1737 5552 tempore
1756 5477 1954 5552 Caroli

307 5550 773 5632 Magni,legendi
789 5566 990 5632 versus
1006 5550 1293 5632 Agebardi
1326 5550 1592 5632 praesulis
1608 5550 1958 5623 Lugdunen-

308 5622 437 5695 sis,’
446 5632 503 5683 et
518 5622 860 5695 'Ch'ronicon
886 5622 1105 5695 Adonis
1127 5622 1482 5695 Viennensis

380 5691 454 5780 (ὃ)
476 5695 581 5759 Hic
602 5692 953 5755 describitur
973 5693 1176 5775 altaris
1193 5694 1425 5774 priscas
1453 5696 1771 5769 apparatus
1791 5691 1853 5750 in
1869 5706 1956 5751 ec-

2139 4658 2229 4714 Ira
2251 4661 2481 4713 vetusta
2509 4654 2709 4723 trahit,
2740 4652 2919 4710 levior
2939 4652 3163 4708 festuca
3192 4653 3449 4706 notatur.

2067 4747 2280 4819 Purget
2310 4746 2383 4801 ab
2412 4744 2499 4800 ira
2528 4744 2793 4800 animum
2826 4741 2925 4814 qui
2946 4739 3070 4797 vult
3099 4739 3310 4813 pietate
3338 4737 3586 4796 mederi.

2065 4835 2284 4907 Nempe
2314 4834 2448 4889 odio
2476 4833 2800 4889 exstinctus
2833 4829 2914 4886 nil
2946 4835 3172 4886 rectum
3202 4828 3391 4884 cernit
3416 4826 3667 4885 ocellus.

2137 4924 2218 4980 Ne
2248 4921 2626 4995 margaritam
2657 4920 2998 4977 calcandam
3030 4934 3316 4991 exponere
3345 4918 3540 4991 porcis

2066 5013 2208 5080 Quis
2223 5011 2378 5082 velit,
2394 5016 2497 5068 aut
2526 5014 2797 5067 sanctum
2818 5009 3067 5065 canibus
3090 5008 3228 5064 dare
3249 5006 3718 5064 dilacerandum.

2066 5102 2306 5160 Mitibus
2336 5105 2393 5157 et
2421 5099 2663 5156 mundis
2693 5102 2940 5172 prosunt
2968 5097 3246 5170 mysteria
3275 5096 3458 5168 pacis.

2137 5189 2397 5247 Postulet
2428 5188 2585 5246 alma
2611 5189 2776 5257 ﬁdes,
2810 5191 2875 5243 ut
2902 5184 3092 5260 possit
3116 5201 3350 5242 sumere
3378 5186 3554 5242 dona.

2064 5282 2293 5347 Quaerat
2322 5294 2488 5335 amor
2516 5277 2742 5345 sitiens,
2776 5280 2842 5333 ut
2862 5293 2998 5333 mox
3026 5279 3225 5349 optata
3243 5278 3515 5347 reportet,

2064 5404 2252 5461 clesiae
2284 5403 2491 5459 absida
2518 5402 2838 5469 existentis,
2871 5401 2955 5457 ita
2985 5404 3050 5473 ut
3082 5404 3409 5473 martyrum
3455 5397 3718 5473 reliquiis

2065 5476 2175 5532 sub
2206 5474 2386 5531 altare
2426 5474 2871 5540 collocarentur,
2904 5472 3115 5528 Christi
3145 5488 3176 5528 e
3206 5470 3377 5543 cruce
3408 5470 3720 5543 pendentis

2063 5546 2584 5629 effigieusuperius.
2627 5550 2837 5627 erecta,
2871 5544 3159 5629 pendente
3208 5541 3554 5624 iuvas—culo
3606 5541 3721 5597 Eu-

2064 5612 2395 5750 cliaristiw;
2428 5621 2765 5675 sanctorum
2820 5612 3182 5691 imaginibus
3247 5612 3471 5672 circum
3527 5629 3721 5689 appo-

2064 5706 2217 5750 8118.

2064 5706 2217 5753 suis.
