3896 6198
190 261 301 322 361

1562 255 1916 319 CARMINA
1958 255 2215 318 VAHIA.

3471 259 3590 318 962

195 390 386 449 Pulset
414 405 560 462 opus
578 388 961 461 studiumque
978 388 1298 461 pium,tum
1316 388 1517 445 clausa
1532 388 1833 460 patebunt.
1865 393 1920 458 Α
1952 388 2088 444 Esse
2118 387 2231 443 sibi
2264 392 2502 455 matres,
2535 386 2622 443 vel
2654 388 2882 453 fratres,
2915 390 3091 459 atque
3119 404 3368 456 sorores,

264 495 493 557 Vitandi
524 511 759 569 semper
787 494 919 552 falsi
942 496 1396 569 exsecrandique
1426 495 1742 569 prophetae,

198 590 345 655 Quos
373 586 483 642 sub
508 584 661 658 pelle
689 584 885 641 ovium
917 584 1109 642 rabies
1136 585 1258 658 agit
1286 590 1416 641 atra
1452 584 1727 657 luporum
1750 602 1763 651 ;

198 677 568 733 Sacramenta
597 674 793 730 ferunt
822 673 1087 742 ﬁdei,sed
1120 674 1320 730 funere
1349 673 1570 731 vivunt.

264 780 622 836 )Ediﬁcanda
650 780 863 835 domus
892 794 1038 833 veras
1070 779 1411 835 fundamine
1440 782 1615 851 petras
1644 795 1657 833 :

197 872 341 928 Dum
372 868 576 942 procul
609 869 801 925 omnis
832 868 1054 923 humus
1086 868 1269 924 fundo
1295 872 1583 941 purgatur
1603 869 1675 925 ab
1698 867 1838 936 imo,

195 963 269 1017 Ac
298 959 510 1033 pietate
542 960 727 1032 proba
756 957 972 1015 Christi
1004 958 1283 1013 mandata
1313 963 1616 1030 geruntur,

259 1066 577 1121 Vitandum
610 1082 851 1137 prorsus
882 1064 1049 1120 ﬂuxa
1082 1064 1400 1121 fundamen
1432 1082 1644 1134 arente,

196 1158 273 1212 Ne
304 1154 505 1211 leviter
533 1155 788 1228 positam
819 1158 928 1210 sub
963 1153 1123 1209 intus
1156 1159 1289 1209 ruat
1332 1154 1587 1226 impetus
1637 1155 1840 1223 aedem,

198 1245 286 1302 Sic
314 1243 562 1299 immota
591 1242 830 1311 imbres,
862 1247 1086 1311 ventos,
1119 1246 1176 1297 et
1206 1243 1452 1298 ﬂumina
1480 1246 1721 1299 temnet.

263 1358 511 1432 Caligosi
546 1358 765 1415 imbres
796 1374 1060 1414 errorum
1093 1357 1244 1414 nube
1275 1357 1583 1431 pluuntur,

198 1448 360 1504 Venti
392 1446 755 1503 alternantes
785 1447 1028 1502 adversa
1058 1450 1114 1502 et
1144 1464 1423 1520 prospera
1453 1447 1680 1503 mundi.

200 1536 362 1610 Repit
386 1536 570 1592 humo
600 1539 666 1592 ut
697 1535 905 1592 ﬂuvius
938 1535 1132 1593 carnis
1164 1535 1457 1592 lutulenta
1480 1535 1770 1610 voluptas.

265 1644 434 1700 Jesus
464 1642 606 1700 item
639 1643 887 1699 mundat
916 1643 1275 1700 descendens
1306 1648 1502 1701 monte
1525 1642 1842 1717 leprosum,

203 1733 257 1789 Si
284 1733 389 1799 vis,
424 1730 522 1788 ille
554 1732 770 1805 inquit,
798 1737 964 1804 potes
994 1735 1049 1787 ct
1080 1732 1223 1787 mihi
1258 1733 1404 1789 ferre
1435 1734 1744 1790 medelam.

203 1820 469 1893 Ille,volo,
502 1824 568 1876 ut
597 1820 764 1888 dixit,
797 1821 945 1894 fugit
975 1820 1127 1877 illico
1154 1822 1345 1878 lurida
1376 1823 1577 1895 pestis.

270 1937 521 2010 Paralysi
547 1938 791 2003 fessum,
810 1953 1058 2009 puerum
1090 1948 1322 2009 quoque
1356 1938 1736 2006 centurionis,

205 2028 269 2082 Et
295 2043 528 2082 socrum
561 2025 711 2081 Petri
743 2025 944 2081 lethali
979 2026 1138 2082 febre
1160 2028 1478 2098 jacentem,

204 2118 380 2187 Atque
410 2113 561 2170 alios
590 2112 789 2186 plures
818 2113 1004 2169 salvat
1032 2114 1245 2170 virtute
1276 2115 1517 2186 potenti.

273 2220 557 2277 Fallacem
593 2220 844 2276 scribam
878 2220 1170 2292 reprobat,
1203 2237 1307 2276 nec
1346 2238 1588 2293 prorsus
1638 2223 1849 2278 habere

209 2312 321 2376 Quo
351 2314 530 2382 ponat
562 2308 778 2365 recline
808 2314 982 2382 caput
1009 2325 1137 2365 sese
1168 2310 1376 2366 asserit
1405 2328 1677 2383 usquam.

208 2397 488 2471 Vulpihus
517 2396 678 2453 hunc
709 2398 772 2468 [Ῑ.
807 2396 963 2467 hinc]
999 2398 1216 2453 foveam
1251 2399 1451 2454 dicens
1485 2400 1674 2473 magis
1723 2416 1852 2455 esse

275 2504 373 2559 Ast
402 2502 587 2559 alium
619 2502 804 2559 functi
828 2503 1090 2576 neglecto
1110 2520 1349 2576 corpore
1367 2505 1550 2577 patris
1590 2505 1848 2576 [dolosis.

211 2593 277 2649 Se
296 2592 466 2663 jubet
496 2593 626 2665 ipse
656 2592 849 2664 sequi,
880 2597 938 2647 et
965 2592 1266 2649 morituris
1298 2599 1529 2649 mortua
1557 2593 1764 2667 linqui.

212 2681 502 2753 lmperitat
533 2681 918 2753 ventis,jussu
954 2681 1137 2738 maris
1168 2699 1404 2755 aequora
1434 2684 1620 2739 sedat.

276 2786 669 2843 Demonicam
701 2786 960 2844 humano
989 2786 1278 2860 legionem
1310 2806 1548 2861 corpore
1579 2789 1763 2862 pellit,

213 2874 276 2929 Et
305 2875 481 2931 maris
514 2875 667 2932 hanc
694 2880 875 2931 tetras
905 2894 1038 2931 cum
1073 2877 1263 2949 porcis
1294 2880 1508 2952 mergit
1538 2880 1596 2935 in
1639 2881 1848 2937 undas.

214 2963 454 3037 Paralysi
488 2969 757 3037 ereptum
791 2966 1035 3021 mandat
1064 2966 1173 3021 sibi
1206 2967 1355 3023 ferre
1374 2968 1708 3041 grabatum.

282 3053 621 3110 Matthaeum
650 3058 899 3123 vocat,et
928 3055 1132 3110 mundi
1165 3055 1265 3111 dat
1293 3073 1565 3129 spernere
1596 3058 1780 3126 lucra,

212 3142 284 3197 Ac
313 3143 560 3216 propriaa
589 3142 841 3216 dignans
870 3144 1215 3216 publicanos
1235 3145 1486 3219 jungere
1514 3163 1751 3217 mensaa,

212 3231 462 3305 Egrotos
485 3232 716 3289 medico
746 3232 942 3305 potius
972 3237 1222 3289 testatur
1250 3250 1438 3307 egere.

274 3320 486 3393 Jejunii
518 3320 641 3377 veri
673 3322 1097 3378 commendans
1129 3324 1373 3395 mystice
1403 3323 1656 3392 culmen,

212 3407 518 3482 Discipulis
553 3410 702 3466 sacri
733 3409 1062 3467 zelantibus
1093 3427 1224 3468 ecce
1252 3412 1498 3469 Joannis

213 3496 543 3555 Parabolam
579 3498 779 3571 panni,
808 3499 1411 3573 vinique,utriumque
1441 3502 1690 3576 reponit.

276 3587 444 3644 Fessa
465 3604 676 3643 cruore
706 3587 806 3644 diu
830 3586 1043 3643 mulier
1073 3589 1200 3644 sine
1228 3588 1355 3661 lege
1386 3590 1589 3646 fluenti

209 3675 428 3732 Attactu
458 3693 642 3733 sacrm
670 3677 847 3733 vestis
880 3681 1129 3750 purgata
1160 3679 1395 3735 recedit.

213 3763 481 3821 Redditur
510 3770 572 3821 et
598 3765 726 3821 vitae
749 3766 877 3837 jam
909 3766 1109 3822 funere
1131 3766 1341 3837 juncta
1365 3767 1581 3840 puella.

275 3853 400 3909 Mox
430 3852 658 3910 amissa
687 3854 787 3909 diu
822 3854 1147 3910 redduntur
1175 3854 1403 3911 lumina
1431 3856 1617 3913 caecis.

210 3940 295 3996 De
314 3942 564 3999 nonium
598 3947 830 3998 mutum
863 3942 1227 4015 surdumque
1256 3944 1491 4017 expellit
1519 3946 1711 4003 Jesus.

209 4029 410 4087 Lumen
437 4030 829 4104 apostolicum
863 4031 1097 4104 populis
1122 4033 1290 4105 jubet
1318 4032 1401 4089 ire
1431 4034 1733 4100 docendis.

275 4120 471 4175 Petrus
502 4124 563 4176 et
590 4120 1146 4185 Andraeas,Jacobus
1167 4120 1547 4195 simul,atque
1568 4123 1847 4193 Joannes,

212 4205 680 4278 Bartholomaeus,
713 4208 991 4277 Thomas,
1025 4209 1699 4284 Matthaeus,pariterque
1728 4213 1855 4269 Plii-

1608 4300 1850 4376 [lippus,

210 4382 354 4440 Alfaei
384 4386 1233 4456 Jacobus,Thaddaeus,Simon
1265 4392 1321 4444 et
1348 4388 1673 4447 Iscariotes.

273 4473 336 4530 Hi
367 4479 507 4531 sunt
538 4492 689 4548 quos
719 4476 884 4532 misit
909 4477 1154 4532 verbum
1184 4477 1422 4535 reboare
1443 4478 1671 4549 salutis,

211 4559 407 4620 Curare
438 4564 795 4633 inﬁrmos,et
822 4563 1036 4638 pellere
1065 4566 1358 4623 daemones
1392 4571 1569 4624 atros.

210 4648 271 4705 Et
297 4656 487 4709 tamen
521 4669 593 4710 ex
621 4653 766 4726 ipsis
795 4654 1132 4728 periit,quia
1160 4656 1617 4729 prodidit,unus.

271 4739 476 4814 Dirigit
495 4742 571 4797 ad
605 4741 904 4799 Christum
931 4743 1194 4800 Joannes
1225 4760 1454 4801 carcere
1484 4745 1746 4818 clausus,

210 4824 462 4903 Increpat
492 4829 595 4887 ille
626 4830 956 4904 urbes,qua3
987 4835 1072 4888 tot
1100 4833 1371 4890 miranda
1397 4834 1679 4906 videntes,

211 4915 422 4975 Duritia
452 4919 703 4977 immani
733 4938 849 4977 non
882 4920 1204 4993 pmnituere
1235 4922 1516 4979 dolentes.

275 5006 583 5066 Exsultans
613 5009 789 5067 Jesus
820 5008 1006 5067 Patris
1036 5010 1315 5084 mysteria
1343 5010 1565 5079 laudat,

209 5094 381 5167 Atque
410 5115 592 5154 suum
624 5097 753 5154 lene
782 5115 910 5156 esse
930 5100 1147 5172 jugum
1177 5099 1526 5156 clementius
1555 5100 1703 5158 infit.

212 5182 476 5258 Discipuli
510 5187 707 5260 spicas
740 5186 1029 5244 solventes
1059 5188 1306 5244 sabbata
1332 5186 1573 5244 vellunt.

269 5275 541 5332 Arentem
576 5276 843 5333 dextram
873 5293 1150 5334 concesso
1181 5277 1387 5334 robore
1418 5283 1607 5335 sanat.

208 5356 488 5420 Daemonio
521 5364 727 5437 ejecto,
761 5382 975 5421 caecum
1011 5370 1360 5439 mutumque
1390 5367 1658 5424 resalvaf.

211 5447 357 5513 Quod
388 5458 631 5510 satanas
664 5460 916 5527 nequeat
942 5459 1211 5512 satanam
1233 5456 1519 5529 depellere
1540 5464 1846 5517 monstrat.

272 5540 539 5601 Tentanti
574 5544 757 5601 turbas
789 5545 1028 5621 signum
1060 5544 1347 5620 promittit
1379 5544 1549 5606 Ionis.

1947 477 2063 533 Hos
2095 481 2322 534 tantum
2353 476 2640 550 agnoscit,
2670 477 2767 548 qui
2800 475 2985 533 Patris
3015 477 3190 549 jussa
3240 483 3589 550 sequuntur.

2019 567 2330 623 Parabolas
2358 566 2553 639 plures
2581 566 2738 622 vario
2769 583 3038 622 sermone
3068 568 3350 638 profatur,

1948 656 2179 712 Secreta
2210 661 2483 712 eructans
2515 657 2803 712 absconsa
2831 656 2903 711 ab
2930 656 3154 728 ariginc
3186 656 3414 728 mundi,

1945 744 2109 800 Vatis
2140 748 2197 801 et
2226 745 2451 817 antiqui
2482 744 2781 818 complens
2811 761 2974 801 sacro
3005 744 3206 801 ordine
3241 746 3414 802 dicta.

2017 833 2345 907 Agricolam
2378 834 2542 907 ponit
2573 832 2785 906 triplici
2818 832 2918 906 qui
2952 835 3115 907 fruge
3146 834 3504 903 redundans,

1949 923 2261 979 Tricenum
2290 942 2358 980 ex
2386 923 2560 979 cultis
2590 924 2847 979 fructum
2880 923 3137 996 percepit
3167 924 3240 979 ab
3270 923 3448 997 agris.

1950 1012 2249 1086 Sexagcno
2278 1012 2454 1069 etiam
2484 1016 2797 1069 centenum
2821 1028 3146 1069 accrescere
3175 1014 3459 1086 gaudens.

2022 1102 2102 1157 De
2133 1101 2271 1158 lolio
2303 1103 2535 1157 mundae
2568 1102 2751 1175 segeti
2781 1102 2937 1174 quod
2970 1107 3269 1174 sparserat
3297 1102 3506 1171 hostis,

1951 1194 2030 1246 De
2061 1207 2241 1263 grano
2268 1190 2499 1245 minimi
2528 1190 2643 1246 late
2671 1194 2963 1246 crescente
2997 1190 3240 1263 sinapis,

1953 1280 2032 1335 De
2058 1279 2342 1335 fermento
2373 1280 2550 1335 etiam
2582 1296 2699 1351 quo
2729 1279 2845 1334 vim
2880 1279 3061 1334 trahit
3089 1280 3347 1352 undique
3379 1296 3596 1337 massa.

2024 1368 2340 1441 Discipulis
2369 1368 2489 1424 lolii
2520 1368 2852 1441 segetisque
2881 1368 3193 1440 aenigmata
3222 1368 3409 1433 solvit,
3442 1388 3453 1393 ·

1952 1456 2297 1514 Parabolam
2327 1457 2527 1513 subdit
2555 1456 2948 1513 thesaurisare
2978 1456 3236 1523 latentis,

1955 1546 2280 1618 Margaritaz
2311 1545 2486 1601 etiam
2520 1546 2774 1618 pretiosa
2802 1545 2929 1602 luce
2960 1545 3252 1602 micantis.

2028 1635 2093 1690 Et
2125 1635 2290 1691 missi
2321 1635 2381 1689 in
2411 1634 2654 1708 pelagus
2683 1635 2825 1690 retis
2855 1652 3042 1707 genus
3074 1652 3246 1692 omne
3294 1640 3601 1693 natantum

1874 1767 1923 1832 Β
1956 1725 2117 1791 Quod
2150 1724 2329 1780 trahit
2360 1725 2431 1779 ad
2462 1724 2757 1793 littus,ubi
2792 1724 2858 1779 ﬁt
2888 1724 3159 1780 discretio
3192 1724 3394 1793 solers,

1956 1813 2111 1868 Vasa
2140 1813 2324 1869 bonos
2355 1812 2616 1885 capiunt,
2652 1812 2911 1869 diversos
2945 1812 3176 1885 projicit
3206 1830 3369 1869 usus.

2028 1901 2281 1957 Caeditur
2312 1902 2555 1956 Herodis
2576 1902 2753 1973 jussu
2784 1901 3048 1973 Baptista
3076 1902 3353 1971 Joannes,

1958 1991 2027 2046 Et
2058 1995 2233 2061 caput
2262 1991 2322 2044 in
2356 1990 2517 2045 disco
2549 1988 2830 2045 scelerata
2858 1989 2930 2043 ad
2961 1989 3176 2062 gaudia
3207 1991 3406 2045 fertur.

1958 2078 2241 2151 Discipuli
2270 2078 2872 2138 adveniunt.condunt
2898 2078 2992 2150 pia
3022 2079 3286 2133 membra
3314 2079 3601 2151 sepulcro.

2030 2167 2213 2223 Millia
2243 2168 2504 2239 quinque
2536 2167 2725 2222 virum
2757 2167 2828 2221 de
2858 2184 3078 2238 panum
3112 2168 3371 2239 quinque
3400 2174 3606 2240 paratu

1959 2256 2224 2311 Piscibus
2255 2260 2313 2311 et
2335 2254 2828 2329 geminis,Christi
2858 2256 3069 2311 virtute
3100 2255 3417 2327 replentur.

1961 2343 2056 2400 Bis
2087 2344 2306 2401 cofmos
2331 2344 2508 2400 etiam
2540 2343 2919 2400 cumularunt
2943 2344 3235 2417 fragmina
3263 2361 3454 2401 senos.

2031 2434 2205 2490 Jcsus
2236 2450 2338 2506 per
2369 2434 2582 2489 ﬂuctus
2612 2433 2896 2506 graditur,
2930 2433 3111 2489 maris
3141 2451 3373 2506 aequora
3398 2433 3609 2501 calent,

1963 2522 2318 2595 Mergentem
2350 2523 2584 2577 Petrum
2615 2520 2846 2594 placida
2873 2522 2974 2577 dat
2994 2521 3200 2579 sistere
3229 2524 3451 2580 dextra.

1963 2613 2260 2668 Gennesar
2286 2611 2347 2666 in
2380 2610 2613 2684 populis
2643 2609 2961 2666 multorum
3004 2612 3376 2668 incommoda
3422 2616 3607 2669 curat.

2033 2700 2113 2755 De
2146 2716 2430 2756 manuum
2464 2699 2691 2754 lavacro
2717 2697 3042 2770 pharismus
3072 2706 3404 2756 murmurat
3426 2718 3607 2758 error.

1964 2787 2063 2844 Ille
2093 2789 2262 2845 docet
2284 2788 2476 2843 cordis
2504 2804 2707 2844 verum
2738 2787 3104 2860 interiusque
3132 2788 3453 2846 lavacrum.

1962 2876 2227 2932 Obtinuit
2258 2881 2405 2931 natae
2437 2876 2647 2932 mulier
2676 2876 2962 2932 Cananaaa
2993 2876 3266 2932 salutem.

2035 2967 2229 3021 Monte
2260 2965 2505 3023 Galilzea:
2538 2964 2885 3021 miserorum
2912 2965 3181 3022 examina
3209 2971 3394 3022 curat.

1962 3057 2224 3121 Quatuor
2253 3072 2321 3110 ex
2352 3059 2575 3127 septem
2609 3072 2742 3111 mox
2772 3053 2958 3110 millia
2985 3055 3239 3128 panibus
3278 3054 3503 3128 implet.

1882 3136 1925 3202 C
1964 3145 2357 3211 Fermentum,
2385 3143 2694 3211 Pharisme,
2718 3146 2887 3199 tuum
2909 3144 3077 3200 docet
3106 3161 3234 3200 esse
3264 3146 3609 3202 cavendum.

2037 3232 2327 3289 Clarificat
2359 3232 2658 3288 Christum
2690 3231 2826 3288 felix
2857 3232 3146 3289 confessio
3179 3233 3353 3300 Petri,

1961 3321 2187 3393 Accipit
2218 3324 2272 3377 et
2302 3319 2491 3377 claves
2521 3320 2686 3393 regni
2715 3320 2969 3377 caelestis
2999 3322 3071 3377 ab
3105 3322 3253 3394 ipso.

1964 3409 2230 3482 Pracipit
2258 3409 2355 3465 ille
2380 3426 2611 3465 crucem
2637 3410 2930 3482 prepriam
2949 3410 3158 3483 cuique
3176 3409 3273 3468 ille
3290 3411 3611 3470 ferendam.

2033 3503 2305 3556 Testatur
2334 3499 2624 3571 quosdam
2655 3500 2863 3555 duram
2896 3517 3013 3555 non
3041 3517 3276 3557 cernere
3307 3505 3577 3569 mortem,

1967 3588 2155 3644 Donec
2185 3588 2243 3642 in
2275 3588 2511 3661 proprio
2542 3588 2841 3645 Christum
2875 3588 3195 3662 fulgescere
3224 3606 3400 3662 regno

1965 3676 2139 3733 Felici
2169 3676 2387 3733 intuitu
2418 3676 2921 3749 videant,ccelique
2953 3683 3285 3751 pavescant.

2035 3765 2349 3839 Discipulis
2379 3765 2439 3822 in
2471 3771 2669 3822 monte
2698 3766 2888 3821 tribus
2919 3783 2981 3822 se
3008 3767 3276 3839 protinus
3306 3767 3431 3839 ipse

1963 3854 2221 3911 Coalestis
2251 3855 2449 3911 formae
2478 3854 2755 3911 vestitum
2787 3854 3010 3910 lumine
3040 3861 3329 3912 monstrat
3361 3874 3375 3911 :

1964 3943 2068 4000 Cui
2099 3943 2278 3999 simul
2310 3942 2533 3999 Heliam
2567 3943 2923 4014 Moysenque
2954 3944 3228 3998 assistere
3259 3949 3524 4001 cernunt.

2037 4031 2357 4088 Confestim
2389 4031 2647 4103 trepidos
2676 4029 3003 4086 circumdat
3031 4031 3228 4087 lucida
3256 4032 3463 4101 nubes,

1966 4121 2034 4177 Et
2060 4137 2169 4177 vox
2199 4119 2359 4177 clara
2388 4119 2579 4176 Patris
2608 4119 2880 4176 testantis
2908 4119 2980 4174 ab
3007 4119 3220 4176 aethere
3250 4120 3408 4176 venit
3440 4139 3454 4177 :

1963 4209 2145 4267 Filius
2174 4209 2269 4265 hic
2300 4226 2468 4265 meus
2498 4208 2795 4280 est,hujus
2827 4212 3115 4281 praecepta
3142 4213 3353 4265 tenete.

2036 4300 2140 4356 His
2170 4299 2348 4355 etiam
2380 4296 2607 4355 Heliam
2638 4302 2773 4370 post
2803 4297 2924 4354 haec
2964 4298 3023 4353 in
3072 4303 3291 4365 monte,
3323 4304 3617 4357 revertens

1964 4389 2096 4445 Jam
2125 4388 2355 4444 venisse
2379 4388 2558 4454 canit,
2582 4404 2688 4443 nec
2718 4386 2875 4443 hunc
2906 4391 3103 4443 tamen
3135 4404 3264 4445 esse
3293 4394 3615 4462 receptum,

1884 4507 1932 4572 Β
1966 4478 2069 4535 His
2099 4476 2181 4533 illi
2214 4478 2273 4532 in
2305 4477 2498 4533 verbis
2520 4478 2756 4549 justum
2785 4492 3018 4534 sensere
3047 4476 3356 4533 Joannem.

2039 4567 2171 4623 Mox
2200 4584 2448 4640 puerum
2480 4564 2824 4640 curat,fugit
2852 4565 2989 4621 hinc
3018 4564 3279 4622 lunatica
3306 4565 3507 4638 pestis.

1966 4656 2234 4712 Vivacem
2261 4656 2437 4712 ﬁdem
2463 4654 2722 4712 similem
2752 4655 2877 4711 vult
2905 4671 3034 4712 esse
3064 4655 3279 4728 sinapi.

1966 4745 2149 4803 Solvit
2175 4761 2506 4801 czesaraeum
2538 4744 2720 4816 piscis
2750 4762 2818 4800 ex
2848 4761 2946 4801 ore
2974 4744 3283 4801 tributum.

2036 4836 2120 4893 Ad
2150 4835 2317 4908 pueri
2345 4835 2595 4890 formam
2625 4832 2882 4889 humiles
2904 4834 3078 4904 jubet
3107 4850 3235 4890 esse
3265 4833 3488 4890 ﬁdeles.

1961 4923 2462 4980 Scandalizantem
2494 4919 2731 4978 oculum
2762 4922 2998 4994 propria
3025 4921 3149 4977 vult
3178 4922 3316 4979 sede
3364 4922 3580 4979 revelli.

1963 5013 2025 5070 Id
2058 5012 2223 5086 pedis
2255 5016 2429 5084 atque
2464 5027 2678 5067 manus
2703 5008 2879 5065 etiam
2924 5009 3264 5066 discrimine
3313 5016 3621 5068 monstrat.

2036 5103 2151 5159 Nec
2183 5100 2459 5157 minimos
2491 5114 2754 5171 unquam
2785 5098 3131 5154 temnendos
3161 5114 3288 5154 esse
3320 5099 3552 5168 ﬁdeles,

1967 5193 2076 5249 Pro
2108 5191 2326 5263 quibus
2356 5188 2633 5263 angelica:
2664 5185 2931 5259 invigilat
2960 5186 3227 5242 custodia
3254 5203 3431 5243 curae.

1963 5281 2111 5336 Nam
2136 5295 2273 5335 saxo
2305 5294 2625 5349 oppressus
2653 5274 2870 5330 laedens
2900 5273 3187 5347 mergitur
3211 5275 3443 5348 abysso.

2035 5366 2462 5441 Ignoscendum
2496 5365 2656 5420 omni
2688 5362 2960 5419 clementi
2986 5367 3219 5434 pectore
3257 5363 3443 5433 fratri,

1965 5456 2039 5513 Ut
2068 5456 2224 5511 Deus
2255 5454 2541 5526 ignoscat,
2576 5469 2681 5508 nec
2709 5451 2874 5507 duris
2906 5452 3056 5508 dura
3097 5452 3394 5526 rependat.

1965 5542 2233 5618 Conjugii
2257 5540 2517 5599 vinclum
2549 5540 2900 5599 servandum
2923 5540 3057 5615 jure
3088 5537 3267 5602 fideli.
