3896 6198
786 189 818 223 ο

337 276 456 342 268

412 411 766 469 Ileunuehos
796 411 1123 483 laudat,qui
1156 411 1281 467 coeli
1319 418 1521 485 regnat
1552 414 1879 485 requirunt,

338 503 542 572 Dilin't
572 501 856 557 innocuos
888 500 1419 573 pueros,benedicit
1447 501 1691 570 eisdem,

340 593 626 648 Divitibus
658 591 801 646 dure
830 588 1074 646 reserari
1103 589 1310 645 limina
1338 590 1487 646 vitae.

409 696 804 769 Ccntuplicem
838 696 1089 750 fructum
1123 695 1353 768 capient
1402 695 1501 768 qui
1549 700 1760 752 cuncta
1811 698 1985 753 relin-

337 785 677 843 Parabolam
710 785 927 857 profert
958 784 1112 839 varie
1142 785 1335 840 vineta
1365 785 1679 854 colentum,
1761 791 1982 858 [quent.

335 879 458 943 Qua
487 876 651 931 docet
681 879 968 929 extremos
994 873 1116 928 ﬁeri
1147 872 1493 946 plerumque
1517 873 1760 946 priores.

407 981 646 1038 Zebedei
680 981 836 1037 natis
869 979 1055 1042 avidis
1087 981 1158 1036 ad
1191 980 1421 1036 culmen
1453 980 1691 1036 honoris

331 1073 477 1127 Ante
507 1069 655 1126 calix
684 1068 868 1125 tristis
898 1069 1243 1142 proponitur
1272 1086 1400 1125 esse
1429 1069 1738 1126 bibendus.

336 1158 675 1216 Prazteriens
703 1158 990 1214 Dominus
1020 1156 1271 1231 geminis
1303 1158 1403 1213 dat
1429 1157 1657 1213 lumina
1687 1159 1872 1214 cmcis.

404 1264 649 1323 Ducitur
675 1264 745 1319 ad
777 1267 980 1320 Jesum
1011 1262 1209 1335 pullus
1240 1280 1372 1318 cum
1408 1268 1594 1319 matre
1632 1265 1946 1335 sedendus,

333 1358 653 1410 Mercantes
679 1352 896 1424 templo
926 1351 1301 1424 pellit,Patris
1328 1352 1520 1425 expiat
1549 1351 1766 1408 aulam.

334 1443 665 1500 Gaudentes
697 1441 861 1513 pueri
895 1441 986 1512 pie
1015 1439 1245 1496 Christo
1267 1440 1500 1497 Osanna
1530 1442 1836 1498 resultant.

407 1549 765 1605 Frondosam
791 1547 1187 1614 ﬁcum,fructu
1222 1548 1361 1619 quia
1390 1548 1535 1603 forte
1568 1549 1822 1619 carebat,

331 1638 603 1703 Jussit,et
630 1637 914 1709 extemplo
946 1638 1223 1691 damnata
1250 1637 1479 1693 exaruit
1508 1638 1681 1693 arbor
1713 1655 1726 1693 :

335 1727 685 1784 Fructiferos
715 1726 855 1797 quia
884 1725 1148 1781 Christus
1179 1726 1492 1795 amat,sine
1522 1727 1812 1782 fructibus
1834 1727 1975 1783 odit.

402 1816 710 1872 Pontifices
742 1814 996 1888 rogitant
1025 1816 1177 1871 unde
1209 1815 1292 1870 illi
1323 1821 1485 1871 tanta
1514 1819 1791 1888 potestas,

332 1905 444 1961 Sed
476 1905 704 1960 confusi
737 1904 953 1959 abeunt
982 1906 1256 1960 testantis
1284 1921 1422 1961 voce
1452 1906 1718 1971 Joannis,

331 1996 447 2050 Nec
476 2010 676 2049 verum
708 1993 838 2049 falsi
870 2010 976 2048 nec
1002 2010 1137 2049 vera
1165 1994 1367 2048 audire
1397 2000 1708 2050 merentes.

403 2082 743 2138 Parabolam
776 2082 977 2137 subdit
1009 2086 1279 2138 natorum
1314 2085 1458 2139 forte
1488 2084 1760 2152 duorum,

330 2173 435 2239 Qui
470 2171 651 2244 patris
684 2170 943 2243 imperiis
973 2171 1203 2226 diversa
1233 2176 1387 2227 sorte
1417 2173 1717 2228 resistunt.

329 2268 410 2317 Ac
441 2260 650 2316 scribis
677 2260 905 2333 praefert
934 2259 1270 2316 meretrices
1293 2262 1426 2331 jure
1452 2261 1741 2333 superbis.

402 2350 638 2406 Tradita
670 2347 936 2404 ruricolis
969 2366 1203 2404 rursum
1233 2350 1427 2405 vineta
1463 2350 1745 2419 feruntur,

329 2437 437 2505 Qui
462 2439 533 2493 ad
566 2454 693 2494 sese
725 2437 937 2493 missos
967 2436 1183 2494 crudeli
1215 2443 1399 2494 morte
1430 2445 1732 2505 necarunt,

330 2528 627 2584 Postremo
656 2532 713 2584 et
745 2526 971 2582 Domini
1001 2527 1355 2600 perimentes
1385 2528 1564 2601 impie
1596 2533 1820 2585 natum.

401 2616 682 2673 Parabola
712 2615 967 2671 invitans
997 2616 1069 2672 ad
1102 2616 1257 2689 regis
1287 2618 1532 2689 prandia
1562 2617 1779 2690 plures,

327 2707 481 2771 Quos
514 2705 653 2778 quia
682 2709 1219 2777 tempserunt,mox
1247 2705 1391 2761 ultio
1423 2707 1603 2780 digna
1633 2712 1834 2764 secuta
1863 2713 1969 2763 est.

325 2794 496 2851 Veste
523 2810 728 2849 carens
753 2793 930 2867 digna
965 2799 1258 2851 mersatur
1288 2799 1345 2851 et
1371 2795 1493 2868 ipse
1513 2797 1791 2852 tenebris.

397 2883 471 2939 Ut
492 2882 688 2937 divina
723 2883 832 2938 Deo
863 2883 1370 2957 reddantur,regia
1400 2884 1541 2959 regi,

327 2973 486 3036 Quod
516 2980 759 3028 venturo
789 2989 905 3027 aevo
936 2974 1129 3028 carnis
1158 2974 1451 3029 connubia
1480 2979 1729 3043 cessent,

326 3062 485 3126 Quod
519 3061 785 3117 Christus
818 3060 989 3116 David
1020 3062 1301 3117 Dominus
1331 3067 1387 3118 et
1421 3062 1602 3119 Filius
1632 3068 1837 3119 exstet.

398 3152 463 3207 In
491 3149 769 3205 cathedra
794 3149 962 3205 Moisi
994 3149 1139 3223 legis
1171 3152 1423 3206 residere
1453 3153 1689 3223 peritos,

328 3239 544 3296 Horum
578 3238 734 3295 dicta
763 3238 1121 3310 sequi,vitari
1152 3240 1417 3313 exempla
1437 3241 1739 3311 jubentur.

328 3329 591 3401 Increpat
622 3328 729 3384 hos
760 3327 1209 3400 Christus,quod
1243 3330 1490 3401 perdant
1509 3330 1725 3402 quique
1747 3330 1973 3387 lucran-

1832 3422 1968 3491 [tur.

397 3505 994 3577 Quodjusjurandum
1012 3504 1404 3578 violent,quod
1426 3508 1678 3563 maxime
1702 3513 1969 3564 sanctum

1841 3600 1968 3670 [est.

327 3683 489 3750 Quod
522 3681 758 3738 calicem
793 3682 1072 3750 excolent,
1108 3686 1382 3740 studeant
1414 3685 1627 3759 glutirc
1659 3686 1969 3742 camelum.

326 3773 629 3828 Sectantes
662 3772 924 3840 minima,
957 3777 1284 3829 temnentes
1317 3775 1571 3830 maxima
1599 3774 1764 3849 legis.

398 3861 559 3928 Quod
585 3860 821 3917 calicem
844 3866 902 3917 et
932 3862 1204 3935 cyathum
1238 3865 1488 3921 exterius
1512 3867 1795 3923 mundare
1815 3866 1972 3923 labo-

1804 3960 1969 4025 [rent,

326 4040 441 4097 Nec
468 4038 662 4095 labem
694 4039 944 4097 interius
974 4040 1302 4098 latitantem
1331 4048 1626 4118 extergere
1657 4050 1880 4115 curent,

327 4128 472 4184 Cum
497 4129 638 4185 foris
669 4133 845 4200 atque
876 4130 1037 4185 intus
1068 4129 1323 4187 hominis
1355 4134 1434 4187 sit
1465 4135 1732 4190 conditor
1758 4152 1933 4191 unus.

399 4216 650 4289 Ingemit
679 4217 786 4273 hos
816 4217 1040 4273 similes
1072 4218 1282 4275 albatis
1310 4220 1467 4277 calce
1498 4222 1804 4294 sepulcris,

328 4307 461 4371 Quae
489 4305 755 4377 speciosa
784 4306 946 4377 foris,
979 4306 1268 4364 horrenda
1298 4309 1650 4367 intrinsecus
1694 4317 1922 4369 exstant
1956 4331 1969 4370 :

328 4392 485 4450 Sana
514 4394 704 4450 nitent
734 4393 1085 4462 oculis,sunt
1114 4397 1313 4453 omnia
1343 4402 1490 4454 tetra
1520 4398 1781 4456 latebris.

399 4481 718 4555 Splendida
749 4483 847 4555 qui
881 4486 1098 4542 sanctis
1128 4486 1389 4542 condunt
1431 4493 1811 4545 monumenta
1840 4508 1971 4564 pro-

1738 4578 1970 4651 [pheﬁs.

328 4659 700 4732 Nihilque'ex
725 4660 833 4718 hoc
864 4662 1023 4718 aliud
1046 4661 1156 4717 nisi
1178 4663 1485 4736 sanguinis
1507 4681 1633 4720 esse
1656 4667 1974 4738 probentur

328 4749 594 4805 Hieredes
625 4754 842 4820 vatum,
863 4752 919 4805 in
951 4750 1265 4807 Dominum
1299 4752 1436 4824 quia
1466 4754 1697 4810 credere
1728 4755 1968 4813 nollent.

396 4838 723 4895 Jerusalem
756 4839 1001 4912 plangit,
1034 4840 1320 4911 templum
1353 4857 1415 4896 se
1446 4840 1709 4913 linquere
1738 4845 1896 4915 dicit,

326 4926 538 4981 Omnia
567 4933 622 4983 et
654 4928 713 4982 in
745 4928 971 4984 cineres
1005 4928 1197 4984 subito
1228 4928 1466 5000 lapsura
1497 4930 1773 4999 minatur,

328 5014 545 5087 Hisque
574 5033 712 5071 suos
742 5016 937 5071 vultus
968 5021 1099 5088 post
1129 5017 1237 5072 hac
1268 5022 1439 5088 negat
1468 5034 1596 5075 esse
1633 5020 1932 5078 videndos.

397 5114 698 5169 Extremos
730 5131 857 5185 quae
891 5113 1058 5186 signa
1090 5113 1213 5169 dies
1245 5131 1598 5186 praecurrere
1631 5120 1856 5176 constet

329 5201 881 5272 Exsequitur,falsos
907 5202 1175 5256 meminit
1204 5219 1512 5275 exsurgere
1543 5204 1802 5263 Christos

328 5287 396 5343 Et
426 5287 605 5343 falsos
637 5294 815 5355 vates,
848 5287 1143 5346 erroribus
1171 5290 1370 5346 omnia
1389 5290 1579 5364 plena.

394 5384 690 5441 Adventus
721 5385 937 5456 proprii
970 5389 1247 5444 terrorem
1279 5393 1336 5445 et
1365 5393 1629 5464 tempora
1659 5396 1884 5467 pandit,

326 5472 601 5528 Decidere
631 5472 981 5539 stellas,tota
1011 5479 1169 5532 astra
1198 5476 1524 5551 nigrescere
1554 5482 1702 5539 coeli.

326 5561 626 5642 Exemplis
644 5560 884 5638 vigilare
913 5565 1439 5645 monet,furemque
1464 5573 1807 5632 cavendum.

1435 280 1665 342 FLOR]
1713 280 2028 343 DIACONI
2074 283 2649 349 LUGDUNENSIS.

3632 293 3749 353 264

2019 418 2065 482 Α
2177 416 2423 472 Lumina
2454 418 2729 492 virgineis
2760 437 2831 475 ne
2862 421 2981 477 sint
3012 424 3300 479 macentia
3327 425 3506 482 vasis.

2099 504 2209 560 Sed
2242 507 2438 578 potius
2470 508 2675 581 pingui
2703 526 2937 582 semper
2967 512 3269 569 foveantur
3299 512 3449 570 olivo
3485 530 3499 570 :

2098 595 2345 667 Sumpta
2373 596 2591 653 talenta
2619 597 2733 671 piis
2764 600 2962 656 usuris
2992 616 3251 657 crescere
3283 603 3549 659 mandat.

2165 685 2379 740 Judieii
2410 686 2469 742 in
2497 687 2641 743 solio
2670 705 2804 744 cum
2832 689 3048 745 sederit
3077 689 3174 746 ille
3204 693 3532 760 tremendo,

2094 774 2141 828 A
2172 773 2389 832 dextris
2419 780 2575 832 stare
2605 776 2735 833 inﬁt
2765 778 3245 852 oves,heedosque
3276 781 3539 839 sinistris
3572 799 3584 836 :

2093 866 2211 920 Hos
2242 863 2325 920 ire
2352 865 2412 920 in
2443 865 2873 933 ﬂamnias,illos
2905 869 2976 924 ad
3006 886 3226 941 pascua
3255 870 3402 925 vitae.

2167 952 2474 1010 Pontiﬁces
2504 955 2817 1011 Dominum
2844 961 3112 1028 quaerunt
3140 958 3404 1015 occidere
3426 959 3743 1032 Christum,

2095 1039 2400 1114 Unguento
2436 1043 2570 1099 felix
2598 1044 2810 1101 mulier
2840 1047 3138 1118 perfundit
3158 1047 3384 1104 Jesum.

2096 1128 2167 1185 Ut
2197 1131 2492 1186 Christum
2524 1133 2733 1205 prodat
2760 1134 2789 1190 ,Ι
2800 1135 2945 1191 udas
2975 1136 3128 1191 dona
3150 1135 3317 1191 irrita
3342 1135 3574 1207 quaerit.

2165 1220 2331 1276 Hunc
2362 1221 2648 1277 Dominus
2677 1240 2914 1280 cmnans
2945 1225 3213 1298 designat
3235 1241 3371 1282 voce
3396 1228 3654 1298 gementi

2094 1307 2362 1380 Corporis
2394 1308 2518 1383 ipse
2546 1312 2637 1366 sui
2672 1313 2894 1368 sanctis
2924 1314 3203 1385 mysteria
3230 1314 3431 1370 tradit.

2091 1398 2359 1454 Prmdicit
2385 1399 2549 1455 Petro
2578 1401 2734 1472 quod
2765 1418 2825 1457 se
2856 1405 2944 1457 ter
2973 1407 3139 1459 nocte
3170 1407 3428 1477 negaret.

2163 1486 2302 1543 Orat
2329 1492 2394 1543 ut
2425 1488 2699 1545 instantis
2730 1488 2928 1547 calicis
2957 1495 3322 1562 pertranseat
3352 1491 3498 1548 hora
3532 1509 3545 1545 :

2089 1576 2195 1631 Sed
2224 1576 2413 1649 magis
2447 1581 2512 1632 ut
2541 1578 2730 1634 Patris
2761 1578 2863 1634 ﬁat
2892 1581 3126 1651 praefixa
3153 1580 3444 1637 voluntas.

2090 1663 2303 1721 Oscula
2327 1667 2428 1721 dat
2456 1666 2640 1722 Judas
2672 1668 2939 1724 tradendi
2970 1669 3141 1741 signa
3166 1669 3456 1742 magistri.

2160 1754 2418 1809 Consilio
2448 1755 2656 1810 insano
2685 1754 2862 1813 falsos
2896 1757 3212 1830 producere
3244 1763 3423 1832 testes

2091 1842 2153 1897 In
2184 1843 2482 1899 Christum
2514 1845 2766 1916 placuit;
2800 1846 3050 1901 mendax
3070 1847 3181 1903 sibi
3204 1845 3406 1920 lingua
3429 1851 3738 1920 repugnat.

2086 1936 2409 1988 Damnatus
2435 1933 2665 2006 probris
2696 1933 2962 1990 illuditur
2986 1936 3248 2007 undique
3277 1937 3472 1992 Jesus.

2156 2021 2421 2094 Abnegat
2435 2021 2591 2078 hunc
2610 2023 3113 2096 Petrus,lacrymis
3131 2039 3264 2080 mox
3280 2024 3510 2097 plangit
3521 2025 3739 2083 amaris

2086 2109 2329 2166 Vinctus
2360 2110 2540 2166 Pilato
2562 2112 2939 2183 perimendus
2970 2113 3223 2169 traditur
3253 2114 3397 2186 ipse.

2085 2197 2365 2253 Emerunt
2390 2198 2555 2271 figuli
2587 2200 2770 2271 pretio
2802 2201 2872 2256 de
2902 2200 3210 2273 sanguinis
3239 2219 3469 2275 agrum.

2157 2287 2380 2343 Pilatus
2412 2289 2625 2361 populo
2655 2289 2937 2361 permittit
2967 2291 3208 2363 perdere
3236 2291 3577 2362 Christum;

2085 2376 2284 2433 Passio
2314 2394 2480 2433 sacra
2508 2378 2588 2450 pii
2618 2378 2943 2451 completur
2970 2379 3030 2435 in
3061 2379 3262 2436 ordine
3291 2380 3455 2437 Jesu.

2086 2466 2217 2521 Mox
2239 2465 2526 2523 elementa
2554 2472 2832 2532 tremunt,
2859 2468 3073 2523 scindit
3100 2487 3209 2525 sua
3240 2468 3417 2543 pallia
3446 2469 3740 2542 templum

2156 2554 2255 2610 Ille
2286 2554 2447 2610 subit
2474 2560 2756 2624 mortem;
2793 2555 3125 2628 Procul,ait,
3160 2561 3410 2627 tartare;
3445 2558 3638 2614 victor

2084 2644 2124 2699 E
2156 2643 2383 2699 tumulo
2417 2644 2639 2716 surgit;
2673 2643 2831 2700 clara
2858 2645 3072 2701 virtute
3104 2645 3370 2719 refulget.

2083 2732 2398 2804 Discipulis
2428 2734 2705 2789 mandata
2735 2734 2914 2806 dedit,
2949 2735 3244 2806 baptisma
3272 2736 3542 2791 sacravit.

2153 2821 2258 2876 Cui
2290 2820 2420 2877 laus
2451 2826 2506 2877 et
2524 2822 2732 2889 virtus,
2762 2823 2856 2879 cui
2888 2823 3073 2895 gloria
3102 2840 3335 2879 summa
3365 2841 3470 2897 per
3510 2842 3704 2882 arvum

2082 2910 2171 2966 Sit
2200 2927 2333 2966 cum
2359 2912 2526 2967 Patre
2556 2912 2671 2967 Deo
2703 2911 2919 2968 caelesti
2955 2912 3012 2967 in
3042 2913 3180 2969 sede
3212 2915 3401 2982 beato,

2079 3000 2318 3072 Spiritui
2350 3005 2550 3056 sancto
2582 3018 2841 3070 consors,
2876 3006 2932 3056 et
2952 3001 3144 3057 sidera
3172 3000 3445 3058 clament.

2221 3090 2423 3144 Amen.

2874 3180 2945 3234 II.

2552 3283 2724 3322 GESTA
2764 3283 2987 3323 CHRISTI
3029 3285 3253 3324 DOMINI.

2154 3354 2392 3411 Innocui
2425 3356 2612 3428 pueri,
2642 3355 2872 3411 Christo
2904 3356 3229 3412 benedicite
3257 3356 3417 3424 Regi.

2082 3444 2168 3500 Sit
2203 3443 2429 3500 Domini
2460 3443 2682 3500 celsum
2714 3444 3087 3500 benedictum
3119 3445 3180 3501 in
3212 3444 3425 3503 saecula
3457 3462 3700 3501 nomen.

2082 3531 2233 3589 Solis
2258 3533 2329 3588 ad
2362 3549 2634 3605 occasum
2666 3531 2853 3589 dulcis
2884 3537 3051 3589 sonet
3079 3533 3333 3607 hymnus
3361 3534 3435 3588 ab
3468 3539 3632 3589 ortu.

2152 3622 2467 3678 Cantemus
2498 3621 2987 3694 Domino,magna
3018 3626 3106 3679 est
3135 3622 3226 3678 cui
3259 3622 3448 3696 gloria
3478 3622 3733 3690 Christo,

2080 3710 2189 3775 Qui
2214 3710 2375 3766 solus
2406 3711 2617 3765 virtute
2650 3727 2758 3766 sua
2788 3711 3035 3767 sessoris
3065 3710 3251 3783 iniqui

2083 3800 2297 3855 Stravit
2318 3816 2559 3870 equum,
2590 3799 2894 3871 victosque
2926 3799 3102 3856 simul
3135 3801 3457 3857 submersit
3499 3802 3732 3874 abysso.

2151 3890 2295 3944 Ecce
2323 3888 2474 3944 Deus
2504 3888 2654 3944 mira
2679 3888 2942 3945 Salvator
2968 3888 3096 3945 luce
3126 3895 3412 3959 coruscat,

2081 3977 2210 4050 Ipse
2242 3976 2401 4033 salus
2432 3976 2754 4049 nobis,ipse
2785 3982 2875 4034 est
2904 3976 2963 4032 in
2997 3978 3211 4034 saecula
3238 3978 3445 4035 virtus.

2080 4066 2349 4122 Conﬁdat
2379 4067 2583 4122 devota
2615 4066 2963 4133 ﬁdes,timor
2990 4068 3182 4123 omnis
3214 4069 3434 4124 abesto.

2152 4155 2431 4211 Libemus
2463 4154 2662 4211 dulces
2686 4155 2825 4212 Jesu
2857 4156 2928 4212 de
2958 4155 3220 4213 fontibus
3250 4157 3461 4225 undas,

2082 4245 2374 4316 Gestaque
2406 4242 2705 4317 magniﬁci
2736 4245 3043 4301 reboemus
3074 4244 3135 4299 in
3159 4245 3359 4301 ordine
3384 4244 3628 4303 Christi.

2081 4334 2211 4390 Haec
2242 4333 2431 4405 polus,
2464 4333 2585 4389 haec
2615 4331 2810 4399 tellus,
2845 4332 2964 4389 haec
2994 4334 3154 4406 ponti
3193 4339 3467 4407 personet
3513 4352 3729 4408 aequor.

2152 4424 2413 4488 Quatuor
2437 4421 2559 4477 haec
2589 4438 2705 4477 uno
2737 4422 3074 4478 cecinerunt
3102 4439 3201 4478 ore
3230 4423 3406 4479 beati.

2082 4512 2341 4577 Quatuor
2367 4514 2691 4583 exsurgunt
2722 4510 2979 4582 paradisi
3008 4510 3253 4567 flumina
3284 4511 3462 4579 fonte,

2083 4602 2217 4663 Quae
2249 4603 2526 4655 cunctum
2556 4598 2718 4672 largo
2749 4598 3065 4655 fecundant
3091 4599 3319 4674 gurgite
3349 4602 3660 4658 mundum.

2152 4688 2255 4743 Hic
2285 4688 2463 4761 igitur
2492 4687 2803 4760 paradisus
2835 4687 3123 4757 adest,hic
3155 4690 3359 4759 arbore
3387 4689 3518 4746 vita:

2078 4780 2267 4833 Aurea
2296 4781 2618 4848 carpuntur
2646 4777 2873 4833 ﬂorenti
2901 4777 3116 4833 vertice
3143 4778 3315 4834 mala.

2080 4866 2253 4921 Dirus
2284 4866 2448 4921 abest
2478 4864 2996 4938 anguis,exuberat
3026 4866 3184 4924 alma
3207 4866 3495 4940 voluptas.

2149 4954 2437 5010 Zachariae
2472 4958 2673 5010 sancto
2706 4955 2890 5013 sacris
2916 4956 3155 5013 incensa
3185 4956 3388 5013 ferenti

2076 5043 2333 5117 Angelus
2364 5043 2907 5117 assistit,promittit
2937 5046 3151 5118 gaudia
3182 5046 3324 5112 nati,

2084 5132 2190 5200 Qui
2221 5132 2466 5188 Domino
2499 5133 2729 5190 Christo
2763 5132 3118 5206 populorum
3151 5136 3327 5191 corda
3351 5141 3604 5208 pararet.

2154 5221 2405 5277 Mittitur
2432 5223 2504 5277 ad
2534 5222 2780 5279 Mariam
2811 5222 3040 5280 Gabriel
3072 5240 3236 5279 sacer
3265 5240 3364 5281 ore
3395 5241 3656 5281 corusco.

2083 5309 2326 5366 Nuntiat
2354 5309 2575 5367 intacta
2602 5315 2913 5367 venturum
2945 5311 3181 5381 Virgine
3210 5311 3536 5382 Christum,

2080 5397 2185 5455 Cui
2212 5415 2456 5472 regnum
2490 5400 2899 5468 aeternum,cui
2927 5399 3113 5473 gloria
3144 5400 3329 5474 fulget
3356 5402 3418 5458 in
3448 5418 3654 5460 aevum.

2150 5487 2439 5543 Zachariae
2470 5505 2709 5545 uxorem
2739 5488 2914 5564 Virgo
2944 5491 3274 5546 veneranda
3294 5491 3535 5551 salutat.

2082 5576 2353 5636 Protinus
2383 5577 2634 5637 exsultat
2664 5582 2926 5637 materno
2956 5578 3017 5637 in
3046 5584 3244 5640 ventre
3271 5580 3550 5654 Joannes,
