3896 6198
76 384 203 444 265

87 521 162 574 Et
193 519 370 592 quem
392 534 532 575 voce
564 518 1020 590 nequit,promit
1053 533 1155 590 per
1182 517 1396 590 gaudia
1425 517 1740 576 Christum.

165 609 297 664 Mox
330 609 506 664 eliam
540 614 786 664 matrem
811 607 1122 678 complevit
1141 605 1393 678 Spiritus
1425 604 1637 662 almus.

84 697 390 753 Exclamat
409 696 645 752 Domini
674 700 1017 768 praesentem
1051 695 1324 751 assistere
1357 700 1602 750 matrem

85 786 198 842 111a
228 787 328 842 Dei
362 785 567 842 laudes
597 785 942 858 pudibundo
971 783 1225 839 concinit
1255 799 1372 837 ore.

156 877 416 932 Joannes
448 876 654 940 oritur,
689 873 969 948 genitoris
1001 871 1204 944 lingua
1236 872 1515 944 profatur.

83 967 218 1038 Ipse
251 965 426 1021 etiam
458 965 517 1019 in
549 963 711 1020 silvis
741 963 920 1018 vitam
955 977 1097 1033 puer
1124 960 1300 1032 exigit
1325 959 1562 1016 almam.

83 1057 282 1110 Donec
314 1055 385 1110 ad
415 1052 591 1109 lsrael
621 1059 774 1107 certo
801 1067 862 1108 se
897 1058 1154 1122 tempore
1181 1054 1483 1104 monstret.

159 1145 433 1200 Nascitur
462 1142 519 1198 in
557 1141 850 1197 Bethleem
884 1145 1088 1194 saneta
1109 1140 1180 1194 de
1196 1139 1433 1210 Virgine
1455 1138 1738 1195 Christus.

83 1236 360 1290 Pastores
390 1232 654 1305 vigilant,
687 1231 898 1286 aifatur
923 1234 978 1284 et
1004 1227 1249 1300 angelus
1277 1227 1430 1294 illos,

80 1330 166 1379 Ac
201 1341 396 1396 regem
428 1327 632 1378 natum
665 1320 793 1376 coeli
819 1319 1077 1375 cecinere
1107 1322 1367 1372 catervae.

155 1413 419 1484 Suscipit
445 1412 569 1484 ipse
598 1409 841 1466 humilis
871 1407 1079 1464 veteris
1112 1405 1388 1478 mysteria
1418 1403 1582 1477 legis,

81 1483 540 1572 Sanctificatque
573 1500 736 1572 pium
771 1503 1000 1570 patrum
1035 1495 1131 1567 pio
1162 1499 1422 1566 tempore
1452 1483 1651 1558 ritum,

82 1593 180 1648 Sic
213 1590 424 1664 priscis
455 1591 632 1646 ﬁnem
665 1585 888 1652 statuit,
914 1601 1060 1641 nova
1090 1599 1326 1656 surgere
1356 1581 1508 1637 fecit.

157 1680 387 1752 Accipit
416 1679 573 1734 hunc
605 1677 752 1732 laetis
783 1675 1020 1731 Simeon
1053 1671 1464 1730 sanctissimus
1485 1670 1662 1738 ulnis,

85 1771 354 1842 Dumque
385 1769 502 1824 Dee
533 1762 793 1830 offertur,
825 1765 968 1820 dum
1001 1763 1100 1819 dat
1131 1762 1226 1834 pia
1253 1775 1500 1815 munera
1518 1759 1735 1831 templo

84 1861 250 1915 llunc
278 1858 593 1914 Dominum
625 1854 966 1919 lucis,hunc
997 1853 1105 1907 fert
1136 1866 1330 1922 regem
1355 1865 1482 1904 esse
1505 1849 1730 1904 salutis.

151 1952 322 2003 Anna
350 1947 525 2003 etiam
557 1946 764 2002 devota
793 1942 928 2009 Deo,
962 1941 1197 1996 viduata
1229 1938 1459 1994 marito.

79 2040 214 2096 Jam
247 2037 505 2110 longaeva
535 2049 727 2102 annis,
750 2034 875 2105 jam
909 2029 1188 2102 religione
1219 2032 1464 2096 vetusta,

81 2128 380 2202 Agnoscit,
416 2130 728 2199 gratesque
760 2121 952 2186 refert,
988 2117 1337 2192 populisque
1370 2115 1693 2188 prophetat.

155 2219 296 2273 Ecce
326 2216 474 2288 Magi
499 2212 817 2270 adveniunt
847 2209 982 2265 imis
1011 2205 1262 2263 Orientis
1285 2206 1356 2260 ab
1379 2205 1516 2260 oris.

85 2310 156 2363 Se
181 2306 412 2362 stellam
445 2304 660 2358 vidisse
689 2302 902 2368 ferunt,
924 2311 1050 2370 quae
1084 2295 1292 2350 nuntia
1325 2293 1502 2365 Regis

84 2397 329 2461 Clareat,
365 2398 421 2450 et
450 2393 747 2448 Christum
771 2388 976 2461 jnbeat
1010 2384 1332 2441 venerarier
1361 2386 1553 2437 ortum

153 2485 408 2556 Pergunt
429 2483 656 2538 sidereo
678 2477 788 2534 lati
823 2476 1085 2532 radiante
1114 2475 1351 2537 ducatu,

87 2575 394 2630 Inveniunt
423 2586 695 2644 puerum,
727 2566 894 2640 proni
927 2568 1254 2620 reverenter
1283 2562 1548 2625 adorant,

81 2661 480 2719 Muneradant
494 2655 1038 2727 alacres,Christum
1058 2652 1210 2706 hunc
1224 2651 1436 2722 pietate
1449 2650 1724 2704 fatentur.

146 2751 422 2825 Angelico
453 2747 678 2805 monitu
709 2743 1017 2817 [Egyptum
1047 2740 1397 2796 transfertur
1426 2738 1606 2794 Iesus.

79 2843 394 2898 Caeduntur
424 2837 588 2911 pueri
623 2835 776 2907 regis
808 2833 985 2888 livore
1014 2827 1260 2885 cruenti.

79 2929 349 2987 Protinus
382 2928 540 2984 hunc
569 2925 708 2981 dirae
739 2921 1005 2994 sequitur
1029 2935 1156 2974 sors
1188 2916 1384 2972 debita
1423 2915 1649 2971 mortis.

148 3019 376 3076 Rursus
406 3017 479 3072 ab
509 3015 748 3088 [Egypto
773 3009 1055 3068 Nazareth
1087 3005 1342 3062 defertur
1370 3005 1552 3069 Iesus,

77 3110 239 3166 Unde
269 3105 522 3164 Nazaraei
549 3101 804 3174 sumpsit
831 3112 1152 3171 cognomen
1175 3094 1234 3150 in
1264 3109 1472 3159 sevum,

75 3199 147 3255 Ut
177 3198 405 3270 pridem
435 3199 687 3250 veterem
717 3189 928 3246 cecinit
957 3202 1064 3242 vox
1092 3199 1350 3241 consona
1378 3186 1598 3237 vatum.

1471 385 1825 447 CAHMINA
1871 387 2132 448 VARIA.

3382 387 3502 447 266

1775 513 1829 586 Α
1861 517 2044 573 Millia
2075 523 2439 574 mercantum
2472 520 2700 575 modico
2733 521 2894 592 fugat
2925 519 3019 576 ille
3051 517 3298 592 flagello.

1856 607 2141 662 Mirantur
2161 607 2380 680 pepuli,
2409 607 2728 664 multorum
2760 615 2992 681 pectora
3023 604 3287 664 credunt.

1925 695 2191 751 Praedicit
2220 698 2466 769 propriae
2497 697 2690 752 carnis
2717 696 3045 753 venerabile
3075 695 3363 768 templum

1855 783 2208 840 Solvendum
2241 786 2514 841 manibus
2547 791 2817 858 suscepta
2841 786 2898 841 in
2932 790 3120 841 morte
3151 785 3433 857 cruentis,

1855 874 2043 945 Seque
2074 873 2218 929 illud
2250 875 2422 930 trinis
2453 865 2700 947 spondet
2729 892 2999 947 reparare
3026 874 3254 930 diebus.

1926 962 2168 1034 Mystica
2199 963 2512 1018 Nicodemo
2543 963 2824 1036 baptismi
2858 979 3103 1018 munera
3133 962 3357 1035 pandit,

1852 1050 2202 1106 Credentum
2234 1051 2480 1123 populos
2514 1053 2745 1124 proprio
2779 1053 3127 1123 baptismate
3159 1051 3392 1124 tinguit.

1851 1138 2120 1210 Undique
2151 1145 2522 1207 concurrunt,
2556 1140 2755 1195 vitalia
2784 1140 2937 1195 dona
2966 1140 3354 1212 frequentant.

1921 1227 2184 1282 Exsultat
2213 1229 2474 1300 Baptista
2504 1245 2667 1283 sacer
2695 1245 2760 1284 ac
2791 1233 3062 1301 provocat
3092 1245 3316 1284 omnes.

1848 1318 1997 1371 Nam
2027 1315 2324 1371 Christum
2358 1333 2663 1389 sponsum,
2699 1334 2760 1372 se
2808 1317 3007 1390 sponsi
3056 1317 3197 1373 dicit
3241 1317 3494 1373 amicum

1850 1403 2018 1460 Illum
2055 1419 2332 1472 crescere,
2363 1421 2424 1462 se
2456 1406 2640 1462 minui
2674 1406 2886 1462 debere
2913 1406 3147 1462 fatetur.

1921 1493 2103 1549 Filius
2135 1493 2230 1550 ille
2260 1495 2361 1550 Dei
2396 1500 2503 1562 est,
2535 1494 2747 1567 inquit,
2783 1496 2883 1568 qui
2917 1495 3102 1551 credit
3133 1495 3192 1550 in
3232 1492 3421 1562 illum,

1847 1581 2111 1639 Possidet
2138 1586 2410 1639 aeternam
2446 1583 2579 1640 felix
2611 1601 2714 1656 per
2743 1584 2955 1640 saecula
2983 1583 3183 1640 vitam.

1846 1671 1952 1734 Qui
1987 1676 2178 1744 negat,
2213 1671 2297 1727 ira
2331 1673 2428 1729 Dei
2452 1690 2629 1746 super
2657 1674 2852 1746 ipsum
2884 1678 3088 1747 regnat
3119 1674 3177 1730 in
3204 1689 3410 1729 avum.

1917 1760 2140 1816 Interea
2171 1762 2453 1817 Herodem
2486 1762 2776 1818 connubia
2806 1762 2957 1819 fmda
2987 1766 3278 1836 petentem

1769 1891 1811 1955 Β
1845 1848 2146 1955 Obiurgat,
2182 1855 2545 1924 mortemque
2578 1853 2694 1924 pati
2727 1867 2904 1924 quam
2933 1868 3070 1908 vera
3100 1851 3270 1908 silere

1846 1937 2040 2009 Eligit,
2074 1938 2209 1994 hinc
2239 1956 2387 1994 caeco
2419 1941 2736 1996 damnatur
2765 1955 2992 1997 carcere
3014 1940 3237 2012 justus.

1913 2026 2063 2082 Tum
2090 2027 2460 2084 Galilaeorum
2493 2029 2551 2083 in
2585 2032 2780 2101 partes
2807 2030 3024 2085 secedit
3055 2030 3238 2085 Iesus.

1842 2115 2101 2171 Absolvit
2132 2115 2314 2189 reguli
2350 2118 2554 2173 mortis
2585 2118 2656 2173 de
2685 2117 2887 2173 limi-~e
2914 2115 3158 2190 prolem,

1843 2205 2028 2274 Atque
2058 2203 2425 2276 Capharnazae
2454 2210 2718 2262 versatur
2749 2206 3041 2262 mmnibus
3073 2205 3256 2262 urbis.

1913 2291 2214 2364 Equoreis
2247 2294 2420 2350 undis
2452 2295 2742 2367 piscantia
2771 2291 2890 2350 lina
2921 2296 3171 2350 ferentes

1840 2383 2145 2438 Audraeam
2181 2383 2532 2458 Petrumque
2561 2387 2744 2452 vocat,
2779 2383 3063 2440 Jacobum
3095 2390 3268 2456 atque
3309 2382 3491 2440 Joan-

3314 2477 3490 2540 (nem.

1840 2558 2056 2615 Omnia
2082 2577 2216 2616 mox
2247 2561 2540 2634 linquunt,
2575 2561 2805 2617 Domini
2829 2563 3110 2636 piajussa
3143 2569 3492 2635 sequuntur.

2286 2811 2342 2850 IN
2383 2809 2740 2850 EVANGELIUM
2777 2810 3035 2850 JOANNIS.

1903 2917 2066 2974 Dulei
2102 2917 2477 2992 Evangelium
2510 2921 2814 2974 cantemus
2844 2933 2980 2974 voce
3006 2918 3269 2987 Joannis,

1831 3007 1900 3063 Et
1927 3007 2160 3063 Domini
2192 3006 2348 3062 clara
2373 3005 2705 3062 moduletur
2733 3007 2789 3061 in
2821 3006 3022 3063 ordine
3054 3009 3234 3078 gesta.

1831 3096 1916 3151 Sit
1947 3097 2115 3152 nobis
2139 3097 2440 3169 jucUndus
2472 3105 2655 3165 amor,
2687 3096 2810 3153 sint
2838 3096 3052 3170 gaudia
3081 3102 3284 3154 sancta

1898 3185 2154 3240 Verbum
2185 3185 2559 3257 Unigenitum
2584 3202 2814 3257 semper
2833 3203 2966 3241 cum
2996 3185 3160 3242 Patre
3183 3187 3477 3244 manebat.

149 3262 400 3343 Praevius
430 3285 587 3339 hunc
619 3295 852 3353 magno,
885 3277 1131 3333 reboans
1163 3273 1416 3329 clamore
1444 3270 1720 3340 Joannes,
1754 3262 1796 3327 C
1837 3273 1938 3329 Hic
1969 3273 2087 3342 lux,
2121 3273 2203 3329 sic
2227 3275 2434 3341 virtus,
2468 3275 2563 3329 hic
2592 3279 2681 3330 est
2711 3274 2997 3347 sapientia
3027 3275 3232 3341 Patris,

77 3382 362 3433 Austerus
391 3375 568 3437 victu,
602 3374 833 3426 suetoso
865 3366 1131 3421 hirsutus
1161 3361 1402 3425 amictu,

80 3466 320 3539 Gurgite
350 3461 626 3520 Jordanis
653 3458 991 3514 credentum
1022 3452 1287 3508 membra
1317 3449 1564 3504 lavabat.

141 3554 329 3611 Judaei
361 3566 630 3625 proceres
657 3545 950 3604 Christum
983 3543 1140 3598 hunc
1171 3557 1298 3597 esse
1330 3543 1624 3611 putantes,

78 3644 308 3700 Attoniti
343 3641 606 3704 veniunt,
639 3653 811 3710 quem
845 3651 906 3689 se
937 3632 1075 3687 velit
1106 3629 1201 3685 ille
1233 3627 1559 3700 requirunt.

77 3735 401 3789 Praeconem
433 3727 649 3784 Christi
679 3743 739 3782 se
770 3721 1032 3796 supplice
1060 3736 1196 3776 voce
1229 3719 1463 3773 fatetur.

143 3825 373 3894 Agnum
399 3819 555 3874 hunc
571 3831 699 3872 esse
719 3811 1006 3879 Dei,hunc
1027 3807 1275 3864 crimina
1295 3805 1496 3861 tollere
1518 3802 1725 3860 mundi

76 3911 368 3974 Clamitat,
400 3907 556 3962 hunc
584 3920 767 3977 prona
791 3899 1018 3956 cunctis
1052 3897 1264 3970 pietate
1286 3894 1654 3966 sequendum

80 3999 449 4060 Praedicat,et
476 3993 660 4066 digito
691 3992 1034 4064 praesentem
1067 3985 1344 4042 assistere
1378 3983 1684 4037 monstrat.

145 4089 275 4161 Ipse
305 4086 485 4142 etiam
517 4097 684 4139 sacro
716 4079 991 4152 dignatus
1023 4073 1264 4130 flumine
1292 4071 1482 4161 tingui

76 4159 244 4233 Jesus
276 4176 465 4240 adest,
487 4169 890 4240 humilemque
918 4164 1071 4220 viam
1103 4163 1188 4218 sic
1219 4160 1447 4217 dedicat
1477 4159 1651 4215 altus.

78 4265 413 4322 Sanctiﬁcat
442 4261 667 4324 latices.
696 4254 1026 4329 exemplum
1057 4253 1359 4308 consecrat
1387 4248 1615 4322 ingens.

149 4355 494 4412 Panduntur
516 4348 665 4414 coeli,
701 4362 834 4402 mox
863 4342 1116 4415 Spiritus
1141 4356 1238 4395 ore
1266 4337 1548 4394 columbae

82 4443 335 4509 Devolat,
368 4445 428 4496 et
455 4437 682 4513 placido
711 4433 872 4491 mitis
904 4428 1215 4503 requiescit
1245 4429 1427 4483 Iesus.

84 4534 204 4607 Ipse
238 4533 409 4588 Pater
436 4544 637 4586 carum
665 4523 994 4581 conclamat
1021 4519 1094 4576 ab
1114 4518 1327 4607 aethere
1349 4515 1582 4607 Natum.

84 4605 349 4679 Protinus
378 4619 536 4675 hunc
558 4614 738 4672 eremi
769 4611 920 4684 rapit
949 4609 1007 4664 in
1040 4611 1262 4664 secreta
1290 4605 1581 4678 benignus

84 4712 356 4784 Spiritus,
388 4713 445 4764 et
475 4703 668 4762 zabuli
701 4699 1048 4758 tentandum
1081 4695 1356 4752 affatibus
1385 4695 1568 4750 offert.

85 4801 270 4856 Vincit
296 4796 654 4854 vincendum
687 4806 856 4865 prece
877 4786 1216 4860 jejunisque
1239 4788 1574 4856 tyrannum.

143 4890 244 4946 Ille
276 4886 534 4960 superba
555 4895 822 4947 monens,
853 4879 910 4933 in
944 4891 1124 4949 panes
1153 4879 1373 4930 vertere
1404 4888 1544 4928 saxa

81 4977 368 5054 Suggerit,
403 4989 636 5032 summo
663 4970 968 5042 delapsum
996 4963 1251 5022 culmine
1282 4961 1578 5018 Christum

81 5067 388 5142 Angelicas
418 5078 656 5136 sperare
685 5075 920 5123 manus,
954 5072 1055 5112 seu
1087 5070 1266 5142 regna
1286 5056 1502 5142 tenere.

144 5139 245 5214 Ille
278 5154 405 5212 suis
438 5149 723 5208 humilem
756 5151 1095 5204 monstrans
1124 5141 1394 5198 insistere
1419 5139 1644 5207 callem,

88 5245 387 5318 Przeceptis
419 5240 653 5299 obedire
684 5237 784 5295 Dei
817 5252 997 5308 super
1026 5231 1228 5288 omnia
1262 5228 1510 5303 praefert.

91 5336 169 5392 Sic
198 5337 393 5392 victor
423 5329 616 5388 zabuli
643 5325 924 5401 angelicis
956 5325 1057 5379 dat
1079 5323 1253 5394 jussa
1284 5318 1588 5374 ministris.

153 5427 486 5499 Regressus
517 5420 668 5476 mira
697 5419 756 5474 in
789 5412 1024 5490 populis
1055 5411 1269 5466 virtute
1298 5413 1586 5464 coruscat.

97 5515 266 5572 Vertit
299 5527 492 5586 aquas
522 5510 677 5576 vino,
713 5504 919 5580 pandit
948 5499 1194 5558 Deitatis
1226 5499 1529 5553 honorem.

99 5601 370 5678 Discipuli
402 5599 671 5666 credunt,
701 5592 1138 5662 Dominamque
1163 5589 1463 5658 Deumque
1495 5599 1748 5658 sequun-

159 5690 464 5748 Paschalis
494 5687 626 5746 festi
659 5688 923 5742 lzetanter
953 5677 1170 5748 gaudia
1199 5673 1418 5748 templo
1609 5673 1744 5748 [tur.

1657 5690 1744 5731 UP.

159 5673 464 5754 Paschalis
494 5687 626 5746 festi
659 5688 923 5742 lzetanter
953 5677 1170 5755 gaudia
1199 5673 1418 5748 templo

404 5822 673 5888 Ρωτιωι.
721 5811 922 5876 ΟΧΙΧο

1840 3361 1964 3418 Vita
1980 3362 2283 3418 hominum
2296 3361 2594 3435 ,angelicis
2612 3362 2812 3419 lucens
2824 3380 3003 3437 super
3017 3365 3230 3421 athera
3245 3366 3480 3433 turmis,

1906 3453 2012 3506 Per
2040 3451 2195 3507 hunc
2227 3451 2351 3523 ipse
2384 3453 2550 3508 Pater
2578 3456 2634 3507 et
2666 3453 2955 3508 mundum
2988 3457 3045 3509 et
3083 3452 3296 3511 steeula
3327 3454 3482 3524 fecit,

1835 3541 2043 3596 Omnia
2071 3541 2375 3596 constituit
2402 3557 2529 3613 qua
2563 3547 2701 3596 sunt
2730 3559 2763 3598 a
2792 3541 3000 3598 vertice
3033 3544 3161 3598 cmli

1835 3630 2028 3702 Usque
2057 3630 2168 3685 sub
2199 3634 2526 3685 extremum
2560 3631 2807 3686 fundum
2841 3631 3135 3704 nigrantis
3166 3631 3382 3704 abyssi.

1904 3717 2126 3773 Clarior
2154 3717 2249 3773 hic
2281 3717 2486 3785 stellis,
2522 3717 2642 3774 sole
2673 3722 2761 3774 est
2791 3719 3108 3792 speciosior
3141 3720 3287 3793 ipso,

1833 3807 2001 3863 Omni
2034 3807 2160 3863 lnce
2192 3806 2366 3880 prior,
2391 3823 2570 3878 quam
2602 3825 2715 3863 nox
2746 3809 2992 3864 ofl‘uscat
3021 3813 3075 3864 et
3108 3811 3336 3865 umbra.

1837 3895 1935 3952 llic
1967 3895 2237 3951 tenebras
2265 3895 2464 3962 vincit,
2506 3897 2832 3968 mediisque
2863 3897 3110 3969 refulget
3143 3897 3198 3952 in
3231 3897 3480 3956 umbris.

1901 3984 2072 4040 Venit
2101 3983 2276 4039 homo
2305 3983 2554 4039 eximius
2585 3984 2743 4040 clara
2771 3985 2984 4040 virtute
3013 3986 3289 4054 Joannes,

1831 4073 2088 4140 leitus,
2123 4077 2186 4127 ut
2215 4071 2380 4128 testis
2407 4073 2569 4128 fieret
2598 4073 2668 4128 de
2696 4072 2937 4140 lumine,
2972 4073 3210 4129 missus.

1831 4162 1956 4218 Non
1989 4162 2088 4217 lux
2119 4161 2214 4216 ille
2244 4160 2375 4226 fuit,
2407 4161 2506 4216 sed
2542 4160 2688 4216 lucis
2720 4176 2905 4234 prisco
2938 4161 3186 4219 refulsit.

1907 4251 2030 4306 Lux
2051 4249 2295 4306 veraille
2312 4248 2967 4322 aderat,hominumque
2994 4265 3228 4324 pectora
3248 4250 3480 4310 lustrat.

1835 4339 1940 4396 Illa
1967 4339 2103 4395 inde
2135 4354 2367 4394 aversos
2398 4337 2626 4394 animos
2657 4355 3000 4412 mersasque
3029 4339 3284 4397 tenebris

1839 4430 2058 4502 Sponte
2089 4445 2196 4484 sua
2227 4427 2488 4496 irradiat,
2522 4428 2760 4500 dignata
2785 4428 3032 4486 invisere
3061 4431 3374 4487 mundum.

1909 4519 2036 4591 Ipse
2067 4518 2126 4573 in
2159 4518 2380 4574 mundo
2410 4517 2631 4585 aderat,
2664 4521 2720 4573 et
2751 4519 3040 4575 mundum
3064 4519 3279 4576 fecerat
3311 4521 3434 4593 ipse
3469 4537 3482 4578 :

1763 4633 1810 4697 Ι)
1839 4608 1954 4662 Nec
1984 4612 2179 4663 tamen
2201 4607 2358 4662 hunc
2389 4622 2537 4662 czeco
2569 4607 2836 4680 cognovit
2864 4613 3093 4680 pectore
3128 4610 3402 4665 mundus.

1844 4697 1905 4752 In
1937 4698 2171 4770 propria
2198 4696 2376 4764 venit,
2405 4696 2621 4769 preprii
2653 4696 2808 4752 hunc
2835 4715 3099 4770 sprevere
3127 4698 3362 4771 superbi
3398 4715 3412 4755 :

1910 4786 2134 4858 Quique
2165 4791 2359 4841 autem
2391 4785 2550 4842 illius
2581 4787 2883 4842 credentes
2906 4788 3140 4843 nomine
3172 4804 3336 4842 sacro

1840 4877 2032 4932 Mente
2064 4881 2408 4947 receperunt
2440 4875 2650 4931 humili
2683 4879 2738 4931 et
2768 4875 2981 4948 pietate
3012 4875 3189 4941 ﬁdeli,

1841 4966 1956 5022 Hos
1987 4964 2147 5021 dedit
2175 4981 2302 5020 esse
2323 4965 2438 5020 Deo
2469 4964 2656 5021 claros
2687 4965 2745 5020 in
2777 4964 2989 5022 saecula
3016 4968 3203 5033 natos,

1912 5055 2065 5119 Quos
2094 5071 2208 5110 non
2243 5053 2633 5126 sanguinibus
2665 5053 3036 5127 genitos,non
3067 5071 3239 5111 carne
3265 5058 3491 5112 creatos

1841 5146 1956 5202 Nec
1990 5161 2230 5218 prorsus
2261 5142 2382 5198 ulla
2413 5141 2686 5198 illecebra
2715 5149 3028 5214 generante
3056 5144 3209 5200 virili

1850 5235 2115 5289 Divinam
2149 5233 2208 5288 in
2233 5231 2452 5306 prolem
2487 5231 2720 5286 divinus
2750 5233 3003 5304 Spiritus
3033 5235 3170 5290 edit.

1921 5323 2176 5377 Verbum
2197 5321 2373 5376 etiam
2389 5319 2574 5374 Patris
2597 5336 2729 5374 caro
2754 5319 2970 5376 factum
2993 5322 3274 5380 habitavit
3292 5324 3349 5379 in
3375 5321 3497 5393 illo,

1854 5413 2084 5468 Naturae
2117 5413 2326 5464 nostra:
2359 5406 2589 5462 mortali
2621 5424 2860 5480 corpore
2891 5409 3168 5485 clemens,

1855 5501 1927 5558 Ut
1956 5517 2061 5556 nos
2083 5499 2154 5554 ad
2184 5498 2363 5553 vitam
2396 5499 2593 5568 posset
2624 5513 2888 5552 revocare
2919 5515 3256 5570 perennem.

1928 5588 2071 5645 [line
2103 5586 2286 5645 oculis
2318 5584 2532 5641 mentis
2566 5603 2715 5642 nova
2742 5586 2842 5642 lux
2862 5591 3058 5644 exorta
3086 5589 3315 5648 refulsit
3341 5608 3355 5647 :

1857 5678 2075 5738 Claruit
2104 5677 2240 5736 hinc
2265 5675 2392 5749 ejus
2423 5673 2694 5732 sublimis
2725 5675 2908 5752 gloria
2939 5677 3129 5746 nobis,

3133 5810 3172 5879 9
