3896 6198
383 349 499 409 267

382 481 455 538 Ut
486 479 671 538 Patris
702 482 1021 556 unigenum
1051 498 1360 555 possemus
1390 498 1627 539 noscere
1658 485 1881 537 natum.

451 571 559 637 Qui
610 570 819 643 plenus
851 571 1093 628 veritate
1121 570 1281 637 eluit,
1308 571 1400 627 cui
1433 572 1622 644 gratia
1649 587 1884 627 summa
1914 575 2020 626 est.

378 661 526 717 Nam
554 678 729 718 verus
758 678 894 717 cum
920 661 1087 717 Patre
1116 665 1269 717 Deus
1300 660 1573 716 mortalia
1599 664 1797 716 nostra

380 750 701 825 Dignanter
729 750 1003 823 sumpsit,
1037 767 1143 806 nec
1172 749 1407 823 propria
1430 750 1692 822 linquere
1723 749 1900 806 novit.

450 839 617 896 Hunc
648 839 815 896 testis
843 855 1016 896 verax
1042 838 1276 896 clamat.
1310 840 1567 912 dixitque
1596 840 1852 895 Joannes
1886 855 1898 894 :

381 932 521 985 Post
550 944 643 984 me
662 928 751 983 vir
776 928 987 996 veniet,
1022 945 1199 1000 quem
1232 944 1326 984 me
1353 929 1578 1001 majora
1606 928 1917 995 docebunt,

382 1017 475 1076 Me
504 1016 662 1091 prior
688 1016 786 1073 ille
817 1017 947 1085 fuit,
981 1016 1125 1073 mihi
1156 1018 1234 1073 sit
1262 1016 1537 1089 praelatus
1568 1021 1809 1089 oportet.

453 1106 616 1164 Illius
645 1110 857 1162 aeterno
882 1105 1076 1162 cuncti
1105 1107 1175 1162 de
1206 1107 1364 1162 fonte
1389 1107 1670 1180 rigamur.

382 1195 490 1254 Per
517 1195 754 1269 Moysen
782 1198 1009 1252 terrens
1040 1195 1345 1268 praemissa
1367 1198 1457 1251 est
1480 1194 1673 1251 littera
1701 1192 1869 1267 legis,

382 1284 490 1343 Per
506 1282 804 1340 Christum
835 1282 1147 1357 indulgens
1178 1283 1362 1340 aderit
1385 1284 1556 1340 modo
1578 1283 1775 1339 Gratia
1803 1283 2026 1339 Jesum.

454 1372 636 1430 Nemo
663 1372 764 1428 Dei
795 1372 1002 1428 faciem
1034 1373 1297 1429 mortalis
1326 1372 1609 1445 conspicit
1636 1388 1922 1444 unquam.

387 1462 605 1520 Unicus
635 1461 793 1518 hunc
823 1461 985 1518 solus
1017 1462 1174 1518 novit
1205 1462 1303 1534 qui
1337 1466 1637 1534 permanet
1667 1460 1784 1517 alto

387 1554 451 1610 In
481 1551 703 1625 gremio
735 1550 941 1607 Patris.
978 1551 1080 1606 llic
1112 1551 1307 1624 dignis
1337 1551 1516 1623 digna
1541 1549 1774 1605 revelat.

457 1641 521 1697 In
551 1640 711 1697 hunc
741 1640 977 1696 sidereae
1006 1640 1169 1697 vultu
1196 1640 1457 1697 radiante
1489 1638 1772 1695 columba:

387 1728 639 1803 Spiritus
669 1728 980 1785 adveniens
1005 1732 1217 1784 aeterna
1247 1728 1383 1785 sede
1411 1728 1632 1799 quievit
1663 1744 1676 1782 :

392 1818 573 1876 Filius
604 1818 713 1874 iste
743 1818 838 1873 Dei
870 1822 977 1885 est,
1002 1818 1181 1888 hujus
1212 1817 1355 1873 mihi
1388 1816 1574 1889 gloria
1602 1816 1802 1873 claret.

460 1906 625 1964 Talia
650 1906 792 1962 dum
823 1905 1055 1977 populis
1084 1905 1361 1978 loquitur,
1385 1906 1527 1961 dum
1562 1905 1701 1961 talia
1732 1905 1967 1971 clamat,

391 1996 535 2052 Ecce
566 1996 898 2052 sacerdotes
928 1994 1183 2067 Solymis
1206 2012 1412 2051 venere
1446 2000 1736 2067 rogantes,

390 2086 473 2141 An
504 2084 800 2141 Christum
832 2100 960 2141 sese
990 2084 1146 2140 credi
1172 2084 1310 2140 velit
1340 2084 1465 2156 ipse
1494 2084 1770 2141 Joannes.

463 2173 736 2230 Protinus
766 2171 864 2230 ille
891 2189 1114 2246 negans
1147 2190 1160 2228 :
1194 2173 1318 2229 Non
1341 2190 1475 2229 sum
1498 2189 1671 2245 quem
1695 2172 2040 2238 creditis,in-

1800 2260 1965 2334 [quit.

388 2352 512 2410 Vox
538 2368 645 2425 ego
674 2350 1008 2420 clamantis,
1039 2355 1384 2424 praesentem
1411 2351 1616 2407 nuntio
1647 2351 1969 2420 Christum,

389 2442 571 2514 Cujus
602 2458 708 2515 ego
740 2458 855 2498 non
887 2458 1021 2498 sum
1051 2440 1301 2514 caligam
1332 2440 1668 2514 contingere
1697 2442 1930 2514 dignus.

458 2530 619 2587 Vidit
639 2531 780 2588 item
811 2529 1109 2587 Christum
1140 2547 1336 2587 coram
1365 2529 1615 2587 transire
1638 2530 1917 2597 Joannes,

389 2622 611 2694 Agnus,
644 2619 743 2688 ait,
768 2636 899 2675 ecce
929 2618 1030 2674 Dei
1062 2618 1163 2691 qui
1192 2618 1343 2674 tollit
1360 2618 1609 2675 erimina
1633 2619 1859 2675 mundi.

393 2708 673 2781 Discipuli
705 2708 975 2765 astabant
1002 2707 1240 2781 gemini,
1263 2708 1586 2780 Jesumque
1619 2713 1966 2781 sequuntur.

464 2799 547 2855 Ex
574 2798 669 2854 his
695 2797 957 2853 Andreas
988 2797 1166 2852 frater
1194 2796 1345 2853 Petri
1374 2798 1594 2853 exstitit
1614 2815 1788 2855 unus.

394 2886 670 2961 Repperit
697 2886 792 2943 hic
821 2887 1080 2955 fratrem,
1116 2885 1390 2942 Messiam
1439 2886 1793 2956 invenimus,
1827 2887 2037 2959 inquit.

395 2976 480 3033 Ad
512 2975 809 3033 Christum
839 2976 1099 3044 veniunt,
1116 2991 1249 3032 mox
1277 2974 1488 3031 Christi
1518 2976 1673 3032 dona
1720 2981 2037 3049 reportant.

466 3064 642 3140 Eligit
668 3065 792 3138 ipse
816 3064 972 3121 viros
1001 3065 1229 3137 dignos,
1260 3069 1425 3120 vocat
1452 3065 1577 3137 ipse
1597 3063 1955 3139 Philippum,

396 3154 638 3211 Nuntiat
663 3153 762 3210 ille
790 3153 886 3225 pio
918 3169 1052 3209 mox
1079 3153 1342 3225 gaudens
1372 3152 1713 3209 Nathanaeli

395 3246 578 3311 Quem
603 3243 718 3299 Lex
746 3246 805 3298 et
831 3241 981 3297 sacri
1012 3242 1309 3297 Christum
1337 3243 1595 3297 cecinere
1618 3242 1930 3315 prophetae.

463 3329 787 3389 Nathanael
818 3336 1110 3403 properat,
1142 3329 1239 3385 ille
1290 3328 1446 3385 hunc
1495 3330 1596 3386 ubi
1643 3331 1786 3388 vidit
1815 3334 2038 3401 adesse,

394 3420 655 3478 Israelita
684 3435 815 3477 ecce
833 3434 1005 3475 verus
1034 3418 1149 3474 huc
1174 3418 1424 3486 advenit,
1459 3418 1670 3492 inquit,

392 3508 496 3567 Cui
530 3506 751 3575 nullus,
781 3508 890 3563 sub
923 3507 1093 3563 corde
1123 3506 1315 3575 dolus,
1343 3508 1435 3563 cui
1468 3513 1701 3581 pectora
1729 3527 1895 3583 pura.

465 3598 633 3654 Hunc
660 3596 864 3669 procul
896 3596 1199 3679 absentem
1227 3596 1372 3652 ficus
1403 3599 1513 3653 sub
1546 3599 1799 3672 tegmine
1828 3601 1964 3659 vidi.

393 3690 538 3743 Cum
568 3702 748 3759 super
773 3684 999 3757 positus
1028 3685 1303 3742 frondosa
1332 3690 1513 3741 :taret
1541 3687 1599 3742 in
1632 3690 1858 3745 umbra.

394 3774 657 3832 Necdum
688 3772 929 3830 illiﬁdus
958 3773 1196 3830 dederat
1218 3773 1313 3845 pia
1339 3774 1512 3830 verba
1537 3775 1859 3849 Philippus,

468 3861 568 3921 Ille
597 3861 924 3919 admiratus
953 3861 1090 3919 celsi
1119 3863 1404 3936 praesagia
1432 3862 1642 3920 Christi
1667 3883 1680 3922 :

392 3952 557 4022 Vere,
591 3952 692 4022 ait,
723 3968 853 4009 ecce
874 3950 975 4008 Dei
1007 3951 1278 4008 sublimis
1308 3951 1489 4008 Filius
1518 3953 1613 4010 hic
1644 3958 1751 4011 est.

393 4043 506 4101 Iste
526 4040 762 4100 Israelis
793 4042 913 4098 Rex
939 4046 1028 4097 est
1056 4058 1159 4114 per
1186 4041 1399 4098 sazcula
1426 4060 1618 4099 verus.

464 4132 731 4189 Credenti
761 4131 1026 4188 Christus
1055 4131 1304 4203 spondet
1332 4133 1555 4205 majora
1581 4132 1849 4190 videnda.

393 4221 676 4292 Cernetis,
706 4219 916 4293 inquit,
949 4221 1193 4277 reserari
1222 4219 1481 4277 culmina
1511 4221 1661 4286 coeli,

390 4309 694 4383 Angelicos
724 4310 932 4367 choros
963 4309 1233 4366 famulari
1265 4308 1325 4365 in
1356 4309 1569 4366 saecula
1597 4310 1848 4368 Christo.

464 4399 783 4472 cujusdam
800 4400 873 4455 ad
890 4398 1179 4455 thalamos
1202 4402 1404 4454 sancta
1423 4415 1559 4457 cum
1583 4402 1767 4455 matre
1779 4404 2035 4469 vocatus,

392 4487 456 4543 In
486 4487 687 4543 vinum
717 4487 910 4544 subito
942 4491 1215 4543 naturam
1246 4486 1416 4541 vertit
1444 4502 1751 4557 aquarum.

390 4576 670 4649 Discipuli
702 4577 965 4645 credunt,
998 4576 1194 4631 divina
1221 4578 1280 4631 et
1310 4575 1462 4629 facta
1490 4579 1809 4646 pavescunt

460 4664 632 4737 Ejicit
660 4684 730 4722 ex
759 4681 924 4721 sacro
956 4666 1321 4719 mercantum
1356 4660 1543 4717 millia
1565 4662 1802 4735 templo.

390 4752 736 4810 Solvendam
764 4751 1007 4826 propria:
1037 4751 1231 4807 carnis
1263 4749 1569 4807 denuntiat
1593 4752 1811 4825 aulam,

388 4842 617 4901 Ccelesti
647 4844 815 4916 signo
846 4844 906 4898 in
937 4842 1131 4896 triduo
1160 4857 1336 4912 quam
1366 4839 1610 4896 suscitet
1638 4841 1781 4913 ipse.

460 4932 702 5005 Mystica
730 4931 1045 4987 Nicodemo
1073 4928 1351 4999 baptismi
1384 4945 1627 4984 munera
1647 4930 1870 5001 pandit,

384 5019 584 5076 Abluit
611 5020 737 5093 ipse
767 5036 873 5075 suo
904 5018 1177 5089 tinguens
1209 5016 1559 5088 baptismate
1591 5019 1814 5075 turbas.

385 5110 754 5167 Concurrunt
779 5107 1019 5173 alacres,
1053 5104 1291 5177 capiunt
1321 5105 1417 5176 pia
1446 5107 1599 5162 dona
1623 5107 1850 5165 salutis.

456 5198 586 5253 Haec
607 5198 705 5253 ubi
735 5195 1023 5269 cognovit,
1054 5197 1292 5250 sanctus
1324 5193 1585 5266 Baptista
1611 5195 1885 5266 Joannes,

381 5285 630 5358 Impleta
657 5285 945 5341 declamat
975 5301 1083 5340 sua
1112 5283 1346 5355 gaudia,
1378 5289 1651 5355 provocat
1682 5303 1886 5345 omnes
1920 5306 1933 5345 :

380 5376 454 5433 Se
484 5374 671 5431 minui
694 5374 928 5447 gaudet,
962 5372 1130 5428 illum
1162 5388 1525 5429 succrescere
1555 5375 1756 5446 gessit.

449 5464 721 5521 Samaria:
752 5462 825 5519 ad
855 5465 1094 5533 puteum
1127 5460 1357 5518 mulieri
1391 5462 1637 5534 mystica
1665 5464 1841 5520 fatur.

376 5552 587 5610 Pandit
613 5567 828 5627 aquam
857 5550 1007 5620 vitae,
1039 5551 1335 5608 Christum
1367 5567 1494 5607 sese
1525 5567 1654 5608 esse
1673 5552 1908 5611 fatetur.
1999 5619 2003 5622 ν

371 5641 713 5721 Agnoscunt
739 5641 893 5705 cives
925 5640 1127 5703 mundi
1157 5639 1462 5701 advenisse
1491 5638 1764 5700 salutem.

1577 349 1807 411 FLOR]
1852 347 2167 410 DIACONI
2211 347 2596 410 MONACHI.

3677 356 3799 415 268

2054 481 2111 548 Α
2208 480 2270 536 In
2303 481 2490 554 patria
2508 483 2743 555 propria
2771 484 2915 540 dicit
2943 485 3069 541 sine
3100 485 3318 543 honore
3346 488 3719 561 prophetam,

2132 570 2203 625 Et
2235 570 2421 644 reguli
2451 571 2673 644 prolem
2706 568 2912 629 inertis
2943 591 3012 630 ex
3045 575 3208 632 fauce
3235 576 3483 633 reducit.

2133 662 2411 715 Sermone
2438 661 2742 717 absentem
2773 662 2906 719 vita:
2935 664 3008 720 de
3039 664 3242 721 funere
3263 666 3539 723 reddens.

2208 748 2465 821 Paralysi
2496 750 2740 823 antiqua
2761 752 2890 823 jam
2922 769 3069 825 pene
3100 754 3159 809 in
3191 759 3376 811 morte
3397 757 3721 827 jacentcm.

2136 836 2457 892 Bethsaidaa
2488 836 2547 892 in
2581 838 2834 912 Solymis
2867 840 3103 912 piscina:
3134 843 3318 898 erexit
3345 843 3420 898 ad
3452 845 3669 901 undas.

2136 924 2342 981 Exsilit
2371 942 2522 999 aeger
2550 944 2750 996 ovans,
2773 929 3075 1002 proprium
3108 931 3257 1004 gerit
3286 932 3412 1005 ipse
3455 934 3792 1005 grabatum,

2206 1014 2425 1071 Judazis
2456 1014 2720 1087 loquitur
2749 1020 3030 1089 mysteria
3059 1020 3315 1091 plurima
3341 1023 3469 1077 vita:
3507 1039 3522 1077 :

2138 1103 2210 1159 Se
2235 1102 2413 1159 simul
2443 1108 2499 1159 et
2530 1104 2759 1161 Patrem
2790 1124 2954 1179 aeque
2984 1108 3172 1166 facere
3201 1112 3401 1167 omnia
3431 1113 3596 1169 dicit.

2139 1191 2246 1257 Qui
2280 1192 2460 1265 Moysi
2492 1194 2757 1261 credunt,
2791 1212 3033 1267 prorsus
3063 1198 3175 1253 sibi
3200 1201 3434 1256 credere
3468 1202 3688 1257 ﬁrmat.

2210 1279 2392 1336 Millia
2413 1281 2673 1354 quinque
2701 1284 2891 1339 virum
2923 1286 3121 1357 quinis
3151 1288 3221 1344 de
3252 1288 3507 1360 panibus
3539 1291 3638 1347 ille

2140 1369 2405 1426 Piscibus
2435 1375 2493 1426 et
2521 1370 2773 1443 geminis
2805 1374 2953 1430 mira
2977 1375 3186 1433 virtute
3214 1379 3432 1434 refecit.

2144 1459 2456 1532 Fragmina
2481 1459 2571 1517 bis
2606 1478 2779 1518 senos
2809 1463 3093 1536 cophinos
3118 1466 3315 1524 ablata
3345 1468 3671 1542 replerunt.

2215 1548 2455 1604 Attoniti
2480 1549 2616 1604 hinc
2636 1551 2834 1623 populi
2859 1559 3135 1624 quaerunt
3163 1556 3274 1611 sibi
3298 1573 3515 1628 ponere
3540 1558 3760 1632 Regem
3786 1579 3799 1616 :

2144 1638 2242 1694 Ille
2274 1638 2441 1710 fugit,
2478 1643 2735 1696 montem
2769 1641 2954 1713 petiit,
2990 1643 3083 1698 hic
3114 1645 3274 1701 solus
3305 1647 3531 1703 adorat.

2146 1728 2269 1783 Non
2301 1727 2538 1799 capiunt
2568 1728 2858 1785 Christum
2894 1732 3054 1805 regni
3078 1733 3345 1791 moxtalis
3366 1736 3626 1794 honores

2219 1816 2501 1888 Discipuli
2536 1817 2593 1872 in
2627 1818 2829 1891 pelago
2860 1826 3027 1877 vento
3058 1822 3378 1881 obsistente
3411 1826 3690 1883 laborant
3721 1847 3734 1883 :

2150 1905 2415 1960 Christus
2437 1906 2603 1961 adest
2634 1906 2900 1977 placidus
2930 1911 3206 1983 gradiens
3235 1914 3291 1968 in
3322 1915 3608 1973 fluctibus
3640 1919 3800 1988 atris,

2151 1993 2427 2050 Navicula
2456 1999 2721 2066 optatum
2754 1998 2940 2053 tenuit
2970 2017 3104 2055 mox
3133 2000 3313 2059 libera
3336 2010 3598 2075 portum.

2219 2082 2548 2156 Alloquitur
2577 2086 2826 2157 populos
2856 2089 3065 2145 veteris
3094 2091 3166 2146 de
3197 2108 3438 2150 munere
3484 2112 3722 2151 manner:
3754 2114 3767 2151 :

2149 2170 2222 2227 Se
2243 2189 2455 2244 panem
2483 2174 2676 2230 vivum
2710 2174 2837 2231 cmli
2866 2178 3092 2234 venisse
3119 2180 3352 2249 fatetur,

2148 2261 2327 2325 Quem
2352 2262 2686 2336 quicunque
2706 2265 3136 2337 capit,mortem
3161 2286 3276 2325 non
3300 2272 3481 2327 sentit
3508 2273 3570 2329 in
3592 2291 3802 2330 aevum.

2218 2350 2500 2423 Discipuli
2530 2351 2728 2424 plures
2759 2371 2827 2410 ex
2851 2355 2961 2410 hoc
2990 2372 3258 2415 sermone
3284 2362 3587 2417 recedunt.

2149 2440 2385 2495 Petrum
2416 2457 2550 2496 cum
2583 2441 2758 2499 sociis
2788 2443 3019 2500 Christo
3049 2448 3372 2519 gaudenter
3398 2451 3685 2519 adhaeret,

2146 2530 2187 2584 E
2214 2528 2431 2601 quibus
2462 2529 2557 2586 ille
2588 2548 2771 2587 unum
2792 2533 2983 2589 zabuli
3015 2536 3125 2590 sub
3159 2538 3392 2595 nomine
3419 2540 3692 2597 damnat.

2219 2619 2391 2675 Festa
2420 2618 2546 2675 dies
2575 2620 2775 2676 aderat
2806 2638 2932 2694 quae
2963 2629 3103 2680 sunt
3132 2626 3478 2685 umbracula
3498 2631 3698 2701 jussa.

2149 2706 2248 2763 Ille
2279 2707 2447 2763 docet
2475 2709 2745 2780 populos,
2778 2712 3067 2781 promittit
3096 2714 3341 2773 ﬂumina
3369 2719 3495 2773 vita:

2149 2795 2402 2869 Spiritus
2433 2796 2528 2853 ille
2559 2798 2680 2866 Dei,
2709 2816 2884 2871 quem
2913 2802 3012 2857 dat
3057 2805 3452 2874 credentibus,
3485 2806 3610 2864 haec
3644 2815 3805 2866 sunt.

2219 2884 2299 2940 De
2328 2884 2558 2942 Christo
2590 2887 2844 2943 exoritur
2871 2892 3162 2948 contentio
3192 2911 3407 2968 magna
3436 2898 3737 2970 superbis.

2149 2972 2529 3031 Nicodemum
2560 2977 2874 3050 exagitant,
2907 2986 3116 3053 urgent
3141 2982 3266 3040 sine
3296 2986 3434 3057 jure
3475 2987 3804 3045 ministros.

2151 3062 2528 3136 Simplicibus
2560 3065 2749 3122 turbis
2783 3067 3143 3128 maledicunt
3170 3091 3268 3130 ore
3296 3081 3586 3148 protervo.

2219 3152 2304 3208 Ad
2338 3153 2652 3210 Dominum
2683 3155 2896 3213 mulier
2914 3159 3176 3217 defertur
3193 3163 3459 3221 adultera
3479 3166 3801 3223 Christum.

2071 3224 2115 3291 (ἶ
2152 3241 2311 3296 Hanc
2342 3241 2439 3298 ille
2463 3242 2521 3297 in
2553 3244 2800 3301 miseros
2829 3245 2992 3320 larga
3019 3248 3232 3321 pietate
3260 3253 3624 3323 redundans,

2148 3329 2377 3386 Judicio
2405 3332 2609 3388 mortis
2641 3334 2858 3405 pariter
2884 3340 2940 3391 et
2961 3338 3204 3394 crimine
3233 3340 3423 3411 solvit.

2220 3419 2367 3475 Hinc
2392 3420 2580 3477 lucem
2616 3424 2820 3479 mundi
2851 3425 3006 3482 claro
3031 3444 3093 3483 se
3122 3430 3400 3501 praedicat
3428 3450 3527 3489 ore
3562 3452 3576 3491 :

2150 3508 2439 3581 Effugient
2469 3512 2675 3566 mortis
2706 3513 2974 3571 tenebras
3005 3517 3343 3591 quicunque
3383 3528 3725 3595 sequuntur
3756 3542 3769 3580 :

2150 3597 2272 3653 Lux
2301 3596 2419 3655 illis
2448 3598 2575 3655 vita
2608 3604 2797 3658 totum
2829 3602 3073 3678 fulgebit
3102 3606 3162 3662 in
3195 3626 3403 3665 aevum.

2221 3687 2578 3761 Principium
2611 3689 2881 3749 Christus
2911 3710 2974 3750 se
3005 3696 3369 3767 praedicatori
3399 3717 3631 3769 sereno,

2147 3778 2307 3842 Quod
2338 3776 2599 3849 loquitur
2619 3780 2784 3851 puris
2820 3781 3115 3857 infulgens
3143 3789 3443 3845 mentibus
3475 3792 3660 3849 intus.

2147 3866 2351 3923 Omnis
2382 3867 2481 3939 qui
2513 3874 2732 3940 peccat,
2764 3873 2985 3943 peccati
3009 3890 3211 3932 servus
3241 3876 3511 3935 habetur.

2216 3955 2504 4012 Mendacii
2533 3961 2748 4014 tetrum
2777 3960 3051 4018 zabulum
3082 3964 3249 4021 docet
3278 3982 3407 4023 esse
3437 3974 3767 4041 parentem,

2146 4045 2250 4101 Hic
2281 4045 2442 4102 necis
2470 4045 2739 4103 humanm
2770 4049 2928 4106 ferus
2949 4052 3170 4108 exstitit
3199 4060 3402 4111 auctor
3426 4058 3501 4113 ab
3532 4077 3675 4129 aevo,

2146 4135 2262 4190 Nee
2293 4135 2454 4190 stetit
2481 4134 2681 4191 infelix
2711 4137 2769 4192 in
2791 4154 2924 4194 vero
2954 4140 3175 4198 lumine
3207 4142 3401 4201 fallax.

2216 4226 2363 4279 Ante
2389 4224 2699 4299 Abraham.
2715 4226 2979 4284 Christus
3002 4247 3234 4305 semper
3261 4251 3389 4290 sese
3410 4252 3541 4294 esse
3565 4239 3796 4294 fatetur.

2144 4312 2245 4368 Ille
2275 4312 2451 4369 alacri
2483 4313 2780 4370 Christum
2811 4317 3082 4390 cupiebat
3109 4337 3342 4379 cernere
3374 4330 3526 4382 voto.

2145 4401 2305 4457 Vidit
2335 4406 2393 4457 et
2421 4401 2711 4473 exultans,
2744 4404 2896 4461 felici
2929 4412 3016 4463 est
3045 4414 3239 4467 mente
3267 4412 3527 4484 gavisus.

2218 4489 2359 4546 Caeci
2396 4490 2515 4546 nati
2545 4491 2745 4548 oculos
2774 4500 2947 4567 sputo
2978 4495 3236 4569 limoque
3267 4500 3494 4557 salubri

2070 4597 2116 4661 ι)
2147 4579 2344 4647 Illinit,
2380 4584 2435 4634 et
2455 4580 2607 4636 Siloe
2637 4582 2802 4653 puris
2830 4583 3128 4643 illuminat
3157 4589 3332 4645 undis
3367 4608 3381 4645 :

2143 4669 2369 4724 Caecum
2388 4669 2684 4733 hominem
2698 4670 3243 4747 irradiat,quoniam
3257 4679 3557 4751 baptisma
3567 4684 3790 4740 salutis.

2213 4755 2425 4816 Electis
2451 4758 2657 4814 ovibus
2689 4761 2845 4831 quod
2878 4762 2955 4817 sit
2988 4763 3079 4832 pia
3102 4766 3288 4835 janua
3320 4775 3632 4827 monstrat.

2143 4844 2248 4899 Per
2278 4843 2433 4899 hunc
2464 4845 2749 4904 intrantes
2772 4857 3024 4923 pergunt
3052 4854 3125 4908 ad
3156 4871 3379 4926 pascua
3404 4858 3557 4915 vitae.

2140 4933 2327 5004 Hujus
2357 4936 2601 5008 sanguis
2632 4952 2765 4993 oves
2796 4944 3012 4995 aeterna
3041 4959 3076 4997 a
3106 4948 3290 4999 morte
3323 4948 3594 5005 redemit.

2211 5022 2361 5077 Dum
2392 5024 2658 5096 graditur
2684 5026 2886 5099 templi
2918 5030 3181 5101 speciosa
3208 5050 3313 5106 per
3343 5036 3495 5092 atria
3512 5038 3683 5094 Jesus

2137 5110 2356 5168 Judaais
2383 5112 2615 5185 populis
2645 5115 2779 5186 quis
2810 5116 2887 5172 sit
2915 5121 3311 5190 quaerentibus
3340 5125 3485 5197 ipse,

2139 5198 2307 5256 Clara
2329 5217 2466 5257 voce
2495 5201 2726 5259 Patrem
2757 5222 3003 5279 seseque
3028 5226 3217 5266 unum
3247 5228 3375 5268 esse
3409 5215 3642 5272 fatetur.

2208 5290 2423 5354 Quarta
2452 5290 2577 5347 dies
2602 5293 2884 5351 Lazarum
2905 5300 3271 5355 monumenti
3295 5301 3780 5375 clauseratantro,

2132 5378 2418 5434 Astabant
2441 5378 2593 5435 tristi
2624 5381 2917 5453 plorantes
2940 5403 3078 5444 voce
3106 5405 3336 5447 sorores
3369 5408 3382 5445 :

2135 5465 2333 5522 Turba
2362 5466 2569 5540 ingens
2589 5470 2792 5528 aderat
2819 5472 3028 5531 solatia
3057 5481 3267 5534 moesta
3292 5480 3603 5537 ferentum.

2200 5554 2417 5611 Allevat
2443 5555 2542 5613 ille
2571 5558 2791 5630 oculos,
2824 5562 2981 5619 Patri
3007 5565 3108 5622 dat
3137 5583 3388 5626 munera
3407 5569 3619 5638 laudis,

2127 5642 2477 5703 Defunctum
2510 5645 2809 5722 inclamat,
2838 5653 3032 5728 prodit
3061 5672 3198 5716 mox
3224 5656 3325 5718 ille
3355 5658 3621 5738 sepulcro
3651 5677 3670 5719 :
