3896 6198
168 367 259 425 269

164 494 375 552 Nexibus
401 487 651 557 exuitur,
678 492 733 543 et
760 488 955 543 dulcia
985 490 1135 542 tecta
1166 487 1381 543 revisit.
1741 529 1746 533 .

218 581 483 653 Unguento
512 577 717 633 Jesum
750 576 1044 649 perfundit
1075 592 1240 631 sacra
1270 576 1452 630 Maria
1484 592 1496 629 :

154 670 379 730 Jucundo
407 666 688 737 impletur
715 665 830 721 late
862 666 1075 720 domus
1102 666 1295 720 omnis
1328 666 1522 731 odore,

154 762 211 817 Ut
235 756 423 814 redolet
453 759 576 811 toto
610 754 745 810 felix
774 754 1032 809 Ecclesia
1061 755 1302 809 mundo.

208 850 306 904 Rex
332 844 478 900 mitis
511 843 739 915 placido
772 843 945 899 Jesus
976 843 1240 897 concedit
1272 840 1468 897 asello.

146 934 442 1007 Palmigeris
473 933 659 987 turbas
693 931 968 987 manibus
1000 932 1141 986 dant
1169 930 1395 986 cantica
1427 929 1689 985 laudum.

146 1028 219 1082 Sic
246 1024 519 1095 Solymam
554 1021 901 1094 ingreditur,
927 1021 1049 1075 adit
1069 1024 1125 1075 et
1152 1020 1247 1091 pia
1278 1019 1490 1073 mmnia
1510 1018 1711 1091 templi
1737 1036 1750 1074 :

200 1111 428 1170 Gentiles
456 1109 683 1165 clarum
715 1109 1053 1180 quaerebant
1083 1124 1318 1162 cernere
1347 1108 1570 1162 Jesum.

146 1200 399 1259 Frumenti
433 1215 684 1271 granum
715 1197 853 1251 dicit
884 1214 945 1252 se
977 1196 1246 1268 protinus
1276 1195 1395 1261 ille,

142 1292 277 1356 Quod
303 1296 454 1345 terrae
487 1286 832 1342 immoriens
864 1285 1052 1340 multa
1081 1302 1213 1339 cum
1247 1286 1412 1355 fruge
1443 1285 1714 1357 resurgit.

200 1379 374 1435 Oranti
396 1394 504 1432 vox
537 1376 695 1431 clara
724 1375 910 1431 Patris
946 1374 1216 1445 rependit
1244 1374 1316 1427 ab
1347 1373 1524 1429 astris
1557 1391 1570 1428 ε

139 1464 437 1534 Clarificavi,
467 1464 681 1536 inquit,
710 1469 784 1529 te,
808 1467 963 1530 nate,
989 1468 1047 1518 et
1076 1461 1428 1517 cloriticabo.

138 1557 345 1630 Expavit
371 1554 625 1627 populus
656 1552 859 1607 divina:
890 1551 1050 1608 vocis
1080 1551 1383 1606 honorem.
1418 1609 1464 1621 κθ

190 1644 338 1702 Multi
369 1661 397 1699 e
424 1642 794 1715 principibus
825 1641 1121 1712 magnalia
1151 1644 1310 1695 tanta
1339 1639 1621 1705 videntes,

129 1736 333 1790 Pectore
361 1731 694 1798 credebant,
725 1730 1064 1785 metuebant
1096 1745 1193 1783 ore
1226 1727 1415 1792 fateri,

129 1828 232 1881 Non
261 1821 443 1876 divina
471 1819 629 1884 illos,
653 1818 755 1873 sed
786 1816 993 1872 mundi
1024 1816 1210 1889 gloria
1239 1815 1432 1881 traxit,

187 1909 370 1967 Abluit
397 1907 493 1963 ille
524 1907 705 1979 pedes
736 1907 1066 1962 veneranda
1093 1905 1153 1960 in
1186 1909 1355 1960 nocte
1384 1919 1649 1959 suorum.

135 2000 261 2056 Pelvi
290 1995 540 2053 infundit
571 2013 775 2068 aquas,
812 1994 1106 2067 tergentia
1138 1994 1316 2049 lintea
1343 1997 1552 2065 gestat.

134 2093 169 2154 Ο
197 2093 397 2161 quanta
425 2085 737 2141 humilitas
761 2084 772 2138 !
811 2088 1033 2155 quanta
1061 2087 1150 2138 est
1180 2081 1489 2137 clementia
1517 2080 1753 2135 Christi.

198 2177 452 2249 Designat
473 2175 692 2229 Judam
725 2172 985 2228 buccella
1014 2171 1183 2243 panis
1214 2170 1505 2241 iniquum.

138 2270 232 2323 Ter
258 2283 373 2321 sese
402 2282 436 2319 a
467 2265 639 2318 Petro
669 2261 1026 2334 praanuntiat
1056 2277 1184 2316 esse
1214 2260 1569 2331 negandum.

141 2354 418 2426 Discipulis
451 2351 707 2425 propriis
737 2351 973 2422 signum
1007 2348 1329 2421 prtescribit
1358 2347 1597 2401 amoris.

204 2445 326 2501 Inde
354 2459 491 2498 suos
525 2440 687 2497 nosci
719 2439 901 2495 voluit
928 2438 980 2493 si
1011 2442 1245 2510 pectora
1275 2437 1521 2492 fratrum

143 2533 348 2589 Alterna
374 2530 660 2588 charitate
690 2528 800 2585 sibi
832 2544 1091 2584 connexa
1117 2526 1396 2599 vigerent,

143 2622 282 2686 Quali
314 2638 415 2677 nos
446 2619 679 2693 primus
709 2617 912 2673 dilexit
940 2615 1168 2671 coalitus
1199 2616 1342 2687 ipse.

201 2714 264 2767 Se
292 2712 451 2766 docet
479 2709 542 2764 in
576 2708 742 2763 Patre
770 2711 825 2761 et
858 2706 1085 2761 Patrem
1124 2704 1449 2759 venerarier
1480 2702 1538 2756 in
1573 2718 1654 2758 se.

144 2802 391 2872 Majestas
421 2815 543 2853 una
576 2802 686 2864 est,
710 2801 768 2852 et
796 2794 981 2868 gloria
1011 2810 1249 2865 compar
1278 2792 1530 2863 utrique.

143 2888 408 2960 Quidquid
435 2888 561 2960 agit
586 2885 840 2959 genitus,
863 2888 1053 2939 totum
1080 2887 1168 2938 est
1197 2881 1455 2954 Operatio
1484 2878 1692 2935 Patris.

202 2976 536 3033 Paraclitum
572 2974 821 3046 spondet
849 2989 911 3028 se
942 2972 1175 3026 mittere
1210 2970 1476 3042 protinus
1505 2967 1588 3022 illi

141 3070 263 3124 Cum
295 3084 424 3121 mox
453 3082 484 3120 e
514 3062 748 3119 tumulo
780 3062 1004 3116 devicta
1036 3065 1220 3116 morte
1248 3074 1579 3130 resurgens,

145 3156 377 3228 lnclytus
407 3153 736 3210 ascendens
767 3149 1152 3223 penetraverit
1181 3148 1366 3202 ardua
1395 3145 1541 3201 coeli.

201 3247 266 3301 Se
293 3244 467 3299 vitem
497 3258 700 3298 veram
732 3240 1013 3312 loquitur,
1039 3237 1420 3309 propriosque
1450 3233 1652 3289 fideles

144 3334 465 3389 Palmitibus
497 3329 728 3388 similes
757 3329 815 3384 in
848 3345 909 3383 se
939 3331 1136 3383 monet
1161 3325 1258 3381 ille
1291 3340 1544 3393 manere,

140 3425 210 3479 Ne
230 3424 458 3494 jaceant
489 3419 746 3487 steriles,
773 3416 903 3490 jugi
932 3417 1242 3471 tradantur
1272 3420 1328 3469 et
1357 3412 1497 3486 igni.

201 3510 520 3584 Discipulos
554 3509 813 3564 clemens
845 3505 998 3561 Patri
1028 3504 1400 3560 commendat
1430 3502 1612 3568 Iesus,

141 3602 396 3657 Traditur
425 3618 460 3656 a
489 3598 666 3663 Juda,
698 3596 879 3651 Pilato
907 3593 1198 3650 addicitur
1226 3593 1450 3647 insons.

141 3691 470 3745 Verberibus
502 3704 693 3744 caesus
726 3683 939 3757 populo
970 3684 1142 3737 datur
1170 3682 1294 3753 ipse
1325 3680 1645 3735 necandus.

202 3780 341 3835 Exiit
369 3780 495 3850 ipse
530 3791 767 3832 crucem
799 3772 1035 3829 sibimet
1064 3770 1375 3825 mitissime
1405 3773 1663 3841 portans.

145 3869 318 3924 Passio
347 3870 589 3939 gustato
621 3862 837 3919 Christi
869 3860 1193 3933 completur
1224 3864 1404 3914 aceto.

140 3957 430 4013 Mandatur
458 3952 715 4020 tumulo,
749 3952 1047 4007 destructa
1072 3953 1258 4003 morte
1289 3946 1561 4018 resurgit.

200 4046 274 4100 Ad
303 4044 610 4100 tumulum
644 4040 827 4095 Maria
852 4040 1143 4110 lacrymas
1174 4035 1453 4090 fundebat
1484 4031 1720 4099 amoris,

141 4133 433 4190 Sublatum
464 4129 707 4188 insidiis
737 4145 948 4201 corpus
979 4126 1251 4183 credebat
1283 4125 1431 4179 Iesu.

141 4222 228 4279 llle
258 4227 493 4295 repente
526 4219 730 4284 micat,
766 4219 866 4273 dat
893 4215 1030 4271 huic
1063 4215 1339 4269 mandata
1370 4210 1596 4267 salutis.

200 4312 238 4368 Ε
269 4310 499 4367 tumulo
532 4325 715 4365 sacrae
747 4307 994 4362 redeunt
1023 4303 1329 4377 gaudendo
1361 4299 1591 4356 sodales
1624 4316 1637 4353 :

139 4402 227 4456 llis
254 4418 429 4458 cursu
462 4401 526 4455 in
562 4397 758 4453 medio
790 4394 1021 4467 fulgens
1050 4392 1303 4449 occurrit
1335 4392 1496 4445 [esus
1530 4406 1543 4444 :

140 4489 233 4545 Dat
260 4488 587 4546 clementer
608 4488 742 4552 Ave,
766 4483 1015 4555 pedibus
1046 4480 1156 4535 illa:
1188 4476 1388 4536 oscula
1415 4478 1624 4550 ﬁgunt.

199 4580 393 4635 Flebat
422 4593 634 4635 amare
664 4573 841 4629 nimis
870 4570 1086 4627 Christi
1116 4575 1325 4624 Petrus
1354 4566 1449 4621 ille
1480 4565 1674 4638 negati

139 4668 370 4738 Crimen,
405 4666 555 4722 huic
584 4663 842 4721 clemens
873 4664 1113 4732 apparet
1142 4656 1407 4730 protinus
1438 4654 1555 4721 ille,

137 4757 353 4813 Solatur
383 4760 699 4820 mcestum,
730 4749 1078 4822 trepidantis
1108 4750 1339 4818 pectora
1371 4745 1586 4799 ﬁrmat.

200 4847 360 4902 Ibant
391 4846 544 4902 forte
581 4844 698 4897 duo
728 4838 1034 4895 castellum
1065 4836 1314 4891 invisere
1346 4833 1640 4905 quoddam
1675 4849 1687 4887 :

138 4935 225 4991 His
254 4937 453 4991 subito
486 4935 553 4989 in
587 4930 797 4986 habitu
832 4926 1125 5001 peregrini
1156 4924 1409 4980 occurrit
1438 4922 1601 4977 Iesus
1631 4937 1644 4974 :

138 5026 300 5080 Tecta
329 5027 586 5097 rogatus
616 5020 757 5087 adit,
781 5018 987 5090 pandit
1016 5032 1080 5071 se
1110 5014 1170 5068 in
1201 5012 1489 5085 fragmine
1519 5009 1708 5082 panis.

197 5112 485 5185 Discipuli
519 5109 726 5166 clauso
758 5107 1092 5163 residebant
1122 5105 1267 5159 forte
1296 5101 1570 5156 timentes

139 5202 409 5270 Conclavi,
446 5201 553 5255 his
585 5197 783 5254 subito
814 5196 1050 5251 radians
1077 5191 1305 5249 assistit
1335 5191 1516 5246 Iesus.

137 5292 470 5363 Agnoscunt
500 5286 848 5352 Dominum,
867 5284 1160 5339 clavorum
1188 5280 1357 5350 signa
1379 5279 1701 5334 recensent.

198 5379 457 5435 Thomas
491 5375 787 5440 defuerat,
812 5389 946 5429 cum
975 5387 1037 5427 se
1064 5371 1217 5425 Deus
1245 5368 1341 5423 ille
1373 5365 1653 5438 magister

139 5466 487 5526 Monstrarat
520 5463 726 5529 sociis,
756 5461 956 5518 lateris
988 5462 1086 5532 pia
1111 5458 1352 5513 vulnera
1382 5455 1684 5527 pandens:

138 5556 391 5617 Christus
444 5556 630 5614 adest
674 5551 911 5621 iterum,
953 5549 1271 5608 Dominum
1315 5543 1411 5601 ille
1459 5543 1760 5701 [statimque

1514 5647 1547 5687 a
1575 5633 1724 5688 etur.

1514 5633 1724 5688 ‘atetur.

1486 356 1838 417 CARMlNA
1887 355 2153 416 VAltIA.

3395 365 3517 426 270

1790 488 1843 553 Α
1946 487 2088 542 Cum
2122 487 2297 542 sociis
2324 488 2526 545 Petrus
2557 489 2789 561 piscans
2819 490 2899 546 nil
2931 497 3163 565 ceperat
3192 494 3388 552 undis.

1870 575 2086 630 Littore
2117 580 2231 631 stat
2263 576 2552 649 Christus,
2567 579 2781 648 jactari
2813 580 2959 636 retia
2986 583 3246 650 mandat,

1869 664 1958 719 Fit
1988 670 2230 736 captura
2260 666 2490 739 ingens,
2515 666 2709 723 clarus
2740 670 3105 725 conveseitur
3133 670 3291 728 illis.

1938 753 2132 808 Monte
2159 754 2417 821 Calilzew,
2444 757 2596 811 sicut
2625 757 2972 828 promiserat
3004 760 3146 832 ipse,

1867 840 2195 897 Clarilicum
2225 845 2411 898 sancti
2441 845 2642 900 Jesum
2675 851 3003 902 reverenter
3030 848 3295 919 adorant,

1866 930 1930 983 In
1964 930 2107 986 ccelo
2136 937 2193 986 et
2222 932 2391 987 terris
2417 932 2559 988 dicit
2588 934 2698 989 sibi
2731 935 2966 991 subdita
2994 941 3225 993 cuncta.

1938 1018 2151 1073 Ultima
2182 1019 2486 1092 discipulis
2509 1022 2765 1094 jungens
2797 1024 3057 1080 convivia
3086 1028 3290 1095 sacris,

1865 1106 2104 1161 Mandat
2132 1108 2507 1179 Evangelium
2539 1126 2641 1180 per
2672 1110 2777 1166 hos
2807 1115 2925 1167 toto
2957 1114 3094 1170 orbe
3124 1122 3407 1186 coruscet,

1863 1194 2290 1267 Credentesque
2321 1213 2525 1252 omnes
2557 1204 2758 1254 sancto
2789 1201 3139 1272 baptismate
3170 1204 3376 1278 tingui.

1935 1284 2150 1339 Montis
2181 1284 2385 1339 Oliveti
2418 1286 2583 1357 petiit
2612 1304 2745 1343 mox
2775 1288 2871 1344 ille
2900 1306 3201 1349 cacumen.

1860 1372 2161 1428 Assistunt
2190 1373 2400 1442 sancti,
2436 1375 2724 1431 benedieit
2752 1377 2980 1434 ccelitus
3009 1380 3143 1447 illis,

1862 1461 2157 1517 Sideream
2191 1467 2501 1533 penetrans
2531 1464 2675 1537 ipsis
2705 1468 3083 1525 cernentibus
3113 1471 3330 1529 aulam.

1930 1552 1977 1604 A
2007 1550 2226 1607 dextris
2258 1552 2421 1607 sedet
2450 1552 2545 1607 ille
2578 1554 2700 1621 Dei,
2732 1555 3045 1613 virtutibus
3074 1558 3220 1631 ipsis

1860 1636 2076 1693 Celsior
2105 1640 2408 1711 angelicis,
2430 1646 2713 1699 venturus
2743 1648 2799 1699 et
2827 1643 2965 1700 inde
2994 1663 3293 1720 coruscus,

1856 1725 2090 1782 Judieet
2118 1729 2349 1784 sternis
2381 1734 2445 1785 ut
2475 1734 2663 1786 totum
2695 1730 2925 1804 legibus
2956 1736 3176 1792 orbem.

1777 1853 1822 1917 Β
1869 1816 2058 1917 “Hunc
2070 1817 2280 1917 caelum
2296 1822 2352 1873 et
2367 1818 2725 1917 tellus,hunc
2741 1825 2999 1880 tartarus
3017 1823 3143 1896 ipse
3159 1828 3488 1898 profundus

1865 1903 2221 1960 Cunctorum
2242 1906 2726 1975 Dominum,cum
2751 1910 2915 1966 Patre
2940 1912 2998 1966 in
3026 1892 3197 1969 saecla
3218 1892 3514 1987 potenteni

1863 1994 1941 2047 Ac
1971 1993 2185 2065 Spiritu
2217 1999 2418 2050 saneto
2449 1995 2668 2064 laudet,
2703 1997 2837 2054 huic
2867 1999 3060 2055 sidera
3088 2002 3359 2059 clament.

2113 2085 2316 2138 Amen.

2648 2174 2737 2228 lV.

2589 2279 2794 2318 ORATIO

1942 2348 2075 2402 Cum
2113 2352 2624 2423 commemoratione
2663 2354 3018 2423 antiquorum
3050 2359 3449 2416 miraculorum

2422 2422 2626 2477 Christi
2653 2423 2751 2478 Dei
2774 2422 2965 2481 nostri.

1943 2526 1987 2581 Ο
2016 2526 2201 2582 virtus
2233 2531 2447 2584 aeterna
2480 2528 2597 2596 Dei,
2630 2545 2808 2600 quam
2838 2531 3112 2589 machina
3142 2537 3348 2592 mundi

1874 2614 2134 2686 Suscipit
2163 2620 2483 2683 auctorem,
2505 2617 2601 2672 cui
2631 2618 2806 2674 servit
2835 2624 2990 2676 terra
3017 2622 3325 2697 polusque,

1876 2702 2231 2774 Principium
2263 2721 2483 2772 rerum,
2516 2721 2619 2776 per
2647 2723 2825 2777 quam
2856 2709 3027 2764 Pater
3053 2712 3252 2768 omnia
3280 2714 3433 2770 fecit.

1875 2792 2020 2846 Cum
2054 2791 2219 2847 Flatu
2251 2797 2464 2847 aeterno
2495 2811 2672 2865 super
2701 2811 2936 2866 aequora
2961 2802 3125 2853 vasta
3152 2800 3423 2870 cubante,

1875 2881 1962 2935 Tu
1994 2897 2233 2951 pressus
2265 2882 2562 2952 quondam
2592 2883 2847 2939 tenebris
2878 2884 3252 2945 horrentibus
3274 2892 3464 2948 undas

1876 2969 2028 3023 Luce
2060 2986 2207 3024 nova
2233 2969 2544 3038 irradians,
2568 2974 2915 3043 noctemque
2937 2973 3209 3047 diemque
3230 2980 3461 3034 creasti.

1877 3057 1949 3112 Ut
1974 3058 2163 3114 varios
2191 3058 2498 3113 hominum
2526 3058 2734 3114 revelet
2760 3060 2860 3115 lux
2884 3061 3099 3119 blanda
3127 3064 3375 3136 labores,

1878 3147 1947 3201 Et
1977 3151 2263 3203 nocturna
2293 3146 2459 3219 quies
2488 3147 2716 3204 attritos
2745 3154 2963 3205 recreet
2991 3156 3173 3209 artus.

1798 3221 1840 3287 C
1878 3236 1963 3289 Tu
1996 3236 2262 3307 geminas
2292 3236 2460 3292 sedes
2489 3236 2759 3293 discretis
2786 3237 3062 3296 ﬂuctibus
3095 3246 3325 3314 aptans,

1878 3323 1994 3379 Hos
2025 3323 2152 3396 agis
2182 3323 2238 3378 in
2271 3322 2536 3397 pelagus,
2571 3324 2702 3381 illos
2733 3342 2912 3399 super
2939 3334 3097 3384 astra
3124 3332 3413 3389 recondis.

1878 3412 2054 3466 Arida
2083 3429 2199 3483 quo
2231 3417 2429 3484 posset
2460 3414 2712 3469 fructum
2743 3417 3060 3486 producere
3090 3419 3263 3477 tellus

1881 3501 2159 3557 Hastihus
2191 3506 2249 3557 et
2279 3502 2463 3573 gratis
2495 3502 2819 3560 animantia
2848 3511 3057 3563 cuneta
3084 3509 3321 3579 foveret,

1882 3591 1967 3645 Tu
2001 3589 2152 3645 lunae
2185 3589 2443 3662 solisque
2472 3591 2734 3663 globum,
2759 3594 3072 3668 stellasque
3100 3598 3407 3669 micantes,

1883 3679 1945 3733 ln
1976 3677 2165 3733 varias
2197 3696 2407 3735 causas
2437 3696 2540 3751 per
2570 3680 2831 3737 culmina
2862 3684 3016 3739 celsa
3046 3684 3270 3744 locasti.

1884 3768 1970 3822 Tu
2005 3772 2167 3822 terra;
2198 3785 2266 3822 ex
2296 3773 2457 3822 utero
2488 3771 2741 3839 pecudes
2771 3788 2805 3825 a
2841 3773 3044 3844 reptile
3073 3783 3353 3834 cunctum

1886 3856 1948 3911 1n
1981 3854 2171 3910 lucem
2204 3855 2328 3911 sola
2359 3858 2671 3928 procedere
2700 3876 2837 3914 voce
2868 3861 3104 3918 dedisti.

1885 3945 1973 3999 Tu
2003 3943 2259 4016 lymphis
2291 3944 2465 3999 etiam
2493 3946 2778 4015 spirantia
2805 3964 3047 4019 corpora
3073 3953 3354 4023 condens,

1882 4033 2135 4088 Alitibus
2166 4037 2386 4097 ventos,
2411 4033 2605 4087 ditasti
2637 4034 2894 4104 piscibus
2922 4054 3137 4109 aequor.

1885 4122 1971 4176 Tu
2004 4118 2291 4191 torpentis
2320 4120 2485 4174 humi
2517 4136 2729 4192 corpus
2762 4123 2832 4178 de
2862 4140 3100 4196 corpore
3131 4133 3440 4201 sumptum

1884 4209 2120 4264 Viviﬁco
2151 4208 2301 4263 sacri
2331 4208 2669 4281 spiraminis
2699 4211 2875 4285 erigis
2909 4212 3125 4271 haustu
3160 4231 3175 4272 :

1886 4299 2066 4370 quue
2094 4296 2388 4352 hominem
2418 4297 2902 4367 vocitans,totum
2929 4319 3170 4376 regnare
3200 4322 3305 4378 per
3332 4308 3536 4367 orbem

1889 4387 2158 4458 Prmcipis
2180 4391 2237 4442 et
2264 4386 2444 4443 totius
2474 4387 2715 4444 rationis
2745 4389 2973 4462 legibus
3003 4392 3235 4466 imples.

1888 4478 2009 4541 Quo
2040 4492 2226 4549 genus
2255 4476 2315 4531 in
2346 4476 2518 4532 terris
2549 4495 2664 4535 uno
2696 4478 2910 4535 factore
2940 4486 3221 4539 creatum.

1811 4586 1858 4649 Ι)
1892 4565 1965 4620 Ut
1992 4580 2179 4637 genus
2206 4562 2266 4618 in
2297 4565 2458 4621 caelis
2489 4582 2607 4621 uno
2637 4571 2858 4624 rectore
2887 4574 3144 4642 regatur.

1964 4653 2007 4709 Ο
2036 4653 2223 4709 virtus
2253 4658 2466 4710 aeterna
2496 4653 2595 4710 Dei
2629 4672 2803 4728 quam
2837 4659 3113 4715 machina
3141 4662 3369 4719 mundi.

1893 4740 2150 4813 Suscipit
2179 4744 2607 4811 auctorem,cui
2639 4746 2818 4800 servit
2847 4751 3002 4803 terra
3031 4749 3335 4823 polusque.

1894 4831 1983 4886 'l‘u
2013 4829 2271 4901 primum
2302 4847 2418 4885 non
2450 4847 2625 4901 passa
2652 4831 2842 4888 virum
2871 4836 3192 4893 consistere
3223 4837 3416 4896 solum

1897 4917 2176 4990 Conjugis
2205 4918 2447 4991 egregiae
2479 4919 2687 4976 solatia
2715 4925 2875 4976 casta
2906 4925 3136 4992 creasti,

1898 5006 2085 5069 Quam
2116 5023 2223 5062 nec
2254 5012 2408 5063 terra
2437 5007 2590 5074 tulit,
2615 5012 2881 5064 materna
2909 5026 3015 5066 nec
3040 5012 3223 5067 edidit
3253 5013 3436 5083 alvus,

1901 5095 2013 5151 Sed
2046 5098 2148 5150 tua
2177 5096 2248 5151 de
2277 5102 2438 5151 costa
2467 5096 2737 5152 formavit
2768 5097 2968 5153 dextra
2996 5098 3172 5156 virili.

1899 5184 1985 5239 Tu
2017 5183 2207 5239 scelus
2236 5185 2541 5240 amborum
2576 5184 2796 5256 punisti
2828 5191 3012 5242 morte
3041 5187 3316 5261 benigna,

1900 5274 1972 5329 Et
2003 5274 2398 5345 serpentinam
2429 5274 2721 5329 damnasti
2752 5274 2986 5345 pulvere
3016 5276 3300 5350 linguam,

1903 5362 2037 5426 Quae
2070 5362 2267 5416 docuit
2296 5361 2541 5417 miseros
2573 5366 2943 5419 contemnere
2971 5366 3146 5436 jussa
3173 5367 3476 5435 Tonantis,

1903 5448 2176 5504 Numinis
2205 5452 2263 5529 et
2291 5450 2509 5504 summi
2540 5466 2842 5506 summum
2882 5451 2994 5508 sibi
3028 5471 3283 5527 quaerere
3312 5471 3551 5518 nomen.

1976 5536 2019 5592 Ο
2049 5535 2209 5593 virus
2238 5540 2453 5593 aeterna
2481 5538 2603 5604 Dei,
2628 5553 2808 5608 quam
2840 5542 3117 5599 machina
3144 5544 3353 5603 mundi

1907 5624 2166 5703 Suscipit
2193 5630 2511 5702 auctorem,
2539 5626 2632 5686 cui
2661 5627 2839 5688 servit
2865 5632 3022 5691 terra
3050 5631 3357 5713 polusque,
