3896 6198
348 345 416 402 2ἰ
431 344 456 400 1

348 478 434 533 Tu
459 476 608 548 justi
641 477 962 543 interitum,
993 491 1163 548 quem
1197 476 1392 532 fratris
1422 476 1625 532 dextra
1653 473 1918 546 peremit,

349 565 412 622 In
443 583 676 638 poenam
709 566 962 622 auctoris
983 567 1149 636 justa
1178 567 1288 620 sub
1320 565 1444 636 lege
1474 569 1797 636 retorques.

345 653 430 708 Tu
462 655 775 725 quemdam
807 671 876 710 ex
903 653 1111 725 primis
1143 653 1316 726 primi
1349 653 1695 709 mortalibus
1724 651 1825 708 aevi

349 742 622 814 Ignarum
655 743 862 798 mortis
891 742 1018 798 vitae
1047 744 1118 798 ad
1153 747 1374 799 secreta
1404 741 1609 797 tulisti.

348 831 494 886 Cum
528 835 724 888 tamen
756 832 979 887 interea
1005 831 1161 888 vitiis
1192 832 1550 888 ferventibus
1579 846 1783 886 omnes

349 916 681 973 Polluerent
711 918 1022 991 pulchrum
1053 935 1156 990 per
1186 918 1342 975 mille
1375 918 1605 992 piacula
1634 919 1944 973 mundum.

351 1007 438 1062 Tu
469 1010 656 1063 totum
687 1007 895 1064 validis
927 1007 1223 1064 involvens
1255 1008 1530 1064 ﬂuctibus
1560 1009 1782 1073 orbem,

352 1095 682 1169 Terrigenis
712 1101 897 1153 terras
928 1096 1202 1164 viduasti,
1238 1097 1482 1154 ﬂumina
1511 1097 1676 1169 ripis.

352 1184 436 1240 Tu
459 1186 692 1256 justum
725 1187 1040 1258 quemdam
1070 1187 1307 1259 prOpria
1336 1203 1470 1242 cum
1509 1185 1670 1259 prole
1710 1185 2000 1257 domoque

351 1273 561 1330 Diluvii
592 1292 661 1331 ex
689 1274 866 1331 undis
891 1291 1024 1331 arca
1051 1276 1296 1332 vectrice
1326 1276 1607 1341 reservas,

353 1362 427 1419 Ut
454 1380 640 1436 genus
670 1364 728 1419 in
760 1364 933 1420 terris
964 1381 1080 1420 uno
1105 1365 1177 1420 de
1207 1364 1428 1421 semine
1459 1381 1707 1437 surgens

353 1451 480 1508 Una
508 1455 694 1507 morte
727 1468 924 1517 ruens,
961 1469 1077 1507 una
1107 1452 1178 1508 de
1209 1452 1388 1524 stirpe
1419 1454 1704 1524 resurgat,

352 1541 539 1612 Atque
568 1539 837 1596 homines
868 1541 1119 1596 mundos
1149 1539 1324 1597 tellus
1355 1540 1640 1596 mundata
1671 1540 1906 1611 foveret,

355 1628 470 1684 Nec
499 1629 619 1684 vita
645 1629 870 1701 indigni
902 1629 1235 1686 fruerentur
1264 1647 1505 1686 munere
1534 1629 1660 1686 vitae

429 1718 473 1774 Ο
503 1716 687 1774 virtus
719 1722 933 1773 aeterna
962 1717 1083 1785 Dei,
1116 1735 1292 1791 quam
1326 1718 1599 1774 machina
1627 1717 1831 1773 mundi

356 1807 614 1880 Suscipit
643 1811 958 1874 auctorem,
989 1808 1082 1863 cui
1113 1808 1290 1864 servit
1317 1813 1472 1864 terra
1501 1808 1808 1880 polusque,

359 1893 448 1953 Tu
479 1895 584 1951 tibi
613 1895 897 1952 sublimes
928 1913 1194 1968 quaerens
1223 1899 1576 1969 conjungere
1607 1897 1847 1964 amicos,

359 1985 600 2059 Ignibus
629 2002 698 2040 ex
727 1984 937 2041 mediis
971 1985 1230 2057 primum
1261 1986 1387 2042 sine
1418 1984 1547 2042 labe
1575 1986 1815 2053 vocasti,

360 2074 467 2140 Qui
499 2073 698 2145 patriae
732 2073 876 2128 ﬁnes
907 2077 964 2129 et
993 2073 1185 2129 tristia
1214 2090 1393 2146 regna
1425 2073 1782 2146 relinquens,

363 2161 551 2219 Crevit
579 2162 638 2217 in
669 2161 935 2235 ingentes
967 2163 1270 2235 peregrino
1302 2162 1360 2216 in
1395 2163 1578 2219 limite
1603 2169 1826 2236 gentes.

362 2251 509 2308 Nam
541 2250 995 2324 primogenitum
1027 2268 1192 2308 serva
1214 2268 1387 2323 quem
1416 2256 1601 2308 matre
1631 2252 1863 2319 creavit,

364 2339 461 2396 Bis
493 2355 664 2396 senos
693 2356 1003 2412 generasse
1034 2340 1213 2396 duces
1242 2339 1332 2396 lex
1361 2358 1535 2396 aurea
1564 2341 1739 2409 canit,

365 2427 655 2484 Posterior
685 2433 826 2483 natu
855 2427 1104 2500 genitrix
1136 2445 1310 2500 quem
1343 2429 1525 2485 libera
1557 2430 1722 2500 fudit,

364 2515 633 2589 Suscepit
661 2516 926 2589 geminos
958 2534 1077 2573 una
1103 2517 1171 2573 de
1201 2517 1448 2591 conjuge
1479 2522 1664 2574 natos.

339 2605 523 2661 'Alter
551 2605 836 2662 Idumaeos
866 2604 1042 2661 misto
1069 2606 1140 2661 de
1171 2606 1457 2678 sanguine
1487 2607 1712 2676 condit;

364 2694 635 2750 Hebraeos
664 2694 812 2750 alter
839 2695 1110 2750 duodena
1137 2711 1205 2750 ex
1236 2695 1415 2768 stirpe
1445 2701 1748 2769 propagat.

361 2783 464 2840 Hic
493 2782 701 2838 habuit
729 2781 995 2855 geminas
1025 2783 1218 2856 prisco
1245 2784 1318 2840 de
1347 2801 1506 2840 more
1530 2785 1784 2858 jugales,

358 2871 430 2926 Et
458 2871 699 2927 totidem
733 2886 928 2927 servas
961 2889 1206 2928 uxorum
1239 2889 1481 2929 munere
1511 2878 1802 2945 sumptas,

361 2960 402 3016 E
426 2959 640 3032 quibus
670 2961 974 3032 antiquam
997 2965 1230 3033 gentem
1253 2961 1656 3034 populumque
1678 2967 1973 3036 potentem

361 3048 627 3118 Protulit,
662 3053 720 3106 et
749 3049 924 3106 claris
955 3065 1063 3105 sua
1093 3050 1320 3107 semina
1348 3051 1595 3106 contulit
1621 3052 1816 3108 astris.

365 3137 509 3193 Cum
542 3141 735 3194 tamen
766 3137 1006 3194 infando
1038 3156 1244 3194 rursus
1263 3156 1406 3212 gens
1429 3139 1610 3212 impia
1631 3141 1947 3212 quemdam

365 3227 667 3283 Fluctibus
695 3225 963 3282 ablutum
995 3226 1315 3283 macularet
1343 3227 1586 3284 crimine
1616 3231 1924 3287 mundum.

366 3317 546 3381 Quem
568 3315 760 3371 delere
780 3331 1016 3387 parans,
1040 3315 1398 3371 Sodomitiea
1422 3319 1638 3374 muenia
1667 3319 1923 3376 ﬂammis

367 3403 811 3475 Sulphureoque
841 3402 963 3475 igni
994 3402 1284 3460 subvertis
1314 3407 1464 3460 tecta
1493 3405 1848 3476 Gomorrhte,

367 3492 518 3558 Quin
547 3496 605 3547 et
636 3492 918 3547 finitimas
948 3490 1180 3548 miseris
1209 3509 1343 3548 cum
1384 3493 1608 3550 civibus
1637 3497 1830 3566 urbes,

365 3581 430 3635 In
461 3579 714 3636 cinerem
745 3579 939 3646 solvis,
970 3584 1027 3636 et
1052 3581 1280 3654 gurgite
1309 3581 1593 3654 deprimis
1624 3583 1760 3641 alto.

361 3668 592 3724 Judicio
624 3674 763 3724 sunt
793 3683 964 3741 poma
992 3669 1135 3726 locis
1165 3687 1286 3742 qoaa
1317 3675 1454 3727 nata
1485 3673 1594 3729 sub
1626 3673 1853 3732 hisdem

363 3757 613 3814 Pulchra
643 3757 783 3814 foris
812 3758 1010 3814 vacuis
1041 3758 1199 3815 intus
1228 3765 1366 3815 sunt
1399 3760 1569 3833 plena
1598 3763 1830 3821 favillis.

359 3849 631 3902 Attamen
663 3864 732 3903 ex
761 3847 906 3920 ipsis
937 3849 1249 3920 quemdam
1285 3853 1385 3905 tua
1416 3851 1648 3908 dextera
1670 3853 1902 3925 justum

361 3936 636 4009 Ereptum
668 3937 924 3993 ﬂammis
955 3935 1235 3994 scelerata
1262 3938 1462 3995 eduxit
1491 3941 1564 3996 ab
1594 3943 1737 3998 urbe

360 4029 540 4093 Quem
561 4026 805 4100 geminae
828 4031 976 4083 natae
1005 4027 1218 4084 misera
1237 4045 1370 4085 cum
1405 4034 1591 4087 matre
1621 4037 1969 4104 sequuntur,

358 4117 429 4172 Et
458 4120 738 4172 montana
769 4119 994 4188 petunt,
1030 4121 1194 4173 tanta
1227 4135 1298 4174 ne
1327 4119 1386 4174 in
1419 4123 1612 4192 strage
1641 4121 1932 4193 perirent:

360 4205 470 4261 Sed
505 4205 754 4260 nimium
785 4205 985 4262 infelix
1013 4204 1207 4262 subito
1234 4206 1502 4278 perculsa
1531 4209 1757 4281 fragore

361 4293 639 4365 Rexpexit
667 4294 900 4364 conjux,
934 4311 1282 4367 poenamque
1313 4301 1548 4367 experta
1576 4299 1884 4364 remansit,

360 4381 462 4437 Hic
493 4386 641 4437 nata
672 4381 794 4438 solo
827 4381 961 4440 sole
992 4401 1125 4440 cum
1157 4389 1320 4457 patre
1350 4383 1560 4440 relicta:

361 4470 634 4526 Mortales
665 4471 907 4542 periisse
938 4478 1093 4538 ratae,
1127 4473 1211 4528 sic
1245 4473 1549 4528 fraudibus
1579 4491 1718 4539 usas,

357 4559 507 4615 Vina
536 4561 659 4615 seni
692 4561 957 4630 miscent,
994 4562 1132 4617 bina
1161 4567 1217 4616 et
1246 4562 1356 4616 sub
1387 4564 1556 4616 nocte
1585 4561 1846 4618 vicissim

358 4649 761 4704 Succumbunt
793 4651 964 4722 patri,
988 4655 1044 4706 et
1073 4655 1351 4721 concepto
1386 4649 1608 4705 semine
1640 4656 1918 4723 surgunt;

357 4738 501 4793 Hinc
533 4741 647 4794 duo
678 4739 1004 4812 gignuntur
1029 4743 1160 4811 post
1189 4755 1340 4793 smva
1371 4737 1639 4794 incendia
1669 4739 1894 4807 fratres,

355 4827 424 4882 Et
453 4829 697 4885 mortale
727 4845 912 4900 genus
942 4827 1214 4883 Sodomis
1241 4827 1619 4898 pereuntibus
1651 4834 1885 4900 augent.

351 4916 510 4971 Alter
539 4919 744 4982 Amen,
771 4916 918 4971 alter
946 4915 1104 4970 vario
1137 4914 1482 4985 cognomine
1516 4915 1684 4972 Moab

351 5003 594 5068 Dicitur,
614 5009 668 5059 et
697 5003 962 5075 geminas
992 5003 1251 5058 condunt
1281 5003 1353 5058 ab
1385 5002 1608 5074 origine
1629 5009 1855 5077 gentes.

422 5095 468 5148 Ο
499 5093 680 5148 virtus
712 5097 925 5147 aeterna
955 5091 1074 5156 Dei,
1111 5107 1285 5162 quam
1321 5092 1592 5148 machina
1624 5095 1828 5149 mundi

352 5181 610 5251 Suscipit
638 5185 953 5245 auctorem,
987 5179 1077 5233 cui
1111 5177 1284 5233 servit
1315 5185 1466 5234 terra
1497 5180 1804 5254 polusque.

353 5270 438 5323 Tu
465 5270 694 5339 justum
729 5268 1042 5338 quemdam
1088 5266 1430 5322 distractum
1473 5269 1716 5326 crimine
1748 5271 1994 5328 fratrum

355 5354 772 5427 Memphycolis
804 5356 1028 5426 praefes,
1052 5360 1225 5427 atque
1251 5357 1449 5412 orbem
1484 5359 1674 5430 pascis
1705 5366 1992 5432 egentem.

354 5447 439 5511 Tu
472 5442 754 5517 populum
785 5448 1057 5500 sanctum
1088 5445 1232 5500 duro
1261 5447 1370 5501 sub
1404 5449 1556 5502 fasce
1588 5452 1940 5520 gementem,

353 5535 434 5589 Ad
465 5533 683 5604 patrias
714 5533 884 5589 sedes
916 5534 1064 5591 mira
1090 5535 1303 5592 virtute
1335 5535 1584 5592 reducis.

352 5621 437 5684 0b
467 5620 618 5680 hanc
645 5623 955 5700 Egyptum
987 5622 1163 5704 quino
1194 5623 1284 5684 bis
1312 5625 1546 5684 verbere
1578 5625 1784 5701 plectis

1537 342 1768 403 FLOR]
1813 339 2127 402 DlACON‘I
2172 338 2553 400 MONACHI.

2022 475 2074 541 Α

2036 1845 2082 1909 Β

2040 3212 2084 3280 C

3643 328 3764 398 ΞἻΞ

2104 473 2145 528 Ε
2178 471 2340 538 caelo,
2372 489 2402 528 e
2434 473 2604 529 terris
2632 472 2870 530 mittens
2898 464 3186 547 portenta,
3207 472 3296 530 vel
3327 474 3518 530 undas

2105 561 2356 629 Scindis,
2390 578 2749 634 purpureum
2781 562 3038 636 lymphis
3068 564 3418 619 durantibus
3449 571 3677 635 aquor,

2105 649 2366 706 Callibus
2395 655 2452 706 et
2482 650 2653 707 siccis
2684 651 2914 724 plebem
2943 652 3186 708 deducis
3218 656 3510 707 ovantem.

2105 739 2206 794 Cui
2237 743 2411 794 noctu
2444 741 2561 794 dux
2594 740 2748 813 ignis
2779 744 2922 809 erat,
2957 745 3254 812 praeeunte
3285 739 3595 806 columna;

2107 828 2174 882 Et
2205 827 2416 883 mediis
2443 827 2625 899 gratis
2658 829 2847 884 nubes
2876 829 3055 884 dabat
3085 829 3330 884 restibus
3361 829 3632 883 umbras.

2107 916 2346 972 Pastum
2378 916 2630 973 ccelestis
2663 917 2957 990 praebebat
2987 917 3180 990 panis,-
3213 921 3270 973 et
3301 917 3463 974 omni

2106 1005 2282 1061 Nocte
2312 1006 2498 1062 ﬂuens
2525 1005 2682 1062 dulci
2715 1005 3046 1079 complebat
3075 1010 3308 1062 nectare
3337 1011 3604 1078 campos.

2108 1096 2262 1161 Quas
2293 1095 2532 1151 conviva
2559 1097 2740 1168 dapes
2771 1099 3027 1168 cuperet,
3053 1111 3441 1168 quoscunque
3472 1103 3719 1168 sapere:

2107 1185 2437 1256 Appeteret,
2471 1201 2588 1240 una
2619 1184 2784 1240 laetus
2813 1185 3080 1256 capiebat
3112 1185 3170 1240 in
3201 1201 3355 1241 esca.

2109 1272 2316 1328 Potum
2349 1287 2486 1328 saxa
2515 1273 2752 1340 dabant,
2787 1272 2958 1345 virga:
2991 1289 3118 1346 quae
3150 1273 3346 1330 mollis
3377 1273 3450 1328 ad
3483 1273 3642 1328 ictus

2109 1360 2396 1416 Duritiam
2429 1366 2734 1434 rumpunt,
2759 1366 2816 1417 et
2847 1362 3094 1418 ﬂumina
3124 1360 3288 1435 larga
3319 1361 3689 1418 ministrant.

2107 1451 2416 1506 Carniﬂuis
2446 1451 2635 1523 epulis
2666 1450 2840 1508 servit
2867 1468 3183 1508 numerosa
3213 1453 3506 1517 coturnix,

2109 1538 2293 1596 Discit
2319 1543 2377 1595 et
2407 1540 2598 1596 exesis
2629 1540 2781 1596 ultro
2815 1557 2878 1596 se
2908 1540 3216 1596 infundere
3248 1540 3496 1597 mensis.

2181 1632 2226 1684 Ο
2254 1628 2438 1686 virtus
2469 1632 2682 1684 aeterna
2712 1628 2834 1697 Dei,
2866 1646 3044 1701 quam
3078 1629 3352 1686 machina
3382 1628 3595 1685 mundi

2112 1717 2367 1790 Suscipit
2397 1718 2824 1783 auctorem,eui
2856 1719 3033 1774 servit
3065 1723 3220 1774 terra
3251 1717 3564 1791 polusque,

2113 1806 2147 1861 Ἰ
2163 1812 2211 1861 u'
2231 1811 2500 1861 sanctum
2534 1807 2685 1862 tristi
2717 1806 2908 1862 texisti
2943 1806 3190 1862 fulmine
3222 1812 3508 1874 montem,

2115 1895 2184 1950 Et
2212 1909 2408 1949 vocem
2443 1893 2794 1950 horrendam
2827 1911 2991 1950 sacra
3022 1896 3091 1950 de
3123 1896 3276 1951 nube
3307 1897 3548 1953 dedisti.

2116 1984 2202 2038 Tu
2232 1983 2349 2039 vati
2378 1983 2559 2038 accito
2591 1983 2736 2055 legis
2767 1988 3054 2056 praecepta
3084 2001 3352 2056 supernae

2115 2071 2340 2140 Tradis,
2362 2077 2419 2127 et
2448 2071 2704 2144 alloquio
2733 2071 3021 2128 famulum
3050 2073 3313 2146 dignaris
3343 2075 3556 2131 amico.

2116 2161 2457 2217 Pontiﬁcem
2490 2160 2720 2229 statuis,
2756 2160 3027 2233 precibus
3058 2161 3287 2234 placare
3318 2163 3650 2220 Tonantem

2117 2250 2226 2318 Qui
2260 2253 2456 2322 queat,
2489 2254 2546 2306 et
2577 2254 2778 2306 sancto
2809 2249 3002 2306 cultus
3032 2251 3306 2323 procedat
3336 2252 3582 2322 amictu,

2118 2339 2300 2395 Intret
2328 2343 2386 2395 et
2414 2339 2738 2394 horrendos
2765 2338 2876 2394 veli
2911 2344 3042 2411 post
3071 2338 3327 2394 claustra
3359 2357 3632 2398 recessus

2116 2429 2188 2483 Et
2219 2428 2406 2484 Patris
2435 2427 2630 2482 aeterni
2663 2426 2825 2483 solus
2857 2433 3081 2483 secreta
3111 2429 3338 2483 revisat.

2119 2518 2344 2574 Interea
2371 2516 2596 2572 varium
2627 2516 2862 2572 turbata
2890 2533 2992 2588 per
3024 2517 3261 2590 agmina
3287 2535 3564 2575 murmur

2119 2604 2422 2677 Pestrepit,
2445 2610 2503 2661 et
2530 2605 2724 2661 densae
2757 2611 3031 2662 resonant
3061 2622 3166 2679 per
3195 2611 3386 2663 castra
3418 2607 3695 2680 querela.

2118 2693 2455 2750 Detrahitur
2485 2695 2622 2763 vati,
2655 2695 3053 2750 contemnitur
3083 2695 3208 2768 ipse
3239 2697 3535 2765 sacerdos,

2116 2785 2196 2839 Ac
2229 2782 2406 2839 nimis
2437 2799 2678 2839 accenso
2708 2783 3045 2856 lapidantur
3075 2801 3220 2856 pene
3253 2785 3540 2852 tumultu,

2118 2873 2426 2945 Egyptum
2460 2873 2733 2944 repedare
2764 2876 2991 2945 parant,
3024 2890 3174 2929 vana
3198 2873 3354 2930 idola
3389 2876 3624 2948 fingunt

2119 2960 2568 3034 Solemnemque
2598 2961 2752 3016 diem
2785 2961 2940 3018 ludis
2973 2967 3030 3018 et
3060 2963 3317 3019 carmine
3349 2964 3596 3020 ducunt.

2121 3050 2211 3106 Ira
2241 3050 2415 3106 etiam
2440 3051 2602 3122 justo
2630 3051 2869 3106 tandem
2902 3055 3194 3107 commota
3222 3053 3437 3119 furore,

2121 3137 2359 3195 Illicitos
2389 3157 2570 3196 ausus
2601 3139 2704 3195 tali
2732 3140 2842 3195 sub
2867 3141 3004 3212 jure
3035 3155 3295 3209 coerces;

2123 3228 2238 3284 Hos
2271 3228 2512 3302 perimis
2543 3229 2819 3296 ﬂammis,
2852 3234 2910 3284 et
2938 3233 3058 3285 toto
3091 3229 3317 3286 caelitus
3345 3230 3468 3303 igni

2121 3316 2256 3374 Illos
2286 3317 2577 3374 sulfureas
2607 3316 2762 3374 erebi
2793 3318 3086 3392 demergis
3117 3318 3176 3373 in
3209 3319 3419 3386 undas,

2120 3411 2276 3476 Quos
2308 3407 2515 3464 retinet
2544 3405 2738 3474 tellus,
2767 3406 2894 3464 coeli
2926 3407 3012 3462 vis
3045 3407 3216 3479 ignea
3245 3409 3445 3481 punit;

2119 3498 2274 3562 Quos
2305 3500 2459 3553 terra
2491 3497 2782 3563 absorbet,
2813 3495 3070 3553 viventes
3101 3496 3323 3553 inferus
3355 3497 3574 3553 haurit.

2118 3587 2209 3642 Sic
2241 3591 2453 3642 natura
2480 3589 2614 3642 tuos
2644 3585 2908 3642 certatim
2939 3587 3176 3642 devorat
3205 3585 3423 3654 hostes,

2120 3675 2214 3731 Sic
2246 3675 2533 3732 scelerum
2563 3675 2773 3730 vindex
2801 3677 2959 3730 totus
2989 3673 3096 3730 tibi
3127 3673 3340 3730 militat
3374 3675 3558 3742 orbis,

2120 3765 2233 3820 Nec
2263 3763 2484 3836 patitur
2512 3779 2872 3836 quemquam
2903 3763 3108 3820 vitales
3139 3779 3375 3836 carpere
3405 3763 3603 3833 ﬂatus,

2118 3857 2301 3921 Quem
2331 3852 2437 3908 tibi
2468 3869 2584 3908 non
2615 3857 2735 3908 toto
2766 3851 3099 3908 credentem
3132 3857 3363 3924 pectore
3395 3853 3600 3908 cernit.

2121 3942 2218 3998 llis
2248 3946 2444 3998 tamen
2476 3958 2545 3997 ex
2575 3941 2834 3998 ﬂammis
2864 3945 3145 4013 tantoque
3172 3958 3241 3996 ex
3271 3942 3474 3997 funere
3507 3940 3631 3997 bini

2117 4031 2437 4087 Servantur
2458 4032 2704 4103 juvenes
2736 4029 2870 4086 ﬂdei
2901 4030 3113 4086 virtute
3143 4029 3334 4086 decori
3373 4049 3386 4086 :

2116 4120 2269 4184 Quos
2301 4136 2450 4175 nova
2480 4118 2784 4192 progenies
2814 4122 2869 4175 et
2903 4118 3102 4175 nescia
3131 4118 3399 4176 criminis
3428 4123 3571 4176 aetas

2114 4210 2198 4265 Ad
2232 4225 2478 4282 regnum
2510 4209 2784 4264 comitata
2815 4208 2928 4264 ﬁde
2958 4211 3061 4262 tua
3091 4208 3331 4280 praemia
3360 4209 3640 4281 sumpsit,

2115 4299 2260 4354 Nam
2294 4301 2517 4370 septem
2549 4301 2751 4371 gentes
2781 4299 2838 4352 et
2869 4311 3049 4369 regna
3075 4297 3335 4368 potentia
3364 4301 3592 4369 septem

2113 4386 2215 4442 His
2245 4385 2458 4442 servire
2482 4385 2678 4457 jubes,
2711 4389 2768 4440 et
2796 4388 3013 4441 terram
3035 4385 3218 4440 tradis
3249 4385 3542 4457 opimam;

2113 4477 2247 4543 Qua:
2280 4474 2430 4530 rivos
2461 4474 2627 4530 lactis
2658 4477 2714 4529 et
2745 4472 2936 4529 mellis
2969 4473 3215 4527 ﬂumina
3246 4473 3460 4542 fundit,

2030 4582 2078 4646 Β
2113 4563 2339 4636 Pingua
2368 4579 2495 4634 qua:
2525 4561 2708 4618 sacris
2739 4561 3020 4617 deludant
3049 4561 3316 4617 balsama
3347 4561 3551 4628 ramis,

2110 4652 2294 4716 Quam
2323 4652 2490 4706 Pater
2517 4651 2642 4724 ipse
2672 4650 2766 4722 pio
2797 4651 3098 4722 despectat
3129 4648 3353 4706 lumine
3383 4665 3639 4724 semper,

2113 4740 2415 4796 Mensibus
2445 4744 2502 4795 et
2533 4741 2707 4795 certis
2739 4739 3072 4795 cmlestibus
3102 4738 3307 4811 irrigat
3338 4739 3532 4797 undis.

2182 4830 2227 4885 Ο
2258 4829 2440 4884 virtus
2473 4832 2688 4884 aeterna
2716 4827 2837 4895 Dei,
2865 4844 3042 4899 quam
3075 4827 3350 4882 machina
3381 4825 3589 4884 mundi

2111 4917 2367 4990 Suscipit
2397 4916 2826 4984 auctorem,eui
2859 4915 3037 4971 servit
3064 4920 3219 4972 terra
3250 4916 3562 4988 polusque.

2109 5009 2196 5063 Tu
2228 5007 2461 5080 rapidos
2495 5006 2710 5061 ﬂuctus
2737 5004 2996 5076 cohibes,
3031 5009 3089 5060 et
3118 5005 3363 5060 ﬂumine
3393 5005 3550 5062 sicco

2107 5093 2464 5152 Transducis
2495 5097 2758 5150 sanctam
2790 5094 2970 5149 tantis
3001 5111 3136 5149 eum
3167 5092 3433 5149 millibus
3466 5110 3662 5150 arcam
3689 5112 3702 5150 :

2105 5187 2191 5241 Tu
2224 5200 2500 5257 magnam
2529 5183 2670 5239 solis
2701 5183 2998 5255 quondam
3029 5183 3389 5239 clamoribus
3422 5184 3628 5239 urbem

2105 5273 2286 5330 Solvit
2313 5272 2371 5326 in
2406 5276 2651 5328 aaternas
2680 5271 2895 5344 populo
2926 5276 3206 5344 pereunte
3237 5272 3473 5341 ruinas;

2105 5363 2214 5418 Sed
2247 5360 2520 5416 meretrix
2549 5362 2818 5432 quedam
2858 5365 3116 5433 superat,
3142 5377 3322 5434 quam
3352 5363 3544 5418 vivere
3572 5361 3757 5419 solm

2106 5449 2377 5505 Prastitit
2406 5448 2562 5505 alma
2592 5450 2738 5505 fides
2767 5466 2780 5504 :
2815 5449 3049 5521 proprio
3080 5465 3212 5505 cum
3248 5455 3414 5523 patre
3445 5452 3755 5524 domoque,

2101 5541 2181 5595 Ac
2213 5555 2284 5594 ne
2313 5538 2483 5612 plura
2513 5553 2724 5606 morer,
2757 5536 2932 5594 tellus
2963 5538 3230 5611 subjecta
3259 5539 3531 5612 quiescit,

2103 5628 2171 5686 Et
2199 5633 2469 5704 possessa
2502 5627 2599 5685 Dei
2632 5627 2790 5687 varia
2822 5627 2933 5687 sub
2965 5632 3120 5688 sorte
3152 5631 3407 5689 tenetur.
