3896 6198
160 361 258 423 3’13

157 491 431 556 Judicibus
459 489 680 565 regitur
706 490 1013 560 duodenis,
1046 509 1193 567 quos
1223 496 1362 550 tuus
1390 491 1597 568 implet

159 585 399 658 Spiritus,
433 586 486 638 et
513 582 660 638 miro
685 581 916 638 virtutis
949 584 1154 639 robore
1185 584 1398 638 ﬁrmat.

157 672 363 728 Viribus
392 674 452 725 ut
481 671 711 743 magnis
742 687 921 727 saevos
952 688 1232 744 superare
1262 672 1480 738 leones,

158 763 217 818 Et
240 759 444 816 validos
471 758 646 814 vincti
678 764 916 831 possent
945 759 1310 833 disrumpere
1336 777 1545 827 nexus,

157 850 296 905 Nunc
318 849 449 905 urbe
477 847 709 913 inclusi,
743 853 799 904 et
828 850 937 904 sub
971 854 1200 906 noctem
1232 849 1414 905 milite
1445 849 1634 906 multo

155 937 336 994 Vallati
364 937 580 992 foribus
611 941 795 1009 raptis
825 940 1211 994 conscendere
1243 944 1492 995 montes.

154 1028 296 1083 Nunc
321 1025 508 1082 tristes
538 1042 776 1092 cuneos,
809 1030 866 1081 et
895 1031 1088 1083 castra
1119 1027 1374 1083 minacia
1396 1028 1546 1084 ferro

155 1117 390 1171 Sternere
420 1131 532 1169 non
558 1113 771 1187 gladio,
805 1116 905 1170 sed
938 1115 1092 1171 malo
1121 1115 1252 1170 vilis
1285 1115 1473 1182 aselli,

156 1208 370 1260 Vomere
399 1202 536 1274 quin
569 1202 744 1258 etiam
773 1207 968 1259 vastas
1000 1203 1198 1260 fudere
1228 1208 1511 1272 catervas,

156 1291 361 1348 Restitit
377 1294 433 1347 et
458 1290 590 1347 telis
620 1293 792 1348 terris
824 1309 916 1348 res
945 1296 1082 1365 apta
1111 1293 1370 1349 colendis

156 1382 234 1436 Sic
253 1384 436 1438 arcent
463 1380 681 1448 hostes,
715 1381 799 1437 sic
822 1386 1052 1454 sceptra
1082 1381 1339 1454 potentia
1375 1385 1615 1449 terrent,

157 1469 572 1541 Defenduntque
593 1486 760 1524 suam
789 1469 922 1525 ﬁdei
955 1470 1282 1526 munimine
1313 1474 1566 1543 gentem.

153 1561 217 1614 Ac
244 1558 448 1630 patrias
477 1557 634 1631 leges
659 1558 970 1630 divinaque
993 1561 1130 1631 jura
1159 1559 1371 1632 quietis

152 1649 402 1704 Exercent
429 1646 660 1719 populis
690 1647 1032 1720 meritisque
1060 1653 1116 1703 et
1139 1649 1357 1704 honore
1384 1646 1620 1703 verendi

154 1736 290 1792 Idem
317 1734 488 1792 armis
517 1735 796 1808 prompti,
831 1737 1021 1792 devoti
1051 1736 1278 1810 legibus
1307 1736 1486 1802 idem,

153 1825 288 1881 Idem
315 1824 441 1881 odio
469 1825 744 1894 externis,
776 1827 986 1882 affectu
1016 1826 1240 1882 civibus
1269 1827 1448 1890 idem,

153 1915 310 1970 Fraus
333 1915 525 1970 aberat
544 1913 738 1979 fallax,
771 1914 1087 1988 languebat
1116 1916 1266 1970 victa
1297 1914 1532 1987 cupido,

150 2001 369 2060 Justitize
396 2001 580 2058 virtus
611 2002 741 2075 ipsa
773 2000 926 2059 inter
956 2003 1108 2061 bella
1133 2004 1385 2077 vigebat.

212 2092 250 2147 Ο
275 2091 450 2148 virtus
477 2096 696 2147 aeterna
724 2091 848 2156 Dei,
871 2109 1050 2164 quam
1082 2093 1356 2149 machina
1385 2090 1592 2147 mundi

153 2180 382 2252 Suscipit
408 2184 728 2250 auctorem,
761 2181 854 2237 cui
890 2182 1067 2238 servit
1094 2185 1249 2238 terra
1278 2180 1566 2254 polusque
1590 2198 1604 2248 ;

151 2270 222 2325 Tu
249 2286 483 2342 puerum
515 2275 787 2324 sanctum
820 2275 1046 2327 sacrato
1078 2270 1396 2326 chrismate
1422 2269 1673 2325 tinctum

157 2358 427 2416 Pastorum
458 2375 525 2414 ex
557 2376 802 2415 numero
834 2376 1028 2432 regem
1061 2360 1204 2416 facis
1220 2376 1349 2416 esse
1369 2359 1760 2415 tremendum.

157 2447 250 2502 Iste
274 2445 586 2520 gigantaaas
618 2446 920 2519 pulsantes
949 2448 1141 2504 sidera
1165 2447 1348 2504 moles

154 2535 294 2590 Nunc
320 2552 474 2603 saxo,
510 2552 670 2592 nune
697 2553 835 2592 ense
863 2541 1068 2610 potens
1097 2537 1206 2593 sub
1238 2541 1461 2592 tartara
1482 2535 1664 2602 misit,

155 2623 211 2679 Et
238 2640 372 2695 quos
405 2623 571 2679 nulla
599 2624 763 2696 prius
793 2628 1062 2696 poterant
1092 2625 1426 2681 subvertere
1457 2624 1629 2691 bella,

153 2711 311 2768 Unius
331 2713 434 2770 hos
465 2713 632 2784 pueri
668 2713 955 2781 contrivit,
989 2719 1044 2770 te
1074 2715 1241 2781 duce,
1272 2715 1497 2780 dextra,

152 2801 602 2873 Conservansque
633 2807 766 2857 tuos
791 2821 804 2869 ;
840 2801 1177 2875 alienosque
1208 2803 1469 2875 undique
1492 2802 1766 2874 perdens,

150 2889 501 2946 Abramidum
529 2890 682 2946 miro
710 2889 856 2946 rexit
886 2891 1286 2948 moderamine
1298 2896 1552 2964 gentem.

210 2977 248 3034 Ο
275 2977 449 3034 virtus
479 2985 700 3035 aeterna
731 2979 848 3046 Dei,
882 2996 1058 3052 quam
1091 2980 1365 3036 machina
1396 2979 1598 3035 mundi

151 3066 381 3138 Suscipit
401 3074 721 3133 auctorem,
755 3068 849 3123 cui
883 3069 1058 3124 servit
1079 3072 1233 3124 terra
1266 3068 1570 3140 polusque.

152 3156 225 3210 Tu
254 3155 344 3228 pia
369 3154 589 3212 ccelesti
624 3157 927 3228 perfundis
957 3162 1191 3230 pectora
1221 3158 1384 3226 ﬂatu,

148 3243 210 3298 Et
233 3247 466 3302 ventura
494 3244 689 3300 modis
711 3245 974 3317 praedicis
1005 3247 1063 3301 in
1094 3246 1296 3303 ordine
1327 3246 1517 3314 miris,

151 3330 398 3405 Virgineo
430 3337 670 3405 partum
701 3349 769 3389 ex
799 3338 982 3401 utero,
1017 3350 1331 3407 rerumque
1363 3334 1612 3391 salutem

152 3420 410 3492 Spondes,
443 3426 501 3477 et
531 3421 762 3478 maestis
787 3422 1084 3478 uberrima
1112 3424 1328 3496 gaudia
1355 3423 1546 3480 terris.

151 3507 296 3564 Talia
317 3509 528 3570 divinis
561 3514 728 3566 arent
753 3510 988 3566 oracula
1016 3512 1224 3585 signis,

155 3600 602 3670 Przesentemque
632 3599 809 3654 ﬁdem
840 3600 1016 3656 rebus
1044 3600 1188 3656 dant
1215 3605 1429 3657 cuncta
1465 3599 1699 3656 futuris.

153 3685 212 3740 Et
237 3703 383 3742 nunc
413 3687 741 3760 praerapido
767 3689 853 3743 sol
884 3689 1151 3746 concitus
1179 3706 1282 3745 axe
1309 3689 1570 3746 volantes

153 3772 297 3830 Sistit
323 3791 526 3847 equos,
560 3775 862 3848 tenditque
893 3777 1069 3843 diem,
1107 3781 1457 3849 noctemque
1514 3781 1778 3834 moratur

155 3861 299 3918 Nunc
326 3881 568 3920 currum
601 3864 861 3920 occiduis
893 3870 1044 3921 retro
1067 3870 1351 3922 converttt
1379 3867 1451 3923 ab
1481 3866 1620 3938 oris,

151 3951 535 4025 Deciduasque
568 3953 725 4010 faces
755 3954 898 4009 Eoos
928 3954 1113 4010 ﬂectit
1137 3956 1209 4010 ad
1241 3959 1426 4024 ortus,

154 4040 342 4097 Iliacus
368 4041 571 4098 hastili
604 4059 843 4115 serpens
873 4060 1197 4115 suspensus
1225 4043 1286 4098 in
1319 4044 1433 4099 alto

153 4126 305 4188 Virus
336 4130 456 4207 agit
477 4131 667 4200 venis,
701 4135 759 4186 et
789 4131 948 4187 diros
978 4131 1195 4205 eﬂ‘ugat
1225 4149 1465 4206 angues.

154 4216 520 4293 Flammigero
553 4236 731 4276 curru
762 4218 994 4276 mortali
1026 4220 1083 4275 in
1116 4237 1289 4277 carne
1321 4220 1605 4293 propheta

155 4305 382 4362 Tollitur
412 4308 474 4364 in
505 4307 741 4376 cmlum,
770 4313 1002 4364 tantum
1034 4325 1138 4365 nec
1168 4308 1400 4365 laaditur
1429 4309 1550 4382 igni

155 4393 387 4451 Caeditur
415 4397 648 4453 excelso
678 4398 898 4453 montis
929 4398 999 4453 de
1028 4397 1239 4454 vertice
1269 4415 1497 4465 saxum,

157 4482 395 4546 Quatuor
422 4489 481 4540 et
511 4483 738 4556 species
767 4501 883 4540 uno
915 4501 1050 4540 mox
1079 4485 1325 4542 conterit
1356 4485 1495 4552 ictu,

1481 359 1832 424 CARMINA
1873 359 2142 425 VARIA.

3398 351 3518 420 974

1783 495 1839 563 Α
1871 493 2088 553 Illaasos
2117 492 2328 564 crines,
2363 492 2546 552 illaesa
2571 492 2846 552 sarabara
2874 491 3084 551 crines.

1867 587 1948 641 Ac
1979 585 2112 641 ﬁdei
2143 585 2398 641 ﬂammis
2429 585 2591 658 ignes
2623 585 2868 641 cessisse
2898 584 3175 650 minaces,

1868 674 2356 747 Terricreposque
2386 675 2544 730 focos
2575 673 2860 747 perculsis
2885 673 3182 728 mentibus
3207 670 3450 727 horrent

1869 763 2204 836 Undivagus
2234 767 2394 820 vates
2426 767 2566 819 casto
2597 764 2868 819 sorbente
2900 765 3157 828 voratus,

1869 851 2088 908 Vitales
2122 851 2237 907 alto
2269 852 2444 908 ﬂatus
2474 852 2584 908 sub
2610 851 2840 924 gurgite
2870 849 3054 917 duxit,

1869 941 1940 996 Et
1967 941 2158 996 tribus
2189 941 2407 996 exactis
2438 940 2651 1012 triplici
2684 957 2817 995 cum
2850 943 3018 994 nocte
3049 938 3276 1002 diebus,

1868 1029 2097 1102 Integer
2126 1030 2198 1084 ad
2226 1046 2469 1101 superos
2500 1029 2636 1084 imis
2667 1028 2949 1100 processit
2975 1028 3045 1083 ab
3072 1027 3271 1082 undis.

1941 1119 1984 1174 Ο
2014 1118 2200 1173 virtus
2231 1122 2445 1174 aeterna
2475 1117 2780 1189 Dei,quam
2811 1117 3086 1172 machina
3115 1114 3317 1170 mundi

1871 1207 2128 1279 Suscipit
2157 1206 2575 1274 auctorem,cui
2607 1206 2786 1261 servit
2815 1209 2973 1260 terra
3002 1203 3310 1277 polusque.

1870 1296 1958 1351 Tu
1981 1295 2202 1368 gremio
2234 1295 2334 1350 lati
2361 1296 2618 1368 projecta
2649 1294 2931 1350 cadavera
2952 1293 3143 1366 campi

1868 1384 2058 1440 Anida
2086 1401 2213 1456 quae
2244 1383 2420 1438 nudis
2450 1383 2742 1439 vestibant
2771 1383 3005 1438 ossibus
3037 1399 3174 1436 arva

1870 1473 2154 1528 Carnibus
2181 1477 2237 1528 et
2266 1472 2543 1538 nervis,et
2569 1472 2696 1528 vivo
2730 1472 2987 1545 tegmine
3017 1470 3185 1544 pellis

1871 1561 2155 1628 Induis,et
2184 1562 2376 1633 prisca
2405 1562 2625 1617 refoves
2655 1579 2803 1617 nova
2833 1565 3063 1634 pectora
3092 1560 3230 1615 vita.

1871 1650 2135 1707 Cerneris
2165 1650 2472 1723 ignicomis
2503 1649 2629 1705 cmli
2659 1667 2791 1705 cum
2826 1649 3083 1704 nubibus
3113 1649 3216 1718 ire,

1870 1740 1940 1794 Et
1968 1739 2214 1812 populos
2245 1755 2470 1805 omnes,
2497 1739 3183 1812 linguasque,tribusque
3212 1742 3426 1793 tenere.

1873 1828 2122 1884 Sedibus
2152 1828 2289 1884 hinc
2320 1827 2526 1900 positis
2559 1828 2846 1900 patefacta
2875 1827 3173 1883 volumina
3203 1825 3396 1882 cordis

1869 1917 2138 1990 Inspicis,
2171 1921 2228 1973 et
2257 1916 2510 1991 geminis
2542 1916 2810 1972 mortalia
2838 1915 3050 1972 dividis
3081 1915 3219 1970 oris.

1870 2006 1986 2061 Hos
2014 2005 2189 2062 morti
2219 2008 2517 2078 exemptos
2549 2009 2606 2061 et
2633 2005 2762 2060 vitae
2795 2004 2924 2060 luce
2954 2019 3227 2076 coruscos

1869 2094 2127 2151 Cmtibus
2157 2093 2434 2167 angelicis
2466 2093 2801 2150 coelestibus
2831 2092 3042 2149 inseris
3072 2091 3224 2148 aulis
3253 2108 3268 2147 :

1871 2183 2008 2240 Illos
2039 2183 2320 2256 praecipiti
2352 2183 2726 2238 ﬂammarum
2757 2181 2990 2238 turbine
3019 2185 3216 2252 raptos

1870 2273 2111 2346 Ignibus
2141 2273 2392 2340 aeternis,
2427 2276 2682 2344 atraeque
2714 2271 3013 2341 immergis
3047 2270 3257 2342 abysso

1872 2361 1996 2417 Illic
2026 2360 2240 2418 laetitiae
2267 2378 2436 2417 voces
2464 2365 2521 2417 et
2550 2361 2778 2416 cantica
2806 2359 3049 2416 laudum
3084 2374 3097 2412 :

1873 2451 1975 2506 Hic
2004 2450 2171 2506 dolor
2200 2453 2257 2506 et
2279 2449 2532 2522 gemitus
2560 2453 2750 2506 totum
2783 2446 3073 2505 resonavit
3101 2447 3162 2502 in
3193 2463 3401 2503 aevum.

1875 2540 2018 2595 Hinc
2049 2555 2162 2607 me,
2195 2556 2412 2611 quaeso,
2441 2554 2605 2594 reum
2637 2538 2857 2611 peccati
2888 2536 3016 2592 labe
3047 2535 3271 2608 piatum

1873 2627 2065 2698 Eripe,
2099 2626 2327 2683 Christe
2358 2631 2582 2699 potens,
2617 2627 2888 2682 clementi
2920 2625 3164 2680 numine
3193 2624 3427 2679 ﬂorum.

1945 2716 1989 2772 Ο
2018 2716 2204 2772 virtus
2226 2719 2441 2771 eterna
2471 2716 2592 2781 Dei,
2627 2731 2804 2787 quam
2834 2713 3108 2769 machina
3138 2711 3344 2767 mundi

1875 2803 2132 2876 Suscipit
2162 2808 2478 2869 auctorem,
2514 2803 2608 2858 cui
2636 2803 2814 2858 servit
2843 2806 2996 2857 terra
3024 2800 3334 2872 polusque,

1874 2896 1962 2952 Sit
1988 2893 2092 2949 tibi
2124 2909 2395 2949 summus
2424 2891 2715 2958 honor,sit
2735 2889 3142 2963 gloria,sitque
3162 2887 3521 2960 triumphus,

1876 2984 1964 3040 Sit
1993 2998 2238 3054 regnum
2267 2980 2394 3037 sine
2426 2980 2541 3035 ﬁne
2572 2996 2838 3046 manens,
2875 2977 2952 3034 sit
2981 2977 3171 3050 gratia
3198 2992 3426 3048 perpes,

1877 3069 2138 3128 Mortalis
2167 3074 2224 3125 te
2254 3068 2457 3145 lingua
2485 3072 2676 3139 canat,
2705 3073 2761 3123 te
2792 3067 2991 3123 coalica
3013 3065 3187 3120 turba

1879 3161 2171 3226 Personat,
2203 3161 2259 3214 et
2287 3161 2446 3213 totus
2478 3156 2538 3212 in
2570 3155 2804 3212 laudem
2836 3157 3142 3226 concrepet
3172 3152 3350 3209 orbis.

1797 3229 1839 3295 (ἶ
1879 3251 1958 3306 Te
1987 3247 2262 3321 pavidum
2294 3249 2518 3318 pectus,
2552 3249 2608 3300 te
2637 3245 2812 3300 corda
2833 3241 3162 3310 trementia,
3193 3245 3252 3296 te
3278 3256 3406 3306 vox,

1877 3340 1958 3395 Te
1983 3338 2078 3410 pia
2109 3353 2275 3391 mens
2307 3333 2546 3403 recinat,
2579 3337 2636 3390 te
2663 3333 2889 3389 viscera
2918 3335 3038 3387 tota
3067 3329 3365 3386 resultent.

2030 3530 2371 3570 EPIGRAMMA
2410 3529 2561 3567 LIBRI
2601 3527 2969 3567 HOMILIARUM
3005 3523 3206 3565 TOTIUS
3243 3523 3381 3563 ΛΝΝῙ

2035 3619 2105 3658 ea:
2135 3601 2471 3656 diversorum
2498 3601 2729 3655 Patrum
2757 3599 3078 3655 tractatibus
3109 3595 3368 3652 ordinati.

1883 3693 1926 3749 Ο
1956 3691 2215 3764 prudens
2244 3689 2444 3754 lector,
2476 3687 2605 3743 vitae
2630 3688 2722 3743 cui
2745 3704 2885 3743 cura
2913 3684 3206 3759 perennis,

1885 3779 2118 3853 Perlege
2146 3781 2492 3851 praesentem
2525 3776 2792 3832 studioso
2823 3779 3054 3846 pectore
3085 3773 3323 3840 librum,

1884 3870 1968 3925 Ex
1992 3872 2252 3924 veterum
2285 3866 2458 3921 dictis
2490 3863 2766 3920 callectus
2797 3862 3048 3934 denique
3079 3861 3340 3925 Patrum,

1887 3960 2043 4024 Quos
2073 3955 2356 4028 probitas,
2387 3971 2535 4025 quos
2565 3956 2720 4007 recta
2745 3951 2890 4006 fides
2922 3951 2993 4004 ad
3021 3948 3213 4004 sidera
3240 3947 3413 4014 vexit,

1888 4046 2110 4102 Emicat
2139 4060 2206 4099 ac
2231 4046 2388 4098 totus
2420 4039 2693 4095 doctrinae
2720 4037 2990 4108 iampade
3024 4034 3224 4107 fulget.

1963 4133 2169 4189 Pandit
2199 4129 2422 4186 luciﬂui
2453 4126 2732 4200 mysteria
2763 4130 2965 4182 sancta
2995 4124 3130 4190 diei,
3167 4165 3172 4168 .

1891 4225 2012 4289 Quo
2044 4219 2232 4276 Patris
2257 4216 2453 4274 aeterni
2486 4215 2749 4289 genitum
2781 4214 2907 4276 sine
2936 4217 3194 4285 tempore
3232 4210 3488 4266 Verbum

1891 4311 2016 4367 Non
2049 4327 2116 4366 ex
2145 4308 2274 4363 labe
2304 4306 2432 4373 viri,
2455 4305 2557 4362 sed
2585 4305 2654 4360 de
2683 4303 2894 4358 virtute
2921 4301 3200 4357 Tonantis

1961 4400 2184 4455 Nostra
2218 4395 2423 4450 habitu
2452 4395 2671 4460 formai,
2706 4393 2861 4447 dictu
2900 4389 3200 4446 mirabile!
3233 4391 3469 4460 sumpto

1895 4490 2159 4561 Sponsus
2191 4489 2256 4540 ut
2281 4502 2311 4540 e
2342 4483 2599 4539 thalamo
2631 4481 2716 4537 sic
2744 4479 3001 4553 Virginis
3031 4479 3226 4534 editus
3256 4476 3380 4533 alvo

154 4569 897 4658 tEs.aurum,argentum,et
916 4577 1078 4628 testa:
1099 4589 1232 4628 cum
1248 4574 1535 4646 fragmine
1559 4575 1776 4630 ferrum
1817 4594 1861 4658 ι)
1893 4575 2134 4642 Prodiit,
2165 4579 2222 4630 et
2255 4577 2459 4628 mmsto
2489 4587 2635 4626 nova
2665 4569 2879 4643 gaudia
2907 4567 3116 4625 detulit
3144 4565 3290 4623 orbi.

154 4657 404 4723 Solvitur,
434 4665 494 4715 et
527 4659 758 4732 stipula:
791 4665 1056 4732 raptatur
1084 4661 1144 4716 in
1176 4678 1311 4717 aera
1342 4679 1521 4718 more.

149 4749 240 4802 Ast
267 4747 413 4820 lapis
443 4749 672 4821 ingenti
706 4766 1080 4806 succrescens
1109 4751 1324 4807 vertice
1355 4757 1617 4808 montem

151 4833 350 4901 Efﬁcit,
382 4843 441 4893 et
469 4843 642 4894 vasta
667 4842 856 4894 totum
883 4838 1036 4894 mole
1066 4844 1314 4911 occupat
1343 4841 1564 4896 orbem.

153 4924 396 4982 Estibus
426 4925 691 4982 horriﬁci
724 4927 964 4983 ﬂamma
993 4929 1327 4984 exundante
1347 4928 1563 4984 camini

156 5012 284 5069 Tres
304 5015 487 5085 jussu
520 5014 688 5087 pueri
719 5015 874 5088 regis
903 5017 1218 5082 traduntur
1247 5016 1454 5089 iniqui.

155 5101 397 5176 Angelus
428 5104 630 5162 almus
661 5104 828 5161 adest
859 5105 1090 5161 medius
1117 5106 1391 5173 fornacis,
1425 5109 1479 5160 et
1505 5123 1660 5161 aurae

159 5189 396 5254 Roscida
426 5192 619 5249 ﬂabra
641 5192 810 5265 jacit,
844 5193 1184 5266 dirimitque
1213 5193 1485 5250 incendia
1511 5199 1704 5251 vento.

159 5279 235 5335 Illi
263 5281 621 5355 magniﬁcas
649 5282 902 5354 gratanti
936 5288 1168 5355 pectore
1195 5283 1400 5339 laudes

157 5370 451 5426 Astrorum
486 5375 545 5427 et
575 5374 740 5426 terra:
773 5372 1032 5427 referunt
1063 5372 1366 5446 pelagique
1398 5372 1622 5444 parenti

159 5456 481 5522 Persistunt
509 5458 750 5528 hilares,
775 5461 1021 5532 ipsoque
1047 5465 1290 5516 vocante
1319 5465 1587 5533 tyranno,

158 5545 230 5601 Ex
258 5549 455 5614 medio
488 5547 641 5604 latis
672 5549 996 5620 procedunt
1022 5549 1282 5604 vultibus
1305 5548 1446 5619 igni.

163 5633 445 5708 Mirantur
478 5641 752 5709 satrapen,
785 5637 1076 5710 mirantur
1105 5637 1354 5694 barbara
1384 5637 1559 5692 corda

1966 4665 2152 4720 stret
2179 4662 2315 4717 huic
2348 4665 2572 4732 martyr
2599 4659 3012 4715 celeberrimus
3043 4674 3139 4713 ore
3170 4670 3436 4722 corusco,

1898 4753 2214 4809 Intendens
2245 4749 2456 4806 coelum
2488 4753 2812 4820 natumque
2844 4765 2912 4802 ex
2942 4746 3178 4819 Virgine
3226 4742 3543 4807 Christum,

1899 4842 1982 4898 Ad
2015 4839 2205 4896 Patris
2235 4839 2498 4894 dextram
2531 4841 2785 4892 stantem
2817 4851 2995 4907 super
3023 4834 3238 4888 ethera
3281 4847 3544 4899 cernens,

1901 4931 2052 4986 Dum
2086 4931 2287 4984 sancto
2319 4926 2528 4998 plenus
2560 4923 2878 4996 spiramine
2909 4939 3081 4977 saxea
3103 4921 3297 4976 corda.

1904 5019 2191 5089 Increpat,
2224 5019 2282 5070 et
2309 5013 2572 5086 lapidum
2605 5014 2923 5083 quassatus
2955 5008 3107 5063 mole
3138 5010 3408 5078 precatur
3435 5025 3448 5061 :

1903 5101 2745 5177 Accipe,quaeso,meam,Jesu,
2782 5115 2879 5152 rex
2908 5096 3410 5167 inclyte,mentem

1905 5197 1972 5252 Et
2000 5193 2248 5266 genibus
2280 5191 2441 5247 ﬂexis
2471 5207 2574 5262 pro
2606 5187 2773 5260 queis
2802 5185 2909 5240 tibi
2941 5182 3226 5254 supplico,
3250 5197 3444 5252 parce.

1907 5285 2056 5356 Ergo
2088 5282 2201 5336 ﬁde
2234 5280 2427 5336 clarus
2457 5277 2734 5332 doctrinae
2768 5273 3010 5328 fulmine
3041 5269 3287 5342 pollens,

1911 5367 2215 5428 Terribilis
2238 5365 2423 5439 signis
2456 5363 2711 5437 pretiosa
2741 5364 2926 5416 morte
2953 5364 3237 5425 sacratus,

1910 5456 2178 5516 Nominis
2209 5456 2333 5526 ipse
2364 5453 2455 5508 sui
2487 5451 2830 5523 praecelsum
2865 5465 3082 5504 munus
3113 5448 3380 5520 adeptus,

1913 5545 2219 5603 leestem
2251 5541 2433 5598 sumit
2463 5543 2630 5612 parta
2663 5555 2766 5609 pro
2794 5537 2966 5592 laude
2996 5552 3291 5592 coronam.

1989 5630 2245 5702 Martyrii
2281 5630 2483 5684 ﬂorem
2511 5626 2780 5698 sequitur
2807 5625 2914 5685 ﬂos
2940 5623 3313 5696 virginitatis,
