3896 6198
344 319 481 383 ’275
612 354 615 357 η
1574 321 1802 384 FLORI
1845 320 2158 383 DlACONI
2202 321 2581 386 MONACHI.
3651 325 3781 385 276

362 458 428 513 In
455 454 679 529 gremio
709 454 921 511 Christi
955 455 1239 512 recubans
1270 472 1433 512 sacer
1460 454 1557 511 ille
1588 457 1862 512 Joannes.

363 544 654 602 Maximus
675 545 873 600 aeterni
905 561 1090 616 praeco
1122 562 1224 616 per
1256 545 1467 600 szecula
1495 545 1690 613 Verbi,

361 634 524 700 Quod
556 649 691 689 cum
724 632 889 688 Patre
915 633 1031 688 Deo
1059 650 1289 705 semper
1318 638 1470 688 Deus
1502 632 1700 688 omnia
1733 632 1883 699 fecit,

362 722 604 786 leum,
640 720 929 787 tellurem,
963 737 1141 789 mare,
1175 725 1413 791 tartara,
1449 721 1659 787 sidera,
1695 724 1914 787 ventos,

362 813 432 868 Et
459 827 822 884 quaecunque
853 810 967 882 poli
999 828 1175 883 gyrus
1206 810 1610 881 complectitur
1636 810 1862 881 ingens,

363 902 430 957 Et
460 898 746 973 quidquid
779 916 1021 971 superos
1052 900 1334 954 excedens
1366 899 1565 954 incolit
1597 917 1755 964 axos,

364 990 590 1061 Proque
620 989 745 1060 ipso
777 988 912 1042 felix
942 988 1219 1044 Pathmzei
1248 988 1498 1060 gurgitis
1530 986 1711 1043 exsul.

363 1077 527 1134 Unde
555 1080 788 1149 repente
819 1076 935 1147 poli
956 1077 1111 1132 celsa
1137 1078 1209 1131 ad
1242 1077 1476 1149 fastigia
1502 1081 1722 1148 raptus,

362 1167 556 1222 Aurea
583 1165 889 1237 perculsus
917 1165 1061 1221 vidit
1090 1166 1440 1221 candelabra
1468 1170 1712 1237 septem,

364 1254 545 1327 Inque
574 1254 786 1309 horum
819 1254 1010 1309 medio
1033 1253 1309 1309 dilectum
1340 1254 1606 1309 incedere
1652 1252 1970 1318 Christum,

360 1343 649 1400 Vestitum
682 1343 912 1415 poderis
947 1343 1147 1412 sacris,
1181 1344 1274 1398 cui
1303 1360 1448 1398 zona
1477 1341 1770 1398 mamillas

359 1433 553 1488 Aurea
580 1427 1278 1504 praecinge'ns,candentia
1308 1437 1540 1505 pectora
1570 1430 1765 1499 comit,

360 1520 603 1579 Caesaris
634 1521 798 1576 niveo
831 1522 997 1576 ﬂoret
1024 1521 1356 1577 veneranda
1385 1520 1615 1593 capillo,

360 1608 678 1666 Horribiles
707 1608 858 1664 oculi
889 1609 1213 1664 ﬂammanti
1243 1610 1372 1665 luce
1402 1613 1729 1675 coruscant,

359 1700 431 1754 Et
459 1698 637 1755 facies
660 1697 816 1753 rutili
847 1697 1153 1771 praefulget
1177 1699 1319 1754 solis
1350 1700 1421 1753 ad
1453 1700 1659 1768 instar,

360 1786 650 1861 Ignitique
679 1788 855 1859 pedes
886 1786 1202 1842 auricalchi
1234 1804 1394 1843 more
1425 1788 1764 1853 rubescunt,

360 1876 482 1940 Quo
514 1875 718 1949 rapida
744 1874 974 1931 validus
1000 1876 1233 1932 fornace
1264 1876 1560 1932 examinat
1589 1876 1765 1949 ignis,

358 1965 430 2021 Et
457 1969 681 2036 septem
713 1963 899 2019 stellis
930 1969 1172 2019 ornatur
1203 1966 1437 2021 dextera
1466 1964 1721 2037 fulgens,

361 2052 749 2125 Terribilique
779 2052 977 2126 biceps
1008 2054 1166 2108 ensis
1199 2053 1483 2126 processit
1508 2054 1580 2109 ab
1603 2071 1719 2108 ore.

360 2140 589 2197 Corruit
616 2141 725 2196 hoc
754 2141 879 2197 viso
910 2159 1015 2197 ceu
1047 2147 1334 2198 mortuus.
1372 2141 1472 2198 Ille
1503 2147 1870 2198 trementem.

359 2229 595 2286 Solatur
623 2228 837 2286 blando
869 2230 1145 2303 alloquio,
1179 2232 1493 2303 dextraque
1524 2231 1780 2302 benigna

357 2318 561 2391 Erigit,
593 2322 650 2373 et
681 2318 807 2373 coeli
839 2324 1069 2375 sacrata
1097 2337 1200 2393 per
1228 2321 1424 2375 omnia
1455 2319 1616 2375 ducit

357 2408 492 2472 Quae
524 2423 687 2463 sacro
718 2407 1008 2479 descripta
1038 2408 1329 2463 volhmine
1362 2425 1476 2463 non
1508 2408 1660 2480 capit
1692 2407 1868 2475 ullus,

355 2493 424 2549 Ni
459 2512 624 2550 sacer
650 2494 939 2552 inteream
974 2501 1192 2553 reserat
1222 2497 1314 2552 cui
1347 2497 1598 2569 Spiritus
1626 2514 1848 2553 aurem.

428 2583 528 2639 His
555 2583 702 2639 liber
729 2584 824 2640 hic
854 2585 1056 2641 laudes
1087 2586 1379 2641 infantum
1409 2604 1479 2641 ex
1503 2586 1705 2641 ordine
1729 2587 1932 2659 jungit

355 2671 462 2737 Qui
492 2672 670 2745 primi
700 2673 774 2728 ob
806 2673 1100 2729 Christum
1133 2674 1350 2730 crudeli
1382 2680 1535 2730 sorte
1566 2676 1874 2748 perempti,

354 2759 636 2832 Perpetuo
665 2761 880 2817 Christi
910 2780 1065 2818 nunc
1096 2779 1271 2836 regno
1303 2768 1359 2819 et
1388 2780 1528 2836 pace
1560 2766 1852 2819 fruuntur.

424 2850 639 2906 Edocet
668 2850 890 2907 Octava:
920 2852 1063 2923 quid
1094 2854 1270 2908 sectio
1304 2852 1550 2926 mystica
1579 2851 1729 2908 lucis

355 2938 565 2995 Innuat
594 2939 848 3012 antiqua:
879 2928 1146 2997 reserans
1177 2942 1491 3014 aenigmata
1521 2940 1683 3014 legis.

424 3027 659 3084 Transit
687 3029 759 3084 ad
785 3030 1000 3103 egregii
1032 3030 1316 3086 solemnia
1346 3047 1511 3087 sacra
1537 3029 1650 3085 diei

353 3115 476 3180 Quo
507 3116 661 3189 regis
690 3116 877 3172 nostri
908 3118 1198 3174 cunabula
1224 3118 1361 3174 vilia
1391 3118 1607 3174 Christi

353 3202 694 3269 Muneribus
724 3205 895 3260 trinis
925 3205 1109 3277 pietas
1137 3211 1409 3262 venerata
1439 3207 1762 3279 Magorum,

351 3290 546 3347 Thure
576 3296 757 3347 Deum
792 3293 1011 3360 docuit,
1045 3295 1260 3366 Regem
1292 3295 1546 3366 signavit
1576 3295 1634 3350 in
1668 3312 1831 3364 auro,

350 3378 770 3452 Mortalemque
802 3381 1101 3437 hominem
1132 3383 1368 3455 myrrha
1399 3384 1658 3455 depinxit
1687 3400 1905 3451 amara,

348 3466 530 3530 Quem
561 3467 671 3523 sibi
704 3469 968 3525 sidereus
994 3472 1454 3527 monstrarat.ab
1482 3472 1692 3528 aethere
1744 3472 1954 3545 fulgor,

420 3555 520 3610 His
551 3556 733 3612 sociat
754 3557 977 3613 clarum
1011 3576 1321 3616 numeroso
1353 3560 1577 3616 lumine
1607 3561 1843 3629 festum,

345 3643 468 3707 Quo
498 3646 661 3700 tener
689 3646 759 3701 ad
792 3645 943 3703 sacri
968 3648 1236 3705 devectus
1268 3648 1473 3705 limina
1502 3649 1721 3721 templi,

345 3731 699 3789 Turturibus
728 3735 981 3807 geminis
1001 3737 1220 3809 duplici
1250 3756 1353 3795 seu
1384 3739 1541 3810 prole
1571 3740 1853 3795 columbae

341 3818 566 3876 Divinis
595 3821 813 3893 placuit
838 3827 1267 3899 conspectibus,
1302 3845 1368 3884 ac
1398 3828 1556 3885 senis
1588 3828 1725 3884 almi

340 3906 654 3981 Complexu
686 3911 983 3980 astrictus,
1015 3915 1227 3970 Judaeze
1257 3915 1444 3988 gloria
1472 3917 1666 3990 gentis

337 3995 407 4051 Et
437 3995 537 4052 lux
564 3998 747 4055 totius
777 3999 1065 4058 Christius
1097 4004 1461 4076 promittitur
1490 4005 1667 4061 orbis.

408 4083 549 4140 Inde
580 4091 786 4158 quater
815 4089 948 4145 deni
980 4092 1407 4163 nectitjejunia
1438 4093 1599 4150 solis.

336 4173 470 4238 Quae
502 4173 785 4232 Dominus
806 4178 1011 4248 juncto
1042 4181 1326 4254 transegit
1354 4186 1614 4255 tempore
1645 4182 1815 4250 lunae,

335 4258 639 4317 Debellans
670 4264 900 4320 rabidas
931 4268 1155 4340 antiqui
1189 4270 1470 4326 diemonis
1500 4271 1640 4340 iras,

335 4348 518 4418 Quem
548 4349 765 4422 gemini
795 4358 953 4411 vates
985 4357 1227 4412 totidem
1258 4359 1572 4430 pugnando
1594 4357 1801 4414 diebus

334 4434 576 4508 Impasti
605 4439 765 4496 nullo
795 4447 1063 4513 poterant
1088 4446 1418 4517 pervincere
1450 4450 1640 4517 pacto.

333 4524 446 4581 Ter
474 4541 601 4582 sese
626 4526 936 4587 horrendis
968 4538 1227 4588 erexerat
1256 4534 1560 4604 improbus
1593 4534 1794 4603 armis,

331 4612 443 4668 Ter
472 4613 682 4671 Christi
712 4618 902 4675 valida
929 4621 1235 4676 confossus
1266 4620 1505 4692 cuspide
1536 4621 1730 4677 cessit.

331 4701 490 4758 Unde
521 4720 685 4760 sacer
714 4709 902 4763 totum
934 4709 1099 4764 floret
1128 4725 1256 4763 mos
1278 4708 1372 4763 ille
1405 4725 1508 4781 per
1536 4710 1757 4778 orbem,

325 4788 546 4848 Vicinis
576 4792 808 4850 Pascha;
840 4796 1218 4854 solemnibus.
1254 4796 1315 4851 in
1348 4798 1563 4869 quibus
1594 4799 1703 4854 atri

326 4874 577 4933 Guttura
606 4896 755 4935 saeva
783 4880 904 4953 lupi
938 4887 1229 4938 mactatus
1261 4884 1508 4955 perculit
1535 4888 1754 4958 Agnus,

326 4961 398 5018 Ut
418 4964 627 5035 jejuna
656 4967 779 5038 pari
807 4969 1172 5025 celebrentur
1201 4975 1465 5043 tempora
1493 4979 1644 5041 voto,

323 5048 393 5103 Et
422 5053 704 5125 castigato
736 5060 1015 5110 curentur
1038 5073 1281 5130 corpora
1305 5060 1481 5125 victu,

322 5136 684 5196 Christicolis
716 5142 932 5212 quibus
964 5143 1158 5199 infesti
1187 5147 1345 5202 furor
1375 5148 1642 5205 imminet
1667 5150 1871 5207 hostis.

394 5224 511 5280 Ista
540 5227 826 5284 salutiferi
856 5231 1125 5302 sequitur
1153 5233 1282 5291 laus
1314 5236 1528 5309 inclyta
1557 5238 1720 5313 ligni,

321 5311 444 5400 Quo
474 5314 682 5370 veteris
717 5316 860 5372 mire
885 5318 1073 5376 deleta
1102 5328 1189 5378 est
1213 5326 1403 5381 cautio
1435 5311 1638 5400 culpae,

319 5398 466 5491 Dum
499 5416 683 5472 genus
714 5402 1042 5464 humanum
1062 5412 1217 5467 vetiti
1246 5415 1400 5486 quod
1431 5398 1607 5473 tactio
1639 5417 1781 5491 ligni

320 5486 615 5576 Perpetua:
647 5492 854 5550 mortis
884 5495 1030 5554 dura
1061 5500 1278 5558 ditione
1307 5510 1595 5576 gravaret,

317 5573 424 5631 Per
452 5575 677 5647 lignum
712 5584 1171 5661 aeternaegecipit
1200 5573 1349 5649 nova
1378 5594 1593 5665 gaudia
1617 5595 1764 5664 vitae,

2037 455 2093 521 Α
2120 455 2265 511 Cum
2299 455 2563 513 Christus
2594 475 2790 515 sacras
2821 462 3156 534 expandens
3187 462 3247 517 in
3280 478 3451 519 cruce
3479 460 3742 535 palmas,

2116 545 2250 599 Adae
2284 546 2411 601 dira
2442 547 2535 618 pio
2566 548 2731 603 tersit
2762 550 2972 605 delicta
3002 552 3212 623 priore.

2188 634 2417 689 Eminet
2446 635 2581 691 hinc
2611 638 2726 692 veri
2760 638 2972 694 festum
3001 641 3266 695 mirabile
3294 641 3554 708 Paschze,

2118 723 2278 787 Quod
2312 723 2578 781 Christus
2606 728 2835 782 tumulo
2862 728 3087 783 devicta
3118 735 3301 785 morte
3332 746 3676 802 resurgens,

2115 812 2197 865 Ad
2222 812 2428 885 jugem
2462 815 2639 869 vitam
2673 817 3055 873 moribundos
3087 818 3389 873 transtulit
3412 824 3603 886 artus,

2114 901 2421 956 Auctorem
2454 901 2594 957 lethi
2628 905 2874 971 domuit,
2910 905 3252 978 lethumque
3284 909 3557 979 peremit,

2117 988 2343 1059 Eripuit
2374 989 2595 1060 priscos
2627 993 2782 1046 erebi
2814 993 2884 1047 de
2915 1009 3144 1048 carcere
3165 994 3384 1065 justos,

2116 1076 2194 1131 Ac
2227 1094 2424 1132 secum
2458 1078 2655 1150 plures
2689 1081 2942 1136 rediviva
2970 1080 3031 1136 in
3061 1099 3234 1138 carne
3267 1083 3577 1149 reducens,

2119 1165 2385 1221 Ostendit
2415 1167 2568 1222 saecli
2602 1168 2792 1224 felicia
2821 1171 2974 1225 dona
3004 1171 3206 1226 futuri.

2190 1254 2325 1309 Post
2356 1256 2475 1311 haec
2507 1258 2805 1329 magnifici
2830 1259 3105 1330 praeclara
3132 1261 3397 1317 ascensio
3427 1261 3670 1331 Christi,

2121 1343 2321 1417 Fulget
2348 1345 2420 1399 ad
2452 1346 2682 1402 aetherei
2716 1349 3029 1404 remeantis
3059 1348 3320 1405 culmina
3349 1350 3581 1422 templi,

2190 1435 2311 1499 Quo
2344 1451 2447 1489 nec
2474 1452 2725 1508 magnus
2756 1436 2951 1492 Enoch
2983 1438 3179 1509 rapuit
3208 1456 3383 1510 quem
3426 1440 3635 1495 dextra
3667 1442 3786 1495 To-

3529 1530 3785 1601 [nautis,

2117 1612 2230 1666 Nec
2262 1629 2425 1668 sacer
2453 1613 2608 1669 Elias
2640 1632 2815 1670 curru
2848 1616 3189 1672 flammante
3222 1621 3459 1689 repente

2119 1698 2396 1754 Sublatus
2429 1700 2629 1772 rapido
2655 1702 2844 1773 potuit
2875 1708 3178 1775 penetrare
3209 1705 3399 1760 volatu
3425 1724 3438 1775 ;

2037 1825 2086 1890 B
2116 1788 2223 1843 Sed
2255 1788 2444 1860 potuit
2473 1789 2910 1859 Christus,ccelo
2940 1793 3043 1863 qui
3076 1799 3282 1864 sponte
3313 1811 3596 1867 supremo

2118 1876 2467 1944 Adveniens,
2502 1879 2653 1935 ultro
2687 1879 2962 1935 mortales
2995 1881 3189 1937 induit
3213 1887 3399 1952 artus,

2118 1964 2261 2020 Cum
2294 1967 2475 2022 voluit
2503 1969 2737 2039 propria
2765 1968 2825 2024 in
2857 1969 3070 2025 caelum
3098 1971 3310 2027 virtute
3339 1974 3554 2029 redire.

2117 2055 2240 2118 Qua
2268 2056 2455 2127 patria
2485 2057 2684 2111 dexter
2712 2057 2925 2113 residet
2949 2059 3223 2114 sublimis
3244 2061 3317 2115 ab
3347 2078 3503 2129 arce,

2116 2144 2254 2199 Inde
2285 2144 2395 2199 sub
2422 2148 2677 2200 extremo
2711 2150 2990 2202 venturus
3019 2152 3281 2220 tempore
3308 2152 3540 2218 mundi,

2114 2233 2407 2305 Angelicis
2432 2234 2642 2289 turmis
2665 2239 2839 2306 atque
2872 2235 3025 2308 ignis
3056 2237 3287 2293 turbine
3310 2244 3554 2311 septus;

2115 2321 2478 2393 Supplicium
2508 2323 2698 2394 pravis
2730 2342 2837 2378 sua
2867 2327 3107 2395 praemia
3136 2327 3381 2382 reddere
3401 2329 3616 2399 justis.

2186 2411 2285 2465 His
2317 2412 2539 2467 adnexa
2571 2412 2757 2467 nitent
2785 2412 3113 2469 clarissima
3144 2415 3290 2472 festa
3322 2419 3565 2488 superni

2113 2498 2371 2555 Muneris
2402 2519 2435 2556 a
2466 2500 2692 2556 Christo
2728 2501 3001 2573 promissi
3032 2504 3104 2558 ab
3129 2503 3340 2561 esthere
3373 2507 3564 2577 missi,

2111 2590 2254 2643 Cum
2289 2606 2452 2644 sacer
2481 2606 2511 2644 e
2538 2589 2679 2645 uelo
2710 2589 2943 2646 violenti
2979 2593 3231 2649 turbinis
3262 2595 3453 2650 instar

2110 2677 2360 2749 Spiritus
2391 2677 2991 2745 exsiliens,credentia
3020 2683 3197 2737 corda
3226 2684 3448 2755 petivit,

2109 2765 2541 2838 Discipulisque
2567 2768 2665 2822 Dei
2695 2785 2875 2841 supra
2903 2774 3079 2842 caput
3108 2770 3318 2843 igneus
3338 2776 3564 2842 astans,

2110 2854 2416 2910 Multiﬁdis
2446 2856 2606 2911 visus
2636 2857 2881 2929 flagrare
2912 2858 2971 2912 in
3002 2860 3214 2915 vertice
3248 2860 3491 2934 linguis,

2107 2943 2384 2998 Accendit
2414 2944 2932 3015 tepidos,infirmos
2965 2947 3171 3003 robore
3199 2948 3385 3015 fulsit,

2108 3031 2347 3104 Ignaros
2377 3034 2591 3100 docuit,
2627 3033 2963 3107 linguarum
2993 3053 3239 3092 munera
3270 3038 3439 3093 fudit.

2178 3123 2306 3175 llaec
2335 3138 2514 3193 super
2545 3123 2844 3179 adduntur
2870 3124 3105 3180 Patrum
3137 3126 3234 3199 pia
3264 3127 3422 3184 dicta
3452 3146 3771 3189 sacrorum

2027 3192 2068 3258 C
2108 3210 2476 3278 Sanctorum,
2511 3227 2542 3266 o
2572 3209 2773 3279 lector,
2803 3212 2977 3269 claris
3006 3217 3383 3271 accommoda
3423 3218 3615 3288 festis,

2105 3298 2175 3352 Ut
2206 3297 2381 3369 capiti
2414 3316 2643 3371 semper
2674 3300 2931 3356 hmrcant
2955 3319 3066 3357 sua
3095 3305 3358 3361 membra
3388 3323 3677 3379 superno.

2098 3388 2178 3440 Ac
2208 3387 2465 3458 primum
2495 3388 2741 3444 eximius
2773 3391 2988 3445 residet
3014 3392 3275 3464 Baptista
3302 3393 3584 3463 Joannes,

2100 3475 2180 3529 Ex
2212 3476 2373 3531 senio
2408 3477 2575 3532 fessis
2606 3478 2752 3533 mire
2782 3479 3147 3551 genitoribus
3178 3486 3363 3553 ortus,

2101 3564 2552 3635 Vaticinansque
2584 3567 2748 3637 prius
2778 3573 3124 3640 conceptum
3156 3569 3392 3643 Virgine
3424 3572 3767 3647 Christum,

2096 3650 2431 3708 Visceribus
2464 3654 2668 3710 matris
2699 3672 2876 3726 quam
2908 3656 3033 3712 vita:
3061 3658 3241 3713 exiret
3269 3658 3329 3713 in
3360 3677 3558 3732 auras,

2096 3743 2218 3807 Quo
2250 3740 2449 3796 nullus
2480 3743 2667 3813 major
2697 3743 2961 3800 mulieris
2991 3750 3162 3802 natus
3195 3747 3466 3820 habetur,

2093 3829 2316 3901 Quique
2349 3831 2447 3886 Dei
2480 3833 2699 3887 mundo
2731 3835 3077 3890 monstravit
3106 3836 3348 3892 sedulus
3378 3854 3624 3910 agnum,

2092 3918 2161 3972 Et
2190 3936 2433 3990 pravum
2458 3925 2611 3976 recto
2644 3926 3015 3978 commutans
3048 3923 3233 3980 limite
3260 3924 3490 3993 callem,

2092 4006 2361 4063 Ostendit
2390 4010 2616 4066 cunctis
2648 4027 2763 4081 quo
2796 4011 3031 4066 tramite
3063 4012 3217 4069 celsa
3241 4014 3510 4086 polorum

2090 4095 2289 4168 Regna
2319 4100 2517 4168 petant
2546 4098 2756 4153 veteris
2790 4099 3036 4155 maculis
3067 4102 3281 4158 erroris
3314 4105 3631 4177 ademptis.

2089 4183 2227 4238 Inde
2257 4184 2407 4239 Petri
2438 4190 2495 4240 et
2524 4186 2688 4241 Pauli
2720 4188 2933 4242 festum
2965 4190 3278 4260 przenohile
3309 4191 3511 4265 fulget,

2087 4272 2242 4337 Quos
2276 4273 2467 4328 Romae
2502 4274 2742 4331 infausti
2774 4276 2964 4333 rabies
2992 4294 3209 4335 vesana
3238 4280 3486 4337 Neronis

2085 4360 2351 4416 Ecclesia:
2385 4362 2573 4419 claros
2603 4364 2736 4419 ﬁdei
2768 4365 2978 4436 pietate
3003 4368 3339 4440 magistros.

2084 4447 2357 4504 Doctrina
2388 4451 2668 4523 insignes,
2699 4452 2997 4525 signorum
3034 4455 3162 4511 luce
3193 4474 3491 4526 coruscos,

2004 4554 2052 4618 Β
2082 4535 2309 4595 Virtute
2342 4539 2587 4597 invictos
2608 4542 2837 4597 diversa
2871 4547 3025 4599 sorte
3054 4547 3317 4616 peremit.

2083 4625 2228 4680 Nam
2261 4644 2400 4682 crux
2430 4630 2501 4683 ad
2533 4629 2743 4686 ccelum
2770 4631 2918 4688 versi
2950 4633 3194 4704 vestigia
3225 4634 3376 4690 Petri

2083 4713 2319 4781 Direxit,
2353 4716 2697 4790 Christoque
2729 4736 2835 4774 suo
2860 4720 3145 4776 revocavit
3173 4726 3463 4778 ovantem.

2081 4802 2154 4856 At
2183 4803 2371 4858 cervix
2401 4805 2564 4860 Pauli
2593 4806 2787 4878 gladio
2817 4809 3049 4865 desecta
3081 4810 3332 4866 nefando

2079 4889 2384 4947 Doctorem
2419 4893 2671 4949 nitidum
2696 4894 2930 4950 vestivit
2956 4898 3264 4970 sanguinis
3294 4904 3473 4967 ostro,

2078 4982 2563 5053 Purpureumque
2598 4982 2728 5052 polo
2759 4988 2892 5054 post
2920 4985 3118 5056 praelia
3148 4986 3308 5042 mille
3340 4990 3592 5044 remisit.

2146 5068 2476 5125 Machabaea
2507 5071 2715 5126 dehinc
2748 5073 3067 5129 certamina
3097 5073 3373 5132 laudibus
3401 5076 3578 5134 almis

2073 5155 2448 5229 Prosequitur
2478 5159 2688 5231 stylus,
2723 5166 2779 5215 et
2818 5161 3062 5233 pulchro
3112 5179 3383 5220 sermone
3428 5174 3736 5237 perornat,

2072 5243 2177 5310 Qui
2210 5249 2435 5317 septem
2467 5247 2676 5304 fratres
2710 5266 2825 5304 una
2855 5250 3137 5321 genitrice
3167 5254 3349 5308 creati

2068 5332 2336 5388 Antiochi
2367 5352 2546 5391 saevas
2576 5338 2841 5393 vicerunt
2872 5339 3098 5394 fortiter
3129 5343 3265 5407 iras,

2068 5422 2145 5475 Ac
2178 5427 2309 5492 post
2339 5424 2719 5481 multimodos
2751 5445 2933 5499 pcenee
2960 5428 3304 5485 bacchantis
3337 5447 3579 5500 agones,

2070 5508 2341 5566 Ccelestes
2372 5529 2507 5568 cum
2541 5520 2725 5570 matre
2754 5517 2851 5590 pia
2883 5533 3149 5574 meruere
3177 5536 3444 5590 coronas,

2070 5598 2251 5654 Matre
2280 5601 2438 5672 piam
2471 5619 2595 5673 quae
2627 5607 2767 5659 tunc
2799 5609 3036 5677 septeno
3069 5608 3311 5679 pignore
3352 5609 3574 5674 fretam,
