3896 6198
77 355 172 417 277
1411 337 1763 404 CARMINA
1802 335 2067 399 VARIA.
3322 322 3442 389 278

71 491 400 562 Septenoque
430 479 607 540 simul
639 483 911 538 natorum
944 479 1146 536 funere
1175 481 1345 546 torta,
1713 472 1765 540 Α
1794 470 2050 562 Cmtibus
2080 465 2361 562 angelicis
2392 467 2491 525 ubi
2522 466 2692 562 smcla
2721 482 2825 562 per
2853 464 3050 562 omnia
3067 465 3333 538 junctus,

73 557 401 651 Supplicium
434 572 613 646 prolis
644 573 805 628 obitu
837 571 1115 627 comitata
1134 571 1325 633 beato,
1793 560 2076 651 Perpetuo
2107 559 2255 651 laetis
2288 559 2564 651 decantes
2587 558 2855 651 faucibus
2885 557 3155 651 hymnos,

72 645 469 723 Hebdomadem
503 660 754 733 priscam
781 659 1065 731 Ogdoadze
1088 657 1250 712 dedit
1276 670 1402 711 esse
1426 651 1682 716 novella},
1793 649 2190 720 Invictamque
2214 649 2406 704 terens
2435 647 2644 703 Christi
2680 647 2750 702 de
2781 662 3022 701 munere
3052 645 3334 718 palmam,

71 752 380 824 Participem
415 765 728 822 regemque
759 749 946 802 ferum
977 747 1187 819 pietate
1219 743 1468 816 subegit.
1793 741 2030 794 .Eterna
2061 738 2265 794 rutiles
2296 739 2420 810 ipso
2452 736 2743 793 tribuente
2776 752 3009 791 corona.

71 844 211 899 Nunc
230 838 494 912 prmclara
511 854 616 893 suo
635 836 994 909 amplectens
1015 835 1341 890 diademate
1363 831 1683 895 Christum,
2568 853 2664 908 VL

71 929 310 1004 Septenis
343 927 543 982 rutilat
573 931 844 982 natorum
879 925 1066 980 cincta
1096 923 1345 978 coronis.

131 1019 254 1074 Exin
285 1015 637 1088 martyribus
668 1029 1009 1070 communes
1039 1011 1232 1066 dulcis
1259 1010 1509 1066 honores

73 1109 261 1180 Pagina
291 1104 598 1176 depromit,
632 1102 847 1158 Christi
877 1118 1024 1173 quos
1052 1100 1170 1156 lota
1200 1116 1403 1154 cruore

71 1196 383 1268 Palmigeris
414 1193 602 1248 claros
633 1191 908 1248 manibus
945 1189 1092 1246 stola
1122 1188 1372 1246 candida
1401 1185 1596 1242 comit.

128 1288 216 1343 liis
243 1284 636 1342 confessorum
669 1280 1101 1354 pulcherrimus
1127 1279 1267 1334 ordo
1300 1277 1548 1333 cohaeret

70 1381 200 1443 Quos
229 1375 431 1430 ardens
466 1372 599 1426 fidei
636 1369 892 1442 provexit
922 1370 992 1424 ad
1027 1368 1242 1422 (ethera
1269 1365 1473 1421 virtus.

126 1471 238 1521 Mox
266 1469 321 1519 et
350 1461 621 1534 virgineae
655 1463 928 1515 resonant
947 1475 1014 1513 ex
1044 1457 1245 1512 ordine
1275 1455 1479 1510 laudes

72 1556 443 1623 Prudenteque
476 1551 637 1605 chori
669 1549 950 1603 virtutum
987 1546 1256 1618 lampade
1287 1543 1448 1609 clari,

69 1647 164 1701 Nec
195 1644 381 1699 minus
410 1641 643 1695 interno
675 1637 996 1709 locupletes
1030 1652 1259 1706 semper
1289 1632 1458 1700 olivo,

74 1734 310 1790 Sidereos
335 1731 559 1784 intrant
588 1727 900 1795 thalamos,
929 1724 1271 1794 Christoque
1294 1723 1583 1793 jugantur
1615 1736 1628 1773 :

1910 962 1982 1000 AD
2023 962 2326 1001 MODOINUM
2365 960 2936 1000 AUGUSTODUNENSEM
2977 958 3319 999 EPISCOPUM.

1796 1053 1984 1121 Salve,
2014 1056 2212 1109 sancte
2244 1068 2475 1124 parens,
2505 1049 2720 1106 Christi
2749 1050 3074 1105 venerande
3103 1048 3394 1114 sacerdos,

1868 1142 1943 1212 (α)
1975 1140 2221 1212 Augusti
2254 1139 2492 1205 montis,
2525 1141 2723 1210 pastor
2749 1139 2806 1192 in
2839 1154 2968 1192 arce
2999 1142 3224 1209 potens.

1798 1233 1978 1296 Quem
2013 1246 2176 1284 sacer
2200 1228 2455 1284 illustrat
2486 1227 2710 1282 meritis
2743 1226 3187 1298 splendentibus
3219 1227 3357 1282 ordo

1870 1319 2154 1375 Doctrina:
2187 1321 2241 1372 et
2272 1317 2535 1372 studium
2566 1315 2718 1371 tollit
2748 1317 2818 1370 ad
2851 1316 2969 1371 alta
2998 1316 3088 1387 pie

1799 1409 1921 1472 Quo
1952 1407 2182 1480 generis
2211 1405 2350 1462 clari
2382 1405 2581 1460 lumen
2613 1409 2958 1476 torrensque
2989 1404 3265 1476 loquendi

1869 1497 2154 1562 Vincitur,
2189 1499 2246 1549 et
2274 1511 2486 1568 magno
2518 1494 2712 1550 sidera
2742 1493 2863 1550 sole
2893 1493 3095 1548 latent.

1802 1585 2009 1657 Accepi
2041 1584 2268 1639 niveam
2300 1588 2488 1637 vestro
2520 1584 2589 1637 de
2623 1600 2861 1638 munere
2891 1586 3108 1638 vestem

1874 1675 2292 1746 'l‘ergendoque
2324 1672 2408 1727 ori
2431 1673 2608 1727 lintea
2639 1672 2794 1727 clara
2827 1674 2990 1728 satis.

1803 1766 1879 1819 Ac
1908 1763 2122 1835 pariter
2147 1763 2420 1818 manibus
2451 1761 2759 1834 prreduleis
2788 1762 3034 1835 epistola
3061 1762 3278 1823 nostris

1723 1845 1770 1908 B
1872 1852 2109 1909 Tradita
2139 1869 2266 1907 rore
2297 1869 2402 1908 suo
2435 1857 2668 1924 pectora
2690 1857 2888 1908 nostra
2919 1853 3088 1924 rigat.

1805 1946 2070 2010 Quantus
2101 1941 2180 1997 ibi
2216 1941 2420 2014 ﬂagret
2449 1941 2660 1997 sinceri
2693 1942 2880 1996 fervor
2910 1941 3148 1996 amoris.

1876 2034 1945 2088 Et
1975 2031 2069 2104 pia
2089 2022 2266 2086 mens
2298 2035 2518 2102 quanta
2548 2031 2675 2086 luce
2697 2047 2940 2086 corusca
2969 2030 3163 2086 micet.

1805 2123 1940 2189 Qum
1970 2121 2130 2187 tuba,
2167 2137 2363 2192 quasve
2392 2119 2516 2190 lyra
2545 2120 2686 2174 ﬂatu
2719 2119 3052 2190 fidibusque
3073 2135 3286 2174 canora

1877 2209 2144 2282 Explicit,
2177 2213 2231 2264 et
2259 2208 2438 2281 digna
2467 2207 2638 2264 laude
2668 2209 2818 2264 ciere
2846 2208 3056 2280 queat?

1808 2302 1932 2358 Non
1966 2299 2110 2355 mihi
2141 2303 2262 2354 tam
2295 2299 2520 2355 fervens
2550 2302 2777 2371 vegetat
2808 2296 3127 2370 prmeordia
3155 2296 3419 2370 sanguis.

1880 2391 1995 2445 Nec
2026 2393 2144 2444 tam
2177 2388 2341 2460 larga
2370 2405 2498 2443 meo
2532 2387 2776 2443 ﬂumina
2805 2387 2876 2443 ab
2908 2405 3006 2443 ore
3039 2388 3247 2454 ﬂuunt,

1811 2480 1882 2534 Ut
1913 2479 2039 2546 tibi,
2075 2482 2271 2534 sancte
2303 2495 2532 2549 parens,
2566 2477 2657 2548 pie
2686 2482 2865 2543 vates,
2899 2477 3053 2532 clare
3083 2477 3375 2541 sacerdos,

1881 2569 2180 2640 Condigne
2210 2566 2432 2622 valeam
2465 2565 2686 2622 solvere
2718 2565 2909 2621 laudis
2933 2583 3102 2638 opus.

1811 2658 1910 2714 llle
1940 2659 2072 2731 pius
2103 2656 2348 2727 cmlique
2379 2672 2588 2728 parens
2621 2660 2902 2727 terrazque
2934 2660 3193 2726 repertor

1883 2745 2144 2820 Agminis
2175 2744 2420 2817 angelici
2451 2762 2569 2814 rex,
2602 2745 3028 2816 hominumque
3060 2748 3239 2807 sator,

1813 2836 1996 2906 Cujus
2026 2833 2183 2890 clara
2210 2835 2305 2905 pio
2337 2833 2598 2904 sequeris
2628 2833 2869 2906 vestigia
2900 2833 3092 2902 corde,

1887 2925 2036 2980 Dum
2068 2922 2258 2979 celsus
2291 2923 2574 2979 humilem
2607 2922 2870 2994 respicis,
2903 2926 3078 2993 atque
3109 2922 3284 2977 foves.

1818 3013 1919 3069 Ille
1949 3013 2088 3080 tuis,
2123 3012 2386 3084 inquam,
2420 3011 2644 3067 meritis
2672 3011 2962 3084 condigna
2992 3011 3204 3066 referre

1888 3101 2179 3167 Praevalet,
2212 3119 2278 3156 ac
2308 3102 2533 3173 frugem
2565 3100 2953 3173 centuplicare
2981 3104 3143 3154 tuam
3172 3114 3187 3153 :

1742 3216 1783 3282 ρ
1823 3192 1895 3247 Ut
1920 3191 2075 3262 quod
2110 3207 2264 3282 nunc
2297 3190 2456 3262 largo
2488 3189 2775 3262 dispergis
2806 3190 3029 3246 semine
3059 3189 3250 3257 terris,

1898 3279 2143 3352 Largius
2169 3278 2347 3334 Elisia
2376 3283 2517 3333 tunc
2547 3278 2777 3351 regione
2799 3283 3008 3334 metas.

1827 3374 2054 3425 Interea
2083 3369 2159 3426 sit
2186 3369 2304 3424 vita
2335 3369 2461 3434 tibi,
2497 3367 2613 3423 sint
2646 3367 2806 3440 larga
2837 3367 3046 3423 salutis

1899 3456 2145 3526 Gaudia,
2179 3456 2353 3528 longa
2381 3456 2526 3523 dies,
2561 3456 2717 3511 altus
2749 3455 2986 3512 honoris
3017 3473 3182 3528 apex.

1831 3546 2046 3603 Divina:
2078 3545 2154 3599 sit
2185 3544 2331 3616 legis
2362 3561 2544 3612 amor,
2573 3545 2714 3600 tuba
2738 3544 2895 3600 clara
2925 3545 3190 3613 docendi,

1900 3633 2127 3707 Egregii
2162 3650 2374 3695 mores,
2409 3651 2507 3688 cor
2537 3634 2823 3706 probitate
2856 3635 3070 3691 nitens.

1831 3725 1981 3780 Grex
2010 3723 2117 3778 tibi
2147 3721 2503 3778 commissus
2532 3723 2738 3796 vigeat,
2773 3725 3035 3796 torvique
3066 3725 3252 3782 leonis

1904 3813 2064 3868 Saeva
2095 3812 2208 3866 fide
2240 3810 2403 3866 fortis
2431 3815 2671 3882 guttura
2699 3811 2853 3868 calce
2885 3817 3050 3869 terat.

1835 3901 1906 3956 Ut
1935 3917 2067 3956 cum
2099 3900 2318 3954 caelesti
2352 3899 2604 3955 vallatus
2636 3899 2819 3955 milite
2851 3918 3124 3958 summus

1905 3994 2112 4043 Pastor
2139 3989 2211 4043 ab
2240 3987 2449 4042 excelsi
2483 3987 2710 4042 fulserit
2738 4006 2842 4043 axe
2873 3989 3010 4059 poli,

1835 4081 1985 4134 Tum
2018 4078 2163 4132 bene
2192 4075 2437 4131 servatis
2466 4076 2535 4130 ad
2566 4077 2825 4131 dextram
2850 4082 2905 4132 te
2935 4077 3083 4132 locet
3112 4079 3301 4152 agnis,

1910 4165 2243 4222 Restituens
2276 4164 2490 4218 studiis
2521 4163 2758 4235 prtemia
2785 4166 2965 4238 digna
2991 4167 3131 4222 tuis.

1837 4258 2001 4312 Tunc
2031 4253 2189 4310 velut
2215 4252 2434 4308 electus
2467 4253 2617 4308 aries
2653 4253 2709 4307 in
2740 4255 2893 4310 nube
2924 4271 3166 4312 corusca

1908 4343 2150 4399 Velleris
2179 4342 2366 4396 aurati
2400 4347 2706 4398 stemmate
2737 4342 2931 4400 clarus
2959 4362 3076 4402 eas.

1839 4435 2021 4498 Quem
2055 4431 2229 4486 nivea:
2259 4432 2611 4487 comitentur
2630 4449 2764 4488 oves
2789 4433 3040 4506 agnique
3070 4435 3342 4505 nitentes,

1913 4521 2219 4594 Sumpturi
2251 4521 2379 4575 vitae
2413 4538 2630 4592 pascua
2663 4528 2971 4595 perpetuae.

75 1824 230 1894 Cujus
258 1837 351 1875 eos
377 1819 603 1884 dextra,
638 1821 851 1870 aeterno
884 1813 1231 1885 constringit
1261 1826 1476 1866 amore.

75 1912 196 1968 Hinc
215 1909 380 1964 etiam
407 1906 558 1962 sacri
593 1904 865 1977 quotiens
896 1903 1238 1957 fundamina
1266 1897 1466 1971 templi

75 2001 435 2070 Consurgunt,
472 1995 744 2066 aedesque
773 1993 888 2048 Deo
920 2009 1065 2047 nova
1096 1989 1366 2045 conditur
1395 1987 1531 2054 alto,

77 2087 354 2160 Tinguitur
382 2089 438 2140 et
468 2088 630 2138 tactu
662 2082 842 2137 divini
873 2079 1210 2136 chrismatis
1241 2077 1409 2147 altar,

79 2178 188 2241 Qua:
217 2175 517 2248 relegenda
547 2173 680 2246 pius
709 2188 811 2244 pro
842 2175 1102 2242 tempore
1126 2167 1383 2240 postulat
1411 2183 1556 2222 usus

80 2267 146 2320 Ex
170 2270 410 2320 veterum
445 2261 624 2317 dictis
652 2264 851 2315 vatum
883 2257 1124 2314 collecta
1153 2261 1502 2329 sequuntur.

139 2356 270 2409 Tum
300 2369 464 2408 sacer
493 2351 770 2405 Andrzeas
798 2346 929 2402 miri
961 2364 1093 2402 cum
1124 2345 1295 2401 laude
1324 2343 1606 2416 triumphi

85 2442 384 2499 Concinitur
412 2440 761 2510 Christoque
779 2454 885 2492 suo
910 2437 1034 2507 jam
1070 2435 1370 2507 proximus
1399 2435 1578 2489 haeret

86 2534 263 2604 Optata
291 2530 379 2586 cui
412 2533 602 2585 morte
632 2526 841 2592 crucis,
875 2525 966 2581 cui
1001 2530 1194 2580 mente
1225 2523 1381 2579 fideli

89 2623 326 2687 Haaserat,
359 2625 414 2676 et
445 2623 570 2676 toto
601 2618 793 2674 cordis
826 2617 1167 2689 ﬂagraverat
1198 2618 1362 2679 wstu,

89 2711 190 2766 Non
222 2709 375 2764 illum
411 2709 624 2773 fustes,
657 2723 772 2761 non
796 2706 907 2760 diri
939 2705 1188 2760 carceris
1219 2703 1441 2768 horror,

91 2799 192 2855 Non
221 2803 446 2854 centum
476 2795 701 2867 fregere
732 2795 924 2862 minae,
961 2811 1075 2849 non
1105 2792 1338 2848 vincula
1364 2791 1522 2846 laeva.

92 2889 238 2943 Binos
263 2885 354 2942 ille
381 2885 508 2941 dies
531 2884 679 2940 sacri
712 2885 783 2938 de
813 2883 1022 2938 vertice
1053 2882 1169 2953 igni

93 2975 342 3044 Intonuit,
372 2973 549 3030 verbo
581 2972 814 3028 aetherio
844 2970 1113 3026 mortalia
1141 2970 1316 3025 corda

95 3065 428 3129 Terrificans,
461 3062 842 3133 lustransque
873 3059 1048 3114 simul
1073 3076 1187 3115 non
1212 3059 1334 3130 ipse
1365 3063 1669 3131 tyrannus,

94 3155 197 3210 Non
226 3153 374 3208 hunc
403 3151 748 3207 carnificum
799 3150 920 3204 fera
965 3148 1204 3203 brachia
1241 3149 1531 3219 turbaque
1563 3164 1707 3219 prae-

1483 3238 1639 3301 [sens

95 3329 343 3401 Amplexu
375 3327 539 3383 ehari
573 3325 758 3399 potuit
789 3324 1057 3380 divellere
1090 3324 1254 3397 ligni,

96 3418 258 3472 Donec
282 3415 633 3489 splendiﬂua
664 3414 1060 3470 circumdatus
1090 3413 1350 3486 undique
1382 3413 1556 3469 nube.
1645 3448 1656 3459 ο

99 3505 229 3560 Nulli
260 3505 613 3576 conspicuus
646 3502 910 3559 mortalis
942 3502 1101 3558 exuit
1130 3507 1313 3568 artus,

103 3594 350 3666 Fulgidus
381 3593 453 3648 ad
485 3592 790 3648 Christum
821 3591 1066 3664 fulgenti
1100 3591 1332 3647 tramite
1363 3607 1629 3664 pergens.

159 3683 431 3737 Adventus
463 3680 684 3737 Christi
717 3681 1006 3752 prmconia
1037 3681 1150 3734 fine
1183 3681 1293 3735 sub
1328 3680 1454 3752 ipso

104 3770 333 3826 Terribili
363 3785 637 3826 sermone
668 3772 832 3823 tonat
863 3785 977 3840 quo
1007 3768 1269 3823 concitus
1301 3769 1438 3824 anni

106 3859 334 3914 Circulus
362 3857 620 3913 almiﬂco
653 3856 865 3910 Christi
895 3857 1182 3912 deductus
1213 3858 1284 3912 ab
1311 3862 1464 3913 ortu.

105 3947 400 4002 Almificum
429 3945 648 4002 Christi
679 3950 988 4000 concurrat
1017 3963 1248 4019 semper
1275 3946 1334 4000 in
1367 3951 1580 4002 ortum.

107 4036 291 4108 Nempe
312 4037 402 4090 hic
423 4035 1160 4108 principium,cunctorum
1182 4035 1276 4090 hic
1302 4035 1434 4090 finis
1457 4035 1721 4090 habetur.

107 4126 144 4178 A
170 4125 310 4196 prior
336 4124 588 4194 cunctis,
621 4128 660 4170 Ω
691 4124 916 4178 cunctis
947 4123 1192 4180 ultimus
1221 4129 1428 4180 exstat.

168 4214 278 4268 Haec
307 4214 485 4285 igitur
513 4213 846 4268 veneranda
877 4213 1110 4268 Patrum
1162 4213 1338 4280 dicta,
1389 4213 1607 4286 optime
1646 4213 1726 4269 lc-

1490 4305 1655 4374 [ctor,

113 4390 629 4463 Perlegoosollicilus
660 4391 900 4446 memori
932 4391 1040 4446 sub
1073 4392 1244 4446 corde
1275 4393 1541 4463 reconde,

112 4479 317 4544 Amibus
347 4497 573 4547 exerce,
608 4480 723 4535 fido
757 4496 1025 4535 sermone
1056 4481 1304 4552 profare,

113 4567 213 4622 Non
240 4569 327 4624 hic
359 4570 664 4625 mortifero
696 4572 925 4623 metuas
955 4567 1060 4623 lita
1087 4569 1201 4623 tela
1235 4585 1472 4640 veneno,
1762 4590 1808 4654 Ι)

114 4654 205 4710 Nec
232 4655 445 4712 levibus
475 4657 700 4729 linguis
732 4655 930 4728 paleas
960 4674 1075 4712 non
1106 4656 1322 4727 pabula
1352 4638 1534 4722 fusas,
1762 4638 1805 4654 υ
2609 4638 2729 4694 νῙῙο

115 4743 265 4799 Totus
294 4744 580 4800 catholico
613 4743 943 4816 resplendet
974 4745 1112 4800 ﬂore
1134 4744 1388 4801 libellus.
1998 4744 2238 4783 TITULUS
2279 4745 2336 4783 ΙΝ
2375 4743 2576 4783 ΑΒειῡΒ
2617 4745 2894 4785 MEMORIAE
2931 4748 3128 4786 SANCTI
3165 4745 3335 4787 JUSTL

116 4830 265 4887 Totus
296 4833 470 4889 habet
502 4833 771 4906 gravium
803 4833 1132 4889 certissima
1158 4833 1314 4890 dicta
1342 4834 1620 4900 virorum,
1847 4834 2058 4890 Christi
2093 4838 2296 4890 sancta
2326 4834 2557 4902 domus,
2596 4835 2942 4908 praepollens
2974 4836 3109 4892 aula
3139 4835 3368 4908 piorum

117 4919 198 4974 Hic
226 4921 321 4977 tibi
355 4927 516 4978 recta
548 4923 694 4977 fides
725 4922 880 4978 claro
912 4939 1179 4978 sermone
1211 4923 1451 4994 patebit.
1850 4923 2088 4996 Hospita
2119 4928 2477 4991 sanctorum,
2509 4924 2792 4979 virtutum
2825 4924 3029 4980 sedula
3061 4928 3263 4992 mater,

120 5007 200 5062 Hic
226 5027 352 5082 spes
384 5017 546 5067 certa
576 5015 738 5066 tuam
771 5011 1038 5066 sustollet
1066 5012 1136 5066 ad
1170 5011 1385 5066 aethera
1416 5015 1668 5067 mentem
1851 5014 1980 5068 Haec
2010 5017 2100 5068 est
2129 5030 2305 5084 quam
2338 5013 2527 5068 cernis
2557 5030 2808 5084 semper,
2842 5013 2939 5067 ubi
2973 5013 3079 5068 rite
3108 5015 3385 5084 precanti,

119 5095 174 5150 Et
199 5098 412 5155 sincera
439 5101 609 5172 pium
642 5104 827 5172 terget
857 5100 1086 5155 dilectio
1117 5104 1339 5172 pectus.
1853 5101 2051 5158 Gratia
2079 5101 2240 5175 larga
2270 5105 2426 5173 patet
2447 5119 2550 5172 per
2580 5106 2664 5156 tot
2693 5101 2991 5156 cumulata
3021 5106 3314 5173 patronos.

122 5186 219 5249 Quo
247 5188 490 5244 ducente
524 5189 661 5256 fide,
694 5187 952 5261 locuples
983 5207 1104 5261 spe,
1138 5207 1321 5261 purus
1353 5207 1549 5245 amore
1852 5192 2007 5254 Quos
2040 5191 2290 5263 propriis
2321 5190 2511 5246 titulis
2541 5190 2848 5261 distinguit
2879 5189 3065 5260 gloria
3093 5207 3352 5248 consors.

123 5272 460 5333 Conscendas
495 5277 703 5348 rapido
734 5277 991 5332 emlestia
1021 5295 1199 5350 regna
1225 5278 1439 5344 volatu,
1853 5279 2112 5334 Convexo
2145 5280 2304 5332 varia
2333 5277 2575 5334 rutilant
2604 5296 2708 5334 ceu
2737 5279 2932 5333 sidera
2963 5279 3124 5335 cmlo.

180 5391 242 5462 (α)
277 5393 332 5448 Id
363 5399 453 5449 est
485 5394 914 5465 Augustoduni.
949 5395 1093 5450 Nam
1127 5399 1351 5450 veteres
1382 5399 1638 5450 montem
1670 5395 1880 5450 dunum
1909 5394 2224 5466 appellant.

236 5445 240 5452 ν

230 5455 236 5462 ι

1347 5625 2257 5666 -κ--Θοοοοοοςε--ο
