3896 6198
183 363 281 429 ’81

1002 355 1417 420 exposmo
1460 355 1540 417 IN
1585 355 1759 416 EPP.
1804 340 2064 416 PAULI.
2101 388 2173 398 -
2202 352 2325 416 EP.
2371 355 2473 415 AD
2516 352 2710 416 110M.

3432 312 3551 415 232

183 498 409 559 daretur.
459 489 541 566 (Β.
591 490 771 566 Aug.,
808 490 963 565 epist.
1001 480 1086 546 'ad
1130 489 1369 559 Sixtum,
1414 470 1557 546 tom.
1590 488 1660 561 ΙΙ,
1693 486 1800 545 col.
1831 493 1887 562 Α
1914 492 2173 545 tuerunt.
2209 487 2290 562 (S.
2333 489 2506 562 Aug.,
2561 472 2764 544 libsde
2813 486 3033 565 T‘riniL,
3081 490 3223 552 tom.
3262 487 3410 565 VIII,
3441 485 3551 545 col.

183 591 273 646 8T7
297 628 310 642 .

244 588 411 741 G)ratia
434 680 592 751 nobis
620 687 675 735 et
697 694 814 751 pax
842 694 877 734 a
904 679 1010 734 Deo
1039 682 1205 735 Patre
1240 684 1293 734 et
1335 677 1566 734 Domino
1610 683 1797 747 nostro

181 777 286 834 Iesu
315 771 535 841 Christo.
556 766 755 841 Gratia
782 766 885 823 Dei
914 770 1167 839 qua...et
1197 766 1510 839 prophetae.
1528 766 1796 839 (S.Aug.,

183 866 266 921 lib.
295 880 310 918 1
336 858 814 923 Retractationum,
846 860 987 912 tom.
1024 855 1067 927 I,
1101 853 1211 911 col.
1242 855 1394 928 623.)

242 964 839 1038 Primumquidem...in
852 962 1554 1029 universomundo.Beatus
1571 961 1796 1021 enim...

182 1075 281 1117 non
322 1056 520 1112 Deum.
556 1053 637 1126 (S.
677 1052 851 1126 Aug.,
892 1051 990 1107 lib.
1022 1049 1088 1106 de
1134 1050 1354 1119 Ovibus,
1385 1054 1528 1107 tom.
1564 1054 1632 1118 V,
1667 1067 1725 1123 p.
1758 1067 1799 1118 1,

182 1144 276 1204 col.
304 1142 442 1216 315).

246 1241 399 1299 Testis
423 1239 575 1295 enim
600 1238 744 1293 mihi
767 1244 847 1293 est
872 1238 1079 1295 Deus...
1100 1238 1245 1294 sicut
1272 1244 1325 1294 et
1352 1238 1413 1293 in
1442 1238 1651 1294 caeteris
1670 1252 1800 1311 gen-

181 1333 308 1389 tibus
336 1328 533 1387 Grauis
557 1343 622 1384 ac
645 1326 913 1383 barbaris.
947 1326 1066 1399 Ego
1097 1329 1295 1385 autem
1326 1325 1454 1382 dico
1484 1324 1801 1392 vobis,non

173 1422 417 1493 jurare...
449 1414 607 1473 malo
635 1419 727 1475 est
757 1413 937 1473 illius.
971 1415 1052 1483 (S.
1083 1416 1259 1489 Aug”
1293 1415 1388 1471 lib.
1423 1413 1527 1471 Ide
1554 1429 1802 1471 sermone

180 1508 385 1569 Domini
411 1507 471 1561 in
498 1511 703 1572 monte,
735 1507 879 1573 tom.
910 1503 1009 1571 Ill,
1040 1520 1098 1577 p.
1132 1520 1173 1571 1,
1207 1501 1315 1561 col.
1352 1504 1492 1559 1255
1522 1507 1579 1559 et
1608 1502 1753 1577 seq).

240 1612 575 1687 Sapientibus
601 1619 656 1669 et
685 1611 1068 1683 insipientibus
1080 1610 1297 1667 debitor
1318 1611 1550 1677 sum,ita
1581 1610 1722 1682 quod
1745 1612 1806 1667 in

179 1721 256 1762 me
274 1709 580 1776 promptum
601 1708 678 1767 est
702 1707 754 1756 et
780 1701 951 1758 vobis.
984 1702 1082 1773 qui
1111 1701 1294 1763 Romae
1329 1702 1477 1770 estis,
1522 1701 1805 1770 evangeli-

181 1809 310 1850 ωτι.
342 1792 426 1847 Tu
471 1787 767 1862 perfecisti
813 1788 996 1845 solem
1028 1792 1086 1844 et
1130 1787 1354 1845 lunam.
1389 1786 1582 1847 Solem
1634 1788 1806 1861 spiri-

1909 578 2089 634 1034).

1946 578 2047 634 034
2075 619 2089 632 .

1946 640 1951 645 ἡ
1979 578 2290 733 In)talibus
2322 674 2480 731 enim
2508 673 2711 731 formis
2739 674 2915 730 etiam
2965 673 3121 732 idola
3147 674 3552 747 instituerunt,

1907 768 2042 837 etc.,
2073 780 2241 837 usque
2270 764 2339 819 ad
2368 763 2765 820 destruantur.
2798 763 2930 833 (Id.,
2959 763 3054 819 lib.
3084 764 3281 835 Serm,
3306 768 3450 837 tom.
3484 771 3554 836 V,

1908 870 1967 925 p.
1997 870 2038 921 1,
2073 852 2182 909 col.
2217 854 2359 908 1022
2387 856 2444 907 et
2470 855 2618 925 seq.)
2656 852 2764 921 ld.,
2796 868 2867 909 ea:
2913 852 3081 924 bapt.,
3112 856 3255 925 tom.
3306 853 3396 925 IX,
3444 855 3552 912 col.

1909 943 2012 997 454
2041 945 2101 998 et
2129 942 2275 1015 seq.)

1978 1039 2254 1103 Quamvis
2301 1040 2459 1096 enim
2507 1039 2683 1097 homo
2735 1038 3103 1095 Christianus
3150 1038 3381 1108 litteris,
3420 1045 3553 1110 etc.,

1908 1144 2081 1202 usque
2123 1128 2194 1184 ad
2242 1127 2376 1185 fecit
2424 1128 2696 1201 intelligi.
2730 1129 2863 1200 (Id.,
2896 1129 2960 1185 de
2988 1128 3132 1185 Civit
3157 1130 3279 1196 Dei,
3309 1134 3452 1187 tom.
3478 1131 3553 1200 ‘V,

1910 1215 2022 1273 col.
2050 1217 2198 1289 234).
3372 1204 3377 1209 ’

1981 1315 2223 1373 Hermes
2251 1313 2757 1388 Egyptius,quem
2786 1314 3371 1389 Trimegistum,etc.,
3389 1334 3562 1390 usque

1912 1402 1983 1460 ad
2015 1403 2136 1459 fieri
2168 1403 2593 1461 daemoniorum
2627 1404 2757 1476 (Id.,
2792 1405 2889 1459 lib.
2918 1404 2983 1459 de
3031 1405 3270 1461 Civitate
3306 1407 3411 1462 Dei
3434 1422 3557 1474 vm,

1910 1495 2056 1548 tom.
2085 1491 2204 1561 VII,
2240 1492 2349 1549 col.
2384 1494 2490 1549 447
2520 1497 2577 1549 et
2608 1493 2757 1565 seq.)

1984 1589 2287 1647 Daemones
2317 1590 2518 1663 itaque
2549 1590 2649 1663 qui
2680 1589 2960 1646 coluntur
2986 1588 3047 1645 in
3077 1589 3316 1663 templis
3344 1606 3449 1663 per
3475 1608 3563 1647 ar-

1912 1682 2032 1733 tem
2063 1679 2279 1745 nescio,
2311 1683 2446 1747 etc.,
2478 1695 2651 1752 usque
2678 1679 2749 1736 ad
2778 1677 3159 1752 providentia.
3192 1679 3323 1750 (Id.,
3355 1680 3558 1743 deCiv.

1915 1767 2031 1834 Dei,
2064 1771 2206 1824 tom.
2239 1769 2360 1838 VII,
2384 1768 2492 1824 col.
2521 1769 2672 1840 252).

180 1880 437 1948 tuales,_...
482 1876 718 1941 debitor
768 1894 922 1934 sum.
968 1876 1057 1947 (Β.
1102 1878 1275 1949 Aug.,
1326 1879 1385 1933 iu
1431 1878 1574 1949 psal.
1608 1894 1800 1946 1.1111111,

1985 1864 2219 1936 Species
2251 1866 2649 1931 membrorum
2680 1870 2817 1932 etc.,
2866 1881 3036 1938 usque
3077 1865 3148 1923 ad
3193 1864 3385 1927 videre
3425 1883 3564 1925 con-.-

182 1974 308 2043 tam.
338 1966 426 2036 IV,
456 1971 614 2040 part.
646 1984 686 2037 1,
719 1965 829 2023 col.
860 1966 1010 2039 941).

241 2076 349 2132 Non
390 2074 542 2130 enim
601 2073 920 2129 erubesco...
964 2071 1156 2130 Iudaeo
1200 2074 1444 2144 primum
1491 2080 1542 2133 et
1598 2071 1805 2129 Graeco.

184 2161 626 2236 ijiciebatur...
656 2164 781 2217 tam
810 2159 1012 2223 libera.
1046 2161 1128 2234 (Β.
1152 2162 1324 2234 Aug.,
1348 2162 1406 2217 in
1433 2161 1578 2234 psal.
1613 2178 1805 2231 vam,

182 2257 308 2309 tom.
342 2251 431 2319 IV,
462 2269 523 2324 p.
557 2268 597 2318 1,
630 2250 737 2307 col.
770 2251 877 2306 856
902 2254 960 2306 et
988 2249 1135 2323 seq,)

244 2358 461 2415 Justitia
489 2359 641 2415 enim
670 2358 767 2414 Dei
794 2358 856 2413 in
892 2373 953 2413 eo
984 2357 1256 2413 revelatur
1283 2374 1353 2413 ex
1392 2356 1497 2430 ﬁde
1538 2360 1598 2414 in
1624 2357 1808 2429 ﬁdem.

185 2447 516 2523 Intelligitur
546 2446 785 2519 quidem
813 2446 961 2503 ﬁdes
999 2462 1118 2518 qua
1165 2447 1486 2503 creduntur
1515 2464 1583 2503 ea
1613 2464 1809 2520 quae.,.

185 2535 665 2609 prmetantissimae
692 2533 973 2591 veritatis.
1007 2535 1088 2606 (S.
1120 2537 1291 2609 Aug.,
1325 2536 1421 2591 lib.
1447 2537 1813 2608 qua'stionum

185 2626 472 2695 Evangelii,
506 2641 569 2697 q.
598 2627 653 2692 2,
685 2611 828 2680 tom.
863 2624 959 2692 III,
992 2640 1049 2695 p.
1083 2641 1121 2692 1,
1155 2623 1264 2681 col.
1300 2626 1440 2680 1352
1469 2629 1527 2681 ct
1556 2625 1703 2697 seq.)

246 2732 464 2791 Idem...
498 2731 919 2803 consequentia
947 2731 1174 2789 docent.
1196 2732 1283 2800 (S.
1314 2733 1486 2807 Aug.,
1510 2732 1681 2789 lib.de
1695 2732 1817 2806 Spi-

184 2822 286 2877 ritu
309 2830 357 2877 et
384 2823 591 2889 littera,
624 2823 767 2876 tom.
800 2820 867 2887 X,
898 2838 955 2893 p.
989 2838 1030 2887 1,
1064 2819 1172 2876 col.
1204 2821 1305 2875 211
1339 2824 1396 2875 et
1426 2820 1570 2894 seq).

243 2928 331 2985 Ait
356 2926 645 2985 Dominus
668 2926 973 2998 .Iesus.Ego
1001 2943 1126 2985 sum
1153 2928 1265 2993 via,
1298 2929 1501 2984 veritas
1528 2936 1580 2984 et
1607 2930 1812 2997 vita...,

182 3015 477 3088 iniquitate
507 3014 794 3072 detinent.
829 3015 910 3087 (S.
941 3018 1114 3089 Aug.,
1147 3023 1302 3072 tract.
1334 3016 1399 3071 de
1449 3016 1631 3074 Verbis
1659 3032 1815 3089 apos-

186 3105 269 3169 ιδιί
293 3106 379 3171 55,
401 3108 548 3165 tom.
581 3102 650 3179 ν,
684 3106 835 3175 part.
870 3121 908 3172 1,
943 3102 1051 3160 col.
1083 3105 1233 3176 776).

244 3208 379 3279 Quis
420 3209 588 3273 novit
636 3212 982 3281 potestatem
1032 3209 1128 3271 ira
1174 3213 1309 3279 tum,
1341 3214 1475 3278 etc.,
1527 3227 1698 3282 usque
1747 3212 1819 3269 ad

186 3296 508 3369 impiorum.
544 3296 679 3368 (Id.,
712 3299 774 3352 in
797 3298 943 3369 psal.
975 3314 1197 3367 LXXXIX,
1231 3302 1372 3360 tom.
1408 3299 1500 3367 IV,
1538 3317 1589 3371 ρ.
1625 3300 1813 3367 ιι,βοι.

190 3387 354 3441 1145).

250 3390 316 3441 45
342 3427 354 3440 .

250 3390 522 3556 Nlinquid
555 3481 722 3551 dixit,
754 3486 887 3551 etc.,
926 3500 1099 3555 usque
1142 3484 1213 3539 ad
1259 3483 1423 3540 stulti
1469 3485 1606 3541 facti
1657 3488 1817 3541 sunt.

189 3570 306 3640 (Id.,
334 3588 497 3628 serm.
531 3571 627 3639 56,
657 3570 723 3629 de
769 3571 947 3628 verbis
994 3572 1226 3643 Evang.,
1272 3575 1415 3629 tom.
1465 3573 1532 3642 V,
1584 3578 1735 3655 part.
1778 3590 1817 3643 1,

189 3658 284 3723 col.
304 3661 413 3715 776
440 3664 504 3717 et
535 3659 687 3732 seq.)

249 3754 403 3812 Unde
434 3757 679 3829 probas,
710 3760 842 3824 etc.,
892 3773 1062 3830 usque
1106 3757 1180 3814 ad
1223 3758 1447 3815 fortiter
1492 3758 1814 3816 ambulare.

184 3843 304 3913 (Id.,
334 3845 500 3913 ibid.,
529 3850 681 3903 tom.
711 3844 782 3912 ν,
810 3862 866 3919 p.
895 3863 936 3912 1,
970 3846 1078 3907 col.
1110 3848 1216 3902 777
1247 3851 1302 3903 et
1325 3847 1473 3920 seq.)

242 3946 342 4006 Via
371 3950 613 4008 Domini
643 3954 746 4007 aut
771 3967 888 4007 non
920 3956 1064 4020 erat,
1095 3956 1198 4008 aut
1224 3952 1461 4021 latebat,
1484 3956 1617 4020 etc.,
1651 3970 1837 4026 usque

180 4036 241 4091 ad
265 4037 372 4095 nisi
404 4039 465 4095 in
494 4043 578 4096 te.
611 4039 745 4113 (Id.,
775 4055 938 4096 serm.
972 4041 1025 4110 8,
1059 4040 1125 4097 de
1150 4041 1328 4113 verbis
1355 4041 1658 4113 Evangelii,
1672 4046 1817 4098 tom.

179 4124 239 4193 V,
268 4143 322 4199 p.
356 4145 395 4197 1,
422 4127 537 4185 col.
572 4128 681 4184 436
709 4131 766 4184 et
794 4131 944 4201 seq.)

240 4235 554 4301 Invisibilia
586 4237 736 4305 enim
763 4236 880 4311 ejus
893 4251 995 4311 per
1010 4251 1077 4311 ea
1102 4250 1229 4311 quae
1251 4237 1398 4311 facta
1415 4244 1543 4311 sunt
1572 4238 1819 4309 intellec-

178 4325 687 4397 tacouspiciuntur.
720 4323 882 4380 Unde
929 4328 1258 4398 arguuntur
1304 4325 1363 4381 in
1392 4324 1544 4393 libro
1573 4326 1819 4400 Sapien-

180 4408 280 4478 tia,
312 4415 445 4483 etc.,
478 4428 656 4486 usque
684 4412 755 4479 ad
783 4429 917 4469 cum
948 4413 1133 4469 Deum
1182 4413 1520 4486 querimus.
1555 4414 1684 4489 (Id.,
1719 4416 1816 4477 lib.

179 4497 236 4554 de
266 4499 534 4557 Trinitate
563 4518 659 4581 xv,
692 4505 834 4571 tom.
868 4501 1015 4570 VIII,
1050 4499 1159 4557 col.
1195 4502 1375 4575 1058).

238 4604 527 4663 Viderunt
559 4623 698 4680 ergo
728 4608 849 4677 isti,
876 4612 1015 4677 [etc.,
1046 4625 1218 4681 usque
1255 4609 1329 4681 all
1370 4614 1584 4669 cuncta
1629 4615 1823 4675 creata
1850 4597 1898 4662 D

182 4697 324 4767 sunt.
360 4695 497 4769 (Id.,
544 4697 648 4753 lib.
696 4696 762 4763 de
788 4696 1025 4769 Civitate
1067 4699 1168 4759 Dei
1210 4702 1506 4771 v1u,tom,
1552 4698 1673 4767 VII,
1709 4700 1817 4757 col.

176 4782 267 4855 231
295 4788 352 4839 et
382 4784 533 4859 seq.)

238 4888 653 4965 Rhilogpphps,
680 4894 817 4963 etc.,
846 4907 1017 4965 usque
1062 4892 1135 4957 ad
1177 4890 1438 4965 inlicere.
1466 4892 1603 4965 (Id.,
1630 4894 1728 4957 lib.
1758 4894 1825 4959 de

182 4976 431 5051 Triuitate
461 4996 544 5050 1v,
578 4983 728 5053 tom.
759 4980 912 5051 VIII,
942 4979 1056 5051 pol.
1088 4980 1240 5054 908.)

238 5082 347 5141 Nec
377 5086 452 5142 ad
485 5085 654 5142 aliud
687 5086 925 5159 quidem
959 5086 1122 5160 digni
1148 5086 1336 5143 habiti
1386 5090 1528 5143 sunt
1548 5091 1617 5143 ut
1647 5088 1707 5143 in
1738 5088 1824 5151 eis

178 5168 279 5227 ista
305 5190 410 5246 per
438 5179 686 5231 sanctos
728 5175 969 5249 angelos
1016 5175 1451 5251 nuntiarentur.
1488 5175 1607 5232 Βίνθ
1653 5177 1828 5234 forin-

180 5274 332 5318 secus
365 5279 473 5335 per
503 5280 720 5320 sensus
747 5265 1028 5337 corporis,
1062 5265 1181 5321 sive
1212 5263 1589 5321 interioribus
1618 5264 1827 5321 revela-

180 5348 427 5417 tionibus
454 5351 524 5411 in
554 5352 771 5425 spiritu
799 5352 1114 5428 cupressis,
1140 5357 1280 5420 etc.,
1312 5369 1480 5424 usque
1525 5353 1598 5419 ad
1628 5370 1828 5426 ρει-νει

342 5440 475 5511 (Id.,
513 5449 673 5509 tract.
708 5443 997 5512 Evangelii
1038 5441 1337 5498 secundum
1378 5444 1535 5498 Joan.
1569 5458 1630 5509 11,
1679 5446 1824 5499 tom.

185 5523 266 5596 ΠΙ,
298 5528 402 5594 cat
434 5529 595 5595 4390
625 5533 678 5589 et
711 5532 859 5603 seq.)

245 5631 527 5708 Pracipui
561 5636 828 5707 gentium
859 5634 1215 5710 philosophi,
1246 5638 1555 5707 etc.,usque
1581 5635 1830 5694 adinsti-

1917 1954 2123 2009 suevit.
2159 1954 2286 2026 (Id.,
2323 1957 2380 2010 i-n
2424 1956 2570 2027 psal.
2603 1969 2758 2023 cx.11,
2793 1958 2936 2010 tom.
2971 1953 3064 2021 IV,
3097 1970 3154 2027 p.
3187 1971 3248 2023 11,
3281 1954 3391 2011 col.
3426 1957 3566 2013 1483

1915 2046 1973 2098 et
1997 2046 2146 2115 seq.)

1987 2130 2275 2187 Viderunt
2323 2131 2444 2187 11830
2507 2129 3013 2204 intelligentiores,
3072 2134 3204 2199 etc.,
3265 2147 3437 2204 usque
3493 2131 3569 2189 ad

1918 2219 2221 2277 subvertit.
2253 2221 2382 2293 (Id.,
2414 2221 2511 2287 lib.
2544 2238 2602 2278 1v
2628 2220 2694 2281 de
2723 2220 2951 2285 Civitate
2980 2220 3096 2288 Dei,
3131 2223 3276 2293 tam.
3307 2219 3430 2301 v11,
3453 2219 3566 2293 col,

1922 2309 2025 2365 136
2056 2312 2114 2367 et
2143 2312 2294 2381 seq.)

1991 2408 2180 2464 Brevis
2227 2407 2475 2463 omnum
2521 2421 2648 2479 quae
2689 2407 2945 2465 adversus
2995 2406 3268 2465 idolorum
3314 2406 3567 2474 cultores,

1920 2498 2033 2553 sive
2062 2498 2396 2553 institutores
2421 2512 2590 2568 supra
2634 2496 2702 2552 ab
2748 2496 2985 2568 apostolo
3027 2495 3172 2552 dicta
3202 2504 3332 2552 sunt
3359 2499 3569 2569 recapi-

1923 2585 2287 2651 tulatio.Quia
2316 2601 2447 2640 cum
2480 2585 2890 2658 cognovissent
2918 2585 3125 2651 Deum,
3143 2589 3277 2651 etc.,
3299 2602 3473 2663 usque
3502 2586 3573 2643 ad

1923 2672 2283 2730 illuminabit
2305 2679 2361 2730 te
2391 2672 2926 2743 Christus.(ld.,lib,
2952 2672 3018 2730 de
3045 2673 3253 2731 Natura
3272 2680 3324 2734 et
3350 2675 3570 2740 Gratia,

1924 2765 2068 2819 tom.
2101 2762 2166 2830 X,
2199 2779 2254 2836 p.
2290 2779 2330 2829 1,
2359 2761 2469 2818 col.
2500 2762 2606 2829 258
2632 2765 2688 2818 et
2719 2764 2866 2837 seq.)

1997 2861 2140 2917 Item
2171 2859 2362 2917 brevis
2399 2859 2736 2921 eorumdem
2784 2858 3096 2925 verborum
3143 2856 3569 2930 recapitulatio.

1925 2950 2212 3010 Revelatur
2254 2950 2406 3011 enim
2455 2950 2544 3005 ira
2590 2949 2698 3005 Dei
2747 2946 2813 3007 de
2855 2947 2986 3004 calo
3031 2962 3197 3018 super
3222 2962 3438 3015 omnem
3462 2948 3572 3017 ina-

1919 3040 2199 3111 pietatem.
2223 3040 2507 3109 Quorum,
2537 3041 2669 3108 etc.,
2695 3051 2866 3108 usque
2896 3035 2966 3091 ad
3006 3051 3189 3108 quam
3220 3034 3571 3105 Creatorem.

1925 3128 2059 3196 (Id.,
2088 3143 2251 3183 serm.
2282 3126 2347 3184 de
2370 3124 2606 3197 Kalend.
2638 3125 2927 3195 Januarii,
2954 3127 3098 3185 tom.
3129 3123 3199 3197 V,
3228 3126 3380 3197 part.
3414 3123 3571 3192 1,col.

1846 3230 1890 3297 ρ
1929 3216 2062 3272 1021
2096 3220 2153 3286 et
2181 3218 2333 3289 seq.)

2001 3311 2113 3368 Sed
2144 3329 2226 3366 vae
2255 3310 2437 3379 tibi,si
2467 3308 2753 3365 amaveris
2784 3308 3017 3365 condita
3031 3312 3088 3365 et
3103 3308 3578 3377 deserueriscon-

1929 3400 2176 3465 ditarem
2229 3401 2333 3471 (Ea:
2376 3415 2621 3465 sermone
2671 3398 2936 3463 secunda
2979 3398 3241 3470 Epistolz
3290 3398 3573 3471 Joannis).

1930 3487 2180 3547 Pulchra
2204 3487 2308 3549 tibi
2342 3491 2503 3559 sunt,
2526 3487 2626 3551 sed
2658 3490 2891 3559 quanto
2914 3489 3005 3543 est
3034 3485 3132 3547 ille
3161 3486 3460 3559 pulchrior
3473 3486 3576 3559 qui

1927 3575 2043 3633 ista
2072 3576 2363 3632 formavit.
2400 3576 2668 3631 Intendat
2696 3574 2953 3632 charitas
2980 3575 3278 3635 vestra.Ne
3307 3579 3580 3648 surrepat

1927 3666 2093 3725 vobis
2123 3667 2391 3733 Satanas,
2415 3665 2634 3731 dicens,
2660 3680 2786 3736 quea
2812 3663 2968 3727 solet
2997 3662 3206 3731 dicere.
3226 3664 3379 3731 Bene
3406 3664 3578 3731 nobis

1929 3754 2007 3811 sit
2035 3753 2094 3811 in
2125 3758 2393 3811 creatura
2432 3752 2554 3813 Dei.
2588 3754 2775 3823 Quare
2803 3751 2964 3813 illam
2992 3753 3126 3813 fecit
3156 3753 3330 3829 Deus,
3366 3751 3479 3829 nisi
3510 3756 3578 3831 ut

1928 3845 2077 3903 bene
2104 3843 2273 3911 nobis
2303 3841 2415 3900 sit?
2444 3845 2500 3903 et
2530 3841 2915 3921 inebriantur,
2947 3843 3004 3907 et
3054 3845 3320 3914 pereunt,
3353 3846 3410 3901 et
3434 3840 3582 3901 obli-

1926 3933 2231 4001 viscuntur
2260 3936 2578 4011 creatorem
2609 3946 2807 4009 suum,
2825 3930 3009 3993 duum
3036 3946 3157 3987 non
3187 3933 3583 4005 temperanter

1929 4023 2032 4078 sed
2061 4020 2381 4093 cupiditate
2409 4023 2661 4075 utuntur
2687 4017 2982 4085 creatis,et
3010 4020 3234 4072 creator
3260 4018 3583 4083 contemni-1

1927 4109 2130 4187 tur.De
2158 4108 2379 4177 talibus
2411 4107 2553 4165 dicit
2579 4105 2915 4181 Apostolus:
2933 4104 3250 4179 Qpluerupt
3276 4108 3336 4163 et
3364 4106 3577 4175 servis-

1929 4201 2069 4280 runt
2098 4200 2371 4275 creatures
2402 4195 2596 4268 potius
2629 4211 2806 4269 quam
2838 4193 3105 4269 creatori,
3139 4192 3240 4271 qui
3288 4196 3377 4265 est
3404 4194 3579 4267 bene-

1928 4286 2120 4342 dictus
2143 4284 2203 4340 in
2237 4284 2466 4342 saecula.
2498 4284 2624 4340 Non
2653 4288 2710 4339 te
2740 4282 3010 4356 prohibet
3029 4282 3184 4338 Deus
3209 4299 3414 4359 amare
3442 4280 3577 4353 ista,

1929 4375 2030 4435 sed
2064 4392 2178 4433 non
2210 4372 2452 4448 diligere
2481 4374 2555 4441 ad
2588 4371 3141 4439 beatitudinem,sed
3173 4371 3496 4445 approbare
3522 4374 3583 4445 et

1928 4463 2171 4531 laudare
2219 4466 2286 4520 ut
2330 4474 2492 4520 ames
2540 4465 2885 4521 creatorem.
2918 4461 3068 4539 Ergo
3099 4460 3259 4519 dedit
3288 4459 3395 4516 tibi
3424 4459 3582 4517 Deus

1927 4553 2042 4611 ista
2069 4551 2287 4621 omnia,
2318 4568 2454 4617 ama
2482 4548 2651 4613 illum
2686 4548 2787 4624 qui
2818 4548 2974 4605 fecit.
3006 4547 3145 4611 Plus
3175 4551 3265 4616 est
3293 4547 3448 4620 quod
3475 4546 3582 4602 tibi

1928 4642 2053 4699 vult
2083 4643 2241 4709 dare,
2271 4640 2330 4698 id
2363 4643 2452 4697 est
2482 4639 2747 4712 seipsum
2778 4637 2879 4712 qui
2928 4639 3044 4705 ista
3093 4636 3243 4715 fecit.
3276 4634 3583 4705 Credimus

1932 4730 2109 4787 etiam
2142 4730 2297 4802 quod
2327 4730 2490 4785 sedet
2519 4726 2787 4783 Christus
2818 4728 2891 4782 ad
2919 4727 3215 4799 dexteram
3230 4724 3580 4808 Patris,etc.,

1930 4837 2100 4893 usque
2129 4819 2200 4875 ad
2232 4819 2427 4889 futura
2456 4816 2552 4877 sit.
2585 4816 2716 4891 (Id.,
2747 4831 2892 4893 serra
2920 4814 2984 4870 de
3012 4815 3455 4891 Symbolq,.tom.
3486 4813 3581 4882 VI,

1933 4908 2043 4965 col.
2072 4909 2219 4976 188).

2002 5012 2232 5080 Propter
2253 5002 2394 5085 quod
2419 5001 2648 5072 tradidit
2676 5001 2828 5069 illivs
2858 5005 3004 5071 Deus
3017 5001 3077 5057 in
3099 4999 3376 5073 desideria
3403 4998 3584 5063 cordis

1930 5111 2137 5163 eorum,
2164 5096 2222 5155 in
2254 5091 2680 5148 immunditiam.
2715 5088 2885 5159 Dedit
2915 5087 3046 5143 illos
3076 5087 3230 5153 Deus
3276 5086 3337 5140 in
3371 5102 3584 5141 concu-

1936 5182 2328 5259 cupiscentias
2360 5178 2550 5243 cordis
2581 5194 2806 5244 eorum,
2841 5180 2930 5233 etc
2960 5218 2974 5244 ,
3008 5191 3177 5255 usque
3223 5174 3295 5230 ad
3333 5189 3583 5241 consen-

1936 5277 2138 5330 serunt
2165 5268 2483 5342 iniquitati.
2518 5267 2646 5338 (Id.,
2679 5266 2775 5321 lib.
2809 5265 2874 5337 de
2902 5264 3117 5336 Spiritu
3146 5271 3197 5333 et
3227 5264 3607 5330 littera,tom.'

1934 5362 2002 5431 X,
2032 5364 2181 5433 part.
2216 5377 2256 5425 1,
2290 5356 2398 5413 col.
2432 5354 2583 5426 235).

2005 5457 2108 5513 His
2153 5459 2211 5511 et
2251 5453 2468 5528 talibus
2511 5450 2886 5519 testimoniis,
2919 5455 3053 5520 etc.,
3084 5466 3256 5528 usque
3414 5446 3588 5525 malis
3674 5497 3680 5501 .

1935 5544 2133 5623 bona?
2162 5544 2294 5613 (Id.,
2328 5522 2411 5595 lib
2434 5539 2498 5613 de
2528 5539 2715 5596 Gratia
2744 5548 2796 5597 et
2845 5518 3017 5600 libero
3040 5518 3485 5619 Varbitrio,'to‘m.
3515 5518 3586 5604 Χ,

1938 5652 1997 5709 p.
2031 5653 2070 5704 1,
2104 5631 2213 5690 col.
2244 5627 2394 5700 909).
