3896 6198
332 296 447 361 283

1542 302 1773 366 FLORI
1815 303 2128 367 DIACONI
2171 306 2554 373 MONACHI.

3610 313 3729 377 284

402 433 691 493 Mercedem
721 440 966 491 mutuam
995 450 1161 508 quam
1187 436 1423 509 oportuit
1450 439 1655 494 erroris
1682 439 1775 493 sui
1802 454 1864 493 in
1892 454 1971 494 se-
1998 438 2054 503 Α
2080 455 2150 495 ex
2177 442 2403 513 epistola
2425 441 2663 500 secunda
2690 441 2761 501 ad
2792 443 3139 503 Valentinum
3165 442 3232 504 de
3264 442 3451 505 Gratia
3475 455 3528 504 et
3556 446 3729 505 libero

330 527 572 597 metipsis
615 527 950 597 recipientes.
1003 525 1342 597 Oportuisse
1391 527 1605 598 quippe
1655 544 1791 591 non,
1837 530 1970 597 etc.,

329 631 498 686 usque
529 615 599 669 ad
628 614 877 687 turpiter
914 613 1073 669 libet.
1111 615 1189 687 (S.
1223 616 1393 687 Aug.,
1430 616 1524 671 lib.
1558 633 1575 670 1
1624 624 1811 671 contra
1862 618 1969 671 ini-

328 705 517 759 micun
548 705 682 773 legis
713 712 764 760 et
785 704 1195 777 prophetarum,
1226 706 1367 758 tom.
1402 704 1548 771 VIII,
1573 704 1679 759 col.
1714 706 1858 771 635).

402 810 695 866 Inchoatio
727 815 834 877 est,
867 816 1177 882 etc.,usque
1206 811 1275 866 ad
1300 812 1583 884 gaudium
1616 811 1969 868 Dominitui.

329 897 457 970 (Id.,
492 902 553 955 in
577 901 717 972 psal.
750 918 826 966 v1,
865 905 1001 955 tom.
1039 901 1131 969 IV,
1166 918 1222 971 p.
1254 918 1291 968 ι,
1325 900 1435 956 col.
1463 901 1574 973 94).

398 1009 587 1078 Hujus
614 1007 791 1079 igitur
820 1007 916 1062 iraa
947 1007 1242 1063 inchoatio
1274 1011 1380 1076 est,
1415 1024 1592 1079 quam
1624 1009 1681 1062 in
1715 1008 1824 1063 hac
1853 1007 1971 1063 vita

326 1096 545 1169 patitur
574 1097 823 1168 quisque
855 1097 1274 1169 peccator.l\'on
1307 1113 1444 1167 ergo
1474 1102 1838 1168 pmnas,etc.,
1872 1114 1969 1151 us-

323 1203 425 1258 que
452 1186 523 1241 ad
553 1186 877 1259 perdidisse
908 1189 1148 1257 putatur
1178 1186 1351 1241 Deus.
1385 1186 1515 1256 (Id.,
1550 1188 1610 1241 in
1635 1187 1969 1257 psal.,Lvn.)

395 1294 524 1349 Haec
555 1293 709 1349 mala
738 1309 990 1359 morum,
1027 1296 1159 1355 etc.,
1192 1309 1362 1363 usque
1390 1294 1461 1347 ad
1508 1292 1796 1364 signiﬁcat
1829 1309 1965 1365 gra-

321 1381 434 1437 tiae.
470 1383 602 1449 (Id.,
749 1389 981 1437 traraetu
1012 1384 1068 1436 in
1100 1382 1240 1453 psal.
1276 1398 1481 1447 LXXVII,
1515 1385 1656 1437 tom.
1694 1381 1786 1449 IV,
1821 1399 1877 1454 p.
1926 1400 1963 1452 ι,

322 1470 431 1526 col.
466 1472 602 1525 1003
632 1476 687 1526 et
717 1472 863 1542 seq.)

390 1575 578 1631 Etiam
602 1592 734 1632 cum
763 1581 971 1642 rectas,
1005 1580 1136 1642 etc.,
1161 1594 1331 1649 usque
1360 1577 1429 1632 ad
1460 1577 1718 1650 stuporis
1747 1577 1805 1632 in
1832 1572 1963 1633 cor-

318 1682 479 1738 pore.
513 1666 647 1735 (Id.,
681 1666 776 1721 lib.
810 1667 874 1721 de
899 1668 1129 1723 Civitate
1158 1668 1257 1722 Dei
1279 1683 1392 1733 xxv,
1426 1671 1567 1722 tom.
1601 1666 1744 1734 VII).

2080 529 2333 599 arbitrio,
2368 536 2507 587 tom.
2541 532 2609 599 ΙΙ,
2645 532 2752 589 col.
2785 534 2884 589 971
2919 538 2975 591 et
3005 534 3152 607 seq.)

2152 618 2336 675 Gloria
2366 628 2621 688 autem,et
2646 624 2893 691 honor,et
2910 641 3026 696 pax
3054 627 3207 681 omni
3225 627 3477 698 aperanti
3506 625 3723 693 bonum,

2078 707 2274 765 Judwo
2301 711 2546 781 primum
2574 720 2623 767 et
2654 712 2856 769 Graeco.
2891 712 3006 768 Pax
3032 713 3266 779 Christi,
3303 714 3482 769 ﬁnem
3511 719 3727 789 tempo-

2079 794 2182 864 ris,
2214 802 2345 865 etc.,
2378 816 2545 870 usque
2575 800 2644 855 ad
2676 801 2921 873 spiritus
2950 806 3057 858 est.
3092 803 3171 875 (S.
3206 804 3378 875 Aug.,
3412 804 3729 861 lib.senten-

2078 888 2284 941 tiarum
2311 890 2582 960 Prosperi,
2615 889 2680 956 X,
2715 894 2863 962 part.
2891 908 2951 957 ιι,
2985 891 3094 946 col.
3132 892 3315 960 1894.)

2148 979 2269 1030 Νοη
2293 979 2441 1032 enim
2471 985 2548 1033 est
2578 980 2814 1050 acceptio
2852 996 3235 1052 personarum,
3266 985 3400 1045 etc.,
3436 998 3625 1054 usque
3655 983 3722 1037 ad

2066 1063 2483 1134 judicabantur.
2516 1066 2806 1122 Nimirum
2838 1084 2971 1122 cum
3002 1068 3223 1124 diceret
3247 1068 3721 1141 Apostolus,etc.,

2076 1169 2245 1224 usque
2297 1155 2366 1208 ad
2413 1159 2743 1226 peccatores
2793 1160 2977 1211 terra.
3031 1157 3162 1225 (Id.,
3216 1160 3275 1212 in
3325 1158 3471 1229 psal.
3526 1175 3721 1227 cxvm,

2073 1244 2215 1297 tom.
2250 1242 2341 1310 IV,
2375 1260 2431 1315 p.
2468 1260 2524 1311 ιι,
2558 1243 2665 1298 col.
2702 1245 2840 1299 1572
2870 1248 2926 1299 et
2957 1247 3105 1316 seq.)

2144 1331 2425 1402 Ejusmodi
2453 1333 2620 1404 legem
2650 1348 2759 1388 non
2808 1333 3080 1401 habentes,
3125 1336 3234 1407 ipsi
3280 1335 3393 1390 sibi
3432 1342 3564 1390 sunt
3617 1337 3723 1402 lex,

2073 1422 2169 1490 qui
2195 1420 2481 1477 ostendunt
2508 1439 2640 1494 opus
2672 1423 2807 1491 legis
2858 1425 3123 1494 scriptum
3173 1423 3233 1477 in
3280 1423 3541 1479 cordibus
3588 1427 3723 1481 suis.

2073 1508 2243 1564 Nulla
2272 1514 2358 1564 est
2388 1510 2586 1565 anima
2616 1511 2996 1582 quantumvis
3027 1528 3316 1584 perversa,
3342 1529 3471 1584 qua:
3504 1516 3723 1579 tamen,

2072 1600 2205 1666 etc.,
2234 1615 2403 1670 usque
2431 1599 2501 1654 ad
2528 1600 2761 1655 sentiat.
2796 1600 2926 1668 (Id.,
2959 1601 3115 1655 lib.11
3146 1600 3209 1656 de
3228 1616 3477 1657 sermone
3506 1602 3729 1657 Domini

2072 1688 2133 1741 in
2162 1696 2360 1754 monte,
2383 1692 2524 1744 tom.
2559 1688 2654 1754 III,
2685 1693 2833 1760 part.
2869 1705 2908 1755 ι,
2937 1689 3044 1744 col.
3083 1691 3262 1758 1283).

388 1774 531 1829 Tres
562 1790 699 1845 ergo
732 1773 1085 1842 affectiones,
1118 1776 1252 1840 etc.,
1284 1790 1454 1845 usque
1482 1773 1553 1828 ad
1588 1777 1644 1829 et
1690 1791 1793 1846 ego
1842 1791 1957 1829 non
1990 1807 2038 1872 Β
2144 1777 2343 1847 Manu,
2371 1782 2504 1844 etc.,
2538 1794 2707 1849 usque
2733 1778 2803 1833 ad
2829 1778 3137 1851 peregrino
3180 1781 3476 1850 praestare.
3515 1780 3720 1850 (Idem,

316 1880 478 1919 uxor.
513 1864 645 1934 (Id.,
680 1864 739 1917 in
783 1863 926 1935 psal.
979 1879 1066 1934 ιν,
1116 1865 1259 1918 tom.
1311 1862 1403 1933 IV,
1454 1880 1510 1935 p.
1544 1881 1582 1932 1,
1625 1863 1733 1919 col.
1765 1864 1872 1918 650
1901 1867 1958 1919 et
1990 1862 2035 1872 “’
2068 1866 2127 1920 in
2147 1866 2288 1936 psal.
2324 1883 2454 1933 Lvu,
2475 1871 2618 1921 tom.
2653 1866 2748 1932 IV,
2781 1870 2931 1939 part.
2966 1884 3006 1934 1,
3034 1866 3146 1922 col.
3179 1868 3287 1922 673
3317 1870 3375 1923 et
3405 1871 3563 1941 seq.)

317 1958 467 2026 seq.)

962 2076 1193 2132 CAPUT
1234 2076 1301 2132 ΙΙ.

382 2223 610 2294 Propter
655 2220 797 2293 quod
841 2218 1232 2274 inexcusabilis
1279 2234 1334 2274 es
1381 2236 1411 2275 o
1457 2219 1612 2274 homo
1658 2222 1830 2276 omnis
1858 2223 1957 2292 qui

301 2311 541 2384 judicas.
571 2309 707 2365 Illos
739 2308 1063 2380 Scriptura,
1082 2312 1401 2379 etc.,usque
1429 2308 1499 2363 ad
1518 2309 1686 2379 justa
1709 2309 1953 2364 damna-

308 2401 411 2456 tio.
448 2400 579 2472 (ld.,
609 2400 781 2469 Epist.
814 2398 884 2453 ad
913 2397 1132 2453 Sixtum
1155 2398 1548 2470 presbyterum,
1578 2401 1718 2453 tom.
1754 2398 1947 2466 II,coI.

306 2490 412 2545 882
440 2494 499 2545 et
527 2491 676 2561 seq.)

379 2580 672 2653 Scriptum
704 2583 810 2647 est,
829 2582 1137 2650 etc.,usque
1167 2577 1236 2632 ad
1256 2580 1312 2632 te
1342 2577 1537 2649 ipsum
1569 2579 1945 2633 condemnas.

309 2672 441 2742 (Id.,
476 2670 571 2726 lib.
600 2687 636 2724 ν
663 2669 729 2724 de
758 2670 1041 2740 baptismo,
1076 2670 1216 2723 tom.
1251 2666 1341 2735 IX,
1374 2666 1480 2722 col.
1508 2667 1650 2739 192.)

379 2777 579 2833 Eadem
628 2778 777 2832 enim
805 2776 926 2844 agis
971 2789 1098 2846 qua
1115 2774 1335 2846 judicas
1361 2773 1575 2829 Scimus
1621 2774 1770 2829 enim
1811 2789 1948 2844 quo-

305 2868 459 2922 niam
479 2866 755 2937 judicium
772 2865 873 2920 Dei
898 2871 975 2919 est
1000 2862 1296 2919 secundum
1324 2864 1609 2919 veritatem
1649 2865 1709 2917 in
1736 2878 1825 2918 eos
1853 2864 1951 2934 qui

305 2948 662 3025 talia'agunt.
696 2954 841 3009 Huic
868 2957 1063 3008 autem
1095 2951 1239 3007 dixit
1268 2950 1717 3023 Apostoluszoui
1738 2952 1948 3022 praedi-

305 3060 393 3100 cas
440 3060 553 3099 non
596 3042 900 3115 furandum
943 3042 1175 3112 furaris,
1222 3043 1279 3095 et
1325 3044 1548 3095 cratera.
1591 3040 1744 3095 Deus
1791 3040 1946 3111 apud

304 3149 478 3206 quem
511 3131 674 3187 nulla
702 3135 791 3187 est
818 3128 1122 3201 iniquitas,
1157 3132 1291 3195 etc.,
1324 3144 1495 3199 usque
1533 3128 1602 3183 ad
1649 3144 1945 3184 commen-

304 3221 473 3277 detur
502 3221 633 3289 (Id.,
664 3221 818 3291 epist.
869 3218 941 3272 ad
983 3216 1376 3283 Macedoniam,
1410 3220 1553 3270 tom.
1587 3216 1659 3283 ΙΙ,
1699 3214 1808 3271 col.
1840 3217 1946 3271 654

304 3313 361 3366 et
388 3326 511 3366 sea.

388 3327 450 3366 se
499 3353 511 3365 .

372 3309 621 3454 Angulus
653 3395 805 3452 male
834 3393 946 3450 sibi
978 3391 1269 3460 conscius,
1300 3396 1432 3460 etc.,
1468 3408 1638 3464 usque
1675 3392 1746 3448 ad
1774 3394 1946 3449 dam-

305 3487 485 3543 natio.
519 3486 649 3558 (Id.,
682 3484 783 3540 lib.
834 3482 1242 3539 Sententiarum
1290 3483 1561 3553 Prosperi,
1608 3485 1750 3537 tom.
1783 3482 1849 3550 X,
1885 3499 1940 3554 p.

305 3593 364 3641 ιι,
397 3573 508 3630 col.
542 3573 723 3640 1870).

375 3682 475 3735 Hic
502 3680 652 3735 enim
700 3676 1115 3743 misericordim,
1144 3679 1277 3743 etc.,
1318 3691 1485 3747 usque
1534 3674 1605 3730 ad
1649 3690 1942 3731 coronam.

306 3768 435 3837 (Id.,
470 3770 531 3822 in
556 3767 699 3838 psal.
733 3782 785 3832 c,
818 3769 959 3820 tom.
998 3764 1089 3833 IV,
1122 3781 1179 3836 p.
1213 3781 1273 3832 ιι,
1307 3763 1415 3820 col.
1448 3765 1588 3819 1232
1611 3767 1668 3819 et
1698 3765 1844 3836 seq.)

375 3855 518 3921 Quid
554 3860 675 3911 tam
706 3853 1131 3926 longanimum,
1164 3856 1293 3920 etc.,
1325 3869 1495 3925 usque
1523 3853 1593 3909 ad
1620 3853 1680 3907 in
1723 3854 1944 3926 gemitu

307 3944 662 4002 columbino.
698 3944 826 4013 (Id.,
857 3945 916 3998 in
943 3944 1085 4015 psal.
1119 3958 1213 4011 cu,
1246 3946 1388 3998 tom.
1414 3941 1505 4012 IV,
1539 3947 1687 4013 part.
1730 3959 1792 4010 ιι,
1833 3941 1940 3998 col.

306 4036 491 4103 1330.)

374 4124 684 4179 Intendant
712 4137 846 4194 ergo
877 4120 979 4192 qui
1008 4124 1228 4187 amant,
1260 4124 1394 4187 etc.,
1428 4137 1598 4194 usque
1645 4120 1715 4176 ad
1763 4120 1941 4176 corri-

304 4211 483 4285 garis.
537 4211 667 4282 (Id.,
698 4217 855 4266 tract.
896 4210 965 4264 33
1013 4212 1071 4265 in
1117 4210 1298 4277 Joan.,
1332 4213 1473 4265 tom.
1511 4210 1609 4276 III,
1644 4226 1699 4280 p.
1734 4223 1796 4276 ιι,
1830 4208 1937 4264 col.

305 4300 444 4355 1659
472 4303 528 4354 et
557 4298 701 4370 seq.)

374 4388 681 4443 Secundum
708 4386 975 4443 duritiam
1003 4395 1184 4443 autem
1216 4394 1366 4442 tuam
1386 4395 1437 4441 et
1457 4387 1798 4457 impwnitens
1826 4401 1937 4450 cor,

304 4478 638 4532 thesaurizas
661 4477 765 4531 tibi
791 4478 936 4531 iram
966 4478 1025 4530 in
1053 4475 1139 4530 die
1188 4477 1292 4531 ira:
1335 4481 1387 4529 et
1434 4474 1779 4528 reuelationis
1800 4474 1945 4544 justi

527 4528 1286 4633 Deipetch-‘besauros,etc.,
1305 4578 1473 4633 usque
1500 4561 1571 4615 ad
1600 4528 1938 4632 implentur.
1971 4546 2018 4610 D
2050 4528 2321 4637 Tituli}

304 4654 536 4726 (Id.,lib.
573 4672 586 4710 1
617 4662 802 4710 contra
834 4655 1123 4709 inimicum
1148 4652 1280 4722 legis
1309 4656 1363 4706 et
1382 4650 1937 4721 prophetarum,tom.

300 4742 448 4811 VIII,
482 4742 590 4799 col.
623 4745 722 4799 621
758 4746 815 4797 et
844 4742 988 4813 seq.)

372 4848 661 4921 Quidquid
694 4863 830 4920 ergo
856 4846 1033 4901 homo
1079 4842 1217 4898 facit
1263 4842 1457 4909 modo,
1489 4845 1621 4910 etc.,
1657 4859 1825 4914 usque
1873 4844 1942 4899 ad

302 4937 361 4992 in
394 4938 587 4993 futuro
620 4935 940 5008 possideas.
977 4933 1108 5005 (Id.,
1139 4947 1299 4986 serm.
1343 4930 1407 4985 de
1443 4946 1604 4985 versu
1629 4932 1770 5002 psal.
1802 4932 1942 4987 Deus

299 5029 586 5098 manifeste
612 5026 808 5091 veniet,
841 5026 984 5077 tom.
1015 5020 1083 5086 V,
1116 5023 1265 5091 part.
1299 5036 1339 5085 1,
1370 5018 1478 5074 col.
1513 5019 1615 5073 129
1641 5024 1698 5075 et
1726 5020 1871 5093 seq.)

372 5132 585 5187 Contra
633 5130 915 5202 Spiritum
966 5129 1254 5193 sanctum,
1288 5128 1423 5194 etc.,
1454 5142 1624 5198 usque
1670 5126 1740 5181 ad
1776 5126 1939 5198 judi-

302 5236 451 5275 care.
486 5220 616 5291 (Id.,
648 5235 810 5274 serm.
841 5218 905 5273 de
942 5213 1275 5287 blasphemia
1306 5214 1542 5286 Spiritus
1569 5217 1764 5283 sancti,
1795 5219 1935 5272 tom.

298 5307 366 5377 V,
400 5324 456 5379 p.
492 5324 531 5376 1,
565 5306 672 5362 col.
707 5308 813 5360 455
840 5310 897 5361 et
922 5306 1072 5376 seq.)

367 5416 459 5470 Ira
488 5423 539 5469 et
568 5413 895 5484 indignatio,
926 5410 1210 5467 tribulatio
1239 5418 1290 5467 et
1318 5413 1575 5481 angustia
1623 5414 1683 5467 in
1729 5429 1941 5469 omnem

298 5505 545 5559 animam
573 5502 812 5558 hominis
842 5501 1112 5572 operantis
1141 5501 1366 5568 malum,
1396 5501 1585 5559 Judaei
1617 5504 1863 5574 primum
1890 5511 1941 5558 et

302 5590 616 5648 erci.Soli
647 5589 803 5647 enim
825 5588 1382 5663 parvuli,etc.,usque
1409 5590 1480 5647 ad
1501 5595 1557 5647 et
1586 5591 1940 5663 Graeco.(ld.,

2142 1955 2528 2010 Testimonium
2557 1954 2807 2010 reddente
2836 1956 2950 2011 illis
2960 1956 3295 2011 conscientia
3312 1957 3718 2028 ipsorum,etc.,

2065 2058 2253 2114 usque
2278 2043 2349 2098 ad
2371 2043 2645 2115 judicabit
2672 2044 2812 2098 Deus
2842 2045 3054 2099 occulta
3091 2043 3397 2100 hominum.
3432 2044 3721 2101 Dominus

2063 2148 2166 2203 per
2185 2131 2629 2204 Prophetam.Et
2654 2132 3005 2205 ero,inquit,
3036 2133 3207 2189 testis
3235 2132 3401 2189 velox
3430 2132 3719 2190 maleﬁcia

2062 2223 2119 2274 et
2167 2220 2442 2292 perjuris,
2493 2224 2627 2289 etc.,
2678 2238 2849 2293 usque
2895 2222 2967 2276 ad
3013 2220 3458 2277 conscientiam.
3512 2222 3717 2291 (Idem,

2062 2306 2164 2363 lib.
2200 2326 2272 2363 xx
2300 2310 2364 2365 de
2392 2311 2554 2366 Civit.
2588 2313 2705 2377 Dei,
2739 2314 2884 2366 tom.
2914 2310 3040 2378 VII,
3072 2309 3183 2366 col.
3214 2311 3364 2379 702).

2130 2397 2254 2452 Non
2285 2399 2787 2469 quemadmodum
2811 2398 3087 2469 judicent
3108 2397 3721 2472 homines,etc.,usque

2062 2485 2132 2540 ad
2162 2486 2627 2543 defendentibus.
2661 2487 2866 2557 (Idem,
2902 2490 2963 2542 in
2986 2488 3130 2559 psal.
3162 2505 3239 2553 1x,
3272 2491 3415 2543 tom.
3452 2488 3716 2561 IV,part.

2061 2592 2099 2641 1,
2133 2573 2239 2629 col.
2266 2574 2411 2647 121.)

2131 2663 2411 2720 Decidant
2440 2680 2575 2736 ergo
2624 2682 2658 2720 a
2703 2664 3158 2738 cogitationibus
3198 2665 3343 2734 suis,
3376 2668 3514 2733 etc.,
3553 2684 3721 2739 usque

2058 2752 2294 2824 adjusti
2335 2752 2545 2824 judieii
2593 2752 2714 2810 Dei.
2755 2754 2957 2825 (Idem,
2993 2755 3054 2809 in
3091 2753 3238 2827 psal.
3272 2772 3326 2823 ν,
3368 2758 3515 2810 tom.
3555 2755 3631 2811 IV
3660 2773 3716 2828 p.

2059 2858 2098 2908 1,
2132 2840 2241 2897 col.
2275 2842 2387 2911 88).

2129 2929 2339 2985 Omnia
2367 2945 2543 3002 opera
2571 2930 2659 2986 vel
2683 2930 2858 2999 bona,
2883 2935 3017 2998 etc.,
3042 2947 3213 3004 usque
3239 2930 3308 2987 ad
3338 2931 3396 2986 in
3427 2932 3710 2989 nihilum.

2059 3018 2283 3090 (Idem.,
2318 3020 2377 3074 in
2392 3020 2533 3090 psal.
2567 3036 2760 3087 cxvm,
2796 3022 2946 3091 part.
2979 3036 3037 3086 11,
3067 3018 3175 3075 col.
3211 3020 3394 3087 1571).

2126 3108 2191 3162 Si
2216 3116 2397 3163 autem
2425 3116 2484 3163 tu
2510 3107 2733 3164 Iudaeus
2778 3109 3205 3177 cognominaris,
3242 3110 3387 3164 sicut
3434 3112 3718 3184 scriptum

1977 3175 2019 3242 Ο
2055 3203 2152 3252 est.
2189 3196 2459 3252 Judaeum
2510 3196 2724 3270 arguit,
2755 3175 2889 3262 etc.,
2928 3212 3098 3269 usque
3146 3197 3217 3252 ad
3264 3197 3419 3270 apud
3469 3175 3717 3256 tedaus

2055 3301 2203 3341 mea.
2237 3286 2442 3353 (Idem,
2472 3282 2575 3341 lib.
2621 3284 2686 3340 de
2732 3285 2946 3357 Spiritu
2981 3293 3033 3341 et
3064 3286 3266 3354 littera,
3298 3290 3442 3341 tom.
3475 3287 3552 3354 X,
3590 3305 3715 3361 par.

2054 3391 2094 3443 1,
2127 3371 2237 3429 col.
2268 3375 2375 3429 207
2404 3377 2461 3428 et
2490 3375 2638 3446 seq.)

2127 3464 2497 3531 Circumcisio,
2532 3467 2663 3531 etc.,
2697 3479 2886 3536 usque
2917 3464 2989 3518 ad
3038 3465 3493 3536 praevaricatores
3552 3467 3714 3537 legis.

2054 3552 2241 3625 Opera
2260 3551 2405 3625 legis
2436 3551 2711 3624 bipertita
2739 3556 2898 3607 sunt.
2933 3552 3079 3609 Nam
3111 3554 3347 3625 partim,
3380 3559 3721 3629 etc.,usque

2054 3640 2124 3697 ad
2153 3640 2243 3696 lex
2272 3641 2484 3713 pendet
2513 3643 2570 3696 et
2598 3640 2912 3713 propheta.
2943 3640 3144 3713 (Idem,
3166 3658 3350 3714 cmpos.
3384 3642 3455 3699 ad
3489 3646 3716 3712 Galat.,

2054 3734 2194 3786 tom.
2231 3729 2327 3795 III,
2361 3733 2510 3801 part.
2547 3746 2604 3798 11,
2635 3728 2743 3784 col.
2767 3730 2950 3797 2117).

2122 3819 2238 3874 Non
2282 3819 2431 3874 enim
2476 3820 2574 3889 qui
2620 3819 2680 3873 in
2724 3820 3021 3889 manifesto
3066 3819 3294 3876 Iudaeus
3342 3829 3440 3889 est,
3478 3827 3621 3889 etc.,
3658 3826 3718 3879 in

2050 3907 2378 3974 abscondito,
2414 3922 2599 3978 usque
2630 3906 2703 3961 ad
2744 3907 2837 3961 sed
2865 3923 2935 3962 ex
2961 3908 3066 3962 Deo
3104 3916 3202 3963 est.
3255 3908 3408 3964 Dicit
3457 3912 3716 3983 Aposto-

2050 3996 2163 4064 lus,
2197 4000 2330 4060 etc.,
2364 4010 2533 4066 usque
2578 3994 2649 4050 ad
2692 3994 3073 4067 Evangelium
3124 4012 3342 4053 meum.
3387 3998 3601 4069 (Idem,
3656 4003 3716 4057 in

2048 4086 2190 4158 psal.
2224 4101 2383 4151 Lxxv,
2408 4087 2549 4139 tom.
2584 4082 2675 4148 IV,
2710 4100 2766 4156 p.
2795 4101 2836 4152 1,
2869 4083 2977 4139 col.
3009 4085 3116 4140 956
3145 4090 3203 4141 et
3231 4090 3382 4158 seq.)

2120 4172 2226 4240 Qui
2256 4189 2393 4246 ergo
2426 4176 2728 4240 noverunt,
2753 4176 3062 4246 etc.,usque
3092 4174 3162 4229 ad
3191 4174 3470 4247 ignorant
3491 4177 3712 4233 Deum.

2050 4262 2255 4335 (Idem,
2289 4261 2366 4317 lib
2394 4261 2459 4316 de
2503 4260 2686 4316 Gratia
2734 4270 2783 4316 et
2831 4261 2927 4317 lib.
2971 4263 3162 4333 arbit.,
3195 4268 3339 4319 tom.
3373 4263 3440 4331 X,
3477 4270 3638 4337 part.
3673 4284 3712 4332 1,

2051 4350 2159 4406 col.
2193 4352 2298 4405 884
2330 4353 2387 4406 et
2416 4352 2561 4422 seq.)

2120 4440 2232 4495 Sed
2264 4438 2420 4510 quod
2451 4438 2739 4509 adjunxit,
2771 4442 2904 4506 etc.,
2939 4456 3108 4512 usque
3135 4441 3206 4496 ad
3240 4440 3425 4497 levius
3459 4443 3714 4499 damna-

2328 4527 2511 4595 Idem,
2541 4534 2694 4583 tract.
2725 4528 2937 4597 Evang.
2971 4529 3267 4585 secundum
3284 4532 3443 4587 Joan.
3477 4549 3713 4601 LXXXIX,

2051 4621 2191 4672 tom.
2224 4616 2320 4683 III,
2354 4619 2502 4688 part.
2530 4634 2590 4684 11,
2626 4615 2735 4672 col.
2772 4617 2909 4672 1357
2939 4622 2996 4673 et
3024 4619 3172 4690 seq.)

2120 4705 2237 4761 Non
2263 4707 2411 4761 enim
2442 4704 2714 4761 auditores
2745 4706 2880 4776 legis
2906 4707 3044 4773 justi
3061 4715 3189 4763 sunt
3208 4706 3356 4780 apud
3367 4709 3711 4777 Deum,etc.,

2050 4810 2239 4865 usque
2287 4794 2359 4849 ad
2406 4794 2703 4850 secundum
2754 4796 3112 4865 Evangelium
3155 4813 3336 4851 meum
3382 4814 3482 4868 per
3524 4800 3715 4855 Iesum

2053 4882 2350 4939 Christum.
2381 4882 2713 4939 Videndum
2763 4888 2874 4955 est,
2928 4888 3060 4953 etc.,
3110 4902 3280 4958 usque
3326 4886 3397 4941 ad
3441 4887 3712 4962 acceptio

2051 4987 2455 5043 personarum.
2491 4971 2693 5043 (Idem,
2728 4973 2805 5028 lib
2843 4972 2908 5029 de
2954 4973 3169 5046 Spiritu
3216 4983 3268 5031 et
3315 4976 3522 5045 littera,
3561 4984 3707 5033 tom.

2051 5059 2116 5129 X,
2143 5063 2292 5133 part.
2326 5078 2365 5127 1,
2400 5060 2509 5116 col.
2535 5061 2641 5116 226
2669 5064 2726 5116 et
2755 5063 2904 5133 seq.)
3266 5064 3267 5067 “

2688 5202 2919 5260 CAPUT
2961 5205 3052 5260 III.

2119 5327 2265 5397 Quid
2288 5343 2413 5399 ergo
2442 5327 2680 5401 amplius
2708 5328 2916 5397 Iudaeo,
2951 5346 3139 5402 usque
3169 5330 3242 5386 ad
3271 5333 3418 5388 sicut
3430 5336 3710 5406 scriptum

2047 5416 2276 5487 est.Ego
2298 5418 2493 5471 autem
2516 5415 2715 5471 dixiin
2747 5419 2961 5474 exstasi
2995 5435 3126 5475 mea
3154 5423 3463 5493 etc.,usque
3488 5421 3567 5477 ad
3599 5422 3706 5477 filii

2050 5503 2342 5649 altlisiingé.
2375 5504 2457 5574 (S.
2489 5505 2637 5577 Aug.
2685 5507 2744 5561 in
2772 5508 2914 5579 psal.
2962 5525 3088 5576 cxv,
3138 5512 3279 5565 tom.
3327 5508 3421 5578 IV,
3449 5515 3609 5583 part.
3644 5528 3704 5579 11,

2050 5609 2116 5649 co
2147 5634 2160 5649 .
2230 5594 2263 5649 4
2340 5596 2378 5649 .)

2050 5594 2160 5649 col.
2195 5594 2378 5661 1492.)
