3896 6198
163 352 274 411 285

162 574 551 629 mendacium.
608 576 688 643 (S.
740 578 909 647 Aug.,
959 577 1054 630 lib.
1089 594 1275 646 serm.,
1304 583 1442 634 tom.
1477 580 1542 644 V,
1577 586 1723 651 part.
1760 598 1798 649 1,

159 663 260 717 col.
293 665 389 718 5111
431 667 489 718 et
520 667 666 736 seq.)

227 762 286 816 Ut
299 762 718 831 justiﬁeeris,...
751 771 800 816 et
830 779 924 830 ego
955 769 1221 834 tanquam
1262 771 1508 834 precator
1540 766 1804 834 jzulieor?

157 849 251 904 Cui
281 850 458 916 dicat,
497 850 734 905 difﬁcile
765 855 851 905 est
881 852 1193 918 advertere,
1229 860 1358 918 etc.,
1378 871 1542 924 usque
1573 855 1641 907 ad
1667 854 1800 908 facti

157 943 286 994 sunt
316 938 610 993 homines.
645 940 774 1006 (Id.,
811 943 864 994 in
893 941 1035 1011 psal.
1073 959 1120 1007 1.,
1155 946 1294 995 tom.
1330 941 1422 1009 1V,
1460 948 1663 1014 part.1,
1689 942 1798 997 col.

153 1030 252 1082 590
281 1033 334 1082 et
362 1033 516 1098 seq.)

221 1119 281 1171 Et
324 1135 432 1172 non.
479 1120 622 1172 sicut
653 1119 1104 1188 blaspbemamur,
1137 1129 1186 1175 et
1213 1123 1356 1175 sicut
1386 1124 1544 1176 aizmt
1572 1122 1800 1192 quidam

152 1223 243 1262 nes
271 1206 470 1270 dicere,
505 1209 777 1276 faciamus
833 1209 985 1262 mala
1030 1216 1089 1262 ut
1128 1211 1347 1264 veniant
1379 1213 1534 1275 bona,
1569 1228 1801 1282 quorum

151 1297 423 1349 damnatio
460 1296 615 1365 justa
648 1305 743 1351 est.
779 1296 1033 1351 Perversi
1094 1297 1382 1364 homines,
1448 1305 1578 1365 etc.,
1631 1317 1798 1370 usque

150 1385 213 1439 ad
243 1385 493 1438 cantabo
547 1383 670 1446 tibi,
718 1385 978 1439 Domine.
1012 1386 1143 1454 (Id.,
1180 1387 1275 1440 lib.
1308 1387 1372 1442 de
1405 1389 1588 1443 Gratia.
1619 1398 1667 1443 et
1698 1390 1794 1443 lib.

149 1475 329 1538 arbit.,
364 1478 512 1527 tom.
548 1473 612 1539 X,
650 1478 796 1544 part.
831 1491 868 1542 1,
903 1473 1012 1529 col.
1041 1474 1189 1545 910.)

214 1571 352 1639 Quid
396 1587 531 1639 ergo
575 1570 954 1642 prmcellimus
986 1589 1072 1626 eos
1094 1572 1120 1626 ?
1151 1575 1518 1644 Nequaquam.
1553 1578 1796 1630 Conten-

146 1661 354 1714 tionem
375 1660 926 1730 ipsam,ctc.,usque
949 1661 1016 1713 (ul
1038 1660 1507 1717 interfectoribus
1537 1663 1790 1718 Domini.

149 1750 264 1821 (Id.,
286 1752 340 1802 in
373 1765 563 1819 «nepos.
598 1749 666 1802 (ul
692 1748 887 1810 Colat,
913 1754 1053 1803 tom.
1081 1750 1176 1815 ΙΙΙ,
1201 1755 1350 1821 part.
1379 1769 1437 1817 11,
1465 1752 1571 1806 col.
1607 1753 1791 1824 2107.)

1002 355 1418 418 EXPOSITlO
1463 358 1540 418 IN
1587 360 1757 419 EPP.
1811 363 2064 424 PAULI.
2101 397 2175 406 ——
2208 365 2323 424 ΕΡ.
2378 368 2479 427 AD
2530 368 2712 430 llOM.

229 482 402 540 Verbi
429 483 640 558 gratia,
673 489 899 558 potens,
935 490 1068 552 etc.,
1099 504 1269 560 usque
1319 489 1388 544 ad
1447 490 1518 545 ad
1579 494 1632 545 te
1682 491 1806 547 vult
1834 493 1885 559 Α

3441 371 3560 434 286

1987 494 2116 562 (Id.,
2151 497 2210 550 in
2238 497 2381 568 psal.
2417 503 2608 568 cxvu.)
2641 499 2748 556 Ubi
2797 505 2886 557 est
2934 518 3068 575 ergo
3103 503 3372 577 gloriatio
3407 506 3557 564 tua?

1915 583 2156 639 Exclusa
2188 592 2294 641 est.
2332 587 2436 642 Per
2467 606 2640 658 quam
2676 589 2900 661 legem?
2933 592 3258 649 factorum?
3291 597 3555 654 Non.Sed

1913 689 2014 743 per
2045 673 2228 744 legem
2265 676 2418 731 ﬁdei.
2454 678 2581 732 llaec
2627 685 2714 733 est
2745 679 2832 735 lex
2868 682 2999 736 ﬁdei
3034 700 3149 752 qua
3178 685 3472 743 credimus
3503 692 3559 743 et

1913 777 2149 815 oramus
2174 781 2270 830 per
2293 766 2538 835 gratiam
2569 767 2734 822 nobis
2756 769 2979 837 donari,
3008 775 3071 823 ut
3095 772 3378 829 faciamus
3400 777 3554 846 quod

1915 866 2012 920 per
2035 854 2424 924 nosmetipsos
2450 855 2689 926 implere
2715 875 2826 911 non
2853 876 3266 930 possumus,ne
3289 861 3557 933 ignoran-

1911 942 1994 994 tes
2019 941 2116 994 Dei
2141 943 2459 1010 justitiam,
2495 949 2549 998 et
2582 951 2840 1002 nostram
2883 948 3139 1004 volentes
3180 952 3552 1019 constituere,

1902 1028 2146 1098 justitiaz
2178 1031 2275 1086 Dei
2309 1051 2420 1086 non
2455 1051 2660 1088 sumus
2693 1035 3039 1105 subjecti.In
3072 1038 3194 1111 lege
3225 1040 3422 1112 itaque
3445 1042 3557 1097 fac-

1909 1120 2100 1172 torum
2133 1124 2218 1173 est
2254 1121 2344 1174 Dei
2372 1122 2635 1190 jubentis
2659 1123 2914 1192 justitia,
2949 1126 3005 1179 in
3036 1126 3159 1198 lege
3189 1132 3386 1185 autem
3421 1132 3552 1186 ﬁdei

1909 1206 2304 1262 subvenientis
2339 1209 2752 1266 misericordia.

1977 1297 2330 1351 Arbitrantur
2349 1301 2495 1353 enim
2515 1301 2817 1371 j-usti/ieari
2845 1305 3114 1360 hominem
3144 1309 3413 1378 perﬁdem
3434 1313 3554 1366 sine

1907 1387 2157 1454 operibus
2189 1387 2341 1452 legis.
2378 1388 2456 1440 An
2486 1389 2800 1445 Judteorum
2833 1393 2972 1447 Deus
3003 1402 3211 1451 tantum
3230 1397 3257 1450 ‘l
3285 1399 3472 1456 Nonne
3501 1411 3552 1457 et

1904 1476 2187 1540 gentium?
2217 1478 2326 1530 lmo
2355 1485 2406 1530 et
2433 1480 2702 1548 gentium.
2741 1481 2868 1551 (Id.,
2896 1500 3056 1537 ser-in.
3091 1485 3155 1540 (le
3182 1489 3553 1546 Immolatione

1905 1563 2138 1616 Isaaeml
2158 1563 2388 1629 Gal.1v.)
2413 1565 2668 1621 Credidit
2689 1570 2980 1626 Abraham
3007 1579 3115 1628 Deo
3137 1579 3191 1628 et
3215 1581 3550 1648 reputatum

1903 1650 2085 1704 estilli
2101 1653 2478 1723 adjustitiam
2492 1660 2564 1720 ,et
2579 1657 2802 1712 amicus
2818 1660 2914 1714 Dei
2933 1663 3259 1733 appellatus
3273 1667 3549 1730 est.Quod

1904 1740 2468 1807 crcdiditDco,intus
2495 1744 2550 1798 in
2576 1746 2766 1814 corde,
2785 1747 2840 1801 in
2866 1748 2988 1803 sola
3011 1751 3122 1805 ﬁde
3147 1755 3550 1818 est.Quodau-

211 1839 438 1894 Causati
485 1838 637 1891 enim
679 1853 866 1891 sumus
922 1838 1136 1893 Jiuleeos
1165 1847 1214 1892 et
1243 1838 1451 1893 Gramos
1482 1857 1664 1894 omnes
1692 1844 1773 1894 sul

1963 1829 2459 1887 mimmolandum
2485 1833 2668 1888 ﬁlium
2697 1836 3048 1909 duxit,quod
3074 1840 3547 1913 intrepidusdex-

142 1935 346 1997 percute
377 1942 587 1992 esse,...
620 1943 730 1980 non
788 1935 864 1980 est
908 1929 1186 1997 requirens
1226 1931 1410 1982 Deum.
1448 1928 1642 1999 Usque
1676 1946 1789 1983 non

147 2021 226 2071 est
278 2017 456 2070 timor
518 2014 616 2069 Dei
669 2019 800 2069 ante
858 2015 1057 2069 oculos
1113 2033 1336 2070 eorum.
1386 2017 1670 2072 Dominus
1723 2019 1791 2073 de

146 2104 298 2170 cmlo,
353 2108 493 2168 etc.,
559 2120 726 2175 usque
785 2103 853 2158 (ul
913 2120 1028 2157 non
1073 2104 1283 2158 timent
1326 2105 1530 2160 Deum.
1567 2107 1694 2176 (ld.,
1731 2109 1790 2160 in

146 2195 274 2266 psal.
307 2210 426 2260 x111,
462 2197 610 2247 tom.
647 2191 735 2258 IV,
770 2196 920 2262 part.
949 2209 986 2255 1,
1022 2192 1127 2246 col.
1162 2195 1259 2246 1’11
1297 2199 1351 2248 et
1383 2195 1526 2266 seq.)

209 2294 415 2345 Scimus
461 2297 649 2345 autem.
695 2291 953 2360 quoniam
1005 2307 1343 2361 qureeunI/ue
1388 2293 1476 2345 lar
1525 2294 1786 2362 [ru/uitur,

147 2382 219 2435 his
247 2383 340 2451 qui
369 2383 429 2433 in
463 2381 581 2448 lege
610 2388 735 2433 sunt
769 2380 1031 2450 loquitur.
1071 2379 1128 2432 lu
1166 2379 1292 2433 istis
1322 2381 1500 2442 enim,
1529 2387 1662 2445 etc.,
1698 2401 1786 2436 us-

146 2487 236 2540 que
264 2470 330 2522 ml
358 2468 732 2523 misereatur.
787 2468 914 2536 (ld.,
979 2471 1036 2521 in
1089 2471 1423 2534 erpos-itimie
1479 2473 1658 2540 Epist.
1720 2472 1789 2524 (ul

148 2559 306 2612 Galut.
345 2561 486 2612 tom.
526 2557 623 2624 lll,
656 2561 802 2627 part.
841 2573 899 2623 ιι,
935 2555 1042 2610 col.
1074 2557 1262 2620 2123.)

209 2654 502 2710 Conclusit
539 2654 839 2725 Scriptura
873 2654 1069 2707 omnia
1100 2655 1209 2708 sub
1242 2660 1494 2724 peccato,
1531 2662 1660 2723 etc.,
1694 2675 1788 2711 us-

715 2753 720 2760 ι

146 2761 236 2815 que
264 2744 330 2798 ad
362 2760 565 2798 coram
599 2747 673 2797 te.
711 2743 839 2812 (Id.,
864 2744 920 2796 in
948 2744 1091 2812 psul.
1128 2760 1318 2808 cxvui,
1356 2744 1602 2811 tom.lV,
1637 2750 1786 2817 part.

149 2850 202 2900 11,
226 2833 327 2886 col.
366 2835 556 2899 1581.)

212 2923 344 2988 Quia
375 2939 445 2976 ea:
476 2921 732 2992 operibus
753 2922 883 2991 legis
907 2937 1012 2974 non
1036 2921 1436 2990 justi/ieabitur
1466 2926 1643 2978 omnis
1665 2941 1788 2978 caro

151 3027 319 3065 coram
350 3011 469 3065 illo.
515 3010 593 3063 Ex
625 3009 894 3080 operibus
924 3008 1089 3079 legis,
1122 3014 1254 3076 etc.,
1293 3027 1456 3082 usque
1487 3013 1554 3066 ad
1588 3014 1787 3067 crede-

152 3103 356 3152 rentur.
372 3099 460 3164 (ld
474 3140 511 3164 .,
535 3099 595 3151 in.
606 3099 940 3168 expositione
959 3099 1218 3168 Episton
1241 3100 1308 3153 (ul
1323 3099 1666 3169 Galat.,t0m.
1690 3101 1785 3168 III,

151 3192 285 3257 part.
319 3205 376 3252 ιι,
411 3186 524 3241 col.
559 3187 698 3240 2114
729 3190 784 3240 et
815 3201 936 3256 seq.
975 3187 1044 3240 ad
1075 3187 1259 3257 2116.)

211 3289 313 3338 Per
342 3286 514 3352 legem
539 3286 686 3337 enim
714 3285 948 3352 rognitio
975 3287 1198 3354 peccati.
1221 3286 1481 3356 Cognitio
1504 3287 1648 3342 dixit
1671 3305 1784 3343 non

144 3372 590 3438 consummatio,
614 3376 743 3437 etc.,
762 3388 927 3442 usque
956 3372 1024 3426 ad
1055 3373 1208 3442 quod
1243 3372 1330 3427 lex
1357 3373 1622 3445 imperat.
1651 3378 1780 3445 (Id.,

147 3461 230 3514 lib.
262 3462 323 3515 de
368 3462 562 3516 Gratia
611 3469 662 3515 et
709 3461 875 3515 libero
924 3462 1110 3525 arbit.,
1143 3465 1283 3516 tom.
1317 3463 1381 3529 Χ,
1417 3469 1563 3534 part.
1600 3483 1636 3532 1,
1673 3465 1780 3519 col.

144 3550 253 3603 894.

143 3615 156 3698 ί
204 3639 339 3693 Nam
383 3639 517 3693 sine
570 3639 666 3693 Dei
717 3639 886 3704 dono,
917 3641 1049 3704 etc.,
1083 3656 1254 3710 usque
1304 3641 1374 3695 (ul
1420 3642 1776 3713 prophetari.

141 3727 259 3793 (Id.,
291 3728 385 3783 lib.
419 3714 721 3793 enchirid.,
759 3733 895 3782 tom.
933 3727 1026 3795 Vl,
1059 3729 1166 3783 col.
1202 3731 1349 3799 287.)

202 3822 340 3884 Quia
377 3839 496 3877 non
543 3821 986 3892 justiﬁcabitur,
1018 3827 1150 3889 etc.,
1187 3841 1351 3896 usque
1381 3827 1447 3880 ad
1481 3844 1584 3882 nec
1619 3828 1778 3883 indi-

141 3927 266 3982 gens
294 3911 438 3983 lege.
472 3911 606 3981 (Id.,
628 3910 805 3966 lib.de
835 3912 1047 3982 Spiritu
1075 3918 1126 3966 et
1159 3915 1360 3980 littera,
1380 3917 1601 3984 tom.X,
1625 3925 1771 3989 part.

141 4015 174 4064 1,
197 4000 295 4054 col.
327 4001 436 4054 208
467 4003 529 4054 et
565 3999 708 4070 seq.)

201 4093 344 4150 Nune
372 4105 561 4152 autem
591 4098 712 4152 sine
741 4097 856 4165 lege
881 4099 1101 4168 justitia
1148 4099 1247 4154 Dei
1291 4103 1643 4172 manifestata
1673 4112 1770 4170 est,

139 4187 403 4254 testiﬁcata
426 4203 536 4256 per
567 4186 737 4254 legem
765 4195 815 4240 et
838 4186 1144 4257 prophetas.
1190 4189 1567 4261 Evangelium
1615 4193 1770 4247 enim

137 4273 527 4329 testimonium
563 4274 738 4328 habet
769 4291 802 4329 a
832 4275 955 4346 lege
988 4279 1042 4329 et
1070 4277 1564 4348 prephetis.Unde
1595 4281 1768 4337 etiam

136 4357 185 4412 in
206 4367 395 4417 monte
413 4363 572 4417 inter
595 4368 904 4435 utramque
921 4381 1229 4434 personam
1265 4365 1490 4421 medius
1521 4369 1772 4425 salvator

135 4449 353 4505 ctfulsit.
375 4455 583 4509 Omnes
613 4455 763 4507 enim
787 4462 1163 4522 peccaverunt,
1188 4459 1318 4520 etc.,
1345 4473 1510 4526 usque
1537 4459 1606 4511 (ul
1632 4460 1766 4513 eba—

134 4536 260 4593 ritas
288 4540 632 4612 inspiretur.
669 4541 880 4612 (Id.,in
907 4543 1026 4612 psal
1068 4561 1132 4597 xc
1161 4542 1219 4597 in
1252 4545 1529 4614 prommio
1551 4557 1600 4602 et
1618 4550 1762 4619 psal.

133 4643 302 4694 CXVIII,
335 4632 482 4683 tom.
520 4628 616 4696 ιν,
654 4647 708 4700 p.
743 4647 803 4697 11,
839 4629 947 4684 col.
986 4631 1122 4684 1574
1153 4634 1208 4684 et
1237 4635 1386 4702 seq.)

191 4724 376 4781 Omnes
403 4735 770 4798 peccaverunt
817 4735 865 4782 et
912 4736 1068 4796 egent
1094 4728 1273 4795 gloria
1303 4733 1423 4786 Dei.
1457 4732 1576 4787 Etsi
1607 4735 1765 4790 enim

123 4811 231 4879 jam
262 4831 470 4870 sumus
499 4815 562 4868 in
595 4815 823 4870 Christo
851 4833 998 4870 nova
1022 4820 1306 4884 creatura,
1333 4823 1470 4887 etc.,
1498 4839 1666 4893 usque
1695 4826 1766 4879 ad

129 4899 465 4958 damnantis.
494 4904 630 4974 (Id.,
655 4904 746 4959 lib.
775 4904 839 4959 de
859 4904 1067 4959 Natura
1087 4913 1138 4960 et
1154 4909 1352 4974 gratia,
1378 4913 1517 4964 tom.
1544 4911 1608 4975 Χ,
1635 4930 1689 4984 p.
1723 4931 1760 4985 1,

128 4987 219 5043 col.
249 4992 352 5044 2’19
376 4995 435 5045 et
467 4993 617 5063 seq.)

189 5089 281 5143 Ubi
307 5098 385 5144 est
409 5107 544 5158 ergo
591 5091 846 5158 gloriatio
893 5091 1032 5146 tua?
1063 5094 1296 5148 E.rclusa
1335 5104 1429 5149 est.
1465 5098 1570 5152 Per
1599 5118 1764 5170 quam

128 5174 314 5243 legem?
346 5180 685 5234 Factorum?
711 5180 846 5234 Non.
903 5180 1005 5235 Sed
1047 5198 1146 5252 per
1203 5183 1370 5251 legem
1423 5186 1569 5256 ﬁdei.
1633 5189 1756 5246 Sive

126 5261 536 5335 gloriationem,
564 5272 695 5336 etc.,
719 5286 886 5339 usque
907 5270 974 5323 ad
998 5269 1382 5327 defluxerunt.
1408 5275 1538 5344 (Id.,
1565 5280 1618 5331 in
1655 5281 1750 5334 lib.

126 5349 399 5424 deSpiritu
425 5366 477 5412 et
511 5358 874 5424 littera,tom.
909 5358 972 5425 X,
1007 5376 1061 5428 p.
1095 5375 1134 5430 1,
1170 5361 1278 5415 col.
1311 5363 1416 5417 210
1447 5370 1501 5419 et
1534 5374 1682 5438 seq.)

184 5450 284 5506 Lex
315 5470 454 5527 ergo
485 5455 943 5520 factorum,etc.,
971 5473 1136 5528 usque
1164 5459 1232 5513 ad
1261 5461 1515 5531 gratuita
1544 5465 1748 5535 gratia.

126 5535 231 5606 (Id.,
260 5542 354 5598 lib.
388 5543 456 5599 de
505 5544 719 5615 Spiritu
760 5553 808 5600 et
838 5546 1038 5614 littera,
1075 5550 1213 5601 tom.
1248 5548 1312 5616 Χ,
1346 5567 1399 5619 p.
1437 5568 1474 5617 1,
1508 5552 1613 5606 col.
1648 5554 1752 5608 213

124 5629 167 5679 et
189 5634 326 5700 seq.)

1899 1923 2080 1972 teram
2107 1921 2371 1986 armavit,
2394 1924 2546 1992 quod
2572 1925 2701 1994 jam
2725 1925 2920 1981 feriret
2943 1928 3052 1983 nisi
3075 1947 3210 1986 voce
3233 1935 3546 2001 teneretur,

1900 2023 2112 2078 magna
2128 2008 2269 2063 ﬁdes
2283 2013 2371 2063 est
2387 2011 2713 2081 utique,sed
2729 2018 2783 2067 et
2797 2031 3075 2087 magnum
3090 2035 3256 2089 opus.
3273 2020 3547 2094 Etipsum

1899 2112 2046 2167 Opus
2070 2095 2323 2151 laudavit
2343 2098 2518 2164 Deus,
2543 2117 2675 2155 cum
2704 2100 2935 2170 diceret,
2963 2107 3237 2175 quoniam
3262 2110 3548 2166 exaudisti

1898 2201 2094 2238 vocem
2136 2201 2346 2241 meam.
2383 2189 2568 2252 Quare
2619 2207 2754 2262 ergo
2805 2193 3107 2263 apostolus
3160 2197 3375 2252 Paulus
3421 2201 3544 2255 ait:

1896 2273 2588 2344 Arbitramurjustiﬁeari
2615 2278 2913 2335 hominem
2944 2300 3046 2353 per
3068 2285 3240 2340 ﬁdem
3265 2287 3389 2342 sine
3421 2306 3548 2360 ope-

1899 2361 2061 2415 ribus
2088 2363 2271 2433 legis?
2307 2365 2369 2417 Et
2401 2365 2512 2419 alio
2543 2366 2667 2422 loco
2701 2369 2859 2424 dicit.
2895 2372 2994 2425 list
3021 2374 3148 2442 fides
3180 2393 3304 2446 quae
3328 2395 3426 2449 per
3455 2379 3544 2432 di-

1899 2452 2181 2506 leetimmn
2229 2464 2500 2523 operatur.
2538 2459 2835 2520 Quomodo
2869 2461 3012 2515 ﬁdes
3048 2479 3148 2533 per
3178 2465 3544 2522 dilectionem

1898 2545 2190 2609 operatur,
2221 2547 2273 2595 et
2307 2545 2598 2612 quomodo
2639 2547 3004 2615 justiﬁcatur
3033 2551 3206 2608 homo
3240 2573 3340 2626 per
3370 2557 3543 2612 ﬁdem

1899 2627 2023 2681 sine
2058 2630 2330 2699 operibus
2363 2630 2549 2702 legis?
2573 2635 2825 2688 Credidit
2857 2636 3090 2709 aliquis,
3126 2643 3380 2715 percepit
3411 2645 3543 2701 ﬁdei

1900 2722 2283 2783 sacramenta,
2333 2725 2388 2774 et
2437 2727 2701 2776 mortuus
2751 2729 2857 2790 est,
2911 2727 3092 2782 defuit
3137 2729 3215 2784 illi
3266 2735 3543 2804 operandi

1898 2808 2149 2874 tempus.
2187 2807 2332 2871 Quid
2382 2808 2631 2864 dicimus
2654 2811 2680 2865 ?
2706 2812 2852 2874 Quia
2883 2831 2996 2869 non
3029 2823 3114 2872 est
3136 2819 3546 2887 justiﬁcatus?

1899 2892 2071 2947 Plane
2105 2895 2789 2966 dicimusjustiﬁcatum,
2822 2904 3154 2960 credentem
3187 2907 3245 2962 in
3277 2925 3410 2964 eum
3443 2911 3544 2982 qui

1890 2981 2177 3050 justiﬁea't
2200 2983 2468 3055 impium.
2494 2988 2638 3057 Ergo
2663 2988 2770 3043 iste
2792 2991 3154 3060 justiﬁcatus
3186 3001 3292 3064 est,
3327 3001 3383 3052 et
3413 2981 3544 3070 ope-

1901 3075 2060 3125 ratus
2092 3089 2206 3126 non
2240 3074 2646 3145 est.linpletur
2675 3079 2965 3134 sententia
2995 3083 3240 3153 apostoli
3270 3084 3538 3144 dicentis:

1896 3159 2472 3232 Arbitrorjustiﬁeari
2499 3163 2794 3221 hominem
2812 3185 2914 3240 per
2930 3170 3103 3225 ﬁdem
3125 3169 3247 3228 sine
3269 3175 3542 3245 operibus

1817 3228 1858 3293 (ἶ
1897 3246 2060 3318 legis.
2095 3250 2262 3304 Latro
2295 3251 2394 3322 qui
2427 3269 2558 3306 cum
2611 3254 2856 3311 Domino
2906 3259 3216 3317 cruciﬁxus
3253 3267 3340 3318 est
3370 3265 3542 3320 corde

1895 3337 2141 3392 credidit
2171 3340 2240 3393 ad
2263 3340 2691 3410 justitiam,ore
2723 3345 3024 3402 confessus
3047 3351 3231 3405 estad
3265 3352 3538 3409 salutem.

1894 3425 2037 3479 Nam
2076 3427 2219 3482 ﬁdes
2251 3446 2375 3500 qua:
2409 3447 2512 3501 per
2541 3431 2908 3495 dilectionem
2943 3443 3232 3507 operatur,
3258 3445 3312 3495 et
3343 3440 3392 3496 si
3424 3459 3538 3496 non

1893 3513 1970 3568 sit
1989 3515 2045 3568 in
2071 3533 2184 3586 quo
2210 3519 2460 3573 exterius
2484 3526 2771 3591 operetur,
2799 3523 2856 3577 in
2880 3526 3050 3580 corde
3073 3531 3265 3582 tamen
3290 3529 3388 3584 illa
3419 3530 3538 3586 fer-

1891 3620 2031 3658 vens
2065 3613 2347 3660 servatur.
2383 3608 2528 3662 Nam
2579 3616 2744 3664 erant
2790 3613 3028 3682 quidam
3080 3616 3137 3669 in
3185 3617 3306 3690 lege
3339 3619 3437 3690 qui
3465 3621 3536 3675 de

1891 3692 2162 3762 operibus
2196 3694 2340 3767 legis
2367 3696 2785 3767 gloriabantur,
2819 3719 2945 3772 quae
2973 3703 3218 3760 fortasse
3250 3724 3363 3762 non
3397 3708 3536 3764 dile-

1891 3782 2100 3846 ctione,
2135 3784 2232 3837 sed
2268 3785 2472 3840 timore
2507 3785 2794 3842 faciebant
2827 3805 2838 3843 :
2875 3795 2930 3844 et
2959 3793 3228 3849 volebant
3255 3813 3315 3851 se
3337 3797 3534 3867 justos

1887 3870 2088 3938 videri,
2115 3875 2171 3925 et
2194 3874 2446 3942 prteponi
2482 3875 2775 3945 gentibus,
2801 3894 2926 3948 qua:
2958 3897 3105 3950 opus
3137 3882 3282 3954 legis
3309 3902 3421 3940 non
3457 3888 3533 3942 1'e-

1887 3963 2104 4013 ccrant.
2125 3960 2438 4030 Apostolus
2461 3968 2655 4016 autem
2681 3965 3002 4034 praedicans
3026 3969 3197 4024 ﬁdem
3232 3973 3528 4041 gentibus,

1884 4062 2017 4101 cum
2052 4063 2149 4101 eos
2183 4049 2281 4118 qui
2331 4051 2680 4104 accedebant
2709 4053 2779 4105 ad
2819 4055 3150 4122 Dominum,
3183 4058 3398 4114 videret
3427 4063 3527 4132 ju-

1883 4135 2161 4190 stiﬁeatos
2195 4153 2261 4190 ex
2294 4138 2425 4202 ﬁde,
2460 4140 2662 4208 utjam
2695 4141 2794 4212 qui
2827 4143 3192 4200 crediderant
3223 4147 3366 4203 bene
3399 4167 3528 4221 ope-

1879 4228 2170 4295 rarentur,
2194 4243 2308 4280 non
2353 4226 2491 4297 quia
2539 4227 2684 4283 bene
2726 4231 2946 4301 operati
2979 4239 3117 4288 sunt
3146 4237 3375 4292 credere
3405 4254 3527 4294 me-

1881 4318 2164 4380 rerentur,
2192 4314 2532 4371 exclamavit
2563 4334 2802 4373 securus
2833 4325 2891 4375 et
2922 4321 3022 4386 ait,
3046 4324 3182 4394 quia
3215 4329 3403 4396 potest
3425 4329 3524 4398 ju-

1880 4401 2117 4456 stiﬁcari
2143 4402 2314 4457 homo
2338 4421 2403 4457 ex
2427 4406 2538 4459 ﬁde
2561 4407 2684 4461 sine
2704 4409 2978 4478 operibus
3011 4410 3174 4482 legis,
3197 4418 3260 4466 ut
3290 4413 3372 4468 illi
3408 4433 3525 4472 ma-

1878 4489 1966 4562 gis
1991 4508 2102 4544 non
2133 4491 2348 4546 fuerint
2373 4493 2544 4563 justi,
2571 4495 2671 4566 qui
2703 4497 2855 4566 quod
2885 4499 3171 4555 faciebant
3205 4501 3407 4557 timore
3440 4505 3522 4559 fa-

1797 4594 1844 4656 D
1877 4580 2107 4633 ciebant
2127 4597 2257 4634 cum
2286 4582 2430 4635 ﬁdes
2447 4583 2930 4654 perdilectionem
2955 4594 3226 4660 operetur
3245 4590 3301 4644 in
3327 4593 3518 4659 corde,

1876 4667 2050 4723 etiam
2083 4669 2131 4723 si
2167 4668 2304 4723 foris
2355 4687 2465 4724 non
2519 4673 2635 4727 exit
2665 4673 2722 4728 in
2756 4691 2946 4746 opere.
2981 4678 3284 4748 Apostolus
3311 4682 3522 4751 praedi-

1876 4774 2039 4824 cans,
2063 4763 2196 4827 etc.,
2221 4774 2388 4828 usque
2409 4759 2478 4813 ad
2502 4760 2702 4815 multis
2728 4763 2784 4816 in
2827 4763 2968 4819 locis
3007 4768 3279 4823 ostendit.
3316 4770 3419 4841 (Id.
3453 4789 3522 4827 ea:

1875 4847 2018 4901 libro
2051 4847 2247 4913 Quaest.
2281 4849 2369 4917 83,
2397 4852 2536 4902 tom.
2572 4849 2663 4916 VI,
2692 4849 2799 4906 col.
2835 4855 2903 4905 87
2933 4858 2988 4907 et
3019 4860 3166 4927 seq.)

1945 4935 2089 4989 Cum
2121 4952 2256 5006 ergo
2291 4935 2448 5001 dicit,
2483 4942 2614 5003 etc.,
2650 4955 2818 5010 usque
2845 4940 2916 4994 ad
2955 4959 3080 5012 quae
3131 4947 3319 5000 caeteri
3367 4951 3517 5020 Apo-

1874 5023 2025 5079 stoli.
2063 5024 2190 5090 (Id.,
2227 5025 2321 5079 lib.
2347 5025 2411 5079 de
2438 5026 2571 5081 Fide
2600 5035 2650 5081 et
2677 5029 2946 5098 operibus,
2981 5035 3122 5086 tom.
3158 5033 3252 5101 VI,
3287 5037 3393 5090 col.
3415 5041 3514 5092 211

1873 5118 1930 5168 et
1959 5113 2105 5183 seq.)

1934 5203 2208 5270 Quoniam
2240 5202 2458 5273 quidem
2488 5219 2629 5258 unus
2658 5213 2736 5258 est
2774 5209 2916 5261 Deus
2964 5210 3062 5278 qui
3098 5211 3364 5281 justi/ierit
3401 5215 3515 5268 eir-

1861 5292 2248 5345 eunu'isiontmi
2277 5307 2346 5344 er.
2375 5291 2496 5359 fide,
2531 5301 2581 5345 et
2603 5296 2942 5363 praeputium.
2987 5313 3086 5366 per
3139 5299 3316 5366 ﬁdem.
3355 5301 3515 5360 Unus

1862 5378 2017 5433 enim
2038 5378 2190 5430 Deus
2211 5378 2741 5446 quijustiﬁcat,etc.
2757 5400 2942 5453 ,usgue
2962 5385 3032 5439 ad
3049 5402 3150 5456 per
3172 5388 3365 5443 ﬁdem.
3382 5391 3513 5464 (Id.,

1863 5467 1957 5520 lib.
1982 5465 2046 5518 (le
2069 5465 2277 5533 Spiritu
2313 5473 2364 5518 et
2393 5466 2591 5535 littera,
2621 5472 2757 5523 tom.
2782 5471 2843 5539 Χ,
2869 5489 2925 5542 p.
2962 5491 3000 5538 1,
3026 5474 3132 5528 col.
3157 5478 3254 5530 231
3283 5482 3336 5532 et
3365 5479 3511 5552 seq.)

1934 5557 2115 5624 Legem
2148 5569 2273 5622 ergo
2305 5553 2634 5612 destruimus
2659 5576 2758 5630 per
2777 5561 2938 5631 [idem
2958 5564 2985 5618 ἱ)
3013 5565 3183 5620 Absit.
3209 5568 3311 5622 Sed
3343 5569 3513 5640 legem

1859 5644 2168 5699 statuimus.
2205 5643 2310 5698 Per
2357 5641 2544 5714 legem
2595 5649 2846 5718 cognitio
2897 5654 3141 5724 peccati,
3181 5659 3312 5725 etc.,
3346 5673 3512 5730 usque
