3896 6198
322 306 442 389 $97

1520 292 1753 359 FLORI
1796 291 2116 381 nucem
2160 291 2538 356 MONAGHI.

322 441 395 515 ad
418 435 584 513 liberi
604 434 769 503 estis.
792 436 875 509 (Β.
896 435 1068 511 Aug,
1090 434 1233 491 tom.
1256 429 1322 498 X,
1347 446 1405 504 p.
1428 445 1470 500 1,
1492 427 1600 487 col.
1620 427 1729 485 233
1747 434 1802 484 et
1820 428 1973 500 seq.)
2001 428 2055 496 Α
2095 514 2098 515 ν
2157 426 2216 485 Si
2229 423 2438 483 veteris
2449 420 3067 501 populi,etc.,usquead
3081 418 3414 515 manebitin
3425 424 3741 515 uernum.

965 576 1198 653 CAPUT
1237 573 1329 631 1v.

396 707 545 782 Quid
572 722 700 778 ergo
726 705 987 775 dicemus,
1017 709 1140 767 etc.,
1195 714 1383 771 usque
1428 696 1501 754 ad
1549 695 1643 753 sed
1690 709 1798 751 non
1828 692 1974 766 apud

322 798 514 867 Deum.
537 794 853 869 Apostolus
875 809 1008 848 cum
1032 788 1467 847 commendaret
1488 783 1804 858 justitiam,
1838 787 1970 851 etc.,

324 903 495 961 usque
518 885 590 944 ad
617 889 816 943 tamen
865 884 1064 939 secuta
1109 879 1268 934 sunt.
1302 876 1428 947 (Id.,
1462 876 1523 930 in
1547 873 1691 945 psal.
1727 888 1879 938 mn,
1914 873 1975 926 in

320 977 669 1052 praefatione,
695 976 837 1030 tom.
873 968 965 1035 ιν,
998 984 1054 1040 p.
1090 984 1131 1032 ι,
1163 964 1273 1022 col.
1302 964 1408 1019 258
1438 967 1493 1052 et
1523 961 1672 1034 seq.)

400 1049 541 1136 Quid
576 1064 728 1125 enim
766 1060 1054 1131 Scriptura
1083 1055 1263 1111 dicit?
1293 1051 1531 1110 Credidit
1562 1050 1845 1106 Abraham
1870 1049 1975 1105 Deo

325 1162 379 1213 et
396 1160 706 1228 reputatum
728 1157 805 1205 est
834 1148 924 1203 illi
951 1146 1021 1201 ad
1042 1143 1344 1218 justitiam.
1367 1141 1714 1228 Factumqest
1731 1137 1975 1228 verbum

323 1224 560 1307 Domini
588 1238 663 1296 ad
691 1233 1007 1299 Abraham,
1054 1235 1186 1301 etc.,
1235 1243 1407 1299 usque
1450 1225 1522 1283 ad
1570 1224 1973 1282 circumcisus.

324 1330 436 1402 (Id.
471 1329 569 1389 lib.
602 1325 667 1383 de
697 1324 855 1382 Civil.
876 1322 994 1377 Dei.
1028 1319 1115 1388 46,
1149 1322 1293 1374 tom.
1318 1315 1444 1382 VII,
1478 1313 1588 1370 col.
1618 1315 1772 1384 500.)

326 1410 337 1420 ”
398 1418 464 1491 Et
489 1417 587 1489 qui
613 1430 724 1471 non
752 1415 1029 1484 opera/ur,
1060 1406 1300 1465 credenti
1355 1411 1537 1467 autem
1591 1404 1653 1459 in
1706 1418 1832 1458 eum
1882 1402 1980 1474 qui

318 1506 589 1585 justiﬁeat
634 1503 890 1574 impium,
921 1504 1206 1571 reputatur
1250 1495 1380 1568 ﬁdes
1408 1494 1548 1585 eius
1589 1490 1664 1585 ad
1696 1492 1977 1585 justitiam

326 1580 624 1671 secundum
646 1591 983 1665 propositum
1009 1587 1211 1658 gratia:
1239 1585 1359 1643 Dei.
1383 1582 1517 1671 (Id.,
1540 1580 1611 1637 ad
1632 1580 1979 1671 Boni/nciam

323 1668 528 1762 papam
571 1678 773 1752 Urbis.)
814 1677 872 1745 Si
924 1690 1183 1749 quaerere
1232 1670 1669 1762 voluerit_ante
1726 1668 1977 1762 gratiam

329 1756 474 1852 quid
501 1767 782 1871 meruerit
811 1770 876 1827 ut
907 1758 1563 1871 acciperet‘eam,.mala
1610 1775 1733 1858 sua.
1767 1756 1981 1871 poterit
2008 1799 2056 1871 Β

2082 514 2158 586 (Β.
2190 518 2360 587 Aug.,
2413 517 2571 589 epist.
2619 515 2691 571 ad
2735 515 3099 571 Maximinum
3140 512 3433 583 Arianum,
3480 516 3632 570 tom.
3668 513 3741 585 ΙΙ,

2081 603 2190 660 col.
2227 604 2342 672 96.)

2149 694 2268 750 Non
2295 694 2444 749 enim
2467 709 2569 766 per
2596 693 2765 764 legem
2794 691 3083 764 promissio
3111 689 3353 748 Abrahae
3370 691 3578 748 semini
3593 691 3739 763 ejus,

2081 790 2144 838 ut
2171 782 2342 838 haeres
2368 789 2504 840 esset
2533 781 2791 847 mundus,
2820 781 2912 838 sed
2936 797 3038 853 per
3053 780 3338 853 justitiam
3372 780 3531 850 ﬁdei.
3570 778 3740 843 Fides

2081 870 2344 940 Abrahae,
2369 874 2503 938 etc.,
2525 886 2693 942 usque
2717 868 2787 923 ad
2808 867 3280 941 promissionem.
3316 867 3446 939 (Id.,
3478 868 3580 923 lib.
3613 867 3741 925 Sen-

2084 961 2384 1015 tentiarum
2412 960 2687 1031 Prosperi,
2721 961 2864 1014 tom.
2899 957 2965 1025 X,
2998 975 3054 1030 p.
3087 959 3142 1022 2,
3175 955 3285 1012 col.
3318 955 3505 1026 1878.)

2155 1048 2215 1103 Si
2243 1047 2401 1105 enim
2430 1047 2525 1104 lex
2545 1045 2855 1121 justiﬁcat,
2887 1050 3023 1115 etc.,
3053 1061 3227 1118 usque
3253 1045 3324 1102 ad
3356 1044 3603 1120 gavisus
3632 1049 3738 1103 est.

2082 1136 2217 1206 (Id.,
2249 1139 2310 1194 in
2338 1138 2680 1209 expositione
2706 1136 2878 1208 Epist.
2903 1134 2973 1193 ad
3005 1134 3243 1205 Galatas,
3275 1138 3420 1191 tom.
3455 1134 3558 1203 ΙΙΙ,
3588 1150 3651 1207 ι),
3684 1149 3746 1201 ιι.

2085 1223 2192 1282 col.
2225 1225 2413 1298 2121.)

2155 1313 2219 1370 Si
2244 1315 2393 1370 enim
2437 1315 2536 1387 qui
2582 1330 2651 1369 ea:
2698 1313 2811 1385 lege
2857 1311 3101 1371 haeredes
3152 1319 3305 1379 sunt,
3335 1310 3639 1371 exinanita
3667 1317 3746 1381 est

2083 1402 2235 1474 ﬁdes,
2253 1402 2459 1459 abolita
2487 1409 2565 1458 est
2589 1403 2878 1475 promissio
2900 1401 2990 1474 (ex
3008 1401 3105 1458 lib.
3125 1407 3386 1472 1|,contra
3404 1398 3744 1474 lulianum.)

2087 1493 2210 1549 [mo
2241 1491 2640 1547 destrueretur
2668 1489 3002 1563 promissio,
3035 1489 3086 1547 si
3134 1506 3203 1546 ex
3244 1488 3370 1563 lege
3419 1488 3741 1562 quisquam

2085 1580 2280 1651 iustus
2307 1582 2479 1635 esset.
2501 1580 2559 1635 Si
2590 1577 2747 1636 enim
2778 1578 2879 1651 qui
2910 1596 2978 1643 ex
2998 1576 3125 1652 lege
3148 1577 3407 1634 haeredes
3427 1582 3593 1644 sunt,
3627 1576 3742 1639 exi,-

2087 1668 2311 1725 manita
2341 1671 2431 1724 est
2459 1668 2625 1737 ﬁdes,
2658 1671 2938 1724 evacuate
2968 1671 3058 1730 est
3086 1654 3418 1740 promissio.
3455 1668 3568 1722 Lee:
3596 1668 3745 1722 enim

2086 1759 2232 1813 iram
2259 1764 2532 1829 operatur.
2547 1757 2631 1814 Ad
2655 1756 2763 1812 hoc
2787 1754 3009 1829 utique,
3031 1760 3095 1811 ut
3110 1756 3179 1812 ad
3207 1755 3354 1813 iram
3377 1755 3743 1825 evadendam

327 1844 505 1929 homo
533 1857 794 1927 invenire
821 1872 937 1915 non
964 1855 1136 1920 bona,
1168 1849 1399 1907 etiamsi
1449 1864 1585 1906 eum
1635 1847 1815 1904 unius
1862 1844 1978 1901 diei
2008 1844 2056 1871 ”
2086 1845 2276 1923 gratia
2303 1845 2403 1901 Dei
2431 1844 2781 1918 requiratur.

327 1952 509 2027 vitam
535 1948 848 2007 habentem
882 1958 1060 2016 super
1086 1944 1301 1997 terram
1323 1937 1512 2012 gratia
1541 1934 1857 2027 Salvatoris
1888 1934 1978 2000 in-

329 2026 572 2115 uenerit.
595 2035 741 2103 Quia
760 2033 810 2099 si
832 2031 1054 2105 aliquid
1075 2028 1212 2086 boni
1244 2030 1518 2100 operatur
1547 2026 1722 2083 homo
1754 2027 1820 2080 ut
1847 2040 1979 2115 gra-

330 2129 476 2196 tiam
505 2128 818 2193 mereatur,
833 2138 951 2178 non
969 2119 1019 2176 ei
1042 2135 1263 2177 merces
1295 2117 1623 2190 imputatur
1652 2113 1980 2171 secundum

331 2216 603 2296 gratiam,
623 2214 724 2279 sed
742 2209 1074 2269 secundum
1106 2206 1389 2265 debitum.
1416 2204 1475 2262 Si
1498 2207 1692 2296 autem
1714 2200 1900 2296 credit
1920 2201 1980 2296 in

331 2290 467 2377 eum
486 2305 589 2379 qui
598 2301 887 2377 justiﬁcat
906 2298 1178 2371 impium,
1193 2296 1582 2367 utdeputetur
1604 2292 1747 2348 ﬁdes
1763 2292 1812 2363 ej
1822 2308 1890 2348 us
1907 2290 1980 2347 ad

327 2393 622 2483 justitiam
652 2391 872 2463 (justus
886 2385 1058 2483 enim
1085 2384 1295 2483 ex‘ﬁde
1324 2381 1504 2483 vivit),
1536 2380 1791 2483 profecto
1824 2382 1983 2483 ante-

334 2467 511 2567 huom
541 2479 729 2558 gratia
751 2474 1271 2567 justiﬁcetur,-hoc
1314 2474 1406 2567 est
1442 2473 1646 2567 justus
1677 2467 1984 2567 efﬁciatur

333 2558 573 2649 impius,
597 2569 738 2643 quid
760 2570 851 2629 est
870 2563 985 2622 nisi
1008 2562 1228 2636 impius
1246 2562 1275 2618 ?
1304 2563 1495 2649 Quem
1520 2559 1575 2649 si
1602 2558 1865 2615 debitum
1896 2573 1982 2613 se-

334 2646 628 2737 gueretur,
651 2656 789 2735 quid
808 2656 937 2727 ejus
959 2652 1166 2727 merito
1192 2649 1307 2709 nisi
1328 2647 1684 2737 supplicium
1708 2646 1983 2737 reddere-

332 2734 449 2821 tur.
463 2749 524 2807 Si
536 2734 673 2822 ergo
681 2743 893 2821 gratia,
899 2744 1027 2816 jam
1040 2759 1156 2799 non
1169 2757 1237 2797 ex
1258 2738 1556 2813 operibus,
1570 2734 1830 2808 alioquin
1850 2750 1982 2809 gra-

332 2840 417 2907 tia
436 2839 562 2911 jam
595 2853 707 2892 non
730 2838 819 2897 est
832 2832 1045 2907 gratia.
1062 2828 1346 2907 Operibus
1377 2826 1534 2885 enim
1565 2825 1831 2883 debitum
1854 2824 1984 2880 red-

336 2928 512 2994 ditur,
543 2923 734 3000 gratia
761 2922 945 2999 gratis
975 2921 1170 2988 datur,
1200 2918 1355 2978 unde
1384 2916 1561 2973 etiam
1588 2916 1982 2987 nuncupatur.

333 3002 562 3084 Hocest
582 3030 732 3087 opus
754 3011 877 3080 Dei,
905 3013 1041 3077 etc.,
1073 3023 1245 3080 usque
1275 3005 1343 3065 ad
1375 3003 1745 3063 dilectionem
1775 3017 1986 3075 opera-

334 3108 451 3173 tur.
492 3103 626 3174 (Id.,
680 3108 839 3165 tract.
888 3098 1179 3167 Evangelii
1224 3093 1523 3157 secundum
1567 3093 1852 3159 Joannem,
1892 3089 1983 3158 29,

333 3180 476 3267 iam.
509 3191 610 3261 ιιι,
644 3207 702 3263 ρ.
731 3206 791 3256 n,
824 3186 932 3251 col.
968 3186 1125 3257 1631.

403 3278 682 3354 Nunquid
712 3277 865 3337 inter
897 3273 1219 3339 credentes,
1252 3272 1388 3336 etc.,
1419 3284 1587 3342 usque
1613 3267 1683 3327 ad
1714 3270 1780 3322 ut
1809 3264 1983 3322 facia—

337 3387 471 3447 mus
497 3372 555 3437 et
580 3383 710 3433 nos.
751 3364 886 3435 (Id.,
934 3369 1093 3435 tract.
1144 3358 1432 3429 Evangelii
1475 3356 1773 3419 secundum
1815 3356 1986 3413 Joan-

333 3450 575 3527 nem72,
600 3460 744 3513 tom.
778 3453 883 3521 Ill,
913 3468 971 3525 p.
1005 3466 1066 3517 ιι,
1100 3448 1209 3511 col.
1247 3448 1385 3511 1823
1413 3450 1471 3504 et
1502 3462 1626 3519 seq.

352 3530 361 3535 ’
410 3544 556 3601 Dicit
595 3540 928 3615 Apostolus,
959 3538 1011 3597 si
1041 3536 1359 3602 Abraham,
1391 3540 1526 3602 etc.,
1558 3550 1726 3608 usque
1747 3533 1818 3589 ad
1847 3549 1989 3606 ope-

336 3633 501 3705 ribus
530 3629 719 3701 bonis.
753 3629 887 3701 (Id.,
928 3634 1091 3692 tract.
1136 3625 1428 3697 Evangelii
1468 3622 1770 3683 secundum
1816 3623 1988 3679 Joan-

334 3710 484 3801 nem,
514 3721 606 3789 80,
632 3723 776 3783 tom.
808 3719 911 3786 IlI,
942 3732 1001 3789 p.
1036 3733 1094 3785 ιι,
1128 3713 1237 3775 col.
1270 3714 1459 3784 4843.)

408 3810 563 3883 Sicut
587 3817 639 3869 et
667 3806 840 3873 David
868 3805 1020 3879 dicit,
1053 3811 1176 3871 etc.,
1209 3818 1398 3875 usque
1427 3801 1499 3861 ad
1539 3802 1706 3859 etiam
1752 3801 1814 3857 in
1839 3813 1991 3872 prae-

332 3901 489 3974 putio
508 3897 536 3954 ?
566 3898 900 3971 Propterea,
923 3893 1136 3969 inquit,
1161 3892 1266 3951 tibi
1293 3891 1401 3947 hoc
1421 3889 1558 3959 dixi,
1584 3906 1616 3946 ο
1637 3889 1833 3957 homo,
1855 3892 1988 3953 etc.,

337 4003 508 4069 usque
528 3986 600 4055 ad
627 3984 829 4053 oculos
862 3981 1275 4051 misericordiae
1307 3979 1431 4038 Dei.
1454 3980 1565 4052 (Id.
1589 3980 1646 4047 in
1666 3979 1809 4054 psal.
1838 3992 1991 4045 xxxi,
2040 3980 2043 3985 ’

337 4081 480 4151 tom.
512 4075 607 4149 ιν,
638 4093 695 4153 p.
731 4088 769 4147 ι,
803 4072 911 4135 col.
947 4071 1048 4135 261
1083 4073 1139 4133 et
1169 4073 1319 4142 seq.)

412 4166 581 4231 Fides
604 4162 1030 4238 commendari,
1055 4163 1187 4228 etc.,
1213 4174 1384 4232 usque
1400 4157 1471 4215 ad
1492 4172 1596 4233 per
1624 4155 1994 4213 dilectionem

341 4257 616 4328 operatur
646 4252 780 4325 (Id.,
807 4252 866 4319 in
883 4249 1024 4322 psal.
1051 4265 1221 4317 van,
1254 4251 1398 4303 tom.
1427 4245 1519 4312 IV,
1554 4262 1610 4317 p.
1639 4262 1678 4314 1,
1702 4243 1812 4300 col.
1846 4243 1996 4315 838.)

416 4342 629 4424 Magna
676 4338 831 4410 enim
883 4354 1059 4411 opera
1105 4335 1360 4404 Domini,
1389 4332 1682 4406 exquisita
1708 4331 1769 4388 in
1792 4348 1996 4389 omnes

344 4420 677 4501 voluntates
705 4428 853 4501 ejus.
889 4426 1038 4493 Quid
1070 4421 1905 4503 magniﬁcentius,etc.,usque
1928 4420 2000 4477 ad

2011 3168 2055 3235 C
2094 3178 2468 3233 Testamento
2495 3175 2655 3232 venit
2681 3175 2754 3231 ad
2783 3175 3031 3232 Novum.

2161 1936 2264 1993 Ubi
2288 1936 2438 1992 enim
2465 1951 2578 1990 non
2617 1942 2697 1990 est
2722 1934 2831 2002 lex,
2862 1949 2960 1990 nec
2984 1934 3389 2008 praevaricatio.
3423 1931 3638 1995 Omnis
3664 1930 3742 1991 le-

2088 2039 2222 2100 gem
2253 2021 2610 2097 przeteriens,
2643 2026 2777 2093 etc.,
2810 2039 2982 2096 usque
3007 2023 3079 2080 ad
3109 2021 3320 2093 merita
3348 2039 3481 2078 sua.
3513 2021 3653 2095 (Id.,

2083 2112 2227 2185 psal.
2260 2129 2387 2179 Lxx,
2419 2115 2561 2167 tom.
2596 2110 2689 2180 IV,
2723 2127 2782 2183 p.
2815 2128 2855 2180 1,
2891 2109 3000 2167 col.
3029 2111 3136 2168 879
3163 2114 3221 2168 et
3250 2109 3400 2185 seq.)

2160 2202 2263 2275 (Ex
2282 2201 2385 2265 lib.
2410 2208 2599 2261 contra
2616 2200 2950 2273 Iulianum.)
2971 2199 3088 2259 Cur
3117 2217 3235 2256 non
3264 2198 3550 2267 attendis,
3586 2215 3743 2273 rogo,

2088 2288 2218 2346 ideo
2249 2307 2364 2347 non
2396 2306 2523 2348 esse
2554 2288 2813 2351 haeredes
2844 2289 2916 2345 de
2945 2288 3091 2363 lege,
3126 2288 3266 2362 quia
3308 2287 3400 2344 lex
3428 2289 3585 2347 iram
3615 2304 3747 2361 cpe-

2090 2378 2295 2445 ratur?
2313 2377 2420 2435 Ubi
2441 2379 2599 2435 enim
2625 2394 2742 2433 non
2774 2382 2864 2434 est
2895 2376 3007 2445 lex,
3031 2394 3137 2436 nec
3157 2376 3582 2455 praevaricatio.
3617 2376 3746 2432 Ideo

2091 2472 2288 2524 autem
2319 2484 2388 2524 ex
2418 2466 2829 2540 promissione,
2863 2467 3001 2545 quia
3052 2470 3207 2523 Deus
3266 2466 3424 2540 quod
3474 2464 3750 2540 promisit

2091 2557 2218 2630 ipse
2241 2556 2398 2612 facit.
2424 2556 2532 2623 Qui
2563 2556 2720 2611 enim
2743 2558 3030 2629 praecepta
3048 2554 3198 2629 legis
3218 2553 3463 2628 implere
3485 2571 3553 2610 se
3584 2558 3750 2627 putat

2091 2662 2195 2719 per
2209 2645 2516 2712 arbitrium
2536 2643 2779 2718 propriae
2801 2643 3120 2708 voluntatis
3138 2642 3264 2713 sine
3286 2642 3501 2716 spiritu
3527 2642 3746 2718 gratim,

2093 2751 2262 2790 suam
2286 2734 2582 2805 justitiam
2613 2733 2739 2790 vult
2765 2733 3143 2804 constituere,
3174 2749 3290 2789 non
3316 2731 3624 2806 justitiam
3655 2720 3749 2787 Dei

2094 2838 2344 2879 sumere.

2161 2910 2283 2985 Ideo
2311 2927 2383 2968 ea:
2406 2908 2533 2983 ﬁde,
2546 2917 2607 2966 ut
2634 2908 2932 2966 secundum
2961 2910 3208 2979 gratiam
3235 2908 3399 2981 ﬁrma
3416 2910 3494 2964 sit
3517 2910 3749 2981 promis-

2091 3001 2174 3069 sio
2203 3001 2354 3056 omni
2379 3000 2599 3073 semini,
2613 3014 2725 3055 non
2742 3000 2797 3054 ei
2820 2999 2918 3071 qui
2946 3015 3017 3054 ea:
3046 2998 3162 3067 lege
3190 3006 3269 3053 est
3296 2997 3497 3053 solum.
3523 2997 3630 3069 (Ex
3647 2996 3743 3052 lib.

2093 3105 2156 3157 11,
2188 3088 2254 3145 de
2281 3089 2559 3160 Baptismo
2585 3086 2988 3161 parvulorum.)
3030 3086 3092 3143 Id
3152 3088 3244 3155 est
3296 3084 3398 3159 qui
3438 3101 3513 3141 ex
3558 3085 3743 3142 Veteri

2170 3265 2274 3322 Sed
2300 3273 2351 3322 et
2378 3267 2432 3322 ei
2453 3266 2550 3338 qui
2574 3281 2645 3322 ex
2672 3264 2782 3339 ﬁde
2798 3272 2877 3321 est
2900 3263 3295 3322 AbrahaerNon
3315 3262 3428 3339 sibi
3445 3262 3750 3336 praemissa

2094 3353 2239 3428 lege.
2281 3354 2362 3409 Ex
2404 3353 2519 3410 ﬁde
2565 3357 2763 3410 autem
2817 3352 3112 3409 Abraham
3164 3351 3225 3407 id
3276 3355 3367 3427 est
3422 3351 3750 3431 imitatores

2093 3441 2388 3499 Abraham
2420 3441 2576 3498 ﬁdei.

2164 3532 2276 3602 Qui
2301 3538 2382 3587 est
2400 3538 2560 3603 pater
2585 3531 2836 3588 omnium
2862 3536 3129 3598 nostrum,
3160 3530 3304 3585 sicut
3341 3529 3619 3603 scriptum
3656 3535 3752 3586 est.

2094 3621 2245 3691 Quia
2269 3627 2480 3693 patrem
2506 3621 2817 3676 multarum
2852 3620 3101 3689 gentium
3123 3618 3285 3690 posui
3312 3625 3382 3673 te.
3415 3616 3571 3673 Cum
3599 3619 3751 3690 Apo-

2098 3708 2286 3765 stolus
2319 3709 2827 3781 dicat,etc.,usque
2845 3707 2915 3763 ad
2942 3708 3165 3763 donum
3195 3708 3285 3763 est
3313 3706 3483 3762 ﬁdes.
3508 3706 3750 3775 (Id.,lib.

2098 3797 2165 3855 de
2188 3797 2672 3870 praedestinatione
2716 3804 2913 3866 sanct.,
2965 3800 3109 3852 tom.
3160 3794 3229 3863 X,
3279 3811 3338 3867 p.
3370 3811 3411 3861 1,
3458 3794 3577 3851 col.
3608 3793 3752 3864 976.)

2171 3888 2318 3957 Quia
2341 3894 2557 3957 patrem
2583 3885 2890 3942 multarum
2916 3885 3161 3955 gentium
3185 3883 3352 3956 posui
3375 3890 3446 3939 te.
3479 3881 3545 3940 Si
3577 3881 3752 3947 enim,

2101 3979 2237 4043 etc.,
2268 3991 2439 4047 usque
2467 3974 2538 4030 ad
2564 3974 2816 4031 servient
2840 3972 3075 4029 minori.
3109 3971 3241 4045 (Id.,
3275 3974 3338 4028 in
3360 3972 3509 4044 psal.
3543 3972 3690 4043 cm.)

2172 4063 2417 4127 Quando
2446 4079 2584 4137 ergo
2613 4061 2904 4136 promisit,
2927 4065 3065 4129 etc.,
3098 4077 3268 4135 usque
3286 4060 3360 4116 ad
3386 4060 3576 4117 donat
3602 4063 3664 4116 et
3690 4060 3757 4114 ﬁ-

2103 4154 2256 4210 dem.
2286 4152 2417 4225 (Id.,
2437 4151 2534 4208 lib.
2564 4151 2634 4209 de
2656 4151 3142 4225 praedestinatione
3169 4157 3367 4219 sanet,
3399 4148 3753 4221 tom.~X,p.1,

2103 4241 2212 4299 col.
2244 4243 2394 4314 975.)

2174 4331 2312 4388 Ante
2340 4335 2533 4399 Deum,
2567 4338 2691 4399 etc.,
2724 4346 2914 4403 usque
2960 4329 3033 4385 ad
3079 4337 3131 4385 et
3181 4342 3371 4385 arena:
3654 4324 3753 4391 Qui

2103 4423 2271 4475 vocat
2301 4437 2390 4492 ea,
2421 4423 2557 4489 etc.,
2589 4434 2761 4491 usque
2788 4418 2859 4474 ad
2888 4415 3092 4473 ﬁdeles
3117 4416 3253 4472 facti
3283 4432 3515 4472 sumus.
3551 4414 3683 4489 (Id.,
3705 4416 3759 4468 in

349 4517 784 4599 magniﬁcentia
812 4532 961 4591 opus
989 4515 1138 4605 ejus.
1174 4513 1303 4585 (Id.,
1335 4513 1397 4573 in
1422 4510 1566 4585 psal.
1600 4525 1690 4578 cx,
1724 4512 1866 4567 tom.
1902 4508 1995 4576 ιν,
2030 4536 2076 4605 D
2103 4509 2248 4605 psa_l.
2279 4525 2368 4576 cv,
2400 4524 2611 4605 davni;
2644 4523 2807 4564 serm.
2836 4508 2929 4605 77,
2960 4506 3232 4605 de‘verbis
3260 4504 3552 4605 Apostoli.)

347 4626 404 4682 p.
441 4625 499 4679 ιι,
533 4605 640 4662 col.
677 4606 817 4671 1464
848 4608 905 4659 et
937 4602 1085 4674 seq.)

415 4698 658 4759 Dicimus
685 4696 838 4759 enim
888 4693 1018 4764 quia
1068 4695 1320 4762 reputate
1362 4693 1442 4745 est
1483 4686 1717 4749 Abi-aha.a
1753 4685 1885 4758 ﬁdes
1934 4687 2003 4745 ad

342 4787 643 4859 justitiam.
679 4781 956 4852 Quomodo
1000 4794 1127 4850 ergo
1174 4784 1425 4848 reputata
1463 4782 1585 4830 est:
1618 4775 1681 4829 In
1709 4776 2002 4839 circumci-

347 4875 520 4945 sione,
551 4890 627 4941 an
657 4874 718 4943 in
740 4869 1018 4947 prgpytio
1042 4869 1065 4923 ἲ
1093 4866 1212 4942 Non
1259 4867 1319 4920 in
1363 4865 1798 4939 circumisione,
1826 4864 1918 4922 sed
1944 4866 2006 4920 in

348 4948 1860 5037 ρνκρηιέοᾼάὶιῖὴθιθδβωρὶιιωνθιοο»μημεαιίωυιιο
1874 4958 2008 5026 post

352 5052 489 5108 data
518 5054 628 5106 est.
672 5046 804 5121 (Id.,
837 5047 898 5101 in
925 5043 1263 5116 expositione
1302 5042 1561 5114 Epistolas
1601 5041 1671 5098 ad
1709 5041 1886 5113 ϐαβαί.
1918 5059 2004 5114 111,

354 5143 497 5196 tom.
526 5140 633 5204 ΙΙΙ,
667 5153 723 5208 p.
759 5151 819 5202 ιῐ,
852 5132 961 5190 col.
992 5131 1178 5203 2118.)

428 5233 496 5284 Et
537 5228 761 5298 signum
804 5223 1011 5295 occepit
1049 5221 1502 5289 circumcisiouis,
1542 5227 1666 5288 etc.,
1698 5238 1886 5294 usque
1935 5222 2007 5280 ad

360 5332 484 5389 quae
506 5322 584 5385 est
605 5316 665 5373 in
680 5311 955 5386 praeputio
973 5312 1152 5384 patris
1171 5312 1352 5367 nostri
1369 5309 2009 5369 AbrahaCircumcisio

2179 4600 2247 4654 Et
2272 4614 2384 4653 non
2413 4597 2723 4669 inﬁrmatus
2764 4604 2843 4653 est
2870 4596 2932 4651 in
2958 4593 3091 4668 ﬁde,
3121 4611 3221 4650 nec
3249 4592 3622 4650 consideravit
3647 4606 3757 4648 oor-

2106 4704 2210 4759 pus
2264 4703 2428 4745 suum
2475 4694 2800 4753 emortuum,
2843 4701 2971 4747 cum
3017 4685 3140 4756 jam
3190 4686 3306 4756 fere
3358 4691 3583 4753 centum
3634 4687 3756 4737 esset

2111 4792 2406 4845 annorum,
2433 4783 2486 4833 et
2510 4783 2816 4837 emortuam
2841 4774 3065 4829 vulvam
3108 4776 3317 4831 Sarrae.
3347 4771 3649 4844 Scriptum
3678 4771 3758 4836 est

2114 4865 2174 4929 in
2202 4863 2465 4941 Epistula
2520 4864 2593 4927 ad
2648 4863 2939 4923 Hebraeos.
2996 4861 3157 4928 Fide,
3188 4865 3320 4930 etc.,
3353 4877 3529 4934 usque
3568 4858 3642 4915 ad
3679 4859 3760 4914 est

2114 4954 2350 5010 mortui.
2383 4953 2515 5023 (Id.,
2544 4953 2641 5010 lib.
2673 4952 2738 5010 de
2771 4952 2887 5009 Cio.
2920 4951 3349 5021 Dei.,xv1.tom.
3380 4949 3504 5017 VH,
3539 4946 3757 5005 001.507

2114 5048 2172 5105 et
2195 5045 2345 5116 seq.)

2184 5134 2250 5189 ιη
2278 5132 2698 5205 repromissione
2724 5131 2876 5193 enim
2894 5130 3169 5200 Deﬂete.
3180 5127 3456 5200 usquead
3477 5127 3758 5189 Domitia!

2113 5230 2365 5291 nostrum
2389 5238 2423 5279 a
2458 5221 2711 5284 mortuis.
2744 5216 3110 5279 Promittenti
3158 5215 3410 5279 credidit
3451 5213 3755 5287 Abraham,

2117 5315 2256 5379 etc.,
2285 5325 2455 5383 usque
2482 5309 2555 5374 ad
2581 5326 2698 5373 non
2728 5309 2967 5384 fuerunt
2995 5306 3317 5379 (Id.,lib.de
3340 5307 3471 5367 εον.
3502 5302 3756 5379 nigrantia.

360 5402 554 5477 carnis
584 5400 710 5475 lege
742 5403 1028 5473 precepta
1066 5403 1172 5468 est,
1212 5402 1346 5467 etc.,
1388 5414 1555 5472 usque
1592 5399 1663 5457 ad
1694 5399 1821 5471 jam
1864 5399 2016 5459 liber
2119 5404 2262 5458 tom.
2294 5399 2362 5468 Χ,
2394 5415 2452 5472 p.
2484 5417 2526 5468 1,
2559 5399 2669 5456 col.
2698 5397 2850 5471 938.)

363 5496 473 5636 es}.
507 5491 651 5634 (Ιὲἰέἐ
666 5486 768 5650 ςίὁ.
818 5487 1224 5559 Sententiarum
1269 5490 1546 5561 Prosperi,
1576 5492 1720 5545 tom.
1756 5487 1824 5556 X,
1858 5504 1915 5560 p.
1950 5506 2011 5557 11,

365 5596 475 5638 co.
514 5581 535 5634 ι
656 5620 669 5634 .

365 5581 475 5638 col.
514 5581 669 5634 1885.

2192 5488 2523 5545 Cavendum
2554 5491 2829 5559 est,_et_c_._,
2864 5500 3037 5561 usque
3064 5483 3133 5558 ad
3163 5486 3480 5559 mereatur.
3508 5481 3638 5553 (Id.,,
3667 5476 3750 5548 lib.-

2122 5577 2188 5635 de
2212 5576 2391 5651 praed.
2426 5585 2601 5634 sanet.
2634 5580 2778 5633 tom.
2810 5574 2878 5646 X,
2912 5591 2970 5647 p.
3005 5592 3042 5644 1,
3074 5572 3184 5631 col.
3216 5572 3370 5641 963.)
