3896 6198
140 348 246 417 289

971 346 1381 416 exeosmo
1423 348 1502 414 IN
1550 353 1717 414 EPP.
1767 343 2022 416 mm.
2056 387 2132 397 —
2164 352 2284 414 ΕΡ.
2332 355 2434 415 AD
2482 314 2670 417 seu.

3405 340 3529 419 seu

202 490 315 545 Hoc
357 476 648 561 promittit
689 488 863 554 Deus;
893 489 1027 553 etc.,
1057 488 1227 559 usque
1264 485 1336 543 ad
1363 484 1648 543 debitum.
1683 485 1764 560 (S.
1798 476 1852 555 Α
1879 485 2077 558 impiis
2106 489 2375 543 mortuus
2403 490 2509 543 est.
2534 486 2922 544 Desiderabas
2946 492 3143 544 autem
3175 484 3374 545 omnia
3393 500 3524 562 pos-

139 582 294 653 Aug.,
327 576 421 632 lib.
455 575 865 633 Sententiarum
889 576 1191 649 Prosperi.)

202 662 301 735 Qui
326 665 563 722 traditus
591 674 671 723 est
693 673 918 739 propter
948 666 1142 721 delicta
1170 672 1358 722 nostra
1386 672 1437 721 et
1465 666 1772 722 resurrexit

134 761 335 830 propter
342 755 797 827 justiﬁeationem
814 762 1077 811 nostram.
1101 754 1207 817 Qui
1230 758 1398 812 senet
1419 770 1623 811 omnes
1646 753 1770 810 lan-

136 848 328 919 guores
357 848 510 912 tuos,
534 848 667 913 etc.,
700 858 871 917 usque
907 844 979 899 ad
1016 844 1076 899 in
1116 842 1347 899 emtum.
1372 843 1502 912 (Id.,
1534 845 1594 899 in
1622 843 1764 915 psal.

138 951 220 1001 cu,
249 938 385 990 tom.
420 932 517 1002 IV,
545 950 604 1005 p.
637 936 693 999 2,
729 931 836 989 col.
872 932 1055 1005 1321.)

200 1021 464 1080 Traditus
489 1026 581 1078 est
611 1024 847 1095 propter
872 1021 1085 1078 delicta
1110 1025 1331 1090 nostra,
1356 1025 1489 1089 etc.,
1512 1037 1678 1094 usque
1699 1021 1769 1077 ad

140 1115 390 1185 resurgat
437 1110 691 1183 justitia.
743 1104 830 1184 (Id
889 1124 1050 1167 sem.
1108 1111 1174 1169 de
1222 1112 1451 1180 Pascha,
1512 1114 1655 1167 tom.
1695 1109 1767 1180 V,

140 1203 274 1274 part.
305 1215 344 1267 ι,
372 1198 483 1255 col.
519 1200 706 1269 uso.)

777 1286 1009 1343 CAPUT
1046 1286 1115 1341 V.

197 1376 496 1447 Justiﬁcati
521 1389 671 1448 ergo,
701 1385 825 1443 etc.,
857 1390 1047 1449 usque
1076 1377 1148 1433 ad
1180 1378 1241 1433 in
1269 1392 1361 1449 spe
1388 1377 1586 1446 gloriae
1624 1376 1771 1447 ﬁlio-

141 1483 248 1522 rum
276 1464 390 1522 Dei.
417 1461 733 1521 Justiﬁcati
765 1468 963 1521 autem
986 1465 1170 1538 gratis
1196 1481 1318 1538 per,
1342 1468 1477 1533 etc.,
1501 1480 1671 1539 usque
1703 1464 1774 1521 ad

140 1554 402 1627 suscepit.
424 1553 559 1623 (Id.,
583 1553 655 1610 ad
694 1555 880 1626 Bonif.
907 1570 1109 1627 papam
1154 1555 1331 1622 Urbis,
1364 1558 1506 1611 tom.
1538 1554 1606 1624 X,
1639 1570 1697 1627 p.
1729 1571 1771 1627 ι,

140 1643 238 1699 col.
265 1643 369 1699 579
395 1646 453 1699 et
482 1646 635 1716 seq.)

200 1732 305 1789 Non
332 1733 511 1788 solum
540 1740 741 1800 autem,
774 1739 898 1800 etc.,
932 1748 1118 1805 usque
1161 1732 1232 1788 ad
1264 1734 1363 1805 qui
1388 1733 1547 1789 datus
1575 1741 1653 1789 est
1680 1748 1775 1789 ne-

145 1823 232 1878 bis.
263 1821 382 1878 Non
414 1821 615 1894 itaque
643 1837 748 1894 per
776 1839 904 1890 nos,
930 1825 1064 1892 etc.,
1094 1838 1265 1895 usque
1300 1822 1371 1877 ad
1408 1822 1772 1895 patientiam.

144 1911 260 1981 (id.,
277 1910 449 1966 lib.de
470 1909 601 1966 Gra.
624 1918 678 1967 et
698 1911 855 1966 liber.
876 1912 1102 1977 arbitr.,
1123 1914 1266 1966 tom.
1282 1910 1342 1978 Χ,
1362 1927 1421 1983 p.
1440 1928 1480 1979 ι,
1496 1910 1605 1966 col.
1622 1910 1776 1980 905.)

204 1997 307 2054 Nec
329 2014 432 2053 nos
454 2002 709 2067 moveat,
731 2002 865 2064 etc.,
886 2012 1057 2071 usque
1075 1997 1146 2053 ad
1173 2014 1281 2054 nos
1302 1997 1774 2055 immutabimur.

146 2087 260 2155 (Id.,
275 2085 337 2143 de
361 2086 544 2158 Agone
574 2087 912 2155 Christiano,
934 2092 1080 2143 tom.
1103 2086 1201 2155 VI,
1222 2086 1332 2142 col.
1351 2085 1506 2157 295.)

207 2174 272 2231 Ut
296 2179 489 2230 autem
523 2174 665 2231 mali
696 2175 888 2243 bonis,
913 2180 1047 2244 etc.,
1068 2191 1239 2249 usque
1266 2175 1337 2231 ad
1366 2176 1541 2232 datus
1570 2180 1660 2232 est
1680 2192 1779 2232 no-

146 2256 386 2336 bis.(Id.,
416 2265 514 2320 lib.
549 2268 760 2336 Qnazst.
792 2266 885 2331 83,
919 2268 1060 2321 tom.
1092 2264 1189 2332 VI,
1223 2263 1334 2321 col.
1364 2265 1481 2337 93.)

203 2352 321 2425 Spes
347 2361 533 2411 autem
562 2371 674 2411 non
702 2353 1008 2427 confundit.
1032 2354 1174 2420 Quis
1204 2358 1294 2409 est
1324 2354 1427 2426 qui
1468 2353 1779 2409 confundi-

147 2443 259 2498 tur?
270 2448 585 2516 etc.,usque
605 2443 675 2498 ad
694 2443 1051 2499 conscientia
1067 2442 1331 2515 sua.(ld.,
1347 2444 1405 2497 in
1427 2443 1567 2515 psal.
1587 2459 1778 2499 xxxvr.

148 2536 269 2587 tom.
301 2531 389 2599 IV,
418 2549 478 2605 p.
512 2548 558 2599 ι,
589 2531 700 2589 col.
732 2533 839 2588 368
869 2535 927 2587 et
955 2535 1103 2604 seq.)

209 2620 336 2689 Quia
364 2621 610 2676 charitas
638 2622 743 2677 Dei
770 2620 980 2694 diﬂ‘usa
999 2628 1078 2677 est
1107 2622 1169 2676 in
1198 2620 1450 2677 cordibus
1472 2622 1671 2678 nostris
1686 2636 1786 2693 per

150 2708 395 2781 Spiritum
422 2717 677 2765 sanctum
702 2711 804 2782 qui
833 2708 995 2766 datus
1023 2718 1101 2765 est
1132 2711 1309 2766 nobis.
1340 2710 1388 2765 A
1417 2726 1534 2782 quo
1565 2710 1681 2766 nisi
1712 2709 1785 2766 ab

152 2796 257 2865 illo,
279 2801 407 2866 etc.,
432 2815 609 2871 usque
640 2799 712 2854 ad
745 2798 1001 2871 cooperit
1039 2797 1482 2854 multitudinem
1521 2802 1788 2872 peccato-

154 2903 287 2942 rum.
312 2886 439 2956 (Id.,
464 2887 571 2943 lib.
598 2886 664 2944 de
685 2892 812 2945 Nat.
836 2896 888 2943 et
905 2903 1051 2957 gra.,
1074 2903 1144 2944 ea:
1169 2903 1413 2945 sermone
1431 2888 1502 2943 ad
1524 2888 1790 2961 populum

157 2975 212 3032 de
238 2972 434 3049 blasph.
464 2974 713 3049 Spiritus
742 2978 937 3033 sancti.

217 3064 327 3138 Ego
355 3063 626 3135 arbitror,
651 3061 783 3122 etc..
806 3082 978 3138 usque
995 3065 1066 3122 ad
1095 3065 1406 3140 coagulum
1429 3072 1543 3123 non
1567 3069 1785 3122 tenent.

159 3154 273 3223 (Id.,
296 3170 453 3211 serm.
478 3155 670 3211 Ascen.
695 3156 939 3224 Domini,
964 3159 1006 3212 t.
1029 3155 1098 3222 V,
1124 3172 1244 3229 p.1,
1269 3154 1378 3211 col.
1406 3156 1545 3211 1223
1564 3160 1619 3212 et
1640 3156 1787 3229 seq.)

1876 572 2083 642 sidere,
2118 574 2233 631 noli
2275 591 2379 647 per
2408 574 2735 643 avaritiam,
2774 562 2877 631 sed
2935 586 3039 647 per
3093 576 3371 647 pietatem
3413 576 3523 632 hoc

1876 674 2151 735 quaerere.
2175 662 2234 719 Si
2266 663 2422 719 enim
2454 664 2536 719 ita
2566 663 2887 736 qumsieris,
2910 663 3258 736 possidebis.
3277 664 3524 722 Tacebis

1875 751 2033 808 enim
2065 766 2199 808 eum
2231 767 2336 825 per
2358 765 2532 826 quem
2564 753 2715 810 facta
2745 758 2881 809 sunt
2902 753 3118 821 omnia,
3143 757 3200 809 et
3229 768 3363 811 cum
3394 754 3524 827 ipso

1876 840 2075 897 omnia
2110 840 2458 913 possidebis.

1947 929 2295 986 Commendat
2333 939 2515 987 autem
2543 946 2703 987 suam
2729 932 3051 987 charitatem
3090 935 3234 988 Deus
3259 935 3321 988 in
3344 933 3521 1003 nobis,

1876 1025 2001 1089 etc.,
2034 1034 2221 1091 usque
2250 1020 2321 1075 ad
2349 1021 2493 1075 salvi
2519 1022 2726 1076 erimus
2757 1022 2819 1075 in
2842 1023 2955 1077 vita
2983 1023 3175 1093 ipsius.
3201 1021 3529 1095 In'compre-«

1877 1106 2186 1163 hensibilis
2219 1111 2306 1163 est
2353 1106 2585 1164 dilectio
2616 1125 2751 1181 qua,
2775 1112 2909 1177 etc.,
2932 1124 3101 1182 usque
3130 1108 3202 1166 ad
3246 1112 3388 1168 socii
3420 1110 3524 1169 de-

1878 1195 2170 1251 beremus.
2197 1196 2325 1267 (Id.,
2349 1213 2419 1252 ea:
2458 1202 2690 1253 tractatu
2718 1198 3006 1268 Evangelii
3044 1200 3340 1256 secundum
3365 1203 3522 1259 toan.

1878 1300 1968 1350 cx,
2014 1287 2071 1340 et
2116 1286 2177 1339 in
2222 1286 2364 1357 psal.
2399 1302 2600 1358 uxxv,
2634 1290 2777 1341 tom.
2812 1286 2911 1355 III,
2959 1304 3015 1360 p.
3048 1306 3110 1357 ιι,
3145 1289 3253 1346 col.
3289 1292 3427 1346 1923
3471 1292 3531 1348 et

1880 1375 2030 1445 seq.)

1950 1462 2312 1519 Testimonia
2353 1463 2569 1537 quippe
2618 1464 2741 1530 Dei,
2774 1468 2907 1534 etc.,
2931 1478 3101 1539 usque
3127 1467 3197 1523 ad
3224 1468 3395 1526 nobis
3421 1468 3528 1526 do-

1878 1551 2060 1607 navit.
2093 1550 2222 1620 (Id.,
2267 1568 2337 1608 ex
2381 1559 2617 1609 tractatu
2658 1553 2800 1625 psal.
2841 1570 3034 1623 cxvm,
3085 1559 3228 1611 tom.
3253 1556 3346 1613 IV.
3380 1575 3438 1631 p.
3471 1558 3527 1628 2,

1880 1638 1993 1696 col.
2033 1642 2216 1708 1515.)

1952 1726 2213 1784 Primum
2242 1729 2411 1785 nobis
2442 1728 2939 1803 persuadendum,
2961 1736 3095 1798 etc.,
3120 1750 3292 1807 usque
3319 1734 3389 1790 ad
3409 1750 3539 1809 pern

1882 1817 2212 1873 ﬁcerentur.
2246 1818 2377 1889 (Id.,
2406 1820 2502 1875 lib.
2545 1820 2610 1875 de
2650 1820 2915 1878 Trinitate
2950 1837 3028 1891 ιν,
3062 1826 3205 1878 tom.
3239 1823 3386 1894 VIII,
3420 1825 3529 1882 col.

1883 1907 1988 1961 887
2017 1910 2075 1962 et
2101 1908 2250 1979 seq.)

1884 1996 2163 2067 Quoniam
2189 2012 2314 2051 cum
2341 1996 2519 2053 adhuc
2540 2006 2842 2069 peccatores
2879 2014 3133 2068 essemus,
3166 2000 3414 2059 Christus
3432 2016 3537 2076 pro

1884 2084 2038 2140 nobis
2063 2092 2307 2140 mortuus
2348 2090 2450 2151 est,
2482 2089 2593 2142 etc.
2619 2085 2745 2141 Non
2779 2086 2960 2142 alium
3014 2090 3251 2145 modum
3283 2088 3535 2163 possibi-

1884 2170 2024 2237 lem,
2046 2176 2178 2240 etc.,
2206 2189 2377 2246 usque
2406 2174 2475 2229 ad
2512 2174 2721 2230 fortius
2761 2180 2851 2231 est
2886 2176 3248 2234 hominibus.
3271 2180 3402 2250 (Id.,
3436 2180 3534 2239 lib.

1884 2261 1951 2317 de
1980 2263 2173 2317 Trinit.
2206 2278 2328 2329 xm,
2351 2265 2493 2319 tom.
2520 2262 2673 2335 VIII,
2704 2263 2813 2320 col.
2846 2265 2985 2321 1024
3015 2268 3075 2322 et
3105 2267 3252 2340 seq.)

1957 2349 2020 2405 Si
2047 2352 2214 2419 enim,
2237 2354 2371 2419 etc.,
2392 2368 2580 2424 usque
2608 2352 2679 2409 ad
2709 2353 2853 2409 salvi
2880 2356 3087 2412 erimus
3118 2357 3177 2411 in
3201 2357 3312 2413 vita
3343 2359 3535 2431 ipsius,

1891 2440 2036 2512 Ergo
2058 2457 2160 2512 pro
2192 2440 2390 2513 impiis
2410 2440 2679 2497 Christus
2702 2448 2973 2499 mortuus
2994 2447 3104 2512 est,
3126 2448 3257 2514 etc.,
3280 2461 3451 2519 usque
3469 2446 3541 2504 ad

1890 2529 1992 2585 sed
2022 2546 2126 2601 pro
2158 2529 2502 2602 nobis.(1d.,
2528 2547 2692 2586 serm.
2724 2531 2789 2587 de
2819 2534 3081 2590 Passione
3110 2533 3375 2609 Domini.)
3440 2544 3445 2550 ‘

1891 2618 2065 2676 Multo
2094 2620 2270 2689 magis
2296 2635 2444 2673 nunc
2462 2619 2756 2691 justiﬁcati
2784 2621 2845 2676 in
2873 2626 3146 2691 sanguine
3176 2625 3367 2695 ipsius,
3399 2624 3543 2682 salvi

1891 2709 2097 2763 erimus
2128 2708 2196 2762 ab
2228 2709 2315 2762 ira
2356 2724 2456 2779 per
2502 2711 2701 2780 ipsum.
2731 2709 2912 2765 Filius
2943 2709 3066 2778 Dei,
3090 2715 3223 2778 etc.,
3256 2729 3428 2786 usque
3471 2714 3545 2771 ad

1894 2796 2146 2868 impium
2177 2794 2469 2868 relinquet
2500 2796 2685 2868 pium.
2712 2797 2816 2870 (Id.
2850 2800 2910 2854 in
2934 2799 3077 2871 psal.
3110 2806 3284 2870 xcvr)

1966 2887 2081 2940 Cur
2109 2900 2245 2958 ergo
2276 2901 2392 2940 non
2432 2884 2593 2941 ﬁeret
2623 2902 2781 2942 mors
2813 2886 3045 2955 Christi,
3078 2891 3212 2955 etc.,
3258 2906 3428 2963 usque
3472 2893 3544 2949 ad

1896 2972 2239 3046 spiritaliter
2286 2978 2675 3047 regeneratos.
2699 2975 2831 3045 (Id.,
2866 2976 2963 3031 lib.
2995 2976 3061 3032 de
3104 2977 3301 3035 Trinit.
3332 2995 3456 3051 xm,
3490 2992 3540 3039 α.

1895 3078 2010 3130 xvr,
2041 3066 2183 3118 tom.
2215 3062 2364 3129 VIII,
2392 3062 2501 3119 col.
2535 3062 2676 3119 4030
2702 3067 2761 3120 at
2790 3063 2938 3137 seq.)

1968 3153 2259 3223 Propterea
2288 3153 2432 3207 sicut
2472 3168 2573 3224 per
2611 3164 2785 3207 unum
2813 3153 3086 3209 hominem
3129 3165 3408 3228 peccatum
3455 3160 3543 3215 in-

219 3241 468 3299 Charitas
498 3247 818 3318 congregat
846 3261 973 3301 nos.
998 3227 1145 3311 Quia
1178 3262 1312 3300 vero
1356 3244 1516 3312 dicit,
1538 3249 1671 3313 etc.,
1694 3227 1785 3301 us?
1816 3227 1859 3295 Ο
1896 3243 2061 3297 travit
2090 3242 2151 3296 in
2181 3242 2326 3296 hunc
2351 3240 2639 3308 mundum,
2671 3250 2724 3297 et
2761 3258 2861 3315 per
2890 3227 3171 3314 peccatum
3197 3261 3363 3317 mors,
3390 3256 3442 3304 et
3466 3249 3549 3305 ita

157 3348 247 3404 que
291 3331 358 3387 ad
404 3331 662 3406 Spiritus
709 3331 991 3403 Dei.(Id.,
1016 3335 1076 3389 in
1124 3349 1370 3390 sermone
1420 3333 1589 3406 Epist.
1628 3336 1786 3391 Joan.

157 3424 283 3476 tom.
315 3419 412 3490 III,
445 3426 504 3495 p‘.
541 3438 604 3490 ιι,
639 3419 750 3478 col.
784 3420 972 3492 2032.)

218 3508 369 3567 Unde
397 3509 645 3579 scimus,
670 3515 804 3577 etc.,
827 3528 998 3585 usque
1025 3512 1095 3568 ad
1117 3512 1289 3568 datus
1320 3515 1409 3567 est
1437 3511 1629 3568 nobis.
1656 3511 1787 3585 (Id.,

158 3616 300 3655 serm.
330 3596 423 3673 Ep.
452 3599 507 3667 8,
541 3601 723 3668 Joan.,
755 3604 902 3656 tom.
933 3601 1032 3670 III,
1065 3618 1123 3674 p.
1152 3598 1208 3669 2,
1240 3596 1349 3656 col.
1373 3602 1562 3670 2043.)

218 3686 374 3743 Dedit
402 3676 561 3745 dona
587 3688 951 3757 hominibus,
984 3692 1115 3755 etc.,
1148 3706 1319 3763 usque
1346 3689 1416 3745 ad
1456 3688 1557 3763 qui
1589 3688 1791 3746 dilexit

161 3791 269 3832 nos.
301 3776 426 3850 (Id.,
456 3794 624 3834 serm.
653 3793 806 3844 κων,
839 3778 904 3833 de
932 3779 1080 3834 verb.
1112 3779 1343 3851 Evang.)

218 3864 356 3939 Eego
388 3864 547 3923 unde
580 3866 685 3921 tibi
718 3864 994 3935 charitas,
1029 3872 1162 3934 etc.,
1198 3882 1365 3940 usque
1394 3864 1466 3923 ad
1496 3867 1669 3923 datus
1701 3870 1790 3923 est

159 3950 307 4010 nobis
356 3954 434 4026 (S.
473 3955 649 4028 Aug.,
683 3972 848 4011 serm.
895 3953 961 4011 de
1014 3955 1159 4011 verb.
1210 3956 1388 4029 Apost.
1420 3956 1511 4028 81,
1542 3956 1685 4012 tom.
1715 3954 1786 4027 V,

160 4040 289 4111 part.
321 4059 355 4110 ι,
388 4042 497 4098 col.
530 4042 684 4115 923.)

220 4129 451 4187 Prorsus
481 4132 705 4188 donum
737 4136 827 4188 est
872 4132 1000 4202 Dei,
1029 4135 1163 4202 etc.,
1187 4148 1358 4205 usque
1400 4132 1472 4188 ad
1516 4136 1574 4189 et
1622 4131 1784 4190 Filio.

158 4217 272 4288 (ld..
296 4218 389 4276 lib.
421 4221 551 4277 Sen.
584 4223 858 4294 Prosperi,
886 4224 1028 4277 tom.
1059 4220 1126 4287 X,
1160 4239 1219 4295 p.
1248 4222 1302 4290 2,
1332 4220 1442 4278 col.
1474 4220 1657 4294 1894.)

221 4302 278 4365 Ut
302 4308 431 4382 quid
461 4311 616 4367 enim
646 4309 912 4378 Christus,
941 4312 1075 4377 etc.,
1104 4311 1228 4383 quis
1258 4308 1454 4367 audeat
1480 4311 1643 4368 mori.
1676 4308 1792 4367 Aut

158 4412 272 4453 vero
301 4415 401 4472 pro
432 4398 700 4469 minimo,
733 4404 866 4468 etc.,
900 4416 1071 4472 usque
1106 4399 1178 4455 ad
1218 4404 1528 4457 secuturus
1559 4415 1642 4457 es.
1673 4400 1784 4471 (Id.

160 4484 207 4540 in
229 4488 363 4559 psal.
387 4498 617 4558 chvm,
652 4492 796 4545 tom.
829 4486 924 4556 IV,
955 4506 1013 4562 p.
1048 4505 1109 4555 ιι,
1141 4487 1253 4545 col.
1283 4488 1464 4561 1942).

219 4570 403 4632 Omnia
430 4577 576 4633 mihi
604 4576 809 4633 tradita
835 4585 983 4645 sunt,
1006 4574 1222 4650 inquit,
1248 4596 1281 4633 a
1309 4578 1474 4634 Patre
1494 4593 1629 4634 meo.
1654 4574 1786 4634 For-

159 4661 293 4721 tasse
336 4662 602 4722 dicturus
646 4683 731 4722 es.
763 4664 994 4722 Christo
1051 4669 1191 4722 sunt
1242 4665 1459 4722 tradita
1516 4665 1784 4739 nunquid

158 4750 322 4808 mihi?
339 4754 486 4811 Audi
506 4754 853 4828 Apostolum
876 4754 1166 4811 dicentem
1187 4771 1200 4810 :
1225 4754 1394 4824 Audi,
1419 4758 1484 4811 ut
1503 4755 1619 4811 dixi
1633 4756 1782 4829 jam-

159 4839 381 4912 dudum,
414 4860 488 4900 ne
517 4843 919 4917 desperatione
960 4842 1268 4917 frangaris.
1300 4844 1450 4900 Audi
1489 4844 1782 4917 quomodo

158 4928 366 4988 amatus
408 4938 472 4989 es
522 4932 637 4988 non
688 4932 1001 4989 amandus.
1028 4932 1179 4989 Audi
1212 4933 1504 5005 quomodo
1552 4936 1784 4989 amatus

158 5016 209 5071 es
234 5020 437 5093 turpis,
463 5019 671 5090 I‘uedus,
695 5024 1010 5094 antequam
1053 5024 1208 5078 esset
1235 5020 1296 5076 in
1328 5023 1385 5077 te
1414 5021 1570 5094 quod
1600 5020 1784 5077 amari

159 5104 379 5179 dignum
425 5114 605 5166 esset.
635 5111 880 5167 Amatus
919 5126 983 5166 es
1026 5111 1192 5182 prius
1242 5110 1308 5166 ut
1357 5109 1572 5184 dignus
1619 5110 1787 5167 fieres

161 5194 243 5265 qui
270 5197 570 5254 amareris.
594 5196 821 5255 Etenim
858 5199 1104 5255 Christus
1128 5197 1305 5268 (sicut
1341 5198 1423 5254 ait
1449 5198 1782 5272 Apostolus)

156 5298 239 5352 pro
266 5287 449 5359 impiis
474 5295 725 5344 mortuus
753 5294 850 5345 est.
884 5290 971 5344 An
1003 5288 1151 5344 forte
1193 5286 1413 5361 impius
1452 5289 1785 5345 merebatur

160 5372 360 5430 amari?
396 5376 602 5441 Quaero
647 5376 789 5448 quid
829 5377 1164 5433 merebatur
1209 5376 1467 5450 impius?
1514 5375 1783 5433 damnari

159 5462 472 5532 respondes.
517 5463 785 5522 Christus
840 5468 1038 5521 tamen
1097 5481 1203 5538 pro
1257 5465 1457 5538 impiis
1515 5467 1784 5521 mortuus

160 5542 252 5602 est.
268 5550 404 5607 Boos
422 5544 566 5625 quid
586 5548 694 5609 tibi
716 5552 1042 5626 prustitum
1059 5556 1149 5609 est
1163 5552 1363 5627 impio.
1378 5550 1409 5610 J
1416 5568 1510 5608 am
1527 5552 1623 5627 pio
1640 5552 1784 5628 quid

160 5642 438 5701 servatur?
461 5640 609 5713 Quid
648 5641 974 5720 praestitum
1004 5645 1094 5703 est
1123 5640 1343 5722 impio?
1382 5640 1649 5702 Christus
1679 5656 1784 5719 pro

1896 3332 1958 3386 in
1986 3346 2169 3386 omnes
2197 3331 2441 3386 homines
2464 3332 2809 3402 pertransiit.
2834 3330 3037 3388 Primae
3061 3335 3549 3407 transgressionis

1897 3423 2200 3492 peccatum
2231 3435 2345 3474 non
2378 3418 2815 3491 propagatione.
2842 3424 2977 3488 etc.,
3002 3434 3170 3495 usque
3198 3423 3268 3479 ad
3291 3424 3392 3481 sed
3426 3442 3547 3483 una

1897 3524 2051 3563 caro.
2078 3507 2207 3579 (Id.,
2242 3507 2339 3562 lib.
2382 3523 2397 3563 ι
2436 3506 2501 3563 de
2546 3509 2826 3581 Baptismo
2875 3511 3254 3581 parvulorum,
3304 3516 3447 3569 tom.
3478 3513 3546 3585 Χ,

1897 3613 1955 3669 p.
1988 3615 2023 3663 I,
2057 3594 2165 3651 col.
2203 3596 2306 3651 114
2336 3600 2395 3652 et
2426 3599 2575 3669 seq.)

1968 3686 2081 3741 Sed
2112 3684 2289 3741 homo
2317 3684 2494 3742 habet
2522 3688 2580 3742 et
2607 3703 2839 3759 poenam
2872 3690 3189 3761 propriam,
3210 3692 3343 3758 etc.,
3378 3706 3552 3765 usque

1896 3774 1967 3831 ad
1998 3791 2185 3848 genus
2231 3774 2581 3830 humanum.
2614 3775 2746 3847 (Id.,
2791 3777 3100 3845 Enchirid.,
3132 3782 3273 3834 tom.
3307 3780 3402 3849 VI,
3436 3779 3547 3837 col.

1896 3866 2003 3920 244
2031 3867 2091 3920 et
2117 3863 2269 3934 seq.)

1970 3952 2179 4007 Praeter
2208 3951 2316 4007 hoc
2344 3950 2671 4019 vinculum,
2704 3955 2837 4020 etc.,
2870 3969 3038 4025 usque
3084 3952 3155 4009 ad
3198 3954 3382 4010 Adam
3431 3970 3548 4013 non

1897 4044 1987 4097 e'st
2016 4044 2209 4096 natus.
2231 4039 2361 4113 (Id.,
2398 4041 2454 4094 in
2480 4040 2627 4112 psal.
2662 4058 2712 4107 ι,
2745 4044 2888 4095 tom.
2922 4041 3016 4108 IV,
3049 4056 3106 4113 p.
3141 4055 3183 4109 ι,
3214 4040 3323 4097 col.
3354 4044 3454 4109 591
3490 4050 3549 4102 et

1896 4129 2048 4202 seq.)

1964 4218 2169 4274 Videte
2215 4232 2372 4291 ergo,
2424 4217 2652 4285 fratres,
2695 4221 2829 4289 etc.,
2858 4234 3030 4291 usque
3076 4217 3147 4275 ad
3196 4220 3252 4275 te
3303 4218 3543 4278 invenit.

1896 4308 2027 4379 (Id.,
2052 4307 2226 4363 Serm.
2261 4325 2316 4363 ιν
2340 4306 2405 4363 de
2432 4308 2585 4363 verb.
2620 4307 2907 4379 Apostoli.)

1968 4396 2116 4452 Illud
2148 4394 2302 4452 enim
2333 4396 2436 4452 ubi
2466 4393 2554 4451 vel
2584 4395 2835 4453 maxime
2873 4396 3018 4453 ildes
3048 4395 3380 4455 Christiana
3408 4415 3545 4457 con-

1896 4484 2069 4553 sistit,
2095 4489 2230 4551 etc.,
2252 4492 2424 4557 usque
2452 4483 2522 4540 ad
2550 4500 2739 4558 genus
2769 4484 3119 4542 humanum.
3145 4486 3278 4557 (Id.,
3299 4490 3453 4560 epist.
3477 4487 3548 4545 ad

1816 4598 1865 4663 Β
1897 4574 2072 4648 Optat.
2104 4576 2431 4647 episcopum,
2463 4578 2608 4630 tom.
2646 4573 2714 4642 II,
2749 4573 2859 4631 col.
2893 4575 2998 4631 858
3028 4580 3086 4632 et
3117 4579 3267 4649 seq.)

1967 4662 2067 4719 Ille
2097 4680 2252 4719 unus
2280 4680 2464 4719 unum
2498 4668 2824 4735 peccatum,
2858 4669 2992 4733 etc.,
3025 4681 3194 4737 usque
3222 4664 3293 4719 ad
3322 4678 3354 4719 a
3384 4664 3545 4720 dam-

1889 4753 2127 4809 natione
2180 4752 2435 4809 liberari.
2497 4751 2627 4821 (Id.,
2686 4753 2995 4825 Enchirid.,
3053 4758 3196 4809 tom.
3257 4752 3352 4821 VI,
3430 4752 3540 4811 col.

1962 4934 2085 4987 Non
2103 4930 2382 5003 judicium
2409 4946 2480 4987 ex
2506 4946 2615 4986 uno
2660 4932 2721 4986 in
2751 4929 3271 4998 condemnationem,
3295 4933 3404 4986 etc.
3429 4930 3541 4987 Sed

1893 5034 2017 5088 cur,
2042 5019 2260 5092 inquis,
2284 5020 2473 5093 gratia
2497 5019 2597 5076 Dei
2622 5035 2737 5074 non
2759 5017 3105 5086 secundum,
3128 5021 3261 5085 etc.,
3283 5030 3455 5092 usque
3472 5017 3543 5075 ad

1894 5109 2050 5182 apud
2081 5108 2267 5164 Deum
2298 5108 2610 5164 invenitur.
2634 5107 2765 5180 (Id.,
2804 5108 2902 5163 lib.
2933 5106 2997 5163 de
3026 5106 3164 5163 dono
3189 5123 3539 5179 perseveran-

1890 5199 2008 5266 tiae,
2033 5201 2176 5254 tom.
2199 5197 2266 5265 X,
2298 5214 2356 5269 p.
2388 5213 2451 5266 ιι,
2482 5196 2590 5253 col.
2627 5196 2810 5264 1002.)

1959 5287 2139 5355 Igitur
2162 5288 2301 5341 sicut
2330 5301 2430 5357 per
2475 5287 2644 5340 unius
2682 5284 2962 5352 delictum,
2995 5292 3119 5357 etc.,
3160 5300 3347 5359 usque
3378 5286 3446 5343 ad
3479 5288 3541 5342 in

1882 5374 2333 5446 justiﬁcationem
2378 5375 2529 5430 vitae.
2569 5373 3075 5439 Quemadmodum
3127 5373 3285 5430 enim
3336 5386 3539 5431 omnes

1890 5462 2151 5529 omnino,
2192 5465 2328 5530 etc.,
2370 5477 2543 5534 usque
2592 5461 2663 5517 ad
2718 5477 2892 5517 nemo
2950 5462 3144 5520 discit.
3167 5462 3297 5536 (Id.,
3332 5464 3429 5519 lib.
3475 5462 3542 5521 de

1889 5551 2167 5624 Baptismo
2222 5550 2606 5624 parvulorum,
2664 5552 2808 5607 tom.
2859 5548 2926 5619 X,
2967 5566 3025 5625 p.
3075 5568 3112 5624 ι,
3158 5550 3269 5610 col.
3324 5550 3429 5609 140
3482 5554 3541 5611 et

1892 5639 2038 5719 εθςο)
