3896 6198
355 339 466 402 291

1557 336 1783 399 FLORI
1830 337 2145 398 DIACONI
2195 336 2570 397 MONACHI.

3658 336 3763 394 292

427 472 589 527 Sicut
615 470 837 525 dictum
868 474 975 537 est,
1004 470 1154 524 sicut
1182 485 1283 540 per
1305 468 1479 524 unius
1502 468 1777 524 delictum
1807 470 1862 523 in
1888 485 2007 523 om-
2036 472 2089 537 Α
2120 469 2188 522 ad
2217 467 2605 523 Christianus.
2636 467 2767 535 (Id.,
2802 468 2861 521 in
2897 466 3037 538 psal.
3080 481 3262 532 cxm,
3303 469 3449 520 tom.
3493 464 3584 531 IV,
3619 482 3680 536 p.
3714 483 3763 534 11,

355 578 459 616 nes
489 558 757 615 homines
785 558 843 612 in
874 558 1446 622 condemnationem,
1470 561 1535 612 ut
1556 557 1753 613 nullus
1776 563 2009 629 pt‘IL’LCP-

357 648 704 714 mitteretur,
730 646 814 702 sic
845 650 901 701 et
935 645 992 699 in
1024 663 1089 700 eo
1122 646 1274 717 quod
1306 646 1525 700 dictum
1561 650 1667 713 est,
1702 663 1803 717 per
1834 646 2011 701 unius

346 736 645 809 justitiam
673 735 730 789 in
755 751 960 790 omnes
982 734 1252 789 homines
1274 734 1835 805 injustiﬁcationem
1860 733 2006 799 vitm,

353 825 551 881 nullus
581 822 1013 896 praetermissus
1045 828 1154 877 est.
1182 824 1306 877 Non
1340 823 1480 894 quia
1519 840 1722 878 omnes
1765 823 1823 876 in
1873 841 2005 878 eum

353 915 598 970 credunt
618 918 673 968 et
699 911 991 985 baptismo
1017 913 1143 982 ejus
1176 911 1516 977 abluuntur,
1543 913 1641 966 sed
1676 911 1813 983 quia
1836 929 2007 966 nemo

343 1003 711 1075 justificatur
753 1001 865 1056 nisi
914 1000 973 1055 in
1006 1018 1139 1055 eum
1188 1001 1386 1055 credat
1434 1006 1491 1055 et
1538 1001 1830 1072 baptismo
1879 1002 2008 1071 ejus
2089 1058 2101 1069 ,

351 1091 641 1147 abluatur.
678 1094 881 1161 Itaque
914 1106 1118 1145 omnes
1143 1090 1360 1144 dictum
1391 1094 1495 1156 est,
1524 1107 1594 1143 ne
1618 1089 1813 1160 aliquo
1836 1090 2007 1144 modo

349 1179 462 1235 alio
496 1184 705 1252 praeter
734 1178 930 1250 ipsum
972 1178 1225 1249 quisque
1259 1178 1454 1233 salvus
1506 1178 1629 1232 ﬁeri
1680 1195 1850 1249 posse
1881 1194 2007 1232 cre-

349 1270 545 1325 datur.

417 1359 535 1431 Ego
570 1358 697 1413 dico
730 1355 1037 1426 parvulum
1072 1361 1275 1411 natum
1329 1356 1387 1410 in
1441 1373 1505 1410 eo
1557 1355 1680 1411 loco
1716 1355 1837 1419 ubi,
1871 1358 2003 1422 etc.,

346 1464 516 1519 usque
542 1447 611 1502 ad
644 1446 972 1502 secundum
1004 1446 1181 1500 verba
1212 1462 1339 1500 sua.
1376 1445 1505 1515 (Id.,
1538 1461 1607 1499 ex
1638 1445 1777 1499 libro
1806 1444 1869 1498 de
1900 1449 2007 1500 Na-

346 1546 471 1591 tura
500 1544 551 1590 et
579 1538 786 1603 gratia,
822 1538 963 1588 tom.
998 1533 1062 1595 Χ,
1098 1551 1153 1604 p.
1187 1548 1226 1599 1,
1252 1532 1360 1588 col.
1394 1535 1492 1587 251
1530 1538 1587 1588 et
1620 1533 1767 1603 seq.)

414 1624 567 1680 Sicut
594 1626 740 1679 enim
775 1640 872 1693 per
916 1622 1335 1677 inobedientiam
1387 1624 1553 1677 unius
1597 1622 1836 1677 hominis
1880 1639 2002 1693 pec-

343 1722 546 1770 catores
577 1714 860 1768 constituti
904 1720 1030 1766 sunt
1070 1712 1250 1778 multi,
1288 1713 1361 1765 ita
1406 1728 1507 1781 per
1538 1714 1703 1765 unius
1749 1711 2006 1765 obeilitio-

343 1820 466 1859 nem
485 1805 631 1875 justi
661 1802 1060 1857 constituentur
1086 1802 1269 1855 multi.
1297 1799 1637 1855 Obedientia
1668 1805 1755 1855 est
1785 1801 1842 1854 in
1876 1817 2000 1855 om-

342 1892 539 1958 nibus,
580 1896 713 1957 etc.,
757 1906 926 1961 usque
975 1890 1044 1944 ad
1094 1889 1530 1944 constituentur
1578 1887 1769 1942 multi.
1798 1888 1901 1956 (Id.
1937 1891 1997 1943 in

339 1982 479 2053 psal.
514 1997 663 2045 1.xx1,
697 1982 838 2033 tom.
875 1980 967 2044 IV,
1003 1996 1058 2050 p.
1096 1996 1133 2045 1,
1167 1977 1272 2033 col.
1306 1979 1413 2031 904
1443 1983 1499 2032 et
1528 1978 1672 2049 seq.)

410 2067 744 2141 Apostolus,
778 2071 914 2135 etc.,
946 2083 1115 2140 usque
1163 2066 1231 2121 ad
1284 2066 1531 2121 secerni.
1564 2067 1690 2135 {Id.,
1715 2065 1778 2120 de
1808 2066 1997 2121 Genesi

360 2176 407 2211 ill
441 2176 547 2211 ΠΗ.

360 2176 372 2210 r
536 2200 547 2211 .

341 2158 528 2301 “Ilii:
555 2161 840 2316 )proderat
887 2244 1177 2315 superbis,
1202 2246 1267 2297 ut
1315 2243 1638 2298 abundaret
1690 2242 1988 2311 delictum,

338 2340 472 2401 etc.,
506 2352 672 2407 usque
702 2335 770 2388 ad
803 2351 906 2405 per
947 2334 1151 2388 Jesum
1185 2333 1485 2388 Christum
1537 2332 1687 2387 facta
1718 2337 1823 2386 est.
1859 2332 1987 2404 (Id.,

338 2442 407 2481 ea:
436 2432 670 2479 tractatu
701 2426 734 2478 3
764 2426 978 2491 Fraag.
1011 2422 1307 2477 secundum
1334 2426 1523 2487 Joan.,
1551 2425 1693 2477 tom.
1724 2421 1821 2486 III,
1845 2439 1900 2493 p.
1926 2439 1986 2487 11,

338 2514 453 2570 col.
482 2513 616 2568 1401
656 2516 712 2568 et
742 2513 887 2583 seq.)

408 2602 594 2658 Etiam
641 2601 1007 2673 temporibus
1063 2599 1484 2673 apostolorum,
1518 2605 1651 2667 etc.,
1704 2616 1873 2671 usque
1920 2600 1990 2655 ad

337 2695 538 2765 postea
570 2688 1053 2746 acceleraverunt.
1088 2690 1223 2759 (Id.,
1254 2688 1350 2744 lib.
1385 2689 1449 2743 de
1481 2688 1612 2745 Fide
1639 2696 1689 2744 et
1716 2690 1985 2760 operibus,

335 2786 477 2836 tom.
510 2779 604 2845 VI,
640 2777 747 2834 col.
784 2778 937 2844 211.)

406 2868 575 2941 Legis
607 2866 799 2922 littera
840 2883 969 2938 quae
1019 2867 1205 2932 docet,
1258 2870 1392 2933 etc.,
1441 2882 1613 2937 usque
1658 2865 1728 2919 ad
1777 2866 1989 2921 videbi-

335 2975 467 3013 mus
499 2958 716 3012 lumen.
744 2956 875 3027 (ld.,
910 2956 1006 3010 lib.
1049 2955 1113 3011 de
1150 2955 1363 3027 Spiritu
1410 2964 1461 3010 et
1510 2957 1711 3022 littera,
1747 2960 1888 3010 tom.
1919 2955 1984 3023 Χ,

335 3064 391 3119 p.
428 3066 462 3113 1,
498 3046 605 3102 col.
634 3047 788 3113 205.)

404 3137 510 3191 Per
542 3136 777 3206 Moysen
810 3134 941 3189 data
974 3137 1064 3187 est
1095 3132 1205 3204 lex,
1239 3137 1373 3203 etc.,
1406 3149 1575 3203 usque
1604 3132 1675 3187 ad
1707 3134 1987 3203 quaeritur

335 3224 769 3292 medicus.(Id.,
806 3224 865 3277 in
907 3222 1049 3293 psal.
1083 3238 1177 3289 cu,
1221 3227 1362 3275 toni.
1396 3222 1486 3288 IV,
1522 3240 1579 3293 p.
1614 3238 1673 3288 11,
1699 3221 1806 3276 col.
1852 3222 1988 3276 1329
2018 3208 2059 3273 C

333 3318 389 3370 et
415 3314 561 3384 seq.)

406 3402 520 3456 Lex
577 3401 714 3456 data
767 3403 875 3466 est,
935 3402 1068 3466 etc.,
1115 3414 1283 3469 usque
1336 3398 1406 3452 ad
1466 3398 1794 3453 sanandum
1855 3398 1982 3453 fuit.

336 3491 467 3559 (Id.,
499 3491 595 3545 lib.
640 3489 1050 3544 Sententiarum
1098 3489 1373 3557 Prosperi,
1409 3491 1550 3542 tom.
1585 3488 1649 3556 X,
1682 3505 1738 3560 p.
1774 3505 1834 3555 11,
1872 3487 1981 3543 col.

336 3578 519 3649 1863.)

407 3665 716 3736 Consepulti
742 3666 890 3719 enim
919 3681 1106 3719 sumus
1136 3682 1256 3719 eum
1293 3666 1389 3720 illo
1428 3682 1526 3737 per
1568 3666 1896 3736 baptismum
1926 3668 1981 3720 in

334 3763 579 3812 mortem.
613 3753 924 3825 Ignoratis,
955 3752 1167 3824 inquit,
1203 3755 1482 3825 quoniam
1515 3756 1851 3826 quicunque
1880 3755 1983 3809 ba-

333 3843 532 3917 ptizati
581 3859 808 3921 sumus,
842 3847 972 3907 etc.,
1008 3859 1174 3913 usque
1220 3844 1289 3897 ad
1338 3844 1395 3898 in
1448 3862 1619 3899 carne
1652 3845 1976 3899 vetustatis.

334 3934 463 4007 (Id.,
495 3932 565 3987 ad
593 3933 850 4000 Januar.,
885 3936 1022 3986 tom.
1063 3932 1129 3998 Il,
1156 3931 1263 3987 col.
1295 3934 1400 3987 216
1433 3937 1489 3987 et
1522 3933 1670 4006 seq.)

399 4020 787 4077 Ambulamus
811 4038 945 4093 ergo
970 4020 1027 4074 in
1052 4038 1110 4076 re
1142 4020 1377 4089 laboris,
1405 4023 1503 4077 sed
1531 4022 1589 4078 in
1621 4040 1723 4095 spe
1744 4022 1980 4095 quietis,

330 4112 390 4166 in
422 4127 594 4167 carne
622 4110 948 4165 vetustatis.
985 4109 1171 4165 Semel
1208 4110 1548 4167 immolatus
1589 4117 1678 4168 est
1717 4112 1983 4169 Christus

331 4201 389 4255 in
422 4200 634 4271 seipse,
667 4205 801 4265 etc.,
826 4215 995 4270 usque
1024 4199 1093 4253 ad
1123 4199 1439 4256 salubriter
1469 4201 1732 4273 percipit.
1756 4201 1889 4268 (Id.,
1913 4202 1983 4255 ad

328 4290 515 4357 Bonif.
546 4290 736 4359 episc.,
770 4291 913 4343 tom.
945 4288 1014 4355 II,
1050 4306 1106 4360 p.
1141 4290 1246 4343 360
1275 4294 1330 4344 et
1356 4294 1507 4361 seq.)

399 4377 636 4432 Scientes
665 4378 799 4447 quia
843 4385 995 4431 vetus
1045 4378 1202 4433 homo
1232 4387 1414 4434 noster
1460 4380 1629 4434 simul
1678 4376 1983 4447 cruciﬁxus

327 4473 424 4521 est.
460 4464 781 4520 Mortalitas
823 4466 977 4520 unde
1027 4465 1121 4533 sit,
1157 4471 1360 4521 notum
1409 4470 1516 4533 est,
1547 4471 1680 4532 etc.,
1714 4482 1883 4537 usque
1912 4466 1983 4521 ad

2119 556 2228 613 col.
2266 558 2443 623 1673.)

2193 646 2340 713 Quod
2369 654 2549 700 autem
2578 653 2824 700 mortuus
2852 653 2929 700 est
2960 654 3196 715 peccato,
3228 649 3363 711 etc.,
3386 662 3577 717 usque
3610 644 3689 699 ad
3722 648 3765 699 in

2122 736 2340 789 Christo
2369 738 2519 790 Jesu.
2555 737 2862 789 Peccatum
2886 734 2935 787 ei
2970 751 3082 789 non
3117 734 3323 801 inerat,
3347 738 3482 800 etc.,
3506 751 3684 805 usque
3712 736 3769 790 ad

2120 825 2271 895 quod
2308 824 2599 877 nascendo
2646 827 2961 878 traxerunt.
2996 823 3126 893 (Id.,
3160 823 3465 888 Ifnchirid.,
3498 824 3763 892 tom.'\’I,

2119 911 2226 967 col.
2256 913 2404 982 253.)

2186 1003 2301 1056 Non
2331 1018 2458 1068 ergo
2504 1009 2688 1068 reg/net
2723 1009 3020 1071 peccatum,
3051 1009 3172 1067 εει-η
3203 1018 3390 1072 usque
3419 1002 3491 1055 ad
3523 1009 3578 1057 et
3606 1019 3763 1057 mem-

2120 1092 2217 1144 bra
2252 1098 2417 1144 vestra
2452 1106 2607 1144 arma
2631 1091 2868 1158 justiti}?
2898 1090 3023 1144 Deo.
3058 1089 3118 1145 Si
3152 1106 3266 1144 non
3300 1094 3466 1161 potes
3517 1108 3634 1144 non
3669 1092 3763 1146 ha-

2118 1179 2251 1233 bere
2274 1178 2729 1245 malitiam,ctc.,
2756 1194 2925 1249 usque
2943 1178 3013 1232 ad
3028 1178 3151 1248 jam
3181 1195 3294 1233 non
3316 1180 3633 1251 pugnabis.
3658 1181 3721 1235 Id
3750 1224 3760 1247 ,

2118 1270 2175 1322 in
2206 1269 2345 1339 psal.
2381 1285 2545 1333 xxxv,
2572 1270 2711 1323 tom.
2739 1267 2832 1333 IV,
2866 1284 2921 1337 p.
2958 1284 2995 1331 1,
3021 1266 3129 1321 col.
3161 1267 3313 1338 345.)

2186 1365 2310 1420 Non
2352 1381 2489 1436 ergo
2537 1368 2741 1436 regnet
2789 1369 3116 1436 peccatum,
3148 1368 3283 1435 etc.,
3311 1382 3484 1438 usque
3529 1367 3602 1421 ad
3654 1366 3761 1421 nisi

2116 1459 2288 1510 Deus.
2324 1455 2452 1525 (Id.,
2486 1455 2545 1509 in
2574 1454 2713 1525 psal.
2748 1471 2796 1519 1.,
2832 1458 2973 1508 tom.
3007 1453 3100 1520 IV,
3135 1471 3192 1526 p.
3223 1472 3257 1519 1,
3292 1453 3400 1509 col.
3431 1456 3585 1525 587.)

2187 1553 2311 1607 Non
2339 1551 2483 1607 dixit
2510 1550 2841 1622 Apostolus,
2874 1567 2989 1605 non
3022 1552 3098 1606 sit
3142 1556 3467 1623 peccatum,
3510 1559 3647 1621 etc.,
3682 1572 3762 1609 us-

2117 1658 2219 1713 que
2246 1642 2316 1696 ad
2348 1641 2404 1695 in
2452 1645 2508 1695 te
2558 1644 2763 1712 regnat
2793 1644 3119 1710 peccatum.
3155 1641 3284 1711 (Id.,
3318 1643 3375 1695 in
3420 1643 3566 1713 psal.
3604 1660 3758 1710 LXXV,

2120 1736 2260 1785 tom.
2297 1730 2387 1797 IV,
2424 1747 2477 1800 p.
2513 1747 2551 1795 1,
2586 1728 2693 1783 col.
2727 1730 2878 1795 900.)

2034 1838 2078 1901 Β
2185 1826 2331 1892 Quid
2365 1832 2473 1893 est,
2508 1842 2578 1881 ne
2618 1825 2971 1891 dominetur,
3003 1830 3137 1893 etc.,
3172 1842 3342 1898 usque
3373 1828 3443 1882 ad
3474 1845 3590 1882 non
3623 1829 3760 1884 mihi

2109 1916 2444 1971 dominetur
2487 1914 2679 1969 omnis
2721 1914 3023 1986 iniquitas.
3059 1915 3189 1986 (Id.,
3220 1933 3381 1970 serm.
3416 1918 3488 1971 30
3515 1918 3583 1973 de
3613 1919 3755 1973 l'erb.

2105 2011 2313 2076 Apost.,
2344 2009 2486 2059 tom.
2521 2004 2587 2072 V,
2618 2021 2673 2075 p.
2708 2020 2745 2067 1,
2781 2003 2887 2058 col.
2924 2004 3025 2057 190
3055 2008 3109 2059 et
3142 2003 3289 2076 seq.)

2175 2107 2457 2157 Peccatum
2496 2104 2647 2156 enim
2678 2102 2825 2156 vobis
2846 2117 2954 2155 non
2975 2101 3370 2171 dominabitur,
3406 2107 3543 2171 etc.,
3574 2122 3752 2176 usque

2102 2193 2171 2247 ad
2204 2194 2350 2246 servi
2375 2193 2512 2263 facti
2558 2192 2685 2245 estis
2718 2191 2980 2261 justz'tim.
3016 2191 3136 2245 Sub
3168 2190 3291 2263 lege
3341 2192 3499 2246 enim
3552 2196 3748 2265 positis

2102 2299 2214 2336 non
2250 2282 2359 2336 sub
2390 2280 2579 2353 gratia
2609 2279 3009 2334 dominabitur
3038 2285 3364 2351 peccatum,
3409 2287 3545 2347 etc.,
3590 2301 3749 2355 usque

2100 2372 2169 2425 ad
2214 2370 2530 2427 excidistis.
2567 2369 2652 2438 (Id
2684 2412 2699 2433 ,
2751 2369 2848 2423 lib.
2898 2369 2963 2424 de
3009 2368 3196 2425 Gratia
3240 2378 3289 2425 et
3340 2371 3514 2426 libero
3562 2374 3743 2441 arbit,

2098 2464 2240 2514 tom.
2272 2458 2337 2525 X,
2367 2476 2423 2530 p.
2460 2476 2495 2526 1,
2529 2457 2636 2512 col.
2672 2458 2820 2525 896.)

2170 2559 2479 2612 Humanum
2510 2556 2646 2621 dico,
2674 2558 2805 2624 etc.,
2828 2572 3015 2626 usque
3048 2556 3119 2611 ad
3153 2559 3211 2611 in
3240 2559 3739 2629 sanetiﬁeatimzem,

2096 2644 2407 2717 Apostolus
2452 2645 2745 2699 admonet.
2782 2645 3138 2711 Humanum,
3182 2652 3314 2713 etc.,
3350 2664 3521 2717 usque
3548 2649 3617 2703 ad
3649 2649 3741 2719 qui

2097 2736 2271 2789 datus
2300 2737 2385 2789 est
2417 2733 2605 2787 nobis.
2642 2733 2773 2802 (Id.,
2804 2736 2955 2804 epist.
2989 2734 3059 2788 ad
3091 2738 3474 2804 alnustasium,
3512 2741 3653 2791 toni.
3681 2739 3739 2801 ll.

2097 2823 2205 2878 col.
2238 2824 2341 2877 051
2373 2827 2429 2877 ct
2459 2825 2608 2893 seq.)

2170 2921 2490 2993 Prreponite
2535 2919 2901 2976 delectationi
2952 2920 3163 2976 carnis.
3189 2926 3323 2991 etc.,
3354 2939 3530 2993 usque
3561 2924 3631 2979 ad
3663 2925 3739 2978 in-

2094 3010 2339 3065 visibilis
2362 3008 2980 3082 pulchritudinis.(ld.,
2998 3026 3160 3064 serm.
3187 3010 3250 3065 de
3273 3013 3465 3066 Verbis
3489 3013 3739 3085 Apostoli,

2096 3105 2235 3154 tom.
2276 3102 2339 3162 V,
2373 3116 2428 3169 p.
2465 3114 2502 3163 1,
2530 3096 2637 3152 col.
2666 3099 2772 3151 870
2801 3101 2857 3152 et
2886 3099 3032 3169 seq.)

2172 3198 2305 3252 Cum
2333 3198 2482 3250 enim
2510 3197 2654 3249 servi
2696 3196 2874 3249 essetis
2916 3197 3141 3266 peccati,
3171 3197 3335 3252 liberi
3360 3200 3554 3269 fuistis
3569 3203 3739 3272 justi-

2096 3288 2211 3343 tim.
2246 3284 2463 3351 Qualis,
2498 3300 2716 3355 quaeso,
2750 3287 2939 3354 potest
2968 3284 3117 3339 servi
3148 3287 3384 3341 addicti.
3418 3291 3555 3352 etc.,
3582 3306 3740 3361 usque

2095 3375 2164 3430 ad
2219 3374 2386 3430 liberi
2454 3373 2639 3428 eritis.
2701 3372 2846 3443 (Id.,
2902 3373 3208 3439 Enehirid.,
3264 3380 3406 3430 tom.
3467 3376 3578 3443 VI,
3638 3376 3737 3433 col.

2093 3466 2245 3531 21.7,)

2165 3554 2266 3607 Est
2310 3551 2578 3623 quaedam
2629 3551 3096 3629 confusio,_etc.,
3134 3569 3300 3626 usque
3344 3553 3415 3608 ad
3470 3559 3738 3611 aeternam

2095 3641 2349 3696 habebit.
2387 3640 2518 3711 (Id.,
2554 3642 2609 3695 in
2638 3641 2780 3711 psal.
2813 3658 2942 3707 xxx,
2975 3645 3117 3695 tom.
3152 3641 3243 3708 IV,
3270 3659 3325 3713 p.
3356 3659 3394 3708 1,
3422 3642 3535 3698 col.
3567 3645 3670 3699 232
3688 3650 3741 3700 et

2095 3734 2243 3801 seq.)

2162 3819 2448 3889 Stipendia
2479 3820 2627 3873 enim
2654 3821 2869 3889 peccati
2905 3836 3067 3874 mors.
3104 3819 3304 3874 Merito
3345 3820 3736 3893 stipendium:

2094 3908 2233 3979 quia
2282 3906 2524 3975 militiai,
2566 3912 2702 3974 etc.,
2736 3925 2902 3980 usque
2931 3908 3000 3962 ad
3033 3925 3246 3963 corona
3295 3909 3577 3964 redditur.
3615 3912 3735 3979 (Id.,

2093 3997 2189 4052 lib.
2244 3996 2310 4052 de
2371 3996 2561 4052 Gratia
2616 4005 2667 4051 et
2723 3996 2892 4051 libero
2952 3996 3139 4064 urbiL,
3198 3998 3437 4062 101n.X,
3469 4015 3527 4070 p.
3564 4016 3601 4067 1,
3636 3998 3735 4055 col.

2091 4085 2239 4155 893.)

2165 4173 2270 4228 Ubi
2303 4178 2499 4230 autem
2554 4173 2902 4238 invenimus,
2954 4179 3086 4241 etc.,
3120 4192 3287 4246 usque
3335 4175 3406 4230 ad
3454 4176 3585 4232 sine
3634 4178 3736 4231 {ine

2090 4262 2371 4318 vivemus.
2406 4262 2537 4331 (Id.,
2582 4263 2751 4335 Epist.
2788 4265 2856 4317 ad
2900 4263 3119 4318 Si.rtum
3158 4264 3569 4337 presbyterum,
3602 4270 3735 4322 tom.

2092 4351 2161 4419 II,
2195 4351 2304 4406 col.
2335 4352 2485 4423 881.)

2164 4448 2305 4503 Item
2338 4448 2606 4505 lectionis
2635 4449 2900 4519 ejusdem
2922 4448 3111 4505 brevis
3134 4454 3191 4504 et
3213 4450 3561 4508 continuata
3581 4469 3736 4525 expo-

328 4554 388 4609 in
419 4570 589 4609 cruce
638 4553 1001 4626 triumphata
1047 4559 1205 4611 sunt.
1232 4555 1361 4626 (Id.,
1388 4557 1444 4609 in
1470 4557 1834 4638 expositione
1864 4554 1980 4625 Epi.

2167 4537 2246 4604 io,
2282 4538 2352 4593 ab
2394 4554 2459 4592 co
2511 4537 2610 4592 ubi
2662 4538 2882 4592 dictum
2915 4543 3004 4593 est
3038 4555 3050 4592 :
3089 4537 3394 4610 Propterea
3443 4540 3599 4596 sicut
3644 4559 3736 4614 per

326 4642 482 4697 stola:
510 4640 579 4695 ad
610 4639 811 4708 Galat.,
844 4646 988 4697 tom.
1027 4641 1121 4707 III,
1160 4659 1214 4711 p.
1250 4658 1311 4707 11,
1346 4632 1628 4696 colf2120
1659 4647 1714 4695 et
1744 4646 1892 4713 seq.)

402 4732 465 4788 Ut
491 4729 807 4785 destruatur
835 4746 1033 4802 corpus
1068 4731 1293 4800 peccati,
1322 4734 1455 4795 etc.,
1480 4746 1666 4801 usque
1713 4731 1783 4784 ad
1830 4733 1975 4785 vive-

326 4835 446 4872 mus
475 4834 597 4873 cum
647 4819 877 4874 Christo.
903 4817 1099 4875 Gratia
1149 4818 1249 4871 Dei
1300 4834 1402 4889 per
1451 4818 1809 4890 baptismum
1850 4820 1979 4890 ejus

328 4906 425 4977 qui
455 4907 627 4973 venit,
664 4913 796 4973 etc.,
828 4924 997 4978 usque
1040 4906 1108 4961 ad
1152 4905 1415 4961 servituti
1448 4907 1819 4978 subjicimus.
1843 4908 1974 4978 (Id.,

328 4996 423 5051 lib.
458 4996 521 5051 de
567 5000 843 5068 Baptismo
878 4996 1258 5067 parvulorum,
1294 4999 1433 5049 tom.
1476 4996 1541 5062 Χ,
1576 5012 1632 5068 p.
1664 5014 1701 5063 1,
1738 4996 1846 5051 col.
1876 4997 1979 5052 156

326 5088 382 5138 et
411 5088 563 5156 seq.)

394 5174 635 5227 Scientes
680 5172 821 5243 quod
868 5172 1119 5229 Christus
1169 5187 1465 5244 resurgens
1513 5190 1545 5226 a
1591 5175 1821 5228 mortuis
1859 5176 1980 5247 jam

324 5276 436 5316 non
462 5261 719 5323 moritur,
750 5276 897 5315 mors
929 5260 1019 5313 illi
1068 5260 1217 5314 ultra
1270 5275 1379 5314 non
1421 5260 1819 5317 dominabitur.
1854 5263 1978 5317 Non

327 5348 526 5404 Lazari
559 5348 928 5416 resurrectio,
953 5351 1086 5413 etc.,
1120 5364 1291 5420 usque
1321 5349 1390 5403 ad
1419 5348 1478 5404 in
1509 5354 1812 5405 internum.
1847 5351 1976 5424 (Id.,

325 5438 422 5493 lib.
454 5445 641 5493 contra
688 5453 741 5490 v1
793 5437 1119 5506 quaestiones
1170 5438 1538 5508 Paganorum,
1586 5444 1727 5495 tom.
1764 5440 1832 5510 ΙΙ,
1866 5439 1975 5495 col.

328 5525 483 5594 371.)

399 5611 561 5672 Unus
591 5611 907 5670 resurrexit
946 5612 1071 5685 jam
1121 5633 1236 5675 non
1271 5618 1617 5689 moriturus,
1642 5622 1777 5691 etc.,
1814 5634 1982 5694 usque

2094 4643 2278 4681 unum
2313 4625 2608 4681 hominem
2640 4630 2943 4697 peccatum
2975 4626 3033 4680 in
3061 4626 3218 4681 hunc
3248 4629 3542 4684 mundum
3575 4630 3738 4685 intra-

2085 4716 2187 4779 vit,
2220 4732 2389 4787 usque
2419 4715 2488 4770 ad
2518 4715 2717 4771 Gratia
2747 4719 2942 4770 autem
2970 4715 3067 4769 Dei
3102 4714 3219 4769 vita
3244 4720 3480 4785 aeterna,
3508 4718 3565 4772 in
3590 4717 3737 4773 Chri-

2088 4808 2175 4859 sto
2207 4804 2345 4859 Jesu
2382 4804 2624 4859 Domino
2660 4807 2879 4858 nostro.

2157 4900 2316 4955 Sicut
2346 4901 2417 4956 ab
2451 4900 2549 4957 illo
2583 4919 2698 4957 uno
2741 4900 2996 4965 homine,
3031 4907 3163 4967 etc.,
3197 4919 3369 4974 usque
3404 4903 3477 4959 ad
3514 4903 3608 4959 ille
3642 4919 3733 4976 ge-

2089 4989 2324 5045 neratis.
2361 4990 2489 5058 (Id..
2524 4993 2605 5045 Ea:
2651 4992 2804 5062 epist.
2839 4990 2909 5045 ad
2956 4991 3201 5046 consulta
3233 4993 3461 5057 Hilarii,
3497 4997 3634 5049 tom.
3667 4991 3729 5055 II,

2087 5078 2194 5133 col.
2228 5080 2334 5133 683
2366 5085 2424 5134 et
2456 5084 2604 5150 seq.)

2158 5168 2538 5239 Disputamus
2570 5169 2729 5224 enim
2774 5185 2890 5223 non
2925 5169 2998 5223 de
3037 5185 3391 5242 quocunque
3421 5175 3728 5241 peccatore,

2088 5261 2220 5323 etc.,
2254 5273 2425 5327 usque
2453 5258 2523 5312 ad
2566 5258 2625 5313 in
2658 5258 2970 5313 mundum.
3006 5258 3113 5323 Id.,
3150 5259 3246 5314 lib.
3284 5276 3321 5314 11
3372 5269 3563 5316 contra
3606 5259 3729 5324 Jul.,

2087 5349 2230 5400 tom.
2262 5344 2327 5413 X,
2362 5362 2419 5416 p.
2453 5363 2519 5416 11,
2547 5346 2657 5401 col.
2693 5346 2877 5418 1163.)

2160 5442 2437 5513 Nunquid
2470 5444 2625 5498 enim
2656 5445 2833 5499 Evam
2879 5461 2995 5500 non
3046 5445 3375 5513 imitantur,
3407 5450 3545 5515 etc.,
3576 5460 3731 5517 usque

2090 5531 2159 5587 ad
2188 5539 2360 5588 natus
2390 5548 2459 5587 ex
2485 5532 2720 5590 femina.
2752 5532 2884 5605 (Id.,
2920 5534 3019 5591 lib.
3054 5550 3094 5591 11
3123 5543 3315 5593 contra
3341 5537 3486 5608 Jul.,
3511 5540 3648 5593 tom.
3668 5533 3727 5603 Χ,

2092 5637 2150 5697 p.
2183 5637 2246 5691 11,
2280 5620 2388 5678 col.
2424 5621 2605 5697 1166.)
