3896 6198
158 344 271 406 293

157 564 322 620 cium.
355 565 487 634 (Id.,
520 566 677 638 ibid.,
706 572 846 624 tom.
880 570 942 640 Χ,
968 589 1025 644 p.
1058 590 1119 641 ιι,
1151 575 1258 630 col.
1295 578 1480 647 1169.)

221 652 362 718 Quid
391 658 591 712 autem
612 655 769 712 aliud
801 656 1067 716 indicant
1094 663 1269 719 etiam
1295 668 1601 738 sequentia
1622 670 1797 726 verba

156 741 504 813 apostolica?
534 748 666 813 etc.,
691 762 859 817 usque
883 747 955 803 ad
973 749 1099 805 sine
1126 751 1237 808 {ine
1262 753 1468 811 victuri
1490 762 1647 813 sunt.
1664 758 1791 828 (Id.,

156 830 301 898 ibid.,
332 834 477 886 tom.
510 833 576 900 Χ,
612 850 669 905 p.
703 851 766 904 ιι,
800 836 907 893 col.
946 838 1128 912 1171.)

218 919 372 984 Quod
400 936 537 977 vero
568 921 649 977 ait
686 923 861 995 paulo
909 928 1201 998 superius.
1236 931 1432 1005 Usque
1483 936 1553 990 ad
1604 934 1791 1009 legem

153 1012 440 1081 peccatum
469 1008 532 1064 in
555 1012 772 1066 mundo
802 1012 930 1084 fuit,
954 1019 1087 1088 etc.,
1120 1036 1290 1091 usque
1317 1021 1387 1077 ad
1408 1023 1531 1078 fieri
1553 1024 1793 1082 omnino

154 1111 258 1150 non
288 1095 539 1167 possint.
575 1098 703 1169 (Id.,
738 1100 895 1166 ibid.,
929 1106 1072 1159 tom.
1106 1107 1173 1173 X,
1210 1124 1268 1180 p.
1305 1126 1361 1180 ιι,
1394 1111 1503 1166 col.
1538 1114 1721 1182 1176.)

215 1182 425 1239 Verum
486 1189 578 1241 est
628 1190 823 1244 autem
870 1192 1023 1262 quod
1072 1196 1385 1265 Apostolus
1442 1199 1542 1267 ait,
1576 1201 1791 1258 falsum

153 1288 298 1345 ergo,
328 1276 462 1341 etc.,
495 1291 668 1347 usque
704 1277 775 1333 ad
815 1284 1007 1336 vestra
1045 1282 1302 1341 falsitate
1339 1289 1786 1349 convincamini.

152 1360 273 1432 (Id.,
304 1360 462 1429 ibid.,
493 1367 638 1419 tom.
668 1364 733 1433 Χ,
768 1384 824 1439 p.
859 1385 918 1434 ιι,
952 1369 1060 1426 col.
1095 1371 1234 1429 1203
1254 1379 1310 1430 et
1340 1380 1486 1450 seq.)

216 1451 277 1504 Et
296 1466 402 1506 non
431 1452 600 1518 sicut,
629 1457 764 1521 etc.,
798 1472 986 1529 usque
1035 1460 1106 1515 ad
1154 1463 1676 1525 condemnationem.
1713 1472 1791 1528 Ex

152 1554 258 1593 uno
284 1554 440 1612 ergo,
473 1544 612 1609 etc.,
635 1559 806 1615 usque
835 1545 906 1601 ad
935 1547 1048 1604 nisi
1080 1549 1223 1622 ipse.
1257 1553 1389 1624 (Id.,
1414 1557 1485 1612 ad
1513 1559 1787 1632 θωτέρω,

152 1627 380 1699 ΙΟΙῙΙ..ῘῙ,
412 1633 471 1684 et
499 1638 689 1686 contra
711 1634 946 1703 Iulian.,
979 1641 1117 1695 tom.
1149 1640 1273 1715 IX.)

213 1716 451 1772 Eosdem
483 1723 681 1776 autem
711 1739 915 1780 omnes
963 1727 1136 1783 etiam
1186 1731 1422 1805 multos,
1458 1740 1588 1803 etc.,
1621 1756 1790 1811 usque

153 1804 213 1859 ad
240 1804 334 1876 qui
358 1806 532 1863 datus
562 1814 652 1865 est
681 1811 870 1868 nobis.
904 1815 1150 1883 (Id.,lib.
1183 1820 1252 1875 ad
1283 1804 1531 1881 consulta
1555 1804 1784 1897 Hilarii,

153 1898 278 1948 tom.
311 1893 376 1958 ΙΙ,
410 1895 522 1950 col.
550 1898 659 1951 680
688 1902 746 1954 et
773 1903 921 1973 seq.)

217 1982 273 2038 Ut
301 1984 774 2054 quemadmodum,
808 1995 943 2060 etc.,
978 2010 1168 2066 usque
1199 1999 1269 2053 ad
1318 2002 1611 2060 Dominum
1655 2023 1789 2063 ηοε-

152 2078 302 2125 trum.
335 2072 504 2128 Modo
533 2090 670 2131 cum
702 2076 966 2149 dixisset,
988 2087 1305 2159 etc.,usque
1331 2091 1401 2145 ad
1423 2093 1786 2163 justiﬁcatio.

154 2158 271 2231 (1d,,
302 2161 629 2233 Enchirid.,
662 2169 805 2224 tom.
836 2168 928 2237 v1,
961 2170 1071 2227 col.
1105 2158 1221 2230 256*
1235 2181 1291 2233 et
1320 2158 1467 2252 seq?)

782 2282 1014 2342 CAPUT
1051 2287 1148 2344 Vl.

220 2382 357 2452 Quid
401 2400 530 2455 ergo
571 2387 852 2445 dicemus?
877 2397 1317 2463 permanebimus
1368 2403 1429 2458 in
1472 2417 1685 2477 peccato
1734 2418 1797 2467 ut

169 2473 348 2526 Gratia
370 2474 645 2531 abundet?
671 2476 908 2535 Dixerat
937 2483 1091 2539 enim
1142 2488 1433 2559 superius,
1456 2473 1589 2561 etc.,
1625 2515 1796 2571 usque

166 2557 226 2613 ad
280 2561 568 2618 morimur
624 2572 878 2637 peccato.
914 2570 1042 2642 (Id.,
1076 2557 1246 2645 Epist.
1280 2582 1314 2632 2
1369 2557 1438 2635 ad
1493 2557 1795 2654 l’alen.,‘de

167 2646 332 2704 Gratia
358 2659 408 2706 et
429 2651 603 2709 libero
630 2655 817 2721 arbit.,
842 2662 980 2714 tom.
1017 2660 1085 2729 ΙΙ,
1121 2664 1229 2718 col.
1263 2665 1412 2741 974.)

227 2735 433 2794 Deinde
464 2744 529 2794 ut
558 2743 895 2801 ostenderet
924 2755 1208 2823 mortuos,
1233 2758 1541 2831 etc.,usque
1569 2764 1639 2818 ad
1660 2782 1792 2821 cum

169 2823 377 2883 Christo
407 2827 466 2883 in
491 2829 612 2886 Deo
645 2830 774 2903 (Id.,
806 2834 1115 2906 Enchirid.,
1148 2844 1289 2899 tom.
1317 2836 1418 2915 VI,‘
1446 2823 1554 2904 2:01.
1584 2854 1690 2907 256
1738 2859 1796 2910 et

164 2916 296 2988 seq.)

222 3004 509 3064 Interioris
538 3011 699 3067 enim
732 3012 1006 3084 hominis,
1039 3024 1170 3088 etc.,
1204 3038 1375 3095 usque
1400 3034 1468 3082 ad
1513 3029 1572 3084 in
1623 3035 1795 3091 corde

163 3109 274 3149 suo.
305 3094 430 3168 (Id.,
461 3098 562 3154 lib.
595 3100 662 3157 de
695 3103 976 3172 Trinitate,
1011 3111 1150 3165 tom.
1186 3094 1330 3185 Vlll,
1360 3116 1468 3172 col.
1502 3121 1652 3194 891.)

222 3185 373 3248 Quod
404 3187 562 3242 enim
614 3195 882 3249 mortuus
930 3200 1017 3251 est
1061 3204 1297 3269 peccato
1338 3208 1474 3270 etc.,
1506 3223 1674 3280 usque
1717 3212 1788 3267 ad
1818 3237 1861 3303 ρ

222 3276 258 3303 ιη
291 3273 573 3303 ἶηηιη-η.κ
639 3278 717 3303 κτλ
805 3299 933 3303 ,μμμ
1012 3285 1024 3303 ι
1094 3287 1127 3303 η
1356 3300 1364 3303 .
1426 3295 1454 3303 λ
1565 3298 1573 3303 .
1628 3299 1670 3303 -.

160 3270 265 3326 vita
280 3273 601 3343 justorum.
637 3278 763 3350 (Id.,
797 3299 958 3338 serm.
990 3285 1054 3342 de
1086 3287 1382 3347 Resurrect.
1415 3270 1679 3371 Domini.)

220 3364 333 3417 Non
371 3378 497 3434 ergo
547 3376 733 3438 regnet
775 3382 1073 3443 peccatum,
1108 3381 1245 3445 etc.,
1271 3397 1439 3453 usque
1484 3385 1555 3440 ad
1604 3389 1789 3446 servio

160 3444 257 3519 legi
287 3448 401 3507 Dei.
435 3452 564 3523 (Id.,
590 3463 745 3512 tract.
773 3460 1071 3532 Evangelii
1094 3444 1392 3527 secundum
1419 3476 1688 3532 Joannem
1708 3444 1785 3549 iv,

161 3534 236 3605 41,
260 3541 392 3595 tom.
422 3541 517 3608 ΙΙΙ,
551 3561 609 3616 p.
647 3561 710 3611 ιι,
743 3548 851 3604 col.
889 3552 1025 3608 1698
1055 3559 1111 3610 et
1139 3562 1289 3630 seq.)

222 3626 474 3685 Liberum
522 3633 834 3693 arbitrium
883 3657 1068 3713 usque
1121 3626 1284 3714 adeo,
1315 3654 1447 3718 etc.,
1495 3670 1664 3727 usque
1718 3657 1787 3713 ad

159 3712 341 3772 facere.
362 3717 466 3787 (Id.
497 3720 572 3776 ad
602 3723 784 3796 Bonif.
811 3712 1035 3799 papam,
1070 3735 1212 3791 tom.
1245 3712 1310 3804 Χ,
1345 3755 1400 3810 p.
1433 3712 1473 3809 ι,
1526 3712 1634 3799 col.

159 3805 205 3855 et
226 3804 515 3878 Enchirid.,
550 3814 692 3867 tom.
727 3813 819 3882 VI,
854 3816 964 3872 col.
997 3822 1144 3892 282.)

766 3930 998 3989 CAPUT
1030 3936 1147 3993 VII.

215 4029 284 4080 An
313 4028 599 4101 ignoratis,
631 4037 853 4107 fratres,
886 4043 1064 4109 etc...,
1106 4055 1307 4115 quanto
1339 4057 1573 4123 tempore
1604 4058 1783 4114 vivit?

158 4109 328 4186 Usque
355 4120 425 4173 ad
474 4137 611 4177 eum
659 4123 853 4183 locum
900 4128 959 4184 in
1007 4149 1122 4203 quo
1172 4136 1455 4208 scriptum
1505 4148 1612 4210 est,
1645 4150 1777 4217 etc.,

156 4216 305 4273 usque
328 4207 397 4262 ad
421 4209 876 4274 deserueramus
926 4224 1124 4277 Deum.
1148 4224 1278 4294 (Id.,
1298 4207 1371 4282 ea:
1400 4229 1540 4288 libro
1571 4207 1775 4304 Quaest:

155 4289 229 4359 83,
258 4297 389 4352 tom.
421 4297 518 4365 VI,
552 4300 660 4357 col.
693 4305 766 4359 60
793 4311 851 4361 et
871 4310 1018 4382 seq.)

214 4379 342 4439 Item
370 4383 639 4446 lectionis
670 4393 930 4464 ejusdem
954 4379 1309 4473 explanatio.
1347 4407 1481 4464 Cum
1508 4414 1657 4468 enim
1693 4431 1777 4471 es-

153 4483 309 4527 semus
335 4475 393 4529 in
419 4492 606 4545 carne,
641 4481 722 4537 ait
748 4485 1081 4558 Apostolus,
1110 4497 1391 4563 passiones
1432 4511 1776 4571 peccatorum

989 350 1408 417 EXPOSITIO
1457 356 1534 418 ΙΝ
1580 354 1751 420 EPP.
1798 358 2055 424 PAULI.
2089 400 2166 409 —
2202 368 2324 428 ΕΡ.
2374 373 2476 432 AD
2522 374 2710 439 ROM.

222 480 285 531 In
316 491 382 532 eo
408 476 644 548 quidem
679 476 979 549 loco,etc.,
1008 499 1178 555 usque
1205 485 1275 540 ad
1295 487 1542 544 transire
1572 491 1793 564 suppli—
1821 495 1876 562 Α
1907 493 2070 550 tollat
2116 505 2421 569 peccatum
2467 503 2557 560 lex
2611 508 2827 579 gratias.
2865 511 2990 583 (Id.,
3024 532 3182 573 scrm.
3244 518 3310 575 de

1818 1869 1866 1934 B

3436 392 3553 451 2:94

3371 523 3553 579 Verbis

1907 588 2123 655 Apost,
2155 591 2295 644 tom.
2330 590 2397 659 V,
2433 610 2488 664 p.
2524 611 2563 665 ι,
2598 596 2707 652 col.
2730 599 2836 653 820
2857 604 2912 656 et
2942 605 3087 676 seq.)

1975 674 2153 743 Igitur
2182 679 2294 749 ipse
2322 696 2415 751 ego
2444 692 2623 739 mente
2651 690 2824 744 servio
2873 691 2982 760 legi
3011 695 3126 765 Dei,
3160 713 3323 755 carne
3373 711 3554 759 autcm

1904 761 2016 831 legi
2038 768 2260 835 peccati.
2294 768 2356 823 In
2390 786 2507 842 qua
2537 774 2927 847 conclusione,
2963 786 3094 850 etc.,
3124 802 3292 858 usque
3321 789 3391 845 ad
3419 809 3550 864 pro-

1902 854 2032 921 pter
2062 869 2309 912 munera
2338 875 2465 914 sua.
2496 860 2627 934 (Id.,
2660 866 2814 935 ivid.,
2852 872 2991 924 tom.
3030 871 3094 939 ν,
3127 854 3259 946 ρ.ἰ,
3306 854 3546 938 col..841

1903 942 1961 994 et
1990 942 2137 1014 seq.)

1972 1030 2114 1098 Ergo
2168 1038 2420 1092 evacuati
2462 1055 2669 1109 sumus,
2721 1047 2898 1114 etc...,
2935 1050 2997 1104 in
3045 1060 3300 1111 vetustate
3330 1059 3546 1118 [ἐπει-αξ.

1903 1119 2185 1183 Quoniam
2211 1121 2303 1177 lex
2322 1124 2511 1182 littera
2533 1132 2639 1197 est,
2655 1134 2788 1201 etc.,
2808 1151 2975 1207 usque
3001 1140 3070 1194 ad
3092 1143 3331 1213 spiritus
3355 1155 3548 1206 autem

1900 1205 2171 1262 viviﬁcat.
2203 1210 2337 1278 (Id.,
2370 1214 2465 1268 lib.
2499 1217 2569 1271 ad
2600 1205 3020 1292 Simplicianum
3051 1205 3236 1302 episc.,
3271 1239 3411 1292 tom.
3454 1239 3547 1308 VI,

1900 1292 2008 1348 col.
2048 1295 2149 1350 1|O
2178 1302 2234 1352 et
2266 1301 2413 1372 seq.)

1968 1384 2040 1437 Et
2083 1385 2220 1457 quia
2268 1388 2489 1447 dixerat
2543 1401 2791 1454 evaeuati
2839 1419 3048 1476 sumus,
3078 1413 3211 1479 etc.,
3257 1430 3425 1486 usque
3480 1418 3550 1473 ad

1899 1471 2085 1543 possit
2132 1474 2381 1548 impleri.
2438 1481 2566 1551 (Id.,
2619 1487 2776 1555 ibid.,
2831 1494 2974 1548 tom.
3024 1471 3120 1565 VI,
3169 1471 3281 1558 col.
3330 1471 3441 1560 ⁴103

1899 1563 2049 1632 seq.)

1969 1649 2116 1707 Vera
2147 1670 2364 1725 sponsa
2413 1657 2623 1716 Christi
2673 1663 2948 1741 intelligit
2996 1675 3137 1744 quid
3192 1678 3368 1737 distet
3401 1683 3551 1742 inter

1897 1737 2149 1796 litteram
2181 1747 2239 1798 et
2270 1746 2567 1817 spiritum,
2601 1769 2726 1823 qua:
2760 1737 2890 1813 duo‘
2908 1737 3184 1820 dicuntur
3213 1768 3324 1829 alio
3375 1737 3549 1831 modo

1897 1824 1985 1881 lex
2016 1832 2071 1883 et
2100 1832 2319 1901 gratia:
2340 1839 2395 1889 et
2426 1854 2539 1892 non
2564 1840 2692 1909 jam
2726 1843 2782 1897 in
2814 1851 3099 1906 vetustate
3127 1824 3331 1912 litterae

1900 1917 2152 1974 novitate
2183 1922 2426 1992 spiritus
2447 1926 2561 1982 Deo
2583 1931 2982 2002 serviens,non
3016 1945 3105 1995 est
3131 1942 3250 2014 iam
3272 1948 3384 2003 sub
3402 1948 3547 2023 lege,

1901 2004 1995 2023 -1.J
2106 2006 2118 2023 ι
2282 2010 2319 2023 ι·
2404 2014 2445 2023 -λ
2513 2015 2597 2023 -·νΑ

1898 2004 1998 2058 sed
2030 2006 2140 2061 sub
2170 2010 2377 2081 gratia.
2404 2014 2489 2068 Ita
2513 2015 2707 2074 littera
2729 2037 2863 2078 cum
2890 2004 3269 2103 spiritu,etc.,
3290 2004 3550 2109 usqueoad

1900 2091 2146 2149 delectat
2195 2097 2322 2170 ipsa
2356 2102 2610 2171 justitia.
2665 2108 2790 2178 (Id.,
2827 2091 2939 2168 lib:
2969 2133 3059 2185 xv,
3102 2091 3289 2179 contra

1898 2185 2039 2237 tom.
2072 2184 2213 2254 VIII,
2247 2188 2354 2243 col.
2387 2191 2493 2247 312
2521 2198 2578 2249 et
2608 2202 2756 2269 seq.)

1972 2271 2112 2328 Ecce
2143 2277 2298 2331 unde
2329 2279 2465 2334 facti
2493 2299 2720 2354 sumus,
2757 2293 2890 2357 etc.,
2923 2311 3090 2367 usque
3120 2300 3191 2354 ad
3229 2306 3415 2362 terras
3460 2324 3551 2364 ca-

1901 2358 2134 2430 ptivitas
2165 2363 2321 2421 Sion.
2357 2368 2487 2438 (Id.,
2521 2373 2580 2426 in
2597 2376 2741 2445 psal.
2776 2394 2939 2448 cxxv,
2972 2358 3113 2441 tom.
3139 2388 3229 2459 lV,
3253 2408 3309 2463 p.
3345 2358 3411 2464 II:
3438 2358 3547 2455 col.

1904 2448 2084 2521 1658.)

1971 2538 2184 2595 Scimus
2211 2546 2358 2599 enim
2386 2550 2518 2617 quia
2548 2550 2638 2606 lca:
2664 2557 2936 2625 spiritalis
2965 2570 3063 2630 est,
3094 2582 3189 2635 ego
3219 2568 3551 2631 autem'car-

1902 2626 2049 2680 nalis
2080 2645 2220 2697 sum,
2256 2635 2567 2695 etc.Etiam
2599 2641 2881 2712 spiritalis
2902 2647 3417 2732 hominisjamque
3440 2666 3550 2721 sub

1903 2716 2090 2787 gratia
2116 2720 2437 2792 constituti,
2463 2730 2594 2793 etc.,
2618 2746 2793 2802 usque
2818 2735 2889 2790 ad
2912 2737 3022 2793 ista
3052 2716 3266 2801 omnia.
3304 2716 3549 2821 (ld.,lib:

1904 2820 1921 2857 ι
1951 2805 2206 2875 Rctract.,
2239 2812 2381 2865 tom.
2414 2812 2455 2880 Ι,
2492 2815 2600 2871 col.
2632 2819 2783 2890 621.)

1976 2893 2125 2960 Quod
2161 2912 2285 2968 ergo
2334 2916 2541 2971 operor,
2579 2905 2678 2975 ait,
2713 2911 2920 2980 ignoro.
2964 2916 3088 2972 Non
3137 2922 3294 2980 enim
3344 2926 3425 2984 ita
3462 2931 3551 2987 di-

1905 2984 2062 3036 ctum
2094 2988 2200 3053 est,
2234 2991 2368 3056 etc.,
2390 3006 2555 3063 usque
2574 2995 2643 3049 ad
2674 2997 2741 3052 de
2767 3003 2920 3056 terra
2949 3009 3292 3068 memoriam
3324 3033 3546 3078 eorum.

1902 3070 2032 3139 (Id.,
2080 3073 2176 3128 lib.
2226 3076 2297 3131 ad
2350 3078 2531 3136 Simul
2584 3087 2769 3156 episc.,
2832 3092 2972 3146 tom.
3024 3093 3117 3165 Vl,
3168 3100 3275 3156 col.
3338 3070 3553 3166 405:1}

1903 3162 2051 3232 seq.)

1968 3251 2072 3305 Sed
2097 3262 2394 3325 peccatum,
2419 3262 2600 3330 etc...,
2632 3281 2741 3320 non
2789 3273 3149 3342 concupisces.
3196 3277 3339 3336 Cum
3391 3285 3549 3343 enim

1898 3338 2109 3396 dicitur
2126 3359 2235 3399 non
2256 3352 2617 3420 concupisces,
2633 3357 2765 3423 etc.,
2782 3373 2951 3430 usque
2971 3362 3042 3417 ad
3062 3365 3160 3421 ubi
3188 3366 3277 3424 lex
3300 3389 3410 3428 nor-
3437 3381 3546 3432 est.

1897 3426 2025 3497 (Id.,
2057 3430 2151 3485 tib.
2184 3432 2250 3488 de
2276 3433 2423 3507 Spir.
2468 3446 2522 3493 et
2565 3441 2692 3511 lilt.,
2746 3426 2885 3501 toni.
2939 3449 3002 3519 Χ,
3037 3468 3093 3524 ρ.
3123 3472 3163 3520 ι,
3198 3458 3305 3514 col.
3342 3426 3552 3522 503'};

1896 3521 2046 3590 seq.)

1965 3607 2305 3683 Concupivit
2335 3614 2532 3673 anima
2562 3635 2693 3676 mea
2721 3622 3052 3685 desiderare
3092 3633 3547 3704 justiﬁcationes

1893 3697 2026 3752 tuas
2057 3697 2115 3752 in
2148 3702 2304 3756 omni
2338 3708 2617 3778 tempore.
2653 3711 2990 3771 Laudabilis
3022 3725 3110 3776 est
3142 3723 3272 3794 ista,
3300 3732 3432 3797 etc.,
3463 3749 3550 3788 us-

1891 3800 1994 3856 que
2024 3786 2093 3840 ad
2138 3788 2251 3844 nisi
2302 3791 2519 3849 malam
2569 3801 3122 3872 concupiscentiam.
3158 3812 3285 3882 (Id.,
3313 3819 3370 3870 in
3397 3822 3540 3890 psal.

1890 3889 2079 3945 CXVIII,
2107 3880 2247 3932 tom.
2283 3880 2374 3948 IV,
2404 3899 2459 3953 p.
2496 3899 2557 3949 ιι,
2593 3886 2700 3941 col.
2736 3889 2922 3960 1520.)

1959 3967 2083 4019 Νοη
2111 3969 2259 4021 enim
2288 3977 2428 4038 quod
2456 3972 2572 4027 volo
2597 3977 2743 4044 facio
2773 3979 2992 4051 bonum,
3027 3986 3120 4039 scd
3148 3990 3301 4058 quod-
3318 3994 3411 4049 odi
3432 4013 3545 4052 ma-

1890 4051 2005 4106 lum
2033 4054 2129 4108 hoc
2147 4071 2267 4123 ago.
2302 4058 2521 4113 Bonum
2549 4065 2637 4115 est
2667 4065 2823 4120 enim
2857 4086 2971 4123 non
3018 4078 3449 4149 concupiscere,
3485 4092 3543 4142 et

1888 4138 1997 4195 hoc
2027 4141 2267 4209 bonum,
2300 4149 2431 4214 etc.,
2465 4164 2635 4221 usque
2666 4152 2735 4207 ad
2765 4153 2823 4209 in
2866 4160 3144 4217 membris
3193 4167 3341 4237 ejus,
3378 4171 3541 4230 nulla

1887 4229 2015 4284 erit.
2050 4231 2177 4301 (Id.,
2212 4233 2307 4288 lib.
2341 4234 2407 4290 de
2437 4241 2665 4308 Per/cet.
2693 4242 2827 4312 just.
2857 4246 3114 4320 hominis,
3150 4229 3291 4312 tom.
3324 4229 3390 4328 Χ,
3413 4278 3470 4333 ρ.
3497 4280 3535 4331 ι,

1886 4317 1994 4372 col.
2027 4320 2134 4375 305
2162 4325 2217 4376 et
2246 4323 2392 4395 seq.)

1954 4407 2343 4483 Scio,'inquit,
2375 4417 2509 4485 quia
2552 4434 2666 4474 non
2712 4422 2921 4479 habitat
2971 4428 3031 4481 in
3076 4446 3180 4502 me,
3214 4433 3311 4489 hoc
3350 4446 3429 4493 est
3476 4442 3536 4496 in

1882 4512 2045 4553 carne
2078 4516 2218 4566 mea,
2254 4502 2471 4559 bonum.
2526 4510 2645 4563 Hoc
2695 4511 2897 4584 utique
2945 4516 3047 4589 ait,
3082 4523 3215 4587 etc.,
3250 4540 3419 4595 usque
3464 4530 3535 4585 ad

2802 4566 2892 4584 ιπν
2948 4566 3047 4589 ““⁷)
3085 4566 3215 4587 "V"
3253 4566 3417 4595 “V‘IWV
3464 4566 3528 4585 nu

155 4572 376 4632 (1³⁸81³⁸⁷
400 4566 575 4635 legem
606 4580 752 4638 sunt,
787 4577 920 4643 etc.,
943 4593 1113 4650 usque
1141 4582 1210 4636 ad
1245 4600 1349 4640 nec
1380 4566 1775 4657 praevaricatio
1805 4605 1852 4670 D
1882 4584 2048 4642 labor
2094 4588 2311 4645 nullus.
2346 4594 2479 4684 (ld,,
2513 4595 2605 4651 lib.
2650 4598 2991 4673 Sermonum,
3042 4607 3107 4663 de
3166 4610 3528 4684 Continentia,

155 4648 225 4684 Qui
430 4671 567 4684 om
624 4660 680 4684 ι’..
718 4661 851 4684 ιμμ-
888 4665 1033 4684 141.0,
1224 4676 1232 4684 .
1392 4675 1442 4684 --
1736 4681 1747 4684 -
1892 4679 1899 4684 .
2059 4676 2131 4684 ο--
2257 4679 2270 4684 -
2337 4682 2353 4684 μ

154 4648 244 4700 est.
273 4649 396 4719 (Id.,
425 4671 589 4712 serm.
624 4660 683 4713 in
711 4661 852 4718 hanc
882 4648 1184 4737 lectionem,
1220 4676 1359 4728 tom.
1380 4648 1459 4744 .V,
1492 4694 1547 4749 p.
1583 4697 1620 4748 ι,
1664 4681 1771 4737 eo].

151 4733 239 4790 826
263 4743 315 4793 et
342 4757 461 4815 seq.

207 4828 424 4899 Scimus,
454 4833 667 4907 inquit,
700 4842 831 4911 quia
862 4843 951 4899 lea:
978 4848 1271 4918 spiritalis,
1299 4868 1395 4922 ego
1425 4864 1605 4913 autem
1649 4876 1770 4916 car-

150 4914 273 4969 nalis
313 4936 449 4989 sum,
484 4928 824 4986 venundatus
872 4933 973 4988 sub
1002 4914 1400 5012 —pcccato,’ctc.,
1456 4961 1641 5017 usque
1696 4950 1768 5005 ad

150 5000 226 5055 sed
249 5010 418 5072 gratia
445 5013 545 5068 Dei
566 5031 667 5086 per
692 5020 871 5075 Iesum
892 5000 1169 5081 Christum
1186 5000 1479 5088 Dominum
1498 5000 1763 5094 nes-trum.

152 5087 258 5193 (Id.,
283 5111 438 5155 serm.
471 5102 538 5158 de
569 5105 751 5163 Verbis
777 5110 1034 5181 Apostoli,
1070 5118 1210 5172 tom.
1244 5117 1313 5190 V,
1344 5137 1400 5193 p.
1437 5140 1476 5189 ι,

151 5180 197 5230 et
220 5186 353 5257 seq.)

208 5267 325 5369 Vita
340 5276 486 5346 justi
518 5280 576 5337 in
609 5283 721 5341 isto
752 5304 1011 5361 corpore,
1032 5296 1350 5369 etc.,usque
1369 5300 1438 5355 ad
1469 5303 1541 5359 ad
1565 5321 1767 5376 pacem

151 5358 335 5465 vepir‘e.
368 5365 492 5437 (Id.,
524 5387 687 5429 serm.
732 5375 797 5432 de
848 5358 1030 5436 verbis
1066 5358 1331 5455 Aposto‘li,
1361 5392 1503 5446 tom.
1536 5358 1764 5465 ἶ

152 5444 242 5501 col.
269 5451 410 5523 815.)

205 5534 355 5597 Nulla
383 5560 508 5618 ergo
550 5553 925 5614 condemnatio
964 5568 1044 5616 est
1085 5578 1235 5618 nunc
1280 5564 1366 5621 his
1413 5570 1511 5640 qui
1549 5578 1678 5627 sunt
1706 5573 1767 5628 in

152 5620 331 5688 Christo
355 5633 497 5695 Iesu.
530 5639 600 5698 Et
629 5641 680 5702 si
709 5643 928 5707 habent
977 5649 1285 5723 desideria,
1316 5620 1675 5736 etc.,-usique

1885 4679 2025 4731 tom.
2059 4676 2153 4744 VI,
2187 4679 2293 4734 col.
2328 4682 2423 4737 361
2462 4689 2517 4738 et
2550 4688 2695 4759 seq.)

1952 4765 2110 4822 Bona
2139 4767 2334 4841 itaque
2368 4787 2541 4843 opera
2572 4783 2788 4847 nostra,
2815 4785 2946 4850 etc.,
2972 4802 3138 4859 usque
3166 4789 3237 4844 ad
3263 4808 3377 4847 non
3399 4809 3532 4850 eon-

1879 4856 2195 4922 cupiseere.
2229 4858 2360 4927 (Id.,
2398 4859 2497 4916 lib.
2530 4880 2611 4932 ιιι,
2644 4876 2833 4923 contra
2860 4856 3167 4945 Iulianum,
3201 4882 3342 4935 tom.
3374 4882 3438 4952 X,
3468 4901 3527 4956 p.

1876 4960 1914 5011 ι,
1950 4944 2055 4999 col.
2083 4947 2234 5015 734.)

1944 5034 2058 5088 Non
2081 5036 2225 5089 cnim
2243 5037 2383 5107 quod
2402 5040 2518 5093 volo
2538 5057 2639 5110 ago
2661 5043 2976 5116 bonum,sed
2996 5053 3136 5121 quod
3154 5057 3278 5112 nolo
3288 5075 3376 5113 ma
3386 5059 3525 5131 lum,

1873 5120 1972 5176 hoc
1997 5139 2115 5194 ago.
2151 5124 2211 5179 Si
2239 5128 2434 5181 autem
2458 5127 2631 5195 (sicut
2662 5132 2870 5189 melius
2921 5120 3105 5194 sensit
3153 5120 3525 5222 Ambrosius)

1879 5209 2180 5285 hocoetiam
2200 5213 2270 5268 de
2288 5215 2479 5287 seipse
2497 5217 2637 5272 dicit
2658 5222 3103 5295 Apostolus,nec
3115 5229 3415 5301 justorum
3435 5209 3525 5294 est

1876 5297 1935 5353 in
1960 5298 2068 5354 hac
2097 5300 2216 5355 vita
2245 5303 2317 5357 ad
2348 5304 2767 5373 perﬁciendum
2818 5310 3036 5369 bonum
3084 5297 3245 5374 tanta
3282 5320 3523 5383 libertas

1876 5387 2120 5458 proprias
2151 5388 2486 5459 voluntatis,
2522 5400 2743 5465 quanta
2772 5397 2883 5454 erit
2902 5399 2962 5455 in
2991 5402 3091 5459 illa
3118 5407 3373 5475 vita,ubi
3404 5430 3519 5470 non

1876 5474 2119 5543 dicetur,
2148 5493 2255 5532 non
2285 5480 2431 5548 quod
2457 5482 2575 5537 volo
2606 5500 2727 5553 ago.
2740 5485 2950 5571 anis
2981 5492 3080 5564 qui
3112 5474 3358 5567 proficit,
3384 5505 3517 5571 etc.,

1874 5580 2041 5636 usque
2068 5564 2140 5620 ad
2158 5565 2508 5637 perfectione
2538 5574 2678 5628 tunc
2709 5564 2847 5666 erit.
2870 5578 3001 5649 (Id.,
3036 5564 3133 5640 lib:
3155 5564 3520 5666 dePerf.ju8;

1874 5652 2014 5712 tilia
2042 5653 2302 5727 hominis,
2333 5658 2477 5718 tom.
2510 5658 2575 5733 X,
2602 5678 2660 5737 p.
2695 5682 2733 5737 ι,
2767 5664 2873 5726 col.
2904 5668 3053 5749 308.)
