3896 6198
338 328 458 391 295

1539 329 1767 389 FLORI
1814 328 2129 390 DIACONI
2175 329 2552 393 MONACHI.

3629 336 3743 396 296

411 460 533 533 Die,
557 461 818 532 obsecro,
840 459 1134 534 Apostole,
1153 459 1389 533 quando
1421 459 1693 517 adhucin
1715 476 1888 517 carne
1905 459 1984 516 vi-
2012 463 2067 531 Α
2093 465 2320 535 peccati,
2353 471 2404 520 et
2431 463 2497 521 de
2533 472 2751 537 peccato
2796 465 3082 524 dammit
3119 469 3405 538 peccatum:
3450 469 3515 523 in
3555 474 3739 523 came.

338 568 479 608 vens
510 550 570 605 in
601 549 711 606 viis
741 549 970 605 Domini
993 547 1359 615 ambulabas,
1382 548 1639 606 habebas
1660 554 1986 622 peccatum,

339 658 411 696 an
431 639 557 697 sine
579 642 814 712 peccato
834 642 1001 695 eras?
1020 638 1350 693 Audiamus
1374 642 1571 694 utrum
1590 655 1651 695 se
1676 638 1803 711 ipse
1821 639 1990 694 sedu-

337 733 448 796 cat,
481 746 554 784 an
585 745 718 785 vero
749 728 907 800 quod
937 728 1145 783 beatus
1172 728 1429 784 Joannes
1458 728 1587 798 ejus
1618 727 1987 799 coapostolus

334 816 549 891 sapiat,
581 816 860 890 quoniam
893 816 1107 872 veritas
1136 820 1261 872 erat
1290 816 1351 871 in
1396 817 1500 872 eis.
1536 816 1639 871 Hic
1684 832 1821 890 ergo
1865 834 1985 873 res-

333 908 569 980 pondet.
602 906 805 962 Nonne
863 904 1089 977 legistis
1148 904 1249 959 ubi
1297 905 1578 960 conﬁteor
1614 905 1836 961 dicens.
1866 905 1987 961 Non

331 998 481 1053 enim
511 994 651 1069 quod
679 996 796 1051 voto
822 996 968 1068 facio
1000 994 1319 1061 bonum,sed
1347 994 1487 1066 quod
1515 994 1639 1050 nolo
1661 996 1873 1050 malum
1889 995 1987 1051 hoc

328 1102 451 1156 ago.
484 1086 554 1141 Et
581 1085 689 1141 hoc
720 1083 1074 1140 audivimus.
1097 1083 1228 1139 Jam
1259 1082 1456 1155 itaque
1486 1082 1633 1138 illud
1665 1082 1985 1156 interroga-

328 1192 463 1232 mus
487 1191 500 1230 :
527 1191 641 1247 quo
665 1174 725 1228 in
742 1171 851 1228 viis
871 1168 1105 1227 Domini
1125 1169 1549 1241 ambulabas,si
1580 1170 1802 1227 malum
1827 1171 1982 1244 quod

327 1254 566 1322 nolebas
597 1262 706 1318 hoc
735 1262 970 1334 agebas.
1013 1259 1159 1315 Cum
1185 1259 1449 1331 psalmus
1480 1263 1720 1315 sanctus
1750 1259 1983 1315 insonet

325 1352 547 1409 dicens.
573 1352 698 1408 Non
729 1349 886 1406 enim
918 1348 1019 1422 qui
1046 1351 1365 1420 operantur
1394 1347 1766 1420 iniquitatem
1789 1348 1849 1403 in
1870 1347 1981 1405 viis

325 1440 454 1514 ejus
500 1428 966 1496 ambulaverunt.
1001 1436 1151 1493 Audi
1201 1436 1476 1492 continuo
1526 1432 1978 1508 respondentem

322 1546 427 1602 per
452 1528 802 1586 sententiam
831 1530 1304 1598 consequentem.

391 1620 453 1675 Si
506 1618 646 1690 quod
700 1618 824 1673 noto
862 1616 1054 1688 inquit
1102 1631 1197 1687 ego
1243 1614 1341 1671 hoc
1384 1617 1551 1687 facio,
1573 1614 1698 1687 jam
1737 1631 1833 1684 ego
1865 1632 1978 1671 non

321 1725 513 1782 operor
542 1707 702 1775 illud,
733 1705 826 1763 sed
856 1704 997 1778 quod
1025 1705 1235 1760 habitat
1266 1705 1325 1759 in
1371 1720 1458 1760 me
1501 1712 1799 1776 peccatum.
1832 1704 1976 1760 Ecce

2097 551 2260 607 Dicet
2284 551 2534 626 aliquis:
2562 552 2621 608 Si
2644 553 2763 610 haec
2788 558 2998 611 natura
3026 564 3239 628 pura...
3273 555 3468 612 carnis
3495 554 3739 628 peccati.

2095 640 2179 711 (S.
2212 643 2383 715 Aug.,
2417 643 2455 711 ι,
2486 659 2505 698 1
2536 642 2600 699 de
2629 644 2771 716 bapt.
2799 645 3044 716 parmiL,
3069 650 3211 700 tam.
3240 645 3306 715 Χ,
3330 662 3386 718 pi
3409 662 3451 716 1,
3476 644 3741 717 1:91.159.)

2167 729 2433 786 Cilicium
2465 722 2712 788 fortasse
2743 732 3057 805 appellavit
3082 733 3366 790 Dominus
3395 733 3598 790 carnis
3626 750 3739 789 sua

2094 818 2533 889 mortalitatem,
2567 825 2699 888 etc.,
2732 834 2903 893 usque
2926 822 2999 878 ad
3025 820 3270 878 delenda
3312 827 3572 894 peccata.
3608 822 3739 898 (Id.,

2093 910 2153 963 in
2178 909 2321 980 psal.
2352 926 2543 987 xxxrv,
2572 914 2693 965 tom
2728 909 2822 977 IV,
2852 928 2910 983 p.
2938 928 2978 978 1,
3011 909 3120 966 col.
3151 910 3303 983 335.)

2163 997 2311 1060 Quid
2341 998 2481 1053 dicit
2501 997 2891 1072 Pelagianism
2903 999 2931 1054 ?
2946 999 3157 1055 Audite
3174 999 3315 1072 quid
3331 998 3737 1055 dicit.Videtur

2091 1086 2353 1142 conﬁteri
2379 1086 2672 1143 Christum
2706 1087 2766 1144 in
2796 1104 2969 1144 carne
3000 1087 3249 1157 venisse,
3277 1089 3379 1145 sed
3430 1089 3737 1145 discussus

2088 1174 2402 1232 invenitur.
2435 1176 2698 1233 Christus
2727 1177 2886 1234 enirn
2916 1177 2978 1233 in
3008 1192 3184 1234 carne
3207 1177 3401 1234 venit:
3427 1176 3737 1251 quaesitui-

2087 1262 2273 1319 litudo
2304 1268 2459 1322 esset
2486 1264 2683 1322 carnis
2712 1265 2953 1338 peccati,
2985 1283 3103 1322 non
3131 1270 3289 1323 esset
3311 1282 3448 1323 caro
3490 1266 3733 1339 peccati.

2085 1352 2345 1425 Apostoli
2375 1354 2552 1411 verba
2579 1357 2910 1411 suntJm'sit
2932 1357 3074 1412 Deus
3093 1355 3301 1411 Filium
3325 1358 3485 1412 suum
3505 1357 3570 1411 in
3586 1357 3738 1411 simi;

2089 1442 2378 1499 litudinem
2391 1444 2577 1499 carnis
2587 1444 2953 1515 peccati.Non
2968 1443 3027 1499 in
3047 1443 3500 1500 similitudinem
3515 1443 3731 1516 carnis,

2085 1531 2254 1603 quasi
2284 1544 2418 1588 caro
2450 1542 2565 1588 non
2597 1536 2753 1588 esset
2779 1533 3040 1601 caro,sed
3073 1533 3136 1589 in
3160 1532 3593 1590 sisnilimdinem
3620 1548 3734 1589 car;

2083 1621 2172 1675 nis
2200 1620 2572 1693 peccati,quia
2601 1632 2734 1678 caro
2766 1622 3016 1688 erat,sed
3037 1622 3261 1695 peccati
3285 1638 3419 1679 caro
3440 1626 3562 1679 noh
3588 1627 3730 1679 erat.

2085 1709 2197 1765 Iste
2246 1714 2442 1765 autem
2477 1709 2742 1782 Pelagius
2769 1716 2827 1766 et
2856 1716 3123 1767 czcteram
3153 1727 3388 1767 carnem
3418 1710 3619 1767 omnis
3644 1710 3731 1767 in-

319 1798 842 1874 quemadmodum,
875 1799 1008 1861 etc.,
1041 1809 1208 1866 usque
1234 1791 1308 1849 ad
1338 1792 1462 1900 ipse
1493 1796 1822 1900 sanaretur:
1840 1793 1970 1863 (Id.,
2002 1833 2050 1900 Β
2083 1797 2258 1854 fantis
2307 1798 2520 1854 Christi
2571 1798 2733 1855 carni
2776 1804 3021 1856 conatur
3066 1810 3315 1874 aequare.
3348 1800 3475 1857 Non
3508 1800 3595 1856 ita
3621 1804 3729 1869 est,

318 1892 379 1945 in
407 1890 547 1962 psat.
582 1904 777 1955 cxvm,
807 1889 950 1941 tom.
985 1882 1078 1950 IV,
1105 1899 1162 1954 p.
1191 1885 1249 1949 2,
1278 1880 1388 1937 col.
1424 1882 1563 1936 1506
1592 1884 1648 1937 et
1677 1882 1829 1953 seq.)

386 1977 449 2034 Si
475 1984 658 2034 autem
685 1974 827 2047 quod
852 1973 978 2029 nolo
1010 1970 1152 2028 illud
1178 1971 1347 2043 facio,
1376 1986 1484 2026 non
1529 1986 1626 2040 ego
1675 1985 1868 2042 operor
1896 1970 1967 2025 it-

320 2056 434 2135 tud,
466 2066 557 2122 sed
586 2063 727 2137 quod
755 2063 965 2118 habitat
995 2062 1055 2117 in
1100 2076 1187 2115 me
1232 2067 1530 2131 peccatum.
1565 2058 1766 2115 Potest
1795 2063 1967 2131 puta-

319 2156 420 2226 ris,
454 2160 587 2223 etc.,
619 2167 788 2225 usque
828 2150 899 2206 ad
944 2149 1006 2206 in
1045 2147 1342 2204 voluntate
1388 2147 1796 2203 committitur.
1833 2147 1964 2220 (Id.,-

318 2246 417 2301 tib.
449 2242 916 2308 retractationum,
947 2243 1092 2295 tom.
1118 2234 1161 2307 Ι,
1195 2236 1285 2293 col
1309 2238 1415 2293 608
1444 2241 1500 2293 et
1528 2236 1678 2308 seq.)

389 2332 740 2391 Condelector
766 2329 915 2385 cnim
945 2327 1055 2395 tegi
1082 2328 1181 2382 Dei
1199 2332 1595 2398 repugnantem
1632 2325 1739 2396 legi
1766 2324 1963 2379 mentis

317 2437 477 2491 meae,
510 2426 619 2476 etc.
653 2419 817 2486 Caro,
848 2415 1057 2488 inquit,
1092 2413 1470 2487 concupiscit,
1507 2419 1644 2479 etc.,
1678 2428 1846 2484 usque
1892 2404 1964 2467 ad

315 2506 801 2583 concupiscentiis
858 2505 975 2562 tuis
1030 2504 1199 2561 vires.
1254 2503 1383 2577 (Id.,
1432 2511 1591 2559 tract.
1621 2503 1958 2571 Evang.scc.

312 2602 450 2659 Joan
477 2580 589 2668 xu,
623 2580 763 2654 tom.
800 2592 892 2664 ΙΙΙ,
922 2611 979 2667 p.
1013 2611 1075 2662 11,
1108 2593 1217 2650 col.
1248 2593 1386 2649 1697
1416 2596 1475 2648 et
1498 2591 1645 2664 seq.)

383 2688 557 2747 Aliud
587 2690 675 2743 est
701 2702 816 2742 non
864 2699 1147 2757 pugnare,
1179 2676 1237 2738 et
1257 2697 1386 2737 esse
1416 2680 1476 2735 in
1508 2697 1669 2754 pace,
1701 2684 1834 2749 etc.,
1865 2696 1958 2736 us-

313 2770 417 2852 que
444 2777 515 2834 ad
541 2776 744 2833 Jesum
766 2772 1066 2829 Christum
1092 2769 1408 2827 Dominum
1439 2772 1730 2826 nostrum.
1762 2768 1961 2839 (Id.,in

307 2868 453 2943 psal.
485 2883 653 2937 xxxv,
684 2868 826 2920 tom.
860 2862 954 2929 IV,
987 2877 1045 2933 p.
1071 2878 1111 2927 1,
1145 2859 1255 2916 col.
1287 2860 1440 2929 345.)

383 2961 465 3013 De
488 2969 710 3028 corpore
737 2952 930 3008 mortis
959 2951 1125 3022 hujus
1156 2966 1269 3005 non
1306 2947 1520 3013 omnis,
1545 2951 1680 3015 etc.,
1702 2964 1871 3020 usque
1888 2946 1959 3002 ad

311 3045 589 3119 quoniam
620 3042 732 3116 ipsi
764 3039 1207 3097 saturabuntur.
1242 3038 1372 3110 (Id.,
1402 3038 1499 3126 lib.
1522 3037 1588 3092 de
1614 3038 1960 3126 Perfect.jus-

309 3138 450 3193 titia?
478 3134 735 3198 hominis,
768 3136 911 3186 tom.
944 3127 1010 3194 X,
1041 3144 1099 3199 p,
1134 3142 1173 3195 1,
1206 3126 1315 3182 col.
1345 3125 1497 3194 299.)

2078 1885 2554 1953 charissimi,non
2587 1905 2691 1961 pro
2722 1905 2936 1962 magno
2957 1888 3471 1945 commendaretur
3489 1888 3551 1944 in
3575 1889 3734 1945 Chri-'

2077 1980 2167 2031 sto
2197 1975 2521 2033 similitudo
2551 1977 2746 2033 carnis
2775 1978 3017 2051 peccati,
3049 1978 3163 2035 nisi
3194 1976 3388 2035 omnis
3409 1983 3628 2034 cetera
3645 1993 3732 2034 ca-

2076 2081 2139 2120 ro
2169 2069 2323 2121 esset
2351 2082 2485 2122 caro
2516 2066 2758 2139 peccati.

2144 2154 2293 2218 Quid
2325 2171 2461 2229 ergo
2490 2156 2729 2228 prodest
2757 2155 2896 2227 quia
2925 2155 3072 2212 dicis
3100 2156 3399 2213 Christum
3441 2156 3505 2212 in
3556 2170 3726 2212 carne

2072 2242 2324 2312 venisse,
2360 2248 2416 2299 et
2446 2244 2709 2299 omnium
2741 2244 3054 2300 infantium
3098 2245 3263 2301 carni
3310 2263 3443 2302 eum
3495 2246 3725 2303 conaris

2072 2332 2348 2402 aequare?
2380 2332 2447 2386 Et
2475 2332 2581 2387 tibi
2612 2332 2721 2387 hoc
2750 2333 2879 2388 dico
2911 2335 3065 2406 quod
3116 2334 3453 2404 Donatistae,
3491 2353 3610 2392 non
3642 2340 3725 2391 est

2072 2419 2365 2492 ipse.Ecce
2381 2420 2547 2475 video
2562 2420 2876 2477 Ecclesiam
2902 2426 3146 2478 matrem
3170 2422 3583 2479 testimonium
3605 2425 3727 2481 red-

2070 2509 2304 2564 dentem
2336 2507 2481 2582 ipsis
2513 2511 2794 2567 uberibus
2823 2510 3308 2567 suis.Accurrunt
3336 2515 3561 2569 matres
3593 2530 3723 2569 cum

2070 2596 2329 2670 parvulis
2361 2597 2801 2672 filiis,ingerunt
2830 2598 3115 2657 Salvatori
3145 2600 3607 2668 salvandos,non
3633 2598 3727 2658 Pe-

2068 2684 2223 2760 lagio
2272 2687 2658 2744 damnandos.
2695 2684 2879 2745 Mater
2926 2688 3199 2762 quaelibet
3247 2691 3461 2746 mulier
3510 2689 3725 2765 pietate

2070 2791 2313 2831 currens
2344 2790 2477 2832 cum
2508 2776 2751 2849 parvulo
2782 2776 2900 2834 ﬁlio
2932 2778 3095 2847 dicit,
3109 2777 3435 2853 baptizetur
3462 2778 3532 2835 ut
3552 2776 3726 2836 salve-

2067 2866 2181 2921 tur.
2217 2863 2488 2938 Pelagius
2518 2868 2739 2922 contra.

2139 2952 2286 3019 Quid
2318 2953 2615 3010 salvetur?
2642 2955 2767 3011 Non
2799 2959 2889 3012 est
2919 2956 3075 3028 quod
3110 2955 3168 3010 in
3196 2973 3264 3012 eo
3286 2959 3556 3029 sanetur,
3582 2952 3723 3013 nihil

2067 3040 2243 3097 habet
2270 3040 2413 3110 vitii,
2445 3042 2592 3097 nihil
2623 3060 2691 3100 ex
2729 3045 2968 3101 traduce
3015 3044 3412 3102 damnationis
3462 3046 3723 3103 attraxit.

2068 3129 2127 3185 Si
2157 3130 2403 3203 aequalis
2422 3134 2510 3187 est
2530 3131 2966 3205 Christo,quare
2986 3132 3195 3206 quaerit
3213 3130 3515 3192 Christum
3534 3136 3565 3191 ‘?
3583 3135 3723 3191 Ecce

381 3222 607 3280 Fideles
635 3220 791 3277 enim
822 3221 1056 3274 orantes
1104 3216 1325 3283 dicunt,
1360 3219 1495 3280 etc.,
1524 3230 1695 3286 usque
1725 3214 1795 3269 ad
1824 3230 1951 3269 cor-
1985 3201 2028 3268 Ε
2065 3218 2193 3273 dico
2224 3201 2329 3275 tibi
2363 3237 2375 3276 :
2411 3222 2675 3293 Sponsus
2707 3201 2886 3279 Fili-us
2916 3201 3022 3277 Dei
3057 3223 3157 3295 qui
3204 3222 3361 3278 venit
3406 3222 3469 3278 in
3524 3236 3720 3292 carne,

311 3329 450 3387 pore
498 3310 707 3367 mortis
752 3308 951 3379 hujus.
985 3305 1118 3376 (Id.,
1158 3304 1256 3359 tib.
1288 3304 1352 3360 de
1378 3311 1498 3359 nat.
1527 3311 1578 3359 et
1605 3311 1775 3373 grat.,
1808 3307 1952 3359 tom.

311 3390 376 3466 Χ,
412 3419 467 3475 p.
501 3419 541 3466 1,
575 3396 682 3455 col.
716 3398 866 3463 277.)

384 3491 471 3546 Ita
499 3492 622 3545 erat
650 3491 793 3542 tunc
826 3482 1059 3539 illorum
1100 3480 1407 3537 hominum
1437 3497 1650 3553 corpus
1680 3478 1955 3548 animale,

313 3583 447 3645 etc.,
472 3591 641 3648 usque
671 3574 742 3629 ad
771 3570 1057 3645 supplicio
1089 3571 1190 3626 ﬁat
1218 3570 1517 3626 meritum.
1551 3570 1681 3638 (Id.,
1704 3570 1781 3625 lib
1811 3587 1868 3625 1x
1894 3569 1959 3624 de

316 3667 510 3724 Genesi
536 3663 607 3719 ad
655 3664 913 3729 litteram,
946 3664 1087 3716 tom.
1120 3659 1220 3725 Ill,
1252 3676 1309 3731 p.
1344 3676 1383 3723 ι,
1414 3658 1524 3715 col.
1556 3660 1662 3714 398
1684 3664 1741 3714 et
1770 3660 1923 3730 seq.)

385 3752 664 3825 Quisquis
693 3749 986 3806 carnalem
1028 3747 1492 3813 delectationem,
1524 3752 1660 3815 etc.,
1693 3763 1861 3819 usque
1889 3746 1961 3802 ad

314 3840 794 3900 consolabuntur.
827 3838 960 3906 (1d,,
994 3838 1091 3892 lib.
1124 3836 1189 3893 de
1216 3837 1389 3893 Serm.
1411 3838 1634 3893 Domini
1663 3838 1725 3891 in
1752 3843 1957 3905 monte,

311 3937 456 3990 tom.
494 3931 590 3999 ΙΙΙ,
620 3947 678 4003 p.
708 3946 749 3996 1,
784 3927 892 3984 col.
929 3928 1109 3995 1286.)

383 4019 530 4087 Quid
562 4025 652 4077 est
682 4017 835 4092 quod
864 4017 919 4072 te
943 4015 1174 4088 jactas?
1203 4015 1348 4088 quid
1381 4018 1469 4071 est
1499 4016 1676 4089 quod,
1708 4017 1843 4084 etc.,
1873 4030 1963 4069 uss

311 4127 414 4186 que
442 4108 512 4167 ad
542 4113 713 4183 egent
741 4105 928 4179 gloria
954 4105 1078 4161 Dei.
1113 4105 1244 4179 (Id.,
1278 4106 1339 4161 in
1362 4105 1508 4178 psat.
1530 4122 1662 4174 xxx,
1685 4108 1829 4159 tom.
1864 4102 1959 4173 IV,

313 4218 369 4274 p.
405 4216 445 4267 1,
477 4197 587 4254 col.
613 4197 721 4252 233
750 4199 807 4251 et
836 4193 985 4267 seq.)

387 4284 645 4343 Liberari
674 4287 765 4340 est
795 4300 829 4338 a
860 4299 1101 4355 corpore
1139 4280 1365 4351 mortis,
1399 4285 1534 4349 etc.,
1566 4297 1737 4354 usque
1761 4280 1831 4336 ad
1860 4280 1963 4336 sed

313 4377 384 4435 ad
417 4374 681 4451 gloriam.
719 4373 848 4446 (Id.,
879 4388 950 4428 ea:
997 4373 1095 4429 lib.
1137 4371 1288 4428 Sent.
1322 4372 1597 4443 Prosperi,
1629 4374 1771 4426 tom.
1802 4368 1868 4436 X,
1901 4385 1959 4440 p.

313 4483 377 4535 ιι,
408 4463 516 4521 col.
553 4460 731 4534 1886.)

381 4554 559 4623 Igitur
588 4554 702 4624 ipse
729 4567 826 4621 ego
854 4558 1030 4607 mente
1057 4550 1230 4606 servio
1261 4548 1372 4637 legi
1399 4548 1503 4604 Dei
1528 4564 1547 4602 :
1576 4563 1740 4603 carne
1780 4554 1963 4602 autem
1989 4571 2036 4637 Β

314 4636 423 4713 legi
445 4643 673 4715 peccati.
704 4639 989 4695 Indicitur
1016 4638 1171 4695 enim
1199 4636 1305 4692 tibi
1338 4636 1630 4708 quaedam,
1652 4639 1960 4706 etc.,usque

314 4732 383 4788 ad
431 4731 645 4788 habere
702 4746 836 4788 cum
886 4729 1022 4786 Deo.
1060 4728 1190 4801 (Id.,
1222 4727 1284 4782 in
1310 4726 1453 4799 psal.
1490 4741 1653 4792 Lxxv,
1687 4727 1825 4781 tom.
1863 4724 1954 4793 IV,

311 4837 370 4894 p.
397 4836 437 4887 1,
470 4818 576 4875 col.
608 4820 715 4874 959
744 4822 800 4874 et
831 4818 978 4889 seq.)

383 4908 546 4974 Quod
578 4907 819 4973 dixerat,
850 4907 972 4961 sine
1001 4905 1117 4974 tege
1142 4906 1313 4972 enim,
1332 4906 1647 4974 etc.,usque
1665 4902 1735 4958 ad
1767 4902 1963 4976 potius

313 5015 489 5071 quam
521 4997 813 5053 edomare.
847 4994 978 5066 (Id.,
1006 4994 1103 5050 lib.
1130 4992 1200 5049 ad
1232 4993 1413 5065 Bonif.
1436 5008 1640 5064 papam
1658 4993 1961 5049 cont.Peta-

311 5089 486 5159 gium,
517 5089 662 5142 tom.
691 5084 758 5152 Χ,
787 5100 845 5156 p.
878 5098 918 5149 1,
952 5082 1062 5139 col.
1093 5081 1201 5138 559
1229 5085 1287 5138 et
1315 5084 1462 5153 seq.)

930 5169 1162 5227 CAPUT
1198 5169 1345 5226 VIII.

382 5263 519 5319 Nam
548 5260 690 5333 quod
721 5259 1055 5333 impossibile
1080 5266 1197 5314 erat
1226 5259 1334 5330 tegi
1362 5260 1422 5314 in
1450 5274 1554 5331 quo
1576 5259 1962 5330 inﬁrmabatur

308 5368 409 5425 per
434 5366 674 5408 carnem.
708 5346 1045 5422 Segregavit
1075 5347 1273 5420 itaque
1322 5346 1473 5404 hanc
1512 5346 1789 5420 pluviam,
1824 5352 1959 5417 etc.,

314 5457 483 5514 usque
513 5440 583 5496 ad
612 5437 714 5512 qui
743 5438 918 5493 datus
948 5441 1038 5493 est
1067 5435 1256 5493 nobis.
1292 5436 1423 5510 (Id.,
1452 5453 1523 5494 ex
1549 5445 1787 5495 tractatu
1810 5438 1958 5510 psai.

316 5545 489 5599 uvn,
520 5534 665 5585 tom.
702 5524 799 5599 IV,
828 5526 886 5599 'p.
919 5542 959 5595 1,
993 5541 1043 5582 c.
1076 5526 1227 5597 818.)

383 5599 525 5680 Dius
553 5617 761 5676 Filium
785 5630 951 5677 sum
971 5617 1189 5678 mittens
1219 5617 1280 5677 in
1306 5615 1738 5677 similitudinem
1775 5616 1963 5676 carnis

2066 3307 2317 3365 salvator
2336 3314 2426 3366 est
2447 3311 2737 3382 majorum
2760 3316 2817 3366 et
2842 3311 2920 3365 mi
2930 3312 3419 3380 norum,salVator
3441 3317 3536 3369 est
3553 3312 3722 3386 gran-

2064 3397 2229 3453 dium
2259 3402 2316 3453 et
2342 3396 2681 3467 infantium,
2712 3403 2768 3455 et
2798 3399 2923 3472 ipse
2954 3404 3043 3456 est
3071 3400 3359 3458 Christue.
3392 3402 3479 3458 Tu
3514 3408 3719 3458 autem

2065 3486 2212 3543 dicis
2242 3485 2601 3543 Salvatorem
2635 3487 2931 3544 Christum
2964 3488 3256 3561 majOrum
3286 3492 3343 3545 et
3372 3492 3492 3546 non
3528 3492 3721 3547 mino-

2066 3592 2342 3644 rum,non
2373 3580 2464 3632 est
2494 3576 2703 3650 ipse.Si
2738 3593 2853 3633 non
2884 3582 2973 3634 est
3004 3578 3149 3651 ipse,
3186 3582 3367 3653 negas
3396 3584 3453 3636 et
3473 3584 3545 3635 tu
3570 3578 3725 3636 Chri-

2066 3669 2224 3720 stum
2256 3662 2316 3719 in
2348 3681 2519 3720 carne
2538 3666 2790 3722 venisse.

2140 3753 2415 3827 Magnum
2449 3754 2589 3826 quid
2623 3754 2736 3810 huc
2780 3755 2977 3811 attulit
3019 3757 3307 3812 mercator
3354 3755 3487 3812 iste.
3528 3756 3615 3815 De
3642 3774 3728 3814 re-

2066 3840 2239 3914 gione
2263 3856 2373 3895 sua
2400 3840 2639 3897 veniens
2670 3841 2781 3898 iste
2812 3846 3101 3898 mercator
3129 3843 3350 3898 invenit
3378 3842 3439 3899 in
3486 3846 3729 3919 regione

2069 3932 2267 3984 nostra
2298 3929 2454 4001 quod
2485 3927 2580 3985 hic
2608 3928 2915 3986 abundat?
2941 3931 3108 3988 Nasci
3141 3936 3197 3987 et
3227 3930 3397 4002 mori,
3430 3932 3617 4005 plena
3645 3937 3734 3990 est

2068 4021 2225 4073 terra
2253 4015 2346 4072 his
2377 4018 2861 4087 mercibus,nasci
2891 4024 2952 4076 et
2984 4019 3346 4077 mori.Natu‘s
3365 4024 3461 4076 est
3484 4024 3554 4078 et
3584 4030 3735 4079 mor-

2066 4109 2208 4162 tuus
2240 4106 2466 4163 est.Sed
2491 4123 2609 4180 qua
2635 4107 2732 4163 via
2762 4111 2938 4165 natus
2967 4109 3194 4165 estPAd
3215 4109 3392 4165 istam
3424 4109 3730 4184 regionem

2066 4195 2353 4273 venit,sed
2388 4212 2502 4252 non
2533 4212 2601 4253 ea
2628 4197 2722 4253 via
2753 4213 2869 4269 qua
2897 4196 3111 4254 nos.De
3141 4196 3285 4254 coelo
3314 4197 3475 4254 enini
3502 4200 3671 4256 venit
3699 4215 3733 4255 ι

2069 4284 2320 4352 Patre,et
2343 4288 2541 4340 tamen
2572 4288 2746 4341 natus
2774 4290 2863 4341 est
2882 4285 3353 4355 mortalis,natus
3382 4291 3474 4344 est
3502 4289 3585 4346 de
3606 4289 3731 4362 Spi-

2070 4373 2187 4429 ritu
2217 4377 2417 4429 sancto
2444 4389 2514 4428 ex
2543 4372 2727 4430 Maria
2756 4373 3285 4447 virgine.Nun’quid
3314 4388 3423 4432 nos
3453 4376 3593 4434 sic?
3614 4378 3727 4434 Nos

2069 4462 2139 4518 de
2168 4462 2353 4518 Adam
2385 4466 2443 4518 et
2471 4462 2588 4518 Eva
2621 4479 2635 4518 :
2669 4462 2770 4519 illa
2797 4479 2902 4536 per
2928 4463 3460 4536 concupiscentiam
3492 4466 3729 4535 Carnis;

2069 4549 2164 4606 ille
2213 4554 2410 4607 autem
2462 4567 2578 4607 non
2623 4568 2726 4624 per
2754 4551 2966 4625 ipsam.
3000 4551 3184 4609 Maria
3212 4552 3370 4609 enim
3397 4553 3573 4627 virgo
3603 4555 3729 4612 sine

2066 4638 2218 4694 virili
2248 4639 2682 4713 amplexu,sine
2710 4641 3201 4714 conscupisceniaa
3230 4646 3373 4699 aestu
3399 4658 3414 4697 :
3437 4644 3730 4715 quoniam

2069 4744 2142 4783 ne
2173 4732 2471 4801 pateretur
2500 4728 2657 4785 hunc
2689 4733 2896 4786 aestum
2925 4729 3055 4787 ideo
3081 4730 3134 4786 ei
3167 4730 3393 4787 dictum
3421 4736 3517 4789 est
3552 4744 3567 4788 :
3600 4734 3729 4806 Spi-

2066 4818 2210 4872 ritus
2265 4824 2485 4872 sanctus
2540 4819 2885 4889 superveniet
2926 4819 2988 4873 in
3036 4825 3105 4883 te,
3135 4824 3188 4874 et
3230 4819 3407 4874 virtus
3461 4819 3727 4877 (tibicini

2069 4906 2417 4961 obumbrabit
2444 4905 2549 4961 tibi
2580 4905 2730 4978 (Luc.
2762 4908 2826 4976 1).

2138 4992 2312 5068 Virgo
2342 5009 2478 5067 ergo
2519 4993 2704 5050 Maria
2723 5011 2839 5051 non
2870 4995 3191 5052 concubuit
3216 4999 3273 5052 et
3301 4998 3593 5071 concepit,
3625 4997 3729 5055 sed

2068 5081 2312 5138 credidit
2339 5084 2398 5138 et
2425 5082 2714 5155 concepit.
2747 5083 2933 5140 Natus
2963 5090 3051 5140 est
3080 5083 3237 5140 enim
3265 5086 3539 5144 mortalis
3567 5094 3727 5143 mdr-

2065 5170 2498 5237 talibus.Quare
2527 5170 2791 5228 mortalis
2807 5172 2834 5228 ?
2851 5172 2997 5237 Quia
3027 5172 3087 5228 in
3119 5173 3576 5232 similitudinem
3599 5182 3727 5231 car-

2067 5260 2159 5316 nis
2177 5258 2549 5333 peccati.Non
2566 5259 2627 5315 in
2643 5276 2817 5317 carne
2838 5260 3190 5335 peccati,sed
3212 5264 3276 5318 in
3295 5263 3721 5321 similitudinem

2067 5349 2252 5405 carnis
2276 5349 2505 5420 peccati.
2541 5348 2689 5416 Quid
2720 5349 2899 5407 habet
2927 5366 3062 5406 caro
3099 5350 3364 5423 peccati?
3391 5355 3641 5410 [artem
3667 5356 3727 5409 et

2069 5440 2394 5509 peccatum.
2429 5435 2577 5502 Quid
2609 5437 2819 5493 habuit
2847 5437 3175 5495 similitudo
3213 5439 3409 5498 carnis
3457 5439 3719 5514 peccati?

2069 5526 2315 5582 Mortem
2358 5523 2487 5580 sine
2534 5530 2790 5597 peccato.
2826 5526 2886 5583 Si
2935 5526 3179 5585 haberet
3223 5533 3554 5601 peccatum,
3586 5538 3719 5588 caro

2070 5618 2227 5679 esset
2281 5612 2538 5691 peccati;
2564 5613 2629 5673 si‘
2672 5620 2924 5676 mortem
2981 5633 3100 5677 non
3156 5617 3422 5692 haberet,
3453 5632 3572 5679 non
3629 5626 3721 5680 es-
