3896 6198
346 346 467 409 303

1542 347 1772 409 FLOBI
1818 347 2131 411 DlA-CON]
2181 345 2559 409 MONAGHI.

3626 347 3735 409 306

347 480 581 552 adoptio
615 477 1011 535 Israclitarum
1036 478 1143 534 nisi
1164 495 1267 552 per
1286 478 1498 537 Filium
1520 478 1643 547 Dei,
1662 483 1764 535 etc.
1776 496 1985 551 ,usque,
2018 480 2074 547 Α
2171 479 2367 553 Neque
2398 480 2555 537 enim
2576 479 2756 536 habet
2778 478 2960 535 ullam
2978 478 3733 550 cunctationem,etc.,usqw

346 567 418 623 ad
443 566 755 623 anathema
797 566 893 623 sit.
927 567 1056 638 (Id.,
1087 575 1277 623 contra
1322 568 1585 624 Faustum
1632 568 2001 626 Manicha’um

346 660 489 712 tom.
523 651 671 725 VIII,
705 655 812 710 col.
846 657 951 711 255
980 659 1036 711 et
1065 658 1215 727 seq.)

419 746 513 802 Sic
542 762 678 818 ergo
704 745 960 819 pepercit
984 744 1069 800 illi
1097 745 1256 819 genti
1292 750 1376 813 ut,
1408 750 1540 815 etc.,
1572 764 1741 819 usque
1769 747 1839 803 ad
1870 764 1996 820 pro-

348 838 478 907 pter
522 834 739 906 ipsum.
794 834 923 907 (Id.,
957 836 1016 890 in
1042 835 1184 906 psal.
1222 852 1428 905 axxvu,
1462 840 1605 892 tom.
1640 836 1733 903 IV,
1765 841 1918 909 part.
1956 853 2005 907 ι,

350 923 461 979 col.
491 923 640 996 997.)

423 1013 483 1070 Si
514 1030 629 1068 non
662 1012 888 1085 Moyses
918 1012 1138 1070 electus
1178 1014 1306 1085 ejus
1353 1013 1629 1083 stetisset,
1662 1018 1798 1083 etc.,
1830 1030 1999 1087 usque

352 1102 423 1158 ad
452 1102 813 1175 disperderet
841 1118 960 1158 eos.
997 1102 1127 1175 (Id.,
1160 1104 1221 1157 in
1245 1103 1391 1175 psal.
1424 1119 1513 1173 cv,
1542 1108 1685 1159 tom.
1719 1103 1811 1172 1V,
1845 1106 1997 1176 part.

352 1209 414 1262 11,
448 1191 558 1248 col.
587 1192 773 1263 4412.)

422 1279 545 1337 Illle
576 1296 712 1353 ergo
743 1296 843 1336 rex
891 1280 1021 1351 ejus
1065 1279 1187 1351 qui,
1220 1284 1353 1347 etc.,
1384 1296 1552 1353 usque
1598 1281 1669 1336 ad
1713 1280 2001 1337 Dominus

353 1369 553 1427 David.
606 1369 740 1443 (Id.,
782 1371 840 1424 in
882 1369 1026 1442 psal.
1060 1386 1174 1438 1.111,
1203 1372 1347 1426 tom.
1379 1369 1473 1436 IV,
1506 1374 1653 1442 part.
1685 1387 1725 1438 1,
1754 1369 1860 1426 col.
1892 1370 2007 1431 731Δ

353 1464 412 1515 et
441 1463 591 1531 seq.)

424 1546 701 1614 Quamvis
732 1564 835 1605 nec
880 1547 963 1604 sic
1011 1547 1249 1620 quidem
1296 1547 1533 1621 (inquit)
1565 1548 1832 1620 dignum,
1864 1552 1999 1617 etc.,

352 1653 524 1711 usque
568 1636 638 1693 ad
683 1637 754 1693 de
809 1635 1033 1711 virgine
1091 1641 1448 1694 nasceretur.
1495 1638 1629 1707 (Id.,
1661 1636 1764 1694 lib.
1812 1646 2003 1693 contra

353 1732 623 1784 Faustum
649 1727 1196 1792 Manichaeumdom.
1228 1725 1373 1795 VIII,
1404 1725 1514 1783 col.
1545 1728 1650 1781 257
1678 1731 1736 1782 et
1764 1728 1912 1800 seq.)

426 1816 546 1872 Non
573 1824 754 1872 autem
785 1814 927 1888 quod
954 1814 1218 1871 exciderit
1244 1816 1469 1870 verbum
1496 1817 1615 1883 Dei,
1648 1820 1780 1885 etc.,
1813 1832 2001 1888 usque

355 1905 427 1961 ad
456 1914 508 1961 et
535 1907 640 1960 erit
666 1906 824 1962 Sara?
850 1903 1263 1976 ﬁlius.Dixerat
1292 1903 1533 1961 Abrahae
1576 1904 1732 1961 Deus
1762 1921 1896 1960 cum
1927 1904 2001 1961 de

355 1992 592 2061 ancilla,
626 1997 758 2060 etc.,
812 2008 982 2064 usque
1025 1991 1096 2048 ad
1144 1997 1592 2065 congregantur,
1632 1993 1768 2062 (Id.,
1798 1992 1903 2049 lib.
1935 1993 2003 2050 de

357 2085 518 2141 Civit.
550 2084 669 2150 Dei,
706 2086 846 2137 tom.
880 2080 1003 2150 VII,
1036 2079 1144 2137 col.
1170 2082 1280 2138 510
1305 2086 1361 2137 et
1391 2083 1538 2154 seq.)

424 2170 639 2227 Volcns
669 2170 848 2245 igitur
875 2170 1081 2226 beatus
1112 2169 1328 2226 Paulus
1348 2171 1672 2241 ostendere,
1696 2175 2006 2244 etc.,usque

354 2260 424 2315 ad
453 2264 658 2332 potens
688 2262 778 2315 est
824 2262 880 2314 et
927 2258 1135 2328 facere,
1163 2258 1298 2331 (Id.,
1330 2258 1432 2315 lib.
1465 2269 1653 2317 contra
1691 2262 2011 2330 lulianum,

354 2348 571 2417 tom.X,
603 2351 752 2421 part.
786 2364 847 2414 11,
874 2346 983 2404 col.
1010 2347 1151 2404 4139
1180 2352 1237 2404 et
1268 2352 1418 2421 seq.)

433 2438 630 2509 Neque
659 2435 816 2493 enim
847 2436 1140 2493 nesciebat
1169 2436 1307 2509 quid
1331 2437 2006 2512 loqueretur,etc.,usque

362 2525 433 2581 ad
480 2528 867 2598 congruenter
922 2525 1423 2583 ministraverunt.
1470 2527 1599 2597 (Id.,
1629 2527 1732 2585 lib.
1763 2528 1828 2585 de
1858 2532 2002 2586 Gest.

361 2615 575 2686 Pelag.,
606 2618 749 2670 tom.
783 2613 849 2683 X,
883 2613 992 2670 col.
1023 2615 1176 2685 328.)

428 2706 548 2761 Non
575 2705 754 2760 solum
783 2711 963 2759 autem
992 2704 1137 2769 illa.,
1166 2708 1299 2771 etc.,
1332 2722 1500 2777 usque
1527 2706 1597 2762 ad
1632 2708 1781 2763 Esau
1823 2714 2006 2764 autem

357 2792 480 2849 odio
510 2791 951 2859 habui.Quando
982 2792 1138 2848 enim
1171 2792 1392 2850 dictum
1432 2798 1541 2867 est,
1573 2799 1707 2864 etc.,
1738 2812 1907 2868 usque
1934 2796 2007 2852 ad

356 2880 720 2939 benedicitur
746 2881 947 2938 Jacob.
982 2881 1113 2951 (Id.,
1146 2881 1248 2937 lib.
1281 2882 1345 2939 de
1374 2882 1536 2940 Civil.
1569 2886 1687 2954 Dei,
1711 2890 1853 2941 tom.
1878 2885 2002 2951 VII,

354 2969 463 3027 col.
492 2971 643 3043 546.)

423 3059 550 3116 Non
580 3060 776 3133 itaque
806 3058 1219 3117 misericordia:
1247 3062 1514 3134 gratuita:
1545 3061 1668 3129 Dei,
1700 3066 1811 3132 etc,
1833 3078 2004 3135 usque

354 3149 424 3205 ad
454 3152 520 3204 ut
551 3147 741 3203 fidelis
770 3164 982 3205 essem.
1016 3149 1146 3218 (Id.,
1177 3151 1336 3221 epist.
1369 3150 1440 3206 ad
1477 3150 1719 3220 Sixtum,
1751 3156 1893 3207 tom.
1928 3152 1999 3221 II,

353 3236 463 3294 col.
495 3238 601 3292 886
629 3240 687 3293 et
716 3240 865 3308 seq.)

422 3326 542 3382 Non
570 3326 749 3382 solum
777 3333 978 3394 autem,
1009 3326 1149 3398 quod
1177 3334 1229 3383 et
1258 3328 1487 3384 Rebecca
1528 3345 1598 3385 ea:
1644 3346 1754 3385 uno
1801 3345 1998 3385 concu-

354 3417 469 3472 bitu
491 3414 693 3471 habens
716 3419 873 3470 Isaac
916 3417 1092 3486 patris
1130 3418 1326 3472 nostri.
1358 3416 1484 3473 Non
1532 3417 1723 3474 solum
1776 3423 1996 3488 autem,

352 3507 484 3572 etc.,
518 3520 688 3576 usque
712 3502 782 3559 ad
813 3519 931 3559 uno
959 3506 1220 3576 tempore
1258 3504 1543 3576 concepti.
1579 3505 1709 3577 (Id.,
1741 3508 1895 3578 epist.
1928 3506 2003 3564 ad

350 3592 547 3664 Simpl.
579 3592 768 3664 episc.,
799 3596 942 3646 tom.
971 3592 1039 3659 X,
1070 3597 1219 3664 part.
1254 3610 1316 3657 11,
1349 3593 1458 3650 col.
1497 3595 1675 3666 1850).

422 3681 583 3746 Quod
615 3685 814 3736 autem
844 3679 1067 3736 dictum
1097 3685 1205 3750 est,
1238 3686 1370 3749 etc.,
1402 3700 1571 3756 usque
1599 3684 1669 3739 ad
1698 3687 1755 3739 et
1774 3684 1881 3740 hoc
1904 3686 2000 3742 ab-

349 3768 445 3826 sit.
474 3769 603 3841 (Id.,
637 3768 741 3824 lib.
772 3768 836 3825 de
867 3770 1025 3826 Civit.
1050 3771 1165 3836 Dei,
1199 3770 1601 3839 tom.VlI,col.
1627 3773 1734 3829 513
1762 3777 1820 3829 et
1848 3777 1996 3847 seq.)

416 3860 599 3931 Moysi
624 3860 774 3914 enim
800 3857 955 3925 dicit,
986 3862 1120 3928 etc.,
1155 3876 1341 3933 usque
1370 3861 1441 3916 ad
1470 3860 1563 3917 sed
1591 3863 1900 3919 miserentis
1920 3872 1999 3920 est

346 3949 598 4005 Dei.Hoc
624 3946 673 4003 si
706 3948 1179 4019 attenderes,non
1212 3950 1569 4020 extenderes,
1587 3954 1905 4026 etc.,usque
1924 3952 1996 4009 ad

346 4042 403 4093 et
432 4053 606 4110 quem
665 4034 790 4092 vult
848 4037 1103 4093 obturat.
1153 4038 1285 4110 (Id.,
1331 4037 1433 4096 lib.
1465 4047 1654 4096 contra
1681 4042 1995 4111 lulianum,

345 4129 485 4183 tom.
519 4125 585 4194 X,
620 4129 767 4196 part.
803 4143 863 4193 11,
899 4124 1008 4181 col.
1045 4126 1229 4199 1440.)

418 4215 531 4271 Sed
565 4214 874 4270 miseretur
903 4214 1127 4287 utique,
1160 4220 1295 4288 etc.,
1324 4233 1495 4289 usque
1535 4219 1606 4273 ad
1650 4219 1989 4287 ambulatis,

349 4303 481 4373 (Id.,
514 4301 617 4357 lib.
650 4301 720 4357 ad
744 4301 938 4374 Simpl.
971 4306 1136 4375 episc.
1168 4308 1309 4361 tom.
1343 4306 1438 4374 VI,
1472 4305 1582 4362 col.
1623 4307 1718 4361 I20
1747 4311 1806 4363 et
1843 4311 1993 4379 seq.)

419 4390 681 4463 Nunquid
708 4391 842 4447 ditit
869 4391 1207 4464 ﬁgmentum,
1240 4398 1374 4463 etc.,
1405 4411 1592 4466 usque
1637 4394 1710 4448 ad
1749 4395 1905 4450 aliud
1932 4398 1989 4451 in

347 4480 773 4537 contumeliam?
802 4479 910 4536 Ubi
942 4482 1213 4538 universa
1243 4481 1357 4536 ista
1387 4497 1585 4537 massa
1604 4482 1832 4549 merito,
1855 4487 1989 4549 etc.,

2104 566 2177 624 ad
2203 567 2322 625 sive
2351 567 2488 624 boni
2521 566 2640 624 sive
2668 567 2829 625 mali.
2864 568 2996 641 (1d,,
3027 567 3133 623 lib.
3161 568 3227 624 de
3252 567 3440 626 Genesi
3483 567 3552 622 ad
3598 568 3730 625 litte-

2105 674 2247 724 ram,
2278 660 2422 714 tom.
2454 662 2558 725 III,
2592 662 2743 729 part.
2780 675 2819 726 1,
2854 656 2963 714 col.
2993 658 3146 727 545.)

2176 746 2318 812 Quis
2344 763 2515 819 porro
2547 750 2669 803 tam
2699 746 2879 818 impie
2908 746 3179 819 desipiat,
3212 751 3279 803 ut
3305 746 3480 812 dicat,
3515 750 3739 813 etc.,us-

2106 850 2207 908 que
2233 834 2304 889 ad
2332 833 2391 890 in
2427 834 2667 890 Domino
2698 834 2998 908 glorietur.
3031 836 3163 907 (Id.,
3194 834 3738 904 Enchirid.,tom.V7,

2106 922 2215 979 col.
2246 925 2353 979 277
2382 927 2439 979 et
2468 925 2618 996 seq.)

2180 1010 2349 1068 Multi
2380 1012 2452 1068 de
2478 1011 2593 1068 isto
2623 1013 2911 1086 profundo
2942 1016 3269 1087 quaerentes
3298 1013 3540 1071 reddere
3578 1015 3741 1071 ratio-

2108 1117 2265 1170 nem,
2297 1104 2428 1168 etc.,
2463 1118 2632 1174 usque
2660 1101 2732 1157 ad
2759 1100 2848 1157 vel
2881 1101 3021 1158 boni
3046 1101 3137 1158 vel
3165 1101 3738 1171 mali.(ld.,serm.vu,

2106 1189 2171 1246 de
2200 1190 2615 1262 verb.Apostoli,
2647 1194 2789 1247 tom.
2818 1190 2889 1258 V,
2920 1195 3069 1263 part.
3101 1208 3142 1260 1,
3175 1190 3287 1248 col.
3317 1191 3429 1247 905
3457 1196 3517 1247 et
3537 1194 3678 1265 seq.)

2184 1280 2246 1337 Ut
2266 1279 2564 1335 secundum
2598 1280 2914 1337 electionem
2953 1282 3297 1353 propositum
3343 1282 3449 1338 Dei
3493 1290 3742 1350 numeret,

2106 1384 2217 1427 non
2240 1384 2311 1424 ea:
2338 1370 2612 1441 operibus,
2642 1369 2735 1425 sed
2762 1386 2832 1426 ea:
2860 1377 3081 1426 vocante
3108 1369 3318 1426 dictum
3344 1378 3439 1438 est,
3473 1373 3605 1444 quia
3630 1388 3742 1426 ma-

2098 1458 2194 1529 jor
2220 1459 2416 1513 serviet
2464 1460 2691 1514 minori.
2722 1462 2787 1513 In
2817 1475 2884 1515 eo
2918 1459 3073 1530 quod
3113 1458 3399 1515 Dominus
3446 1460 3748 1533 respondet

2111 1546 2443 1613 Rebbeccze,
2466 1550 2599 1614 etc.,
2625 1564 2797 1620 usque
2819 1547 2891 1603 ad
2911 1564 2942 1604 e
2963 1547 3183 1604 cervice
3204 1564 3316 1603 sua
3337 1549 3743 1622 deposuean

2109 1635 2244 1707 (Id.,
2294 1634 2395 1691 lib.
2447 1623 2651 1704 Quaest.
2704 1638 2763 1692 in
2805 1636 2935 1694 Gen.
2968 1653 3068 1709 qu.
3097 1638 3191 1703 73,
3223 1640 3365 1694 tom.
3400 1642 3503 1705 Ill,
3536 1643 3679 1711 part.
3709 1655 3745 1708 1,

2110 1722 2218 1780 col.
2249 1724 2401 1796 567.)

2180 1813 2333 1870 Sicut
2378 1814 2649 1886 scriptum
2694 1821 2773 1870 est
2792 1832 2811 1870 :
2831 1815 2992 1871 Jacob
3021 1814 3218 1884 dilexi,
3250 1817 3404 1872 Esau
3431 1824 3613 1872 autem
3637 1816 3746 1873 odio

2109 1901 2497 1959 habui.Habes
2526 1907 2724 1976 aperte
2750 1903 3139 1973 Scripturam,
3170 1909 3306 1971 etc.,
3330 1921 3505 1978 usque
3534 1904 3603 1960 ad
3630 1906 3747 1963 odio

2109 1990 2310 2047 habui.
2351 1990 2483 2062 (Id.,
2516 1999 2731 2048 tractat.
2768 2008 2827 2060 11,
2874 1994 2939 2049 in
2983 1994 3141 2049 Joan.
3194 1990 3336 2049 tom.
3384 1997 3492 2049 III.
3540 1998 3745 2067 partu,

2111 2079 2220 2148 col,
2254 2081 2395 2135 1480
2426 2084 2485 2135 et
2504 2085 2654 2153 seq.)

2183 2167 2325 2238 Quid
2353 2185 2480 2239 ergo
2517 2169 2795 2227 dicemus?
2822 2174 2956 2239 etc.,
2989 2187 3178 2243 usque
3225 2170 3296 2227 ad
3344 2173 3603 2228 misertus
3645 2188 3743 2228 cro.

2111 2256 2215 2313 Ille
2245 2257 2593 2332 intelligitur
2622 2258 2803 2333 loqui,
2839 2264 2972 2325 etc.,
3006 2276 3175 2332 usque
3196 2260 3268 2316 ad
3289 2264 3352 2315 ut
3370 2261 3638 2341 omnium
3657 2261 3750 2317 mi-

2113 2352 2394 2404 sereatur.
2428 2346 2669 2417 (Id.,lib.
2705 2350 2907 2417 Quaest.
2941 2348 3136 2418 Exod,
3178 2366 3279 2421 qu.
3314 2351 3436 2419 154,
3486 2354 3629 2406 tom.
3648 2354 3746 2417 .111,

2114 2440 2262 2509 part.
2295 2454 2334 2504 1,
2368 2435 2477 2492 col.
2507 2438 2632 2502 648,
2666 2442 2724 2493 et
2754 2438 2901 2510 seq.)

2184 2525 2265 2580 Ex
2303 2525 2495 2599 prima
2540 2526 2696 2582 enim
2745 2525 3213 2601 transgressione
3260 2527 3435 2600 primi
3486 2527 3747 2597 hominis,

2112 2618 2246 2683 etc.,
2278 2631 2449 2687 usque
2478 2615 2549 2670 ad
2578 2619 2716 2672 nota
2741 2617 2906 2673 vobis
2936 2615 3065 2674 feci.
3090 2616 3222 2690 (Id.,
3243 2634 3405 2674 serm.
3428 2617 3597 2686 xx,de
3617 2620 3746 2675 vcrb.

2113 2704 2316 2777 Apost.)

2182 2794 2360 2864 Igitur
2387 2809 2496 2849 non
2522 2794 2750 2850 volentis
2774 2811 2947 2867 neque
2994 2797 3288 2864 currentis,
3318 2794 3411 2851 sed
3457 2797 3750 2852 ndserentis

2110 2889 2188 2938 est
2218 2884 2337 2937 Dei.
2362 2882 2462 2938 Dei
2491 2882 2740 2956 gratiam
2770 2883 2859 2939 vel
2881 2883 3341 2940 misericordiam
3363 2884 3638 2941 volumus
3657 2884 3748 2940 im-

2111 2974 2359 3042 petrare,
2391 2976 2522 3034 etc.,
2554 2988 2725 3044 usque
2752 2972 2823 3028 ad
2852 2972 3227 3030 sermonibus
3250 2973 3417 3030 meis.
3442 2972 3747 3044 (ld.,lib.de

2109 3061 2259 3132 Per].
2281 3061 2543 3133 justitiae,
2577 3065 2720 3117 tom.
2752 3061 2818 3129 X,
2855 3065 3004 3135 part.
3037 3079 3076 3131 1,
3109 3063 3261 3132 314.)

2181 3148 2255 3205 Ut
2285 3148 2343 3205 in
2373 3149 2557 3205 Deum
2587 3149 2917 3219 credamus,
2942 3155 3071 3208 etc..
3097 3167 3268 3223 usque
3294 3149 3364 3206 ad
3386 3169 3421 3208 a
3442 3151 3614 3210 Patre
3634 3168 3745 3209 meo

2030 3222 2075 3290 α
2111 3238 2245 3309 (1a.,
2276 3240 2431 3310 epist.
2465 3238 2536 3295 ad
2571 3239 2815 3307 Vitalem,
2849 3243 2990 3295 tom.
3025 3244 3100 3307 11,
3132 3222 3240 3297 c151.
3272 3240 3424 3312 983.)

2179 3327 2260 3383 Ne
2290 3308 2606 3400 quisquam
2639 3328 2746 3384 etsi
2777 3345 2894 3383 non
2929 3328 2997 3384 de
3028 3328 3324 3402 cperibus,
3358 3308 3671 3403 etc.,usque
3689 3329 3750 3385 ad
3862 3308 3863 3385 l

2108 3432 2181 3471 ne
2211 3416 2429 3472 frustra
2458 3416 3497 3487 velit.(ld.,Enchir.,tom.Vl,col.247
3528 3424 3586 3476 et
3615 3420 3746 3493 seq.)

2177 3504 2293 3561 Sisi
2321 3507 2594 3562 Dominus
2621 3505 2980 3577 aediﬁcaverit
3006 3506 3250 3572 domum,
3284 3509 3343 3563 in
3374 3523 3585 3563 vanum
3614 3509 3748 3564 labo-

2104 3603 2368 3651 raverunt
2389 3595 2726 3666 aediﬁcantes
2753 3597 3198 3661 eam.0uomodo
3225 3614 3383 3670 ergo,
3414 3596 3596 3668 Deus,
3626 3602 3745 3667 etc.,

2104 3699 2276 3756 usque
2328 3682 2401 3738 ad
2455 3684 2775 3755 adjuvaret.
2827 3684 2963 3757 (Id.,
3001 3687 3159 3757 epist.
3190 3684 3262 3741 ad
3290 3686 3454 3741 Paul.
3490 3688 3746 3742 Nolanum

2103 3774 2267 3845 episc.
2299 3776 2443 3828 tom.
2477 3775 2577 3841 II.)

2175 3864 2329 3917 Dicit
2355 3863 2505 3917 enim
2530 3862 2817 3934 Scriptura
2845 3862 3149 3931 Pharaoni,
3182 3865 3316 3935 quia
3344 3864 3405 3919 in
3433 3864 3540 3921 hoc
3582 3867 3747 3937 ipsum

2102 3952 2341 4007 excitavi
2368 3959 2438 4018 te,
2470 3959 2534 4007 ut
2559 3951 2836 4007 ostendam
2866 3954 2927 4008 in
2956 3960 3007 4009 te
3032 3954 3305 4022 virtutem,
3322 3954 3514 4009 etc.Et
3525 3958 3745 4027 propter

2102 4039 2212 4095 hoc
2241 4040 2438 4112 ipsum
2470 4044 2847 4096 conservatus
2875 4057 2959 4107 es,
2993 4045 3126 4110 etc.,
3154 4058 3324 4115 usque
3354 4042 3424 4096 ad
3466 4048 3529 4098 et
3569 4042 3744 4098 exitus

2101 4130 2287 4185 docet.
2321 4128 2453 4201 (Id.,
2486 4128 2797 4197 lib.Quaest.
2830 4129 3129 4202 Exod.,qu.
3160 4133 3401 4197 32,tom.
3426 4135 3537 4204 llI,
3561 4134 3741 4205 parta,

2101 4217 2211 4274 col.
2242 4219 2395 4290 606.)

2172 4306 2410 4363 Nullum
2440 4307 2595 4363 Deus
2624 4308 2711 4364 vel
2743 4307 3109 4381 angelorum,
3141 4313 3277 4376 etc.,
3309 4325 3481 4381 usque
3513 4309 3585 4365 ad
3615 4307 3744 4364 anti-

2099 4394 2278 4451 thetis
2325 4395 2680 4452 honestaret.
2733 4398 2865 4470 (ld.,
2906 4397 3007 4453 lib.
3040 4398 3189 4454 Sent.
3222 4400 3484 4470 Prosperi
3513 4404 3654 4454 tom.
3682 4397 3739 4469 Χ,

2100 4489 2249 4557 part.
2284 4501 2345 4553 11,
2380 4484 2488 4541 col.
2525 4486 2707 4557 1870.)

344 4585 514 4641 usque
543 4567 613 4623 ad
642 4567 744 4623 via:
775 4568 1059 4641 ejus.(ld.,
1092 4572 1248 4642 epist.
1279 4569 1349 4624 ad
1384 4569 1603 4626 Sixtum
1642 4585 1812 4640 pres.,
1845 4575 1889 4627 ι.
1918 4572 1988 4642 II,
2019 4592 2067 4657 ι)
2168 4573 2310 4642 Ergo
2352 4573 2509 4644 cujus
2555 4574 2674 4628 vult
2718 4576 3081 4640 miseretur,et
3128 4592 3287 4649 quem
3332 4577 3450 4632 vult
3498 4577 3736 4634 obdurat.

347 4657 455 4713 col.
488 4658 639 4726 884.)

418 4746 563 4812 Quid
598 4746 865 4819 Apostolo
896 4745 1235 4819 responsuri
1265 4748 1423 4812 sunt,
1455 4746 1555 4818 qui
1599 4763 1735 4803 cum
1784 4754 1841 4804 et
1883 4749 1991 4808 hos

346 4835 631 4908 geminos,
668 4840 801 4903 etc.,
833 4851 1004 4907 usque
1032 4834 1104 4890 ad
1130 4850 1233 4890 nec
1254 4834 1547 4903 judicium
1580 4841 1815 4893 accuset
1843 4837 1988 4896 invi-

345 4927 448 4979 tat.
484 4924 612 4988 (Id.,
641 4925 738 4979 lib.
772 4923 841 4979 ad
870 4924 1223 4994 Bonifacium
1248 4930 1439 4977 contra
1468 4924 1815 4995 Pelagianos,
1846 4933 1886 4983 t.
1919 4927 1985 4998 Χ,

346 5020 495 5084 part.
530 5030 567 5080 1,
598 5012 708 5067 col.
738 5014 837 5068 581
872 5018 929 5067 et
958 5029 1079 5083 seq.
1114 5015 1169 5066 et
1197 5010 1346 5081 624.)

417 5102 551 5156 Cum
582 5102 730 5156 enim
757 5100 1002 5155 nondum
1023 5102 1143 5155 nati
1170 5101 1421 5170 fuissent,
1455 5110 1551 5157 aut
1579 5103 1795 5174 aliquid
1840 5108 1987 5176 egis-

343 5198 463 5245 sent
492 5191 692 5243 bonum
713 5197 810 5244 aut
834 5189 1063 5243 malum.
1084 5190 1226 5243 Cum
1261 5188 1420 5244 Isaac
1455 5195 1633 5246 Deum
1666 5195 1891 5265 roganti
1923 5199 1989 5251 ut

342 5281 573 5350 pareret
594 5292 754 5342 uxor,
772 5282 1084 5349 etc.,usque
1114 5276 1184 5332 ad
1213 5294 1413 5332 eorum
1447 5279 1672 5336 nullum
1704 5284 1986 5357 erat.(Id.,

343 5366 445 5421 lib.
471 5369 556 5421 De
586 5365 699 5420 Civ.
732 5364 848 5431 Dei,
884 5368 1029 5420 tom.
1058 5364 1182 5427 νη.
1217 5364 1324 5421 col.
1356 5367 1508 5437 513.)

411 5457 499 5510 An
532 5455 681 5509 forte
710 5451 853 5508 illud
874 5454 1000 5525 jam
1032 5454 1499 5527 explosum,etc.,
1522 5475 1692 5531 usque
1719 5459 1789 5516 ad
1819 5460 1987 5517 mini-

340 5558 435 5598 me
462 5541 821 5598 dubitemus.
855 5542 988 5612 (Id.,
1016 5541 1116 5600 lib.
1150 5561 1191 5613 1,
1212 5544 1278 5601 de
1306 5547 1980 5618 Bap.parvulorum,tom.

336 5630 405 5705 X,
436 5633 587 5708 part.
619 5647 658 5702 1,
692 5629 800 5691 col.
830 5632 934 5692 426
962 5635 1019 5693 et
1047 5635 1194 5714 seq.)

2097 4660 2338 4725 Quando
2360 4678 2496 4735 ergo
2529 4662 2696 4718 Pater
2725 4662 2886 4719 intus
2916 4664 3175 4732 auditur,
3206 4669 3341 4731 etc.,
3359 4683 3538 4738 usque
3563 4666 3632 4722 ad
3659 4680 3738 4719 re-

2098 4751 2388 4823 spondeas
2436 4750 2573 4806 Deo.
2606 4752 2740 4821 (Id.,
2792 4751 2893 4807 lib.
2944 4754 3018 4809 de
3062 4754 3247 4811 Preed.
3278 4764 3476 4824 sanet,
3509 4761 3651 4811 tom.
3679 4753 3737 4824 Χ,

2099 4841 2249 4910 part.
2282 4855 2323 4904 1,
2356 4839 2462 4893 976
2485 4843 2542 4895 et
2571 4840 2720 4912 seq.)

2169 4928 2464 4993 Quantum
2492 4928 2564 4985 ad
2588 4929 2885 5000 justitiam
2934 4935 3161 5004 spectat
3205 4936 3264 4987 et
3303 4933 3579 5006 gratiam,
3613 4937 3736 4998 etc.,

2094 5032 2264 5088 usque
2290 5016 2604 5087 adjudicia
2630 5019 2779 5090 ejus.
2813 5020 2894 5091 (S.
2925 5022 3099 5093 Aug.,
3132 5021 3210 5076 lib
3237 5021 3304 5078 de
3335 5026 3493 5079 Dono
3537 5037 3734 5095 persev.

2094 5108 2238 5160 tom.
2272 5104 2337 5173 X,
2373 5110 2523 5176 part.
2556 5122 2629 5174 11;
2665 5106 2774 5161 col.
2808 5108 2995 5177 4003.)

2165 5194 2325 5250 Nonc
2357 5192 2466 5249 hoc
2495 5193 2618 5250 loco
2647 5196 2960 5267 Apostolus
2990 5202 3223 5259 sanctos
3254 5199 3577 5272 prohibuit,
3610 5202 3732 5263 etc.,

2092 5298 2260 5354 usque
2288 5281 2360 5336 ad
2382 5282 2438 5337 id
2470 5283 2627 5353 quod
2652 5288 2761 5340 est.
2794 5286 2926 5358 (Id.,
2959 5286 3036 5343 lib
3065 5288 3137 5343 68
3167 5289 3576 5360 Quaslionum,
3598 5292 3735 5344 tom.

2094 5370 2191 5438 VI,
2224 5369 2333 5425 col.
2362 5372 2453 5439 70,
2485 5377 2543 5427 et
2571 5376 2719 5444 seq.)

2162 5460 2244 5514 An
2272 5475 2382 5515 non
2410 5459 2568 5516 habet
2585 5469 2902 5532 potestatem
2922 5465 3131 5536 ﬁgulus
3147 5469 3253 5523 tuti
3268 5483 3340 5524 ea:
3356 5467 3545 5523 eadem
3561 5480 3729 5522 massa

2089 5550 2270 5620 facere
2314 5548 2469 5604 aliud
2516 5549 2734 5621 quidem
2780 5569 2874 5609 vas
2923 5556 2980 5610 in
3020 5556 3299 5623 honorem,
3332 5557 3499 5612 aliud
3524 5571 3648 5612 vero
3673 5555 3729 5609 in

2090 5638 2473 5695 contumeliam
2492 5642 2518 5694 γ
2548 5638 2789 5714 Figulus
2818 5645 2911 5701 est
2938 5659 3074 5704 cum
3105 5645 3654 5722 fragiles,in1irmos,
3672 5647 3726 5700 et
