3896 6198
146 400 265 464 305

1009 399 1424 464 EXPOSITIO
1467 398 1548 462 IN
1592 400 1763 462 EPP.
1808 397 2071 463 PAULI.
2103 433 2181 445 --
2210 400 2335 462 EP.
2380 398 2484 463 AD
2528 399 2719 464 ROM.

3436 399 3561 463 306

149 538 408 591 temnes
440 532 604 604 facit,
636 535 771 603 etc.,
800 549 972 608 usque
1000 533 1286 591 adoculos
1316 533 1687 603 fecerat.(Id.,
1718 535 1802 590 Ex
1829 536 1883 603 Α
1913 549 1972 589 in
1989 534 2134 607 psal.
2169 551 2285 606 c111,
2317 536 2456 592 tom.
2495 533 2589 604 IV,
2632 537 2782 608 part.
2831 551 2895 603 11,
2946 532 3056 592 col.
3111 534 3251 592 1375
3306 537 3365 592 et
3409 551 3557 609 seq.,

152 631 388 681 tractatu
402 626 464 680 in
498 625 702 697 psalm.
724 626 1053 693 xc111,tom.
1088 623 1182 691 IV,
1206 627 1355 695 part.
1380 641 1440 689 ιι,
1473 621 1581 679 col.
1617 624 1802 692 1211.)

220 715 317 771 Sic
345 730 486 786 ergo
517 714 709 769 factus
758 716 848 768 est
872 711 1049 768 homo
1097 716 1312 779 rectus,
1366 715 1499 779 etc.,
1534 727 1707 784 usque
1734 712 1803 767 ad

150 821 254 860 nec
281 805 341 860 in
371 820 456 860 se.
490 804 628 873 (Id.,
658 804 906 868 Enchir.,
936 806 1082 857 tom.
1113 801 1209 867 VI,
1242 801 1350 857 col.
1379 804 1533 871 282.)

219 894 283 949 Si
315 895 386 950 de
417 893 663 961 mundo,
698 892 912 964 inquit,
934 891 1429 958 essetis,mundus
1450 892 1604 963 quod
1626 905 1802 947 suum

148 989 274 1040 erat
302 982 923 1055 diligeret,etc.,usque
951 980 1022 1036 ad
1033 981 1162 1051 jam
1192 996 1309 1035 non
1341 984 1433 1036 est
1450 979 1800 1053 gratiu.(Id.,

146 1080 391 1130 tractatu
420 1074 489 1127 87
522 1074 585 1128 in
610 1073 768 1129 Joan.
802 1069 1057 1136 tom.'III,
1089 1072 1240 1142 part.
1272 1085 1335 1137 11,
1369 1068 1477 1125 col.
1510 1069 1696 1139 1853.)

217 1162 427 1234 Siqua
458 1160 662 1234 igitur,
715 1163 849 1228 etc.,
882 1175 1054 1231 usque
1108 1157 1181 1213 ad
1234 1158 1447 1214 cmteri.
1498 1158 1604 1230 (Id.
1635 1173 1798 1215 serm.

148 1253 236 1319 11,
269 1251 336 1308 de
366 1251 546 1308 verbis
576 1249 781 1322 Apost.)

214 1342 353 1397 Ecce
379 1342 570 1411 Agnus
603 1340 728 1405 Dei,
754 1341 893 1404 etc.,
948 1352 1118 1409 usque
1158 1336 1231 1393 ad
1272 1341 1471 1409 posset
1517 1350 1646 1393 esse
1674 1337 1801 1392 vin-

147 1430 422 1501 dicta.(S.
454 1430 628 1501 Aug.,
664 1428 762 1484 lib.
794 1428 941 1484 Sent.
974 1428 1248 1499 Prosperi,
1278 1429 1424 1483 tom.
1456 1425 1522 1495 X,
1554 1430 1705 1498 part.
1734 1443 1799 1482 11.

147 1519 239 1576 col
267 1518 460 1589 1886.)

1912 624 2053 679 1363
2080 628 2136 680 et
2165 628 2312 698 seq.)

1984 712 2126 782 Quid
2153 730 2278 786 ergo
2307 715 2566 781 dicemus,
2599 718 2732 784 etc.,
2762 731 2949 788 usque
2978 715 3050 771 ad
3093 716 3255 787 quasi
3281 711 3351 771 etc
3387 716 3560 788 operi-

1913 802 2028 858 bus.
2053 804 2263 859 Gentes
2311 821 2439 877 qua
2489 821 2604 860 non
2663 805 3060 871 sectabantur,
3105 808 3238 873 etc.,
3290 821 3459 877 usque
3490 806 3559 861 ad

1900 891 2108 948 salvus
2137 893 2266 949 erit.
2290 894 2403 965 (Id.
2437 893 2533 949 lib.
2566 894 2630 949 de
2656 893 2805 966 Spir.
2836 901 2889 950 et
2914 894 3066 965 Litt.,
3099 897 3220 951 tom
3259 894 3326 961 X,
3359 899 3554 967 part.1,

1904 979 2019 1036 col.
2054 982 2161 1037 232
2190 986 2247 1038 et
2276 983 2424 1055 seq.)

1981 1070 2195 1127 Gentes
2226 1088 2352 1143 quas
2384 1089 2499 1128 non
2531 1072 2907 1128 sectabantur
2926 1072 3558 1146 justitiam,ete.,usque

1902 1157 1982 1213 ad
2005 1173 2121 1214 non
2148 1160 2518 1230 adjuvantur.
2551 1160 2684 1231 (Id.,
2714 1177 2876 1217 serm.
2910 1161 2975 1217 de
3002 1162 3149 1217 verb.
3182 1162 3381 1234 Apost,
3409 1165 3553 1218 tom.

1910 1245 1978 1313 V,
2009 1250 2159 1319 part.
2194 1266 2231 1317 1,
2265 1248 2373 1304 col.
2405 1247 2512 1304 920
2539 1252 2597 1305 et
2634 1250 2783 1321 seq.)

2562 1391 2794 1449 CAPUT
2832 1392 2897 1448 X.

1982 1515 2323 1589 Ignorantes
2356 1516 2453 1573 Dei
2474 1517 2792 1589 justitiam,
2841 1521 2974 1585 etc.,
3008 1532 3177 1589 usque
3232 1517 3302 1573 ad
3343 1516 3557 1575 habere

216 1608 383 1683 Quod
408 1610 464 1664 si
509 1611 678 1673 Deus,
727 1609 862 1677 etc.,
909 1605 1221 1678 usquead
1280 1606 1340 1660 in
1382 1604 1638 1674 gloriam.
1688 1605 1804 1662 Cur
1903 1604 2221 1676 justitiam.
2258 1606 2389 1679 (Id.,
2424 1607 2523 1662 lib.
2555 1615 2743 1663 contra
2798 1607 3105 1675 Iulianum,
3154 1610 3302 1664 tom.
3342 1606 3407 1676 X,
3441 1605 3552 1663 col.

146 1699 328 1754 etiam
361 1696 592 1769 aliquos
613 1691 1800 1765 Creatorvoluit,etc.,usqueadmeritadici

146 1787 404 1861 possint.
430 1786 513 1859 (S.
544 1787 716 1859 Aug..
761 1786 917 1857 epist.
967 1784 1038 1840 ad
1085 1783 1357 1855 Optatum,
1388 1786 1534 1838 tom.
1586 1781 1655 1852 Η,
1688 1782 1799 1839 col.

143 1876 253 1932 859
281 1879 344 1931 et
374 1874 521 1947 seq.)

1979 1695 2036 1748 7.

1979 1695 2036 1748 7.

1910 1694 2345 1856 860f)fenderunt
2373 1787 2434 1841 in
2472 1785 2709 1858 lapidem
2757 1784 3089 1859 cﬂensionis,
3123 1790 3231 1842 etc.
3288 1786 3555 1843 Christus

1832 1906 1878 1972 Β
1910 1873 2255 1944 sperabatur
2282 1878 2584 1942 venturus,
2616 1881 2750 1943 etc.,
2784 1891 2957 1947 usque
2988 1875 3059 1930 ad
3088 1892 3202 1931 non
3230 1876 3555 1932 confunde-

214 1965 362 2021 Deus
389 1980 544 2020 meus
573 1963 986 2027 aemonstravit,
1018 1964 1153 2031 etc.,
1199 1976 1373 2033 usque
1421 1960 1492 2016 ad
1534 1958 1797 2016 debitum
1832 1958 1878 1972 “’
1908 1963 2023 2016 tur.
2054 1961 2185 2033 (Id.,
2205 1979 2368 2019 serm.
2403 1966 2464 2019 in
2492 1967 2651 2037 epist.
2673 1966 2829 2021 Joan.
2860 1979 2944 2033 ιιι,
2978 1968 3119 2020 tom.
3159 1964 3255 2031 III,
3305 1969 3455 2038 part.
3490 1982 3555 2032 ιι,

144 2052 467 2109 relaxatur.
503 2051 583 2123 (S.
606 2052 777 2123 Aug...
801 2051 858 2105 in
884 2050 1028 2122 psal.
1080 2066 1232 2119 Lvm,
1263 2052 1407 2105 tom.
1451 2049 1544 2115 IV,
1574 2051 1724 2121 part.
1757 2065 1796 2113 1,

143 2142 255 2199 col.
286 2142 447 2210 704.)

213 2231 390 2304 Apud
422 2229 588 2285 illum
620 2231 900 2302 potestas,
937 2231 1073 2293 etc.,
1103 2243 1274 2299 usque
1319 2227 1391 2283 ad
1427 2242 1600 2299 spera
1630 2225 1801 2282 mise-

141 2319 465 2378 ricordiam
511 2319 662 2391 ejus.
710 2318 792 2389 (S.
837 2318 1007 2389 Aug.,
1059 2318 1120 2372 in
1170 2317 1313 2389 psal.
1364 2333 1476 2383 ιλιι,
1523 2319 1669 2371 tom.
1703 2315 1797 2385 IV,

141 2414 299 2483 part.
332 2428 368 2477 1,
403 2407 515 2465 col.
545 2408 698 2475 743.)

214 2498 431 2556 Debita
469 2495 733 2554 redditur
780 2512 951 2568 pcena
1007 2495 1306 2561 damnato,
1352 2498 1487 2563 etc.,
1532 2510 1703 2567 usque
1731 2494 1803 2550 ad

143 2588 311 2645 aliud
353 2588 414 2643 in
464 2584 902 2643 contumeliam.
953 2584 1036 2656 (S.
1091 2585 1264 2657 Aug.,
1319 2586 1479 2656 epist.
1537 2584 1608 2640 ad
1654 2584 1798 2641 δέξει.

139 2680 350 2751 presb.,
383 2682 526 2732 tom.
561 2675 633 2742 II,
664 2673 775 2730 col.
808 2674 915 2729 875
941 2677 999 2729 et
1028 2689 1152 2745 seq.

217 2767 281 2823 Si
312 2770 514 2822 autem
545 2763 742 2820 volens
773 2763 928 2819 Deus
958 2762 1262 2818 ostendere
1282 2761 1452 2829 iram,
1484 2767 1803 2834 etc.,usque

143 2856 305 2913 videt
335 2851 628 2926 supplicia
656 2859 1049 2924 peccatorum.
1082 2852 1164 2924 (S.
1195 2852 1368 2925 Aug.,
1401 2851 1577 2907 lib.ad
1602 2851 1797 2924 Simpl.

144 2947 346 3018 episc.,
369 2948 514 2999 tom.
546 2940 641 3009 VI,
674 2939 783 2997 col.
813 2940 965 3008 423.)

220 3034 338 3090 Dat
367 3031 587 3105 quibus
614 3029 758 3097 vult,
790 3033 923 3097 etc.,
957 3045 1129 3102 usque
1179 3029 1251 3085 ad
1288 3029 1491 3085 fraude
1528 3030 1798 3085 donatur.

145 3123 232 3196 (S.
265 3124 438 3194 Aug.,
471 3119 570 3175 lib.
602 3118 668 3175 de
694 3119 843 3175 Dono
870 3134 1102 3190 persev.,
1133 3121 1278 3173 tom.
1314 3118 1380 3185 X,
1412 3121 1562 3189 part.
1594 3134 1658 3185 11,
1689 3116 1801 3184 col,

146 3212 257 3267 109
278 3214 338 3266 et
368 3209 517 3281 seq.)

1908 2048 2019 2104 col.
2048 2052 2238 2120 2000.)

1979 2138 2217 2205 Omnes,
2250 2140 2464 2213 inquit,
2492 2146 2882 2215 peccaverunt
2913 2147 2969 2199 et
2998 2147 3171 2215 egent
3216 2142 3401 2215 gloria
3430 2142 3554 2210 Dei,

1909 2230 1975 2281 ut
2005 2228 2104 2300 qui
2135 2229 2488 2286 crediderint
2515 2231 2576 2285 in
2608 2246 2743 2287 eum
2776 2248 2893 2288 non
2916 2232 3351 2288 confundantur
3380 2234 3553 2303 (Rom.

1911 2332 1995 2383 111,
2021 2312 2127 2385 ιχ).
2162 2318 2325 2374 Sicut
2353 2323 2411 2375 et
2456 2318 2724 2377 Psalmus
2768 2321 2941 2377 dicit:
2976 2321 3216 2377 Accedite
3257 2321 3327 2377 ad
3354 2337 3479 2376 eum
3505 2328 3558 2376 et

1910 2405 2392 2477 illuminamini,et
2417 2409 2601 2465 vultus
2630 2412 2799 2466 vestri
2821 2426 2929 2467 non
2950 2409 3354 2481 confundentur
3384 2408 3553 2482 (Psal.

1907 2501 2125 2562 χχχιιι).
2161 2497 2267 2562 Qui
2291 2514 2427 2571 ergo
2457 2498 2518 2553 in
2565 2515 2628 2555 se
2675 2498 2959 2571 gloriatur
2988 2497 3395 2555 confundetur.
3429 2497 3555 2554 Non

1909 2583 2067 2638 enim
2093 2584 2220 2640 sine
2249 2586 2506 2657 peccatis
2538 2586 2884 2643 invenietur.
2917 2585 3020 2643 Ille
3068 2587 3266 2659 itaque
3295 2591 3556 2642 tantum-

1911 2673 2083 2728 modo
2110 2688 2228 2729 non
2259 2675 2652 2731 confundetur
2681 2675 2779 2748 qui
2810 2676 2867 2730 in
2900 2675 3146 2732 Domino
3177 2674 3480 2747 gloriatur.

1982 2761 2327 2835 Quicunque
2363 2763 2531 2820 illum
2564 2765 2677 2820 ﬁde
2726 2767 3087 2837 exspectant,
3120 2767 3253 2830 etc.,
3286 2779 3456 2836 usque
3485 2762 3556 2820 ad

1910 2864 2046 2905 cum
2086 2850 2327 2907 venerit.
2377 2852 2509 2923 (Id.,
2558 2868 2721 2909 serm.
2781 2854 2842 2907 in
2897 2853 3054 2924 epist.
3087 2857 3251 2909 Joan.
3301 2869 3378 2921 ιν,
3407 2856 3552 2908 tom.

1909 2940 2012 3005 III,
2047 2944 2196 3012 part.
2230 2958 2292 3009 ιι,
2327 2941 2415 2997 col
2442 2941 2629 3014 2006.)

1985 3033 2203 3086 Fratres
2234 3029 2375 3086 bona
2400 3031 2678 3099 voluntas,
2707 3034 2839 3099 etc.,
2873 3046 3060 3104 usque
3104 3030 3176 3086 ad
3224 3032 3286 3103 ﬁt
3311 3046 3411 3103 pro
3441 3030 3559 3085 illis

1913 3119 1974 3173 in
2003 3118 2257 3175 salutem.
2292 3118 2439 3183 Quid
2477 3136 2614 3193 ergo
2655 3136 2894 3176 oramus
2931 3137 3033 3192 pro
3082 3117 3418 3176 nolentibus
3444 3130 3563 3174 cre-

1912 3206 2069 3273 dere,
2103 3211 2237 3272 ete.,
2270 3223 2439 3280 usque
2467 3208 2538 3263 ad
2563 3208 2710 3264 fides
2741 3209 2871 3281 ipsa
2899 3209 3169 3264 donetur.
3206 3208 3335 3281 (Id.,
3356 3207 3457 3263 lib.
3496 3206 3561 3262 de

216 3278 653 3356 Etenim‘etiam
686 3295 829 3352 illud
862 3296 976 3352 dici
1009 3299 1234 3369 potest:
1269 3313 1374 3351 cur
1400 3295 1803 3363 omnino,etc.,
1836 3278 1880 3346 C
1917 3294 2104 3352 Praed.
2136 3278 2512 3361 sanct.,vtom.
2545 3297 2610 3363 X,
2642 3278 2791 3371 part.
2820 3316 2859 3367 1,
2896 3297 3003 3354 col.
3037 3299 3187 3367 9'72.)

142 3404 326 3461 usque
344 3387 417 3443 ad
445 3387 504 3441 in
536 3386 785 3442 Domino
815 3385 1381 3459 glorietur.(S.Aug.,
1406 3386 1503 3441 lib.
1524 3384 1595 3440 ad
1618 3386 1802 3460 Bonif.

141 3494 357 3551 papam
389 3477 568 3544 Urbis,
590 3480 732 3531 tom.
767 3474 832 3542 Χ,
867 3478 1017 3546 part.
1051 3492 1091 3541 1,
1126 3472 1235 3529 col.
1267 3473 1374 3529 619
1402 3477 1459 3529 et
1488 3476 1638 3546 seq.)

224 3567 373 3635 Quos
402 3573 453 3621 et
482 3567 692 3621 vocavit
720 3580 839 3632 nos,
871 3568 1006 3633 etc.,
1039 3578 1227 3635 usque
1268 3563 1342 3618 ad
1375 3562 1809 3619 misericordiam

147 3663 501 3713 consecutam
530 3653 602 3725 (II
629 3653 755 3709 Cor.
806 3652 887 3724 χ).
941 3651 1068 3708 Una
1122 3654 1212 3707 est
1265 3650 1419 3706 enim
1478 3667 1548 3706 ex
1597 3651 1805 3719 Adam,

148 3760 376 3812 massa,
408 3747 545 3808 etc.,
575 3758 746 3814 usque
795 3741 866 3796 ad
914 3740 1409 3812 conspersionem.
1444 3740 1577 3812 (Id.,
1608 3739 1708 3795 lib.
1739 3738 1811 3795 ad

145 3834 331 3905 Simp.
362 3833 556 3904 episc.,
580 3833 722 3886 tom.
753 3829 851 3895 VI,
879 3828 988 3886 col.
1022 3829 1169 3900 124.)

222 3924 304 3977 Et
324 3922 440 3976 erit
470 3921 528 3975 in
560 3920 692 3984 loco,
723 3922 860 3986 etc.,
890 3933 1079 3989 usque
1110 3917 1183 3973 ad
1210 3918 1550 3973 vocabuntur
1568 3917 1678 3987 filii
1707 3918 1814 3973 Dei

147 4012 289 4067 vivi.
323 4009 444 4065 Hoc
473 4007 874 4065 testimonium
918 4005 1326 4079 propheticum
1373 4006 1445 4061 de
1489 4005 1810 4074 vocatione,

147 4103 297 4164 etc.,
326 4112 502 4169 usque
530 4095 600 4151 ad
630 4098 1026 4169 agnoscantur
1054 4111 1088 4149 a
1116 4098 1294 4150 terra.
1328 4093 1460 4162 (Id.,
1486 4093 1582 4148 lib.
1614 4092 1809 4150 deCiv.

147 4191 278 4254 Dei,
309 4204 473 4254 xvm,
503 4191 645 4243 tom.
677 4186 798 4252 VII,
829 4184 939 4241 col.
970 4186 1123 4257 5811.)

226 4277 410 4333 Isaias
430 4283 610 4333 cutem
636 4274 857 4342 clamat,
897 4277 1033 4339 etc.,
1083 4288 1273 4345 usque
1320 4272 1392 4327 ad
1440 4273 1605 4344 faciet
1633 4272 1817 4327 Domi-

152 4384 267 4423 nus
295 4381 461 4438 super
487 4372 708 4421 terram.
742 4363 945 4435 Neque
989 4362 1145 4418 enim
1193 4361 1333 4434 quia
1363 4360 1528 4416 fracti
1563 4364 1703 4415 sunt
1724 4359 1815 4415 in-

155 4454 393 4522 ﬁdeles,
427 4459 563 4521 etc.,
612 4469 780 4526 usque
820 4452 892 4508 ad
939 4450 1109 4508 salvan
1167 4451 1327 4507 fient.
1378 4449 1508 4519 (1d,,
1550 4449 1651 4505 lib.
1692 4448 1814 4505 adv.

152 4544 412 4610 Juda’os,
446 4547 599 4613 tom.
621 4541 770 4607 VIII,
804 4540 915 4597 col.
942 4540 1093 4609 557.)

1986 3383 2272 3441 Voluntas
2304 3390 2371 3441 ut
2428 3386 2498 3442 ad
2545 3403 2682 3443 vera
2734 3387 3023 3443 credenda
3065 3388 3389 3452 moventur,
3423 3388 3558 3457 etc.,

1914 3488 2083 3545 usque
2112 3474 2182 3530 ad
2212 3474 2271 3529 in
2303 3474 2575 3531 salutem.
2606 3477 2737 3545 (Id.,
2772 3476 2868 3533 lib.
2901 3476 2982 3532 ad
3020 3476 3243 3532 Paulin.
3287 3476 3562 3531 Nolanum

1915 3563 2105 3634 episc.,
2135 3568 2277 3618 tom.
2309 3567 2384 3632 II,
2413 3564 2520 3619 col.
2560 3566 2708 3634 181.)

1991 3653 2376 3709 Testimonium
2402 3653 2676 3725 perhibeo,
2710 3659 3020 3728 etc.,usque
3041 3654 3112 3710 ad
3130 3669 3238 3710 non
3263 3653 3561 3709 secundum

1915 3742 2227 3798 scientiam.
2262 3741 2482 3811 Zelum,
2517 3743 2728 3815 inquit,
2758 3744 2855 3800 Dei
2888 3744 3125 3811 habent,
3159 3748 3269 3799 etc.
3293 3759 3463 3815 usque
3490 3740 3562 3797 ad

1920 3845 2036 3885 non
2066 3833 2209 3886 sunt
2238 3831 2505 3901 subjecti.
2565 3831 2696 3903 (id.,
2746 3847 2911 3888 serm.
2954 3830 3044 3897 13,
3084 3830 3150 3887 de
3199 3848 3312 3888 ver.
3366 3846 3560 3903 evang.

1918 3922 2061 3974 tom.
2093 3918 2162 3988 V,
2196 3923 2344 3991 part.
2377 3937 2439 3990 ιι,
2474 3919 2581 3975 col.
2614 3921 2768 3988 734.)

1990 4007 2403 4078 Apostolorum
2435 4008 2769 4064 audivimus
2812 4009 3077 4064 eamdem
3126 4007 3397 4079 gratiam,
3429 4010 3563 4075 etc.,

1920 4095 2392 4167 usqueudquasi
2448 4111 2563 4151 non
2614 4095 2923 4168 acceperis.
2976 4096 3107 4167 (Id.,
3157 4096 3215 4150 in
3262 4096 3407 4167 psal.
3440 4112 3568 4160 Lxx,

1922 4189 2067 4240 tom.
2096 4185 2190 4251 IV,
2226 4188 2375 4256 part.
2399 4201 2439 4253 1,
2474 4184 2583 4241 col.
2607 4186 2756 4257 874.)

1993 4274 2234 4330 Justitia
2264 4274 2365 4330 Dei
2398 4278 2505 4342 est,
2539 4278 2627 4331 etc
2659 4316 2673 4341 ,
2700 4290 2871 4347 usque
2890 4275 2961 4331 ad
2991 4292 3104 4331 non
3137 4278 3278 4330 sunt
3300 4273 3572 4346 subjecti.

1925 4362 2058 4435 (Id.,
2092 4364 2154 4419 in
2178 4365 2321 4435 psal.
2355 4378 2523 4430 CXLII,
2556 4367 2701 4418 tom.
2735 4363 2832 4431 IV,
2865 4368 3018 4435 part.
3051 4379 3108 4430 11,
3143 4362 3251 4419 col.
3285 4362 3469 4436 4848.)

1997 4454 2312 4520 Ignorantes
2336 4454 2483 4507 enim
2513 4452 2611 4508 Dei
2627 4453 2927 4525 justitiam,
2969 4456 3102 4519 etc.,
3155 4467 3344 4524 usque
3394 4450 3463 4506 ad
3484 4451 3577 4523 ju-

1926 4542 2096 4598 stitia:
2122 4543 2223 4597 Dei
2250 4556 2360 4596 non
2401 4549 2531 4597 sunt
2564 4541 2813 4613 subjecti.
2866 4540 3089 4596 Dicitur
3143 4539 3387 4612 spiritus
3441 4537 3574 4594 Eliee

230 4633 320 4689 Ad
353 4629 818 4687 misericordiam
850 4628 1066 4702 quippe
1111 4627 1450 4700 gratuitam,
1484 4630 1620 4695 etc.,
1652 4641 1822 4699 usque
1850 4646 1898 4710 Β
1928 4629 2027 4702 qui
2057 4635 2145 4685 est
2175 4630 2420 4703 spiritus
2451 4630 2753 4701 Dei,cujus
2773 4632 3068 4703 particeps
3089 4628 3277 4685 factus
3294 4628 3450 4684 Elias
3472 4625 3575 4684 illa

154 4723 230 4778 ad
261 4738 333 4778 ex
363 4720 660 4793 gentibus.
695 4719 827 4789 (Id.,
861 4718 958 4774 lib.
1010 4724 1199 4774 contra
1241 4717 1552 4785 lulianum,
1586 4719 1729 4771 tom.
1753 4717 1816 4783 X,

152 4815 317 4884 part.
350 4827 392 4876 1,
425 4807 536 4864 col.
569 4806 720 4880 874.)

234 4901 480 4971 Propter
510 4897 666 4969 quod
698 4895 896 4969 posuit
940 4893 1343 4952 testimonium
1383 4894 1455 4949 de
1484 4893 1649 4960 Osee,
1683 4897 1816 4960 etc.,

150 4984 805 5061 usqueadtestimonio
863 4983 1131 5056 sequenti
1190 4983 1380 5039 docet.
1434 4982 1569 5054 (Id.,
1622 4982 1717 5038 lib.
1750 4982 1820 5039 ad

152 5076 418 5147 Simplic.
449 5075 638 5146 episc.,
670 5076 814 5128 tom.
845 5070 941 5140 Vl,
974 5070 1088 5127 col.
1140 5072 1286 5138 124.)

232 5167 304 5221 Et
321 5164 473 5220 sicut
492 5161 765 5235 praedixit
795 5162 988 5229 Isaias,
1035 5164 1173 5226 etc.,
1225 5174 1414 5231 usque
1472 5159 1544 5214 ad
1586 5166 1639 5214 et
1678 5161 1821 5215 sicut

156 5253 472 5311 Gomorrha
491 5252 703 5308 similes
728 5251 1042 5323 fuissemus.
1082 5247 1302 5305 Deinde
1332 5247 1588 5304 ostendit
1617 5252 1821 5320 gentes

158 5360 233 5399 ex
264 5336 572 5408 ﬁde,‘etc.,
605 5355 774 5411 usque
807 5337 879 5394 ad
916 5337 1183 5409 sequitur
1236 5340 1294 5393 et
1338 5336 1501 5392 dicit.
1555 5336 1686 5407 (Id.,
1720 5338 1818 5393 lib.

157 5438 366 5487 contra
393 5430 702 5494 lulianum,
735 5432 881 5497 tom,
911 5431 982 5496 X,
1015 5429 1165 5499 part.
1200 5443 1240 5491 1,
1274 5425 1382 5481 col.
1421 5426 1575 5496 792.)

234 5525 462 5577 Fratres
493 5518 732 5589 quidem,
779 5520 912 5584 etc.,
962 5531 1134 5588 usque
1183 5514 1252 5569 ad
1301 5514 1600 5571 secundum
1642 5517 1824 5571 scien-

158 5609 326 5675 tiam,
358 5604 562 5660 etc.Ex
594 5620 841 5676 persona
869 5602 1027 5659 enim
1059 5618 1260 5657 eorum
1283 5601 1381 5673 qui
1414 5602 1549 5656 inde
1574 5603 1827 5659 credide-

161 5700 333 5762 runt,
366 5698 506 5763 etc.,
532 5708 704 5766 usque
731 5692 802 5747 ad
843 5691 1239 5749 obedientium
1290 5689 1660 5762 populorum.
1694 5691 1851 5760 (Id.,~

1929 4718 2154 4790 potuit:
2190 4719 2274 4775 sic
2307 4718 2523 4775 dicitur
2552 4723 2609 4775 et
2639 4718 2742 4775 Dei
2775 4718 3011 4791 justitia
3057 4735 3184 4791 quae
3233 4720 3434 4773 nostra
3462 4718 3570 4785 est,

1930 4806 2031 4862 sed
2064 4807 2280 4863 donata
2308 4823 2342 4863 a
2369 4807 2506 4863 Deo.
2541 4806 2621 4863 De
2649 4824 2766 4880 qua
2812 4806 3058 4880 loquens
3108 4804 3442 4878 Apostolus.
3474 4804 3575 4861 Ju-

1930 4895 2085 4951 daaos
2115 4911 2367 4967 arguens
2396 4896 2569 4951 dicit:
2604 4898 2946 4967 Ignorantes
2974 4893 3129 4950 enim
3155 4891 3255 4949 Dei
3278 4891 3575 4963 justitiam

1930 4987 1988 5038 et
2017 5000 2187 5039 suam
2216 4981 2474 5040 volentes
2506 4983 2882 5050 constituere,
2904 4981 2963 5037 id
2993 4986 3102 5051 est,
3134 4986 3420 5053 tanquam
3451 4997 3486 5035 a
3513 4996 3577 5035 se

1930 5072 2043 5129 sibi
2074 5075 2358 5144 paratam.
2392 5072 2604 5128 Contra
2632 5069 2836 5143 quales
2864 5069 3042 5126 dicit:
3075 5069 3220 5140 Quid
3238 5071 3388 5125 enim
3414 5069 3578 5124 habes

1930 5161 2070 5233 quod
2097 5176 2208 5216 non
2237 5162 2493 5233 accepisti
2521 5162 2571 5229 (Ι
2612 5160 2732 5216 Cor.
2782 5158 2903 5229 1v)?
2939 5160 3257 5228 lgnbrantes
3304 5160 3453 5214 enim
3482 5158 3580 5214 Dei

1919 5250 2201 5321 justitiam
2218 5256 2271 5305 et
2295 5265 2452 5303 suam
2481 5249 2713 5304 volentes
2736 5248 3081 5313 constituere,
3089 5247 3328 5319 justitia?
3342 5247 3440 5303 Dei
3467 5262 3581 5302 non

1930 5343 2060 5392 sunt
2090 5337 2319 5407 subjecti
2346 5337 2518 5404 (Rom.
2551 5336 2628 5405 ιι).
2655 5340 2732 5390 De
2760 5334 2979 5390 Judsais
3009 5334 3120 5390 hoc
3166 5335 3332 5402 dixit,
3382 5335 3481 5409 qui
3508 5334 3580 5391 de

1933 5442 1994 5481 se
2026 5427 2446 5496 praesumentes
2467 5424 2711 5495 gratiam
2729 5422 3173 5495 repellebant,et
3191 5423 3251 5479 in
3278 5423 3575 5479 Christum

1934 5516 2241 5587 propterea
2270 5528 2384 5567 non
2417 5511 2935 5567 credebant.Suam
2963 5528 3092 5568 vero
3116 5512 3415 5584 justitiam
3440 5512 3581 5567 dicit

1935 5620 2033 5659 eos
2066 5600 2325 5656 volentes
2355 5600 2727 5665 constituere,
2780 5617 2907 5672 quae
2950 5600 3185 5672 justitia
3231 5603 3321 5656 est
3364 5617 3434 5656 ex
3453 5600 3580 5675 lege

1940 5708 2051 5747 non
2086 5689 2223 5761 quia
2255 5689 2346 5745 lex
2375 5690 2448 5746 ab
2479 5688 2623 5762 ipsis
2644 5694 2733 5746 est
2762 5688 3206 5759 constituta,sed
3236 5688 3295 5745 in
3318 5688 3581 5763 legeque:
