3896 6198
350 327 463 403 311

1564 331 1796 393 FLORI
1837 328 2151 397 DIABONI
2193 329 2575 393 MONACHI.

3642 332 3753 399 312

351 469 482 532 etc.,
516 482 699 539 usque~
730 466 799 522 ad
854 466 913 521 in
963 465 1173 522 saecula
1220 464 1590 521 saeculorum.
1622 466 1826 520 Amen.
1861 464 1995 532 (Id.,
2027 464 2081 532 Α
2177 465 2304 521 Dico
2338 466 2487 521 enim
2511 480 2612 537 per
2655 466 2917 538 gratiam,
2946 469 3079 535 etc.,
3110 482 3301 540 usque
3330 466 3402 522 ad
3452 482 3647 539 sapere
3686 466 3753 523 ad

350 554 447 609 lib.
484 571 540 622 ιι,
571 563 742 611 contr.
771 553 1019 623 Haecin,
1058 558 1201 610 tom.
1233 554 1360 623 VII,
1395 553 1502 610 col.
1534 554 1642 608 799
1669 558 1725 609 et
1755 554 1902 625 seq.)

425 643 557 711 Quis
586 647 735 701 enim
762 646 1010 714 cognovit
1036 661 1257 700 sensum
1284 644 1528 709 Domini,
1562 651 1658 698 aut
1709 644 1831 714 quis
1867 658 2000 698 con-

351 733 605 788 siliarius
632 734 750 805 ejus
777 735 924 806 fuit?
953 733 1067 789 Nec
1099 732 1312 788 mirum
1346 737 1435 791 est
1463 732 1617 804 quod
1651 732 1871 787 sanctis
1904 748 2001 786 an-

351 819 518 893 gelis,
552 825 685 890 etc.,
718 839 887 894 usque
915 822 986 877 ad
1011 822 1486 894 superferebatur
1534 838 1712 893 super
1761 837 1999 892 aquam.

2105 553 2882 628 sobrwtatemlntelligamus
2913 572 3092 627 quam
3122 554 3199 612 sit
3225 554 3500 628 Apostolo
3534 555 3753 611 obtem-

2108 642 2434 714 perandum
2488 642 2868 715 praecipienti,
2919 647 3052 711 etc.,
3106 659 3275 715 usque
3322 644 3393 699 ad
3443 648 3755 716 antequam

2109 735 2349 787 crescat.
2385 731 2518 802 (Id.,
2553 731 2649 801 lib,
2682 749 2761 786 xu
2790 731 2857 787 de
2887 732 2980 788 Civ
3012 733 3128 800 Dei,
3158 737 3299 788 tom.
3332 732 3594 801 VII,col.
3615 734 3755 804 365.)

2180 820 2242 874 Et
2264 821 2560 892 unicuique
2581 822 2725 877 sicut
2756 822 2894 877 Deus
2932 820 3144 893 divisit,
3176 824 3312 893 etc.,
3343 837 3535 894 usque
3566 822 3640 879 ad
3668 825 3761 896 qui

356 910 487 982 (Id.,
521 910 619 966 lib.
652 911 717 967 de
761 911 888 968 Gen.
919 912 991 966 ad
1020 912 1107 967 litt
1136 954 1149 980 ,
1184 914 1327 966 tom.
1364 915 1464 982 III,
1496 913 1645 982 part.
1678 927 1719 976 ι,
1756 908 1864 964 col.
1897 909 2004 963 225
2106 915 2307 980 przeest
2339 911 2399 964 in
2417 910 2810 969 sollicitudine.

356 1002 413 1054 et
435 1000 584 1071 seq.)

2183 998 2326 1053 Ecce
2373 1002 2638 1070 apertam
2687 997 3115 1056 confessionem
3163 997 3323 1054 illius
3371 998 3604 1074 gratiae,
3632 1003 3759 1068 etc.,

425 1088 530 1143 Aut
558 1090 681 1160 quis
705 1090 884 1161 prior,
914 1092 1240 1160 etc.,usque
1271 1088 1340 1143 ad
1370 1089 1479 1160 ipsi
1504 1087 1685 1159 gloria
1711 1088 1771 1141 in
1800 1086 2007 1147 saecula
2112 1102 2280 1160 usque
2307 1086 2376 1143 ad
2408 1087 2730 1159 unicuique
2779 1087 3084 1161 partitum.
3118 1087 3246 1161 (Id.,
3278 1089 3417 1161 epist
3460 1088 3535 1145 ad
3584 1090 3758 1147 Julia-

354 1178 684 1253 sseculorum
712 1194 891 1234 amen.
914 1178 980 1232 Et
1010 1177 1204 1249 ipsum
1236 1176 1414 1250 igitur
1443 1174 1677 1231 initium
1711 1174 2004 1241 fidei,etc.,

360 1283 525 1339 usque
572 1267 641 1321 ad
689 1270 830 1321 sunt
876 1265 1093 1321 omnia.
1134 1266 1269 1335 (Id.,
1321 1265 1417 1319 lib.
1464 1263 1529 1319 de
1574 1261 1759 1320 Przed.
1807 1270 2004 1329 sanct.,

357 1359 499 1410 tom.
532 1357 595 1422 Χ,
631 1358 779 1427 part.
814 1372 853 1423 ι,
887 1354 995 1410 col.
1028 1354 1177 1426 962.)
1914 1340 1917 1347 ’

428 1443 612 1499 Aliter
640 1444 793 1499 enim
828 1443 1080 1499 dicimus
1110 1441 1571 1510 homini,debes,
1591 1444 1913 1513 etc.,usque
1940 1440 2011 1498 ad

361 1549 435 1588 ne
482 1548 891 1588 remaneamus
941 1531 1174 1606 ingrati.
1209 1531 1342 1600 (Id.,
1368 1548 1532 1587 serm.
1566 1529 1630 1585 de
1659 1546 1769 1589 ver.
1802 1531 2008 1602 Apost.,

362 1624 504 1677 tom.
537 1620 605 1675 V.
640 1626 789 1693 part.
817 1638 855 1689 ι,
890 1620 998 1677 col.
1032 1622 1137 1676 863
1162 1624 1217 1676 et
1248 1620 1395 1694 seq.)

439 1710 708 1779 Quoniam
722 1726 792 1765 ea:
822 1712 937 1783 ipso
967 1719 1017 1767 et
1042 1727 1142 1782 per
1161 1712 1341 1782 ipsum
1364 1716 1417 1765 et
1446 1710 1501 1764 in
1517 1709 1633 1780 ipso
1655 1715 1786 1763 sunt
1802 1708 2010 1776 omnia,

364 1800 476 1871 ipsi
503 1800 685 1868 gloria
715 1800 773 1855 in
799 1800 1002 1856 sa‘cula
1029 1798 1382 1856 saeculorum.
1414 1800 1602 1852 Amen.

436 1887 661 1961 Religet
690 1904 826 1961 ergo
848 1904 954 1943 nos
986 1886 1188 1961 religio
1201 1887 1303 1941 uni
1329 1884 2011 1959 omnipotentiDeo,etc.,

362 1991 534 2047 usque
560 1975 630 2031 ad
660 1976 720 2030 in
752 1975 964 2032 saecula
994 1974 1361 2031 saeculorum.
1405 1975 1607 2033 Amen.
1641 1973 1776 2043 (Id.,
1820 1972 1916 2029 lib.
1948 1973 2013 2029 de

360 2080 473 2119 ver.
508 2064 807 2134 Religione,
840 2068 981 2119 tom.
1018 2067 1119 2130 III,
1152 2067 1300 2135 part.
1336 2079 1376 2130 ι,
1403 2062 1512 2118 col.
1549 2062 1696 2134 172.)

434 2152 547 2208 Res
593 2153 775 2226 igitur
816 2153 1034 2225 quibus
1082 2151 1396 2208 fruendum
1440 2155 1549 2220 est,
1582 2156 1716 2217 etc.,
1747 2167 1916 2222 usque
1941 2150 2010 2206 ad

358 2246 598 2315 propter
627 2242 901 2315 spiritum
934 2244 1224 2298 sanctum.
1259 2239 1581 2312 (Id.,lib.de
1617 2245 1763 2296 Doct.
1785 2240 2006 2307 Christ.,

358 2333 504 2387 tom.
540 2335 643 2400 III,
676 2335 828 2404 part.
862 2349 899 2399 I,
933 2330 1041 2387 col.
1074 2331 1190 2403 21.)

425 2419 618 2476 Unum
650 2419 873 2477 scilicet
900 2419 1215 2476 Dominum
1246 2436 1374 2475 esse
1404 2417 1727 2485 solum,cui
1757 2416 2007 2473 servitus

355 2507 456 2564 illa
482 2509 728 2565 debetur
765 2526 895 2583 quae
944 2508 1138 2575 latria,
1171 2512 1305 2576 etc.,
1337 2523 1508 2579 usque
1546 2506 1615 2562 ad
1659 2509 1717 2561 et
1762 2505 1847 2561 illi
1899 2505 2007 2562 soli

360 2598 596 2654 servies.
629 2598 763 2669 (Id.,
794 2600 949 2670 epist.
982 2597 1054 2652 ad
1093 2598 1477 2665 Maximinum,
1511 2599 1653 2651 tom.
1688 2599 1762 2662 II,
1796 2594 1906 2651 col.
1936 2594 2009 2650 96

365 2690 424 2742 et
453 2690 604 2760 seq.)

431 2776 556 2832 Non
587 2776 742 2832 enim
771 2776 917 2832 duos
948 2779 1051 2831 aut
1088 2779 1206 2831 tres
1237 2775 1396 2842 deos,
1426 2778 1560 2842 etc.,
1593 2789 1761 2846 usque
1789 2772 1861 2829 ad
1905 2772 2006 2829 sed

360 2864 474 2938 ipsi
518 2864 721 2939 gloria.
757 2865 888 2939 (Id.,
918 2873 1075 2921 tract.
1108 2867 1169 2921 in
1211 2865 1356 2938 psal.
1389 2882 1445 2934 v,
1477 2867 1618 2919 tom.
1654 2861 1748 2932 IV,
1781 2865 1931 2935 part.
1965 2878 2005 2929 ι,

363 2952 471 3008 col.
503 2954 613 3025 84.)

433 3043 601 3098 Pater
629 3060 745 3098 non
778 3042 952 3107 habet
980 3044 1204 3114 patrem
1234 3042 1304 3101 de
1331 3057 1446 3113 quo
1479 3040 1574 3108 sit,
1607 3044 1742 3105 etc.,
1762 3037 2011 3112 usquead

362 3130 422 3185 in
471 3131 684 3187 saecula
732 3131 1100 3187 saeculorum.
1133 3132 1341 3187 Amen.
1372 3130 1507 3200 (1d,,
1540 3130 1639 3184 tib.
1673 3128 1738 3185 de
1786 3129 2006 3195 Trinit.,

359 3224 502 3276 tom.
532 3219 687 3287 VIII,
720 3219 959 3275 col.‘931
994 3223 1053 3274 et
1082 3220 1233 3290 seq.)

431 3307 576 3373 Quia
605 3325 740 3381 ergo
774 3309 923 3363 Deus
954 3308 1154 3363 omnia
1182 3324 1309 3380 qua
1333 3323 1447 3369 non
1481 3307 1552 3362 de
1570 3323 1630 3362 se
1648 3306 2010 3379 genuit,etc.,

358 3414 529 3478 usque
557 3397 627 3453 ad
657 3395 907 3453 sollicita
936 3396 1056 3452 sint
1086 3395 1369 3451 membra.
1402 3396 1534 3465 (Id.,
1568 3394 1663 3451 lib.
1697 3394 1762 3451 de
1803 3399 2014 3459 Natura

362 3489 508 3557 boni,
541 3490 684 3542 tom.
715 3484 867 3554 VIII,
899 3483 1006 3540 col.
1039 3485 1146 3540 520
1172 3488 1230 3541 et
1251 3487 1399 3558 seq.)

995 3676 1223 3733 CAPUT
1260 3675 1383 3731 XII.

438 3842 662 3898 Obsecro
693 3843 893 3913 itaque,
922 3842 1143 3912 fratres,
1175 3841 1309 3906 etc.,
1340 3854 1529 3910 usque
1560 3839 1631 3895 ad
1662 3847 1713 3896 et
1763 3839 2010 3913 benepla-

368 3947 491 3988 cens
515 3938 566 3987 et
588 3932 848 4003 perfecta.

434 4020 652 4077 Verum
684 4018 1035 4077 sacriﬁcium
1075 4021 1165 4074 est
1209 4032 1383 4073 omne
1421 4034 1568 4089 opus
1616 4018 1770 4091 quod
1820 4019 2014 4094 agitur

365 4115 498 4178 etc.,
532 4126 700 4183 usque
739 4109 809 4166 ad
857 4126 993 4181 pars
1039 4106 1098 4162 in
1131 4106 1245 4162 illis
1285 4106 1624 4180 opitulatur.
1660 4107 1789 4180 (Id.,
1822 4108 1919 4164 lib.
1952 4127 2009 4177 x,

364 4201 430 4256 de
463 4201 585 4257 Civ.
618 4201 758 4265 Dei.,
789 4202 930 4255 tom.
957 4196 1084 4264 VII,
1115 4196 1224 4252 col.
1255 4196 1362 4252 283
1391 4200 1449 4252 et
1478 4198 1625 4268 seq.)

434 4291 501 4344 Et
527 4289 695 4345 nolite
722 4288 1059 4357 conformari
1087 4286 1215 4341 huic
1244 4286 1466 4349 saeculo,
1511 4285 1601 4339 sed
1629 4286 2012 4356 reformamini

364 4381 420 4436 in
448 4379 687 4434 novitate
713 4393 903 4433 sensus
953 4377 1137 4432 vestri.
1171 4375 1299 4430 Non
1348 4373 1429 4429 ita
1472 4376 1563 4428 est
1602 4371 2008 4453 accipiendum

363 4467 531 4542 quasi
576 4471 766 4523 totum
816 4464 1079 4533 amiserit
1127 4463 1322 4531 homo,
1362 4465 1494 4529 etc.,
1527 4476 1698 4533 usque
1743 4461 1813 4516 ad
1863 4478 2008 4518 vane

2044 1841 2091 1906 B

2112 1193 2268 1247 num,
2300 1180 2443 1232 tom.
2479 1180 2549 1245 II,
2585 1177 2693 1233 col.
2725 1177 2875 1249 853.)

2185 1264 2266 1319 De
2297 1264 2547 1333 fide,hoc
2566 1268 2656 1321 est
2684 1266 2757 1323 de
2788 1264 3086 1323 voluntate
3115 1264 3573 1337 credentis,etc.,
3601 1284 3761 1340 usque

2115 1352 2186 1410 ad
2214 1353 2459 1410 Domino
2487 1354 2624 1410 Jesu
2655 1354 3046 1428 Cbristo.(Id.,
3072 1355 3247 1417 lib.de
3279 1355 3486 1418 Grat.et
3516 1357 3763 1424 lib.arb.,

2117 1446 2261 1498 tom.
2293 1441 2360 1510 X,
2392 1447 2540 1515 part.
2576 1461 2617 1515 ι,
2647 1444 2757 1499 col.
2788 1443 2939 1516 891.)

2191 1530 2586 1599 Constat,sine
2616 1531 2834 1606 Spiritu
2868 1536 3073 1589 sancto
3105 1531 3404 1592 Christum
3436 1550 3549 1595 nos
3578 1533 3768 1607 dilige-

2120 1624 2264 1687 re,et
2292 1622 2341 1692 ej
2352 1638 2419 1676 us
2448 1622 2726 1677 mandata
2746 1639 2975 1679 servare
2998 1639 3112 1679 non
3127 1627 3433 1696 posse,etc.
3447 1624 3677 1696 ,ubsque
3696 1625 3765 1685 ad

2120 1708 2275 1767 idem
2323 1714 2517 1768 autem
2568 1711 2829 1784 spiritus.
2870 1710 3000 1784 (Id.,
3033 1719 3193 1775 tract.
3228 1712 3289 1769 in
3334 1712 3547 1785 Evang.
3588 1718 3765 1783 leam,

2122 1802 2265 1855 tom.
2301 1803 2402 1867 III,
2438 1804 2589 1872 part.
2622 1817 2685 1869 ιι,
2717 1800 2825 1856 col.
2863 1801 3043 1874 1828.)

2191 1891 2384 1959 Ipsam
2420 1887 2594 1944 {idem
2626 1888 2780 1947 unde
2812 1888 3005 1945 omnis
3023 1888 3263 1961 justitia
3292 1889 3479 1951 sumit
3515 1889 3766 1957 initium,

2120 1979 2253 2043 etc.,
2291 1993 2459 2050 usque
2500 1977 2574 2032 ad
2620 1976 2761 2050 quia
2808 1976 3057 2034 occulta.
3108 1978 3246 2048 (Id.,
3293 1980 3455 2052 epist.
3511 1978 3584 2039 ad
3634 1978 3763 2043 Siet.

2113 2067 2320 2137 presb.,
2352 2070 2495 2121 tom.
2532 2070 2603 2134 II,
2637 2065 2747 2122 col.
2780 2068 2884 2121 877
2916 2070 2973 2123 et
3000 2067 3151 2140 seq.)

2192 2154 2297 2223 Qui
2322 2157 2611 2211 miseretur
2640 2157 2697 2211 in
2731 2155 3035 2222 hilaritate,
3068 2159 3205 2228 etc.,
3232 2172 3421 2228 usque
3458 2157 3539 2217 ad
3570 2155 3765 2213 sollici-

2114 2243 2305 2300 tudine
2332 2261 2444 2300 non
2471 2244 2936 2316 pigri.Quouiam
2967 2245 3027 2301 in
3053 2244 3257 2301 multis
3282 2245 3642 2303 offendimus
3660 2263 3771 2303 om-

2116 2349 2222 2389 nes
2279 2334 2541 2407 suggerit
2597 2333 2954 2390 dominicam
3002 2337 3289 2406 tanquam
3340 2333 3761 2407 quotidianam,

2115 2428 2250 2491 etc.,
2279 2440 2451 2496 usque
2481 2423 2551 2478 ad
2577 2422 2770 2498 diligit
2798 2422 2973 2479 Deus.
3010 2422 3140 2497 (Id.,
3176 2423 3274 2479 lib.
3309 2439 3348 2481 ιι
3394 2422 3473 2478 ad
3520 2424 3758 2492 Hieron,

2115 2515 2256 2567 tom.
2294 2516 2363 2582 II,
2394 2510 2502 2568 col.
2534 2513 2642 2567 740
2671 2516 2729 2569 et
2761 2511 2906 2585 seq.)

2184 2601 2398 2673 Spiritu
2446 2603 2731 2673 ferventes,
2763 2601 2983 2657 domino
3031 2601 3344 2657 servientes.
3377 2601 3478 2656 Ait
3520 2601 3763 2659 Joannes

2116 2687 2267 2745 inter
2292 2694 2499 2749 caetera
2525 2707 2652 2763 quae
2682 2689 2914 2747 locutus
2942 2694 3031 2746 est
3066 2690 3141 2747 ad
3182 2707 3302 2747 eos.
3335 2693 3474 2758 etc.,
3507 2708 3676 2769 usque
3697 2693 3762 2750 ad

2116 2778 2371 2834 Charitas
2428 2778 2772 2836 multorum.
2827 2779 2963 2853 (Id.,
3016 2796 3178 2834 serm.
3238 2779 3304 2837 de
3360 2780 3581 2855 blasph.
3613 2783 3755 2855 Spir.

2115 2875 2314 2936 sanct.,
2342 2871 2484 2923 tom.
2517 2868 2585 2937 V,
2621 2872 2768 2942 part.
2800 2886 2841 2937 ι,
2874 2866 2983 2924 col.
3017 2868 3164 2940 455.)

2189 2956 2499 3029 Eloquium
2533 2957 2755 3017 domini
2786 2955 2992 3030 ignivit
3019 2959 3510 3030 eum,etc.,usque
3539 2957 3611 3014 ad
3640 2957 3761 3021 cha-

2117 3045 2260 3101 ritas
2287 3045 2627 3102 multorum.
2651 3045 2960 3117 (Id.,tract.
2982 3046 3043 3101 in
3076 3045 3288 3117 t’sal.x,
3316 3049 3459 3101 tom.
3494 3048 3593 3117 IV,
3627 3052 3758 3121 part.

2116 3152 2177 3203 II,
2211 3134 2318 3191 col.
2356 3135 2535 3206 1403.)

2036 3207 2083 3289 C
2190 3225 2298 3296 Spe
2314 3224 2983 3298 ‘gaudentes,etc.,usque
3013 3224 3086 3279 ad
3117 3223 3359 3295 idipsum
3389 3226 3629 3285 invicem
3655 3242 3761 3282 sen-

2120 3314 2330 3369 tientes.
2366 3318 2431 3368 In
2483 3329 2698 3386 magna
2738 3312 2971 3369 videtur
3007 3329 3135 3369 esse
3166 3313 3408 3369 tristitia
3437 3330 3581 3371 curn
3612 3314 3759 3382 dicit,

2120 3401 2513 3476 Concupiscit,
2540 3406 2674 3469 etc.,
2698 3418 2869 3474 usque
2896 3401 2967 3461 ad
2999 3418 3115 3461 non
3137 3402 3421 3458 aufertur.
3447 3403 3585 3476 (Id.,
3612 3412 3759 3460 tract.

2116 3491 2257 3563 psal.
2294 3508 2521 3558 Lxxxm,
2554 3494 2697 3546 tom.
2725 3491 2823 3559 IV,
2856 3492 3005 3564 part.
3037 3504 3096 3557 ιι,
3129 3490 3239 3545 col.
3274 3491 3416 3546 1059
3439 3496 3501 3548 et
3531 3493 3679 3567 seq.)

2190 3579 2337 3644 Quid
2370 3579 2481 3655 sibi
2511 3578 2635 3634 vult
2668 3596 2681 3633 :
2716 3580 2944 3635 Labores
2968 3584 3253 3652 fructuum
3278 3586 3503 3636 tuorum
3540 3583 3759 3638 mandu-

2118 3672 2290 3735 cabis,
2323 3673 2412 3725 etc
2444 3712 2459 3737 ,
2488 3684 2657 3741 usque
2685 3667 2756 3739 ad
2784 3668 2884 3724 ubi
2929 3668 3287 3741 sempiterna
3336 3668 3612 3727 felicitas.
3643 3672 3760 3743 (Id.,

2121 3765 2279 3815 tract.
2314 3759 2377 3813 in
2402 3758 2551 3813 Psal.
2590 3773 2796 3824 cxxvu,
2829 3761 2973 3812 tom.
3008 3756 3102 3824 IV,
3135 3761 3284 3830 part.
3319 3774 3379 3826 ιι,
3412 3758 3527 3815 col.
3564 3761 3696 3817 1683
3712 3763 3761 3815 et

2120 3864 2243 3921 seq.
2275 3851 2332 3902 et
2360 3846 2604 3921 praeced.
2638 3846 2830 3917 ejusd.
2864 3844 2998 3918 col.)

2190 3938 2307 3993 Non
2363 3936 2479 4005 alta
2522 3937 2815 4007 sapientes,
2864 3936 2957 4005 sed
3002 3936 3305 3992 bumilious
3350 3939 3756 3995 consentientes.

2119 4027 2285 4083 Tunc
2316 4024 2471 4081 enim
2503 4024 2613 4080 erit
2643 4022 2949 4081 humilitas
2979 4040 3135 4095 vera,
3169 4023 3219 4080 si
3252 4040 3367 4083 non
3418 4025 3549 4083 sola
3586 4031 3759 4087 osten-

2121 4116 2275 4169 tetur
2304 4112 2363 4166 in
2389 4110 2617 4187 lingua,
2662 4114 2796 4175 etc.,
2828 4127 2999 4185 usque
3050 4111 3121 4166 ad
3174 4128 3355 4184 quam
3404 4117 3656 4181 tumere.
3685 4113 3755 4183 (S.

2116 4203 2289 4274 Aug.,
2322 4206 2458 4255 tract
2484 4200 2539 4254 in
2559 4199 2702 4270 psal.
2736 4196 2930 4268 cxvm,
2964 4203 3105 4257 tom.
3135 4198 3232 4270 IV,
3264 4204 3414 4275 part.
3448 4218 3509 4270 ιι,
3549 4202 3685 4257 1532
3708 4204 3757 4267 et

2117 4288 2265 4362 seq.)

2188 4378 2293 4444 Qui
2327 4393 2389 4434 se
2419 4374 3471 4451 exultathumiliabitur.etc.,usquead
3493 4376 3754 4436 inimicus

2116 4465 2395 4537 injustas.
2429 4464 2560 4533 (Id.,
2593 4480 2700 4520 ser.
2732 4464 2797 4519 de
2818 4481 2965 4536 pass.
2998 4465 3243 4536 Domini,
3274 4466 3511 4537 tom..V,
3549 4472 3692 4540 part.
3716 4483 3749 4534 ι,

359 4556 760 4612 conturbatur.
797 4555 927 4626 (Id.,
962 4554 1060 4608 lib.
1093 4569 1110 4606 ι
1142 4552 1459 4643 Itetractat.,
1490 4552 1632 4643 tom.
1667 4548 1829 4618 I,col.
1852 4551 2005 4619 628.)
2033 4576 2080 4643 Β
2116 4548 2224 4619 col.
2260 4554 2444 4643 1087.)

428 4645 535 4710 Qui
563 4660 697 4700 vero
727 4639 1167 4699 commemorati
1197 4641 1634 4704 convertuntur,
1665 4642 1797 4706 etc.,
1830 4655 2001 4712 usque

2178 4642 2354 4698 Nolite
2382 4657 2495 4697 esse
2520 4640 2810 4713 prudentes
2847 4639 2996 4712 apud
3037 4643 3383 4714 nosmetipos,
3415 4651 3543 4710 etc.,
3577 4659 3748 4717 usque

357 4734 429 4790 ad
453 4735 605 4791 sicut
635 4733 824 4809 potuit
852 4732 1197 4795 deformare.
1229 4727 1362 4799 (Id.,
1397 4726 1494 4782 lib.
1526 4744 1622 4782 xxv
1670 4727 1734 4784 de
1778 4729 1997 4800 Trinit.,
2106 4731 2178 4786 ad
2210 4746 2336 4785 cum
2362 4729 2615 4785 omnibus
2644 4731 2960 4785 hominibus
2978 4745 3172 4799 pacem
3198 4730 3592 4807 h'abentes.Sex
3621 4735 3749 4791 sunt

358 4826 499 4891 tom.
530 4822 681 4889 VIII,
714 4820 824 4878 col.
862 4820 1044 4888 1053.)

429 4913 713 4969 Dominus
759 4909 859 4983 qui
902 4908 1144 4963 verbum
1190 4920 1611 4961 consummans
1644 4908 1702 4961 et
1729 4904 1999 4962 brevians

359 5002 510 5068 fecit,
561 5005 698 5067 etc.,
741 5014 911 5071 usque
957 4995 1027 5051 ad
1075 4995 1356 5068 perducat
1402 4993 1614 5071 officio.
1647 4994 1780 5063 (Id.,
1812 4995 1889 5050 lib
1936 4994 2001 5052 de

355 5094 507 5162 Perf.
530 5091 669 5162 just.
703 5089 870 5157 hom.,
902 5089 1043 5140 tom.
1073 5083 1137 5151 X,
1171 5090 1319 5155 part.
1347 5100 1388 5152 ι,
1419 5081 1527 5145 col.
1557 5081 1666 5138 296
1696 5088 1752 5138 et
1781 5084 1927 5157 seq.)

427 5179 573 5246 Quid
606 5181 695 5232 est
724 5181 919 5232 autem
947 5172 1104 5229 aliud
1142 5171 1381 5243 justitia
1410 5188 1545 5226 cum
1577 5171 1637 5227 in
1689 5172 1857 5228 nobis
1887 5178 1996 5241 est,

354 5271 491 5334 etc.,
520 5281 692 5337 usque
719 5265 789 5320 ad
819 5264 887 5318 ad
922 5261 1237 5333 imaginem
1270 5258 1392 5314 Dei.
1425 5260 1560 5329 (Id.,
1591 5262 1726 5332 epist
1758 5261 1829 5316 ad
1862 5262 1998 5319 Con-

352 5356 591 5417 sentium
618 5353 683 5408 de
713 5353 999 5416 Trinitate,
1031 5353 1171 5403 tom.
1206 5351 1279 5412 II,
1312 5345 1420 5402 col.
1455 5348 1599 5421 462.)

424 5445 505 5498 Ex
533 5442 680 5497 libro
712 5438 1144 5496 confessionum
1177 5435 1579 5493 tertiodecimo
1619 5455 1751 5495 cum
1786 5440 1855 5496 de
1886 5440 1998 5495 ini-

352 5532 431 5586 tio
464 5530 724 5599 Genesis,
753 5532 890 5594 etc.,
921 5540 1092 5596 usque
1120 5525 1191 5581 ad
1230 5525 1551 5598 perfectum
1587 5532 1694 5583 est.
1729 5528 1861 5599 (Id.,
1896 5529 1993 5585 lib.

354 5620 589 5689 Confes,
621 5623 763 5675 tom.
798 5621 845 5681 Ι,
875 5613 984 5671 col.
1016 5613 1166 5687 658.)

2104 4819 2168 4874 in
2200 4817 2310 4874 isto
2339 4833 2550 4891 genere
2579 4818 2938 4887 differentias,
2972 4822 3109 4887 etc.,
3140 4835 3312 4893 usque
3357 4819 3429 4876 ad
3457 4820 3744 4885 hominem

2109 4908 2219 4964 sibi
2269 4910 2552 4979 expetere.
2588 4907 2719 4979 (Id.,
2751 4914 2908 4967 tract.
2944 4910 3006 4966 in
3049 4909 3193 4981 psal.
3251 4924 3410 4977 cvm,
3464 4914 3609 4970 tom.
3660 4907 3744 4976 IV,

2110 5001 2262 5075 part.
2297 5013 2358 5063 ιι,
2387 4994 2498 5052 col.
2534 4996 2673 5051 1432
2702 4999 2760 5052 et
2789 4996 2937 5070 seq.)

2181 5086 2301 5141 Non
2330 5085 2683 5155 nosmetipsOs
2708 5084 3118 5156 defendentes...
3146 5102 3244 5157 ego
3284 5088 3606 5158 retribuam,
3626 5086 3745 5145 dicit

2107 5176 2388 5237 Dominus.
2410 5172 2573 5239 Quod
2603 5173 2889 5247 scriptum
2921 5178 3011 5235 est
3043 5174 3104 5230 in
3132 5172 3501 5253 Apocalypsi,
3524 5174 3632 5231 sub
3655 5188 3746 5229 ara

2108 5262 2207 5319 Dei
2235 5264 2682 5332 martyres,etc.,
2701 5277 2869 5333 usque
2898 5262 2969 5317 ad
2998 5260 3298 5335 voluntate
3319 5262 3592 5321 crudelis.
3625 5262 3739 5335 (Id.,

2108 5359 2267 5408 tract.
2303 5351 2362 5404 in
2385 5349 2531 5421 psal.
2566 5365 2790 5421 Lxxvm,
2825 5355 2966 5406 tom.
3002 5350 3097 5418 IV,
3133 5354 3282 5423 part.
3319 5368 3359 5420 I,
3389 5350 3498 5407 col.
3537 5350 3669 5406 1017
3693 5351 3742 5407 et

2108 5438 2257 5511 seq.)

2177 5526 2278 5583 Sed
2306 5528 2357 5581 si
2383 5528 2641 5583 esurierit
2669 5529 2997 5585 inimicus...
3028 5544 3193 5602 super
3219 5536 3387 5605 caput
3416 5527 3738 5602 ejus.Serva-

2107 5615 2269 5672 bitur
2299 5629 2438 5686 ergo
2472 5615 2532 5669 in
2579 5614 2978 5673 locutionibus
3009 5616 3298 5689 figuratis,
3329 5621 3461 5687 etc.,
3494 5632 3654 5689 usque
3676 5611 3738 5670 ad
