3896 6198
146 399 255 463 313

152 625 286 695 part.
316 635 355 686 1,
386 617 494 676 col.
526 618 596 674 74
625 621 684 675 et
713 620 862 689 seq.)

211 710 333 767 Noli
350 708 497 765 vinci
508 724 549 763 ,α
568 706 1002 773 malo,seduince
1014 707 1072 762 in
1083 706 1220 763 bono
1239 702 1773 760 malum.Contende

152 815 270 855 cum
297 796 465 866 malo,
490 795 942 868 sed,etc..usque
970 796 1041 851 ad
1071 795 1186 850 duo
1220 793 1379 849 mali.
1404 792 1697 865 (Id.,tract.
1715 792 1771 845 in

148 888 274 961 psal.
302 902 486 953 xxxvr,
519 890 661 940 tom.
696 884 791 956 1V,
824 888 972 958 part.
1006 902 1048 952 1,
1081 882 1191 939 col.
1224 882 1373 953 364.)

213 974 266 1031 Si
294 979 354 1030 tu
376 974 503 1046 jam
535 990 651 1030 non
682 990 745 1029 es
776 972 1320 1044 malus,etc.,usque
1348 969 1419 1026 ad
1449 986 1602 1025 unus
1622 969 1778 1025 esset

151 1067 341 1121 bonus.
375 1062 505 1132 (Id.,
536 1078 701 1118 serm.
751 1061 816 1118 de
860 1062 1058 1118 natali.
1100 1061 1157 1118 S.
1190 1060 1498 1125 Laurentii,
1528 1061 1672 1114 tom.
1704 1056 1774 1125 V,

146 1156 283 1227 part.
315 1168 354 1219 1,
387 1149 496 1206 col.
531 1150 714 1220 1389.)

747 1238 981 1296 CAPUT
1018 1238 1165 1295 ΧΙΙΙ.

217 1329 394 1391 omnis
411 1345 481 1384 an
492 1329 603 1384 ima
618 1330 975 1401 potestatibus
1002 1326 1416 1384 sublimioribus
1439 1326 1655 1382 subdita
1683 1326 1775 1380 sit.

151 1421 192 1476 Α
214 1423 371 1499 parte
402 1418 1055 1490 superiore,etc.,usque
1083 1416 1172 1486 ad,
1202 1414 1394 1472 omnis
1423 1414 1619 1472 homo.
1646 1414 1778 1487 (Id.,

153 1516 294 1566 tract.
328 1508 430 1562 105
461 1508 521 1564 in
550 1522 742 1579 evang.
772 1522 875 1561 sec.
924 1506 1082 1563 Joan.
1132 1504 1243 1575 col.
1293 1504 1467 1573 19011;
1502 1508 1644 1559 tom.
1677 1506 1779 1569 ΙΙΙ,

153 1600 289 1670 part.
310 1612 380 1669 11,
408 1611 572 1652 serm.
600 1613 657 1651 v1
687 1594 752 1651 de
780 1595 957 1655 verbis
991 1597 1168 1653 Euan.
1199 1610 1293 1653 seu
1322 1592 1588 1666 Domini.)

216 1685 447 1741 Prodest
503 1700 640 1757 ergo
690 1687 747 1739 et
787 1683 1065 1740 severitas
1102 1687 1313 1749 vestra,
1348 1686 1480 1749 etc.,
1514 1696 1683 1755 usque
1711 1680 1783 1737 ad

155 1772 467 1833 dilectionis
510 1770 807 1846 impletur.
856 1772 987 1840 (Id.,
1022 1773 1118 1828 lib.
1165 1773 1358 1845 Epist.,
1390 1774 1533 1827 tom.
1571 1775 1640 1839 II,
1671 1769 1782 1826 col.

150 1864 242 1918 661
274 1866 330 1917 et
353 1860 500 1934 seq.)

215 1952 323 2007 Non
351 1958 427 2007 est
452 1952 603 2006 enim
627 1957 862 2024 potestas
889 1951 1003 2006 nisi
1027 1966 1063 2005 a
1089 1952 1215 2005 Deo.
1249 1949 1385 2018 Quae
1420 1957 1603 2007 autem
1630 1956 1778 2018 sunt,

157 2058 185 2096 a
215 2044 312 2096 Deo
341 2039 594 2096 ordinata
623 2037 1048 2096 sunt.Nocendi
1080 2042 1275 2096 autem
1307 2036 1575 2095 voluntas
1596 2040 1788 2110 potest

158 2146 271 2186 esse
299 2146 331 2184 a
357 2145 465 2185 suo
497 2144 732 2202 quoque
763 2127 960 2183 animo
992 2144 1191 2200 prava,
1222 2131 1357 2195 etc.,
1390 2144 1557 2200 usque
1580 2127 1650 2183 ad
1673 2126 1786 2185 ini-

160 2218 335 2291 quitas
366 2216 522 2291 apud
553 2217 761 2273 Deum.
793 2217 925 2289 (Id.,
959 2217 1055 2272 lib.
1088 2216 1153 2273 de
1181 2218 1479 2288 Patientia,
1511 2220 1656 2281 tom.
1689 2215 1785 2285 VI,

161 2322 310 2380 page.
340 2306 490 2379 622.)

226 2393 438 2451 Malitia
461 2394 774 2451 hominum
798 2394 1182 2467 cupiditatem
1214 2395 1456 2451 nocendi
1480 2398 1673 2469 potest
1691 2395 1792 2450 ha-

162 2485 302 2551 bere,
323 2489 452 2552 etc.,
479 2500 653 2559 usque
675 2483 746 2541 ad
783 2501 898 2543 non
928 2483 1159 2541 diabolo
1199 2483 1419 2559 placuit
1470 2485 1600 2558 (Id.,
1633 2493 1788 2541 tract.

164 2574 215 2628 in
237 2573 370 2646 psal.
400 2591 583 2641 χχχιι,
618 2577 759 2631 tom.
793 2572 887 2641 ιν,
922 2576 1070 2646 part.
1106 2590 1140 2637 1,
1174 2572 1284 2628 col.
1316 2573 1415 2628 291
1449 2577 1507 2629 et
1534 2574 1682 2647 seq.)

223 2661 322 2726 Qui
341 2661 523 2717 etiam
547 2662 883 2719 nocentium
914 2666 1172 2734 potestas
1194 2679 1307 2717 non
1329 2666 1439 2728 est,
1463 2666 1597 2731 etc.,
1629 2679 1795 2735 usque

162 2749 223 2805 ad
249 2750 465 2824 angelis
495 2752 629 2823 ejus
656 2751 786 2825 (Id.,
824 2750 921 2806 lib.
953 2750 1019 2807 de
1045 2755 1245 2809 Natur.
1281 2753 1426 2823 boni,
1463 2756 1603 2809 tom.
1638 2752 1791 2821 VIII,

163 2839 256 2895 col.
288 2841 440 2909 561.)

225 2929 304 2985 Vis
331 2938 519 2985 autem
545 2946 659 2986 non
682 2932 896 2986 timere.
932 2972 943 2984 .
974 2931 1228 2989 minister
1255 2939 1334 2988 est
1362 2932 1466 2986 tibi
1494 2933 1554 2987 in
1575 2931 1793 2989 bonum.

162 3018 294 3085 Quid
323 3019 498 3093 ergo?
533 3018 634 3093 (ait
655 3018 888 3093 aliquis)
920 3024 1164 3079 sanctus
1194 3019 1546 3077 Laurentius
1573 3019 1794 3079 malum

162 3108 357 3164 fecerat
396 3112 462 3164 ut
514 3126 551 3163 a
582 3113 879 3181 potestate
936 3108 1297 3169 occideretur
1315 3110 1344 3165 ‘I
1372 3113 1506 3180 etc.,
1533 3126 1703 3182 usque
1727 3109 1797 3166 ad

960 392 1376 457 EXPOSlTlO
1424 393 1503 454 ΙΝ
1548 392 1719 453 ΕΡΡ.
1764 390 2022 454 PAULI.
2055 425 2133 436 —-
2169 386 2291 452 ΕΡ.
2340 391 2443 452 AD
2487 388 2678 453 ROM.

149 529 382 590 miseriae
400 527 765 589 subvenitur.
783 524 1092 597 (Id.,lib.111
1113 525 1180 583 de
1199 523 1769 592 Doctr.Christ.,t.III,
1801 523 1853 590 Α

1950 527 2092 578 Nam
2117 538 2230 579 non
2258 522 2663 579 adulterabis...
2694 520 2893 593 diliges
2911 510 3237 596 proximum
3263 531 3526 599 tanquam

1880 614 2134 685 teipsum.
2167 612 2283 667 Cur
2311 628 2447 685 ergo
2478 628 2592 667 non
2624 611 2878 668 dicimus
2927 613 3026 685 qui
3068 613 3220 671 hanc
3248 616 3523 672 virtutem

1879 701 2076 768 habet,
2101 705 2234 769 etc.,
2258 718 2429 773 usque
2468 701 2538 756 ad
2567 700 2713 756 nihil
2746 719 2815 758 ex
2843 701 2980 759 vitio
3012 704 3355 760 remanebit.
3391 706 3522 773 (Id.,

1882 790 1951 846 ad
1983 792 2200 847 Hieron.
2233 793 2392 864 epist.
2427 806 2488 859 11,
2519 794 2663 846 tom.
2697 794 2771 857 ΙΙ,
2799 790 2907 846 col.
2932 790 3084 852 738.)

1953 878 2142 935 Nolite
2192 880 2391 952 itaque
2438 883 2664 951 putare,
2697 880 2906 936 fratres
2956 880 3091 948 mei,
3124 881 3182 936 in
3228 881 3357 951 hoc,
3390 888 3523 953 etc.,

1882 984 2054 1041 usque
2082 969 2153 1024 ad
2178 969 2326 1024 tanti
2359 968 2567 1041 capitis
2589 968 2796 1024 simus.
2822 969 2952 1042 (Id.,
2969 977 3122 1026 tract.
3142 972 3296 1027 62in
3318 973 3523 1044 Evang.

1883 1073 1989 1113 sec.
2018 1058 2198 1126 Joan.,
2231 1063 2372 1113 tom.
2407 1062 2506 1125 III,
2537 1061 2690 1131 part.
2720 1075 2782 1126 ιι,
2817 1056 2927 1114 col.
2960 1059 3143 1121 1809.)

1956 1147 2122 1202 Tunc
2165 1147 2382 1219 quippe
2426 1151 2517 1203 est
2563 1146 2822 1219 optimus
2869 1146 3067 1214 homo,
3096 1153 3230 1218 etc.,
3263 1167 3433 1224 usque
3459 1153 3530 1210 ad

1886 1234 2241 1291 derivatione
2271 1234 2589 1291 minuatur.
2620 1235 2752 1303 (Id.,
2786 1236 2882 1291 tib.
2920 1252 2935 1291 1
2973 1236 3040 1293 de
3082 1240 3259 1295 Doctr.
3303 1241 3526 1313 came,

1887 1327 2030 1380 tom.
2064 1328 2163 1392 ΙΙΙ,
2198 1327 2347 1397 part.
2381 1341 2422 1390 1,
2457 1323 2564 1378 col.
2596 1324 2669 1379 26
2697 1327 2757 1380 et
2785 1324 2934 1397 seq.)

1959 1412 2281 1486 Decalogus
2310 1411 2458 1485 legis
2478 1413 2679 1470 decem
2701 1418 2987 1487 praecepta
3007 1414 3200 1485 habet,
3225 1422 3534 1494 etc.,usque

1886 1502 1958 1558 ad
1987 1501 2264 1559 societate
2290 1501 2562 1558 versaris.
2594 1503 2728 1571 (Id.,
2761 1519 2922 1559 serm.
2953 1504 3021 1560 de
3067 1504 3247 1563 decem
3294 1508 3530 1581 chordis,

1882 1594 2031 1650 tom.
2058 1590 2130 1658 ‘V,
2162 1595 2311 1663 part.
2344 1608 2383 1657 1,
2416 1588 2525 1647 col.
2559 1592 2629 1646 8-1
2655 1595 2715 1647 et
2743 1592 2894 1664 seq.)

1962 1680 2316 1737 Charitatem
2348 1680 2572 1736 habens
2602 1697 2728 1753 qua:
2758 1685 2848 1737 est
2875 1682 2947 1738 de
2986 1684 3168 1739 corde
3198 1701 3365 1757 pure,
3398 1690 3532 1758 etc.,

1890 1785 2058 1843 usque
2079 1769 2149 1825 ad
2177 1769 2372 1826 odisse
2402 1770 2555 1842 quod
2584 1769 2792 1844 diligit.
2818 1768 3222 1838 (Id.,lib.Sent.
3256 1778 3533 1849 P-rosperi,

1892 1862 2036 1915 tom.
2067 1858 2133 1925 Χ,
2168 1862 2319 1930 part.
2353 1876 2414 1927 11,
2442 1858 2549 1914 col.
2580 1859 2766 1922 1891.)

1962 1949 2189 2004 Dilectio
2213 1948 2459 2020 proximi
2498 1949 2708 2004 malum
2751 1964 2863 2004 non
2892 1957 3166 2021 operatur.
3200 1951 3539 2012 Proximum

1884 2053 2128 2094 omnem
2178 2037 2475 2094 hominem
2525 2040 2751 2110 oportet
2792 2036 3059 2112 intelligi,
3110 2044 3245 2111 etc.,
3277 2059 3444 2116 usque
3471 2045 3541 2102 ad

1892 2126 2020 2183 odit
2048 2127 2308 2183 animum
2338 2143 2530 2182 suam.
2566 2126 2875 2195 (Id.,tract.
2910 2129 2971 2183 in
2995 2129 3140 2201 psal.
3175 2148 3234 2200 11,
3260 2134 3408 2190 tom.
3442 2133 3541 2204 IV,

1896 2220 2045 2289 part.
2080 2233 2119 2283 1,
2152 2213 2260 2272 col.
2296 2217 2444 2289 138.)

1967 2306 2179 2362 Tenete
2205 2321 2342 2378 ergo
2374 2304 2766 2373 dilectionem,
2798 2308 2931 2375 etc.,
2965 2324 3136 2381 usque
3162 2309 3233 2365 ad
3271 2314 3336 2366 nt
3364 2311 3542 2368 corri-

1900 2399 2017 2468 gat.
2047 2395 2177 2463 (Id.,
2207 2410 2371 2450 serm.
2402 2395 2559 2467 epist.
2590 2396 2747 2453 Joan.
2779 2395 2849 2451 ad
2879 2397 3542 2477 Parthos,tom.IIl,part.

1902 2502 1962 2550 11,
1993 2483 2104 2541 col.
2136 2484 2320 2550 2059.)

1971 2574 2264 2631 Plenitudo
2291 2590 2416 2645 ergo
2443 2574 2586 2647 leg-is
2641 2581 2721 2631 est
2773 2575 3009 2632 dilectio.
3064 2575 3368 2636 Plenitudo
3397 2579 3546 2659 legis

1902 2663 2159 2720 charitas
2190 2667 2300 2731 est,
2335 2667 2467 2731 etc.,
2500 2679 2670 2735 usque
2697 2663 2767 2719 ad
2797 2680 2901 2719 nec
2949 2666 3281 2737 proximum
3333 2668 3543 2744 diligit.

1902 2752 2038 2821 (Id.,
2064 2767 2152 2823 ep.
2185 2768 2248 2806 11.
2279 2751 2349 2805 ad
2379 2752 2631 2817 "ieram,
2659 2756 2801 2807 tom.
2836 2756 2909 2821 II,
2942 2752 3053 2808 col.
3080 2755 3190 2809 739
3219 2759 3276 2812 et
3306 2760 3454 2831 seq.)

1976 2840 2318 2896 Mandatum
2355 2856 2568 2895 novum
2600 2840 2672 2895 de
2702 2839 2884 2912 vobis,
2907 2843 3041 2913 etc.,
3056 2859 3224 2915 usque
3253 2845 3324 2900 ad
3351 2847 3550 2903 omnia

1903 2929 1967 2985 in
1999 2929 2298 2984 omnibus.
2333 2929 2461 2997 (Id.,
2484 2936 2641 2985 tract.
2665 2930 2734 2984 84
2755 2931 2815 2985 in
2836 2932 3043 3002 Evang,
3065 2948 3170 2988 sec.
3200 2935 3384 3002 Joan.,
3401 2939 3540 2992 tom.

1906 3018 2009 3085 ΙΙΙ,
2039 3023 2189 3091 part.
2214 3034 2284 3084 -ιι,
2314 3017 2425 3073 col.
2458 3018 2601 3075 4845
2630 3022 2687 3073 et
2716 3021 2863 3091 seq.)

1977 3107 2085 3171 Qui
2134 3107 2303 3163 sedes
2353 3124 2531 3180 super
2574 3107 2889 3176 Cherubin,
2923 3112 3055 3177 etc.,
3088 3126 3260 3184 usque
3294 3111 3365 3168 ad
3394 3112 3548 3170 Deus

164 3196 512 3253 occasionem
573 3198 885 3270 prabente.
918 3197 1052 3267 (Id.,
1083 3214 1247 3259 serm.
1281 3197 1345 3253 de
1388 3197 1577 3254 natali
1619 3200 1799 3256 sancti
1840 3271 1871 3276 _
1907 3196 2165 3257 charitas
2184 3201 2292 3253 est.
2315 3197 2446 3265 (Id.,
2472 3205 2629 3253 tract.
2653 3198 2714 3252 in
2725 3198 2866 3269 psal.
2890 3215 3073 3268 1.xx1x,
3104 3203 3247 3256 tom.
3281 3201 3376 3270 ιν,
3395 3206 3546 3276 part.

161 3287 450 3353 Laurentii,
482 3290 631 3351 tom.
663 3286 731 3355 V,
764 3290 915 3359 part.
948 3302 1013 3354 11,
1044 3285 1154 3342 col.
1187 3287 1372 3357 2129.)

224 3374 282 3430 Si
321 3383 504 3431 autem
556 3375 768 3430 malum
808 3377 1072 3448 feceris...
1103 3375 1307 3431 vindex
1345 3378 1402 3433 in
1445 3377 1590 3432 iram
1618 3378 1673 3433 ei
1699 3378 1797 3450 qui

161 3463 290 3519 male
308 3464 440 3535 agit.
465 3463 555 3519 Ex
579 3462 826 3545 epistola
855 3464 928 3520 ad
957 3463 1328 3539 Apringium,
1350 3463 1451 3520 ubi
1468 3482 1575 3540 pro
1606 3465 1797 3521 Dona-

160 3549 321 3621 tistis,
368 3555 504 3621 etc.,
558 3569 728 3625 usque
773 3554 843 3609 ad
889 3552 1386 3617 intercedentibus
1440 3554 1630 3611 nobis.
1664 3554 1798 3629 (Id.,

163 3642 289 3709 tom.
318 3645 390 3708 ΙΙ,
423 3639 537 3696 col.
570 3640 666 3697 511
702 3645 759 3697 et
785 3642 934 3717 seq.)

223 3728 335 3785 Ideo
362 3731 683 3786 necessitate
729 3731 940 3787 subditi
984 3738 1216 3787 estote...
1249 3733 1342 3791 cui
1388 3733 1664 3806 honorem,
1696 3735 1798 3805 lio-

1818 3271 1873 3338 'C
1906 3303 1943 3353 1,
1978 3285 2088 3341 col.
2125 3286 2254 3342 1021
2292 3290 2350 3341 et
2377 3287 2527 3359 seq.)

1978 3375 2043 3430 Et
2069 3376 2168 3431 hoc
2194 3377 2420 3431 scientes
2448 3382 2678 3448 tempus,
2710 3379 2819 3431 etc.
2852 3392 3040 3449 usque
3091 3378 3162 3433 ad
3210 3379 3325 3437 dies
3369 3389 3551 3455 autem

1902 3464 2382 3537 appropinquavit.
2415 3464 2486 3519 Et
2533 3480 2705 3519 mane
2752 3464 2935 3521 oratio
2974 3481 3107 3522 mea
3135 3467 3443 3539 praeveniet
3468 3473 3548 3538 te,

1900 3556 2039 3619 etc.,
2069 3570 2240 3626 usque
2267 3553 2338 3609 ad
2388 3552 2636 3609 ﬁdeliter
2675 3557 3103 3626 exspectamus.
3140 3555 3269 3623 (Id.,
3300 3565 3458 3614 tract.
3489 3560 3552 3615 in

1901 3643 2045 3714 psal.
2083 3660 2323 3710 LXXXVII,
2358 3647 2500 3698 tom.
2534 3645 2630 3709 IV,
2663 3646 2814 3714 part.
2844 3657 2907 3705 11,
2940 3642 3049 3699 cel.
3086 3645 3222 3700 1118
3244 3647 3303 3701 et
3332 3649 3481 3725 seq.)

1975 3732 2314 3805 Abjiciamus
2342 3747 2467 3804 ergo
2496 3747 2658 3803 opera
2693 3732 3058 3799 tenebrarum,
3089 3736 3221 3801 etc.,
3258 3751 3448 3808 usque
3479 3737 3551 3793 ad

162 3833 352 3873 norem.
389 3822 453 3885 In
482 3818 601 3885 ﬁde
647 3818 861 3889 Christi
904 3837 1027 3877 non
1077 3823 1165 3878 est
1212 3820 1493 3883 distantia
1522 3821 1709 3878 Judaei
1741 3826 1799 3879 et
1909 3821 2127 3879 honeste
2156 3822 2514 3877 ambulemus.
2535 3819 2672 3875 Vita
2700 3820 2961 3876 fidelium
2994 3822 3198 3893 quain
3215 3822 3326 3880 hac
3356 3841 3549 3894 carne,

165 3904 351 3973 Graeci,
382 3911 518 3976 etc.,
554 3923 725 3985 usque
752 3908 826 3964 ad
862 3908 1221 3983 agnitionem
1270 3908 1531 3966 veritatis
1579 3911 1793 3968 venire.

160 3995 279 4063 (Id.,
310 3996 372 4050 in
422 4012 612 4069 expos.
668 3998 823 4073 epist.
884 3998 955 4053 ad
1015 3997 1155 4066 Gal,,
1217 4002 1359 4055 tom.
1416 4003 1515 4066 ΙΙΙ,
1550 4003 1704 4073 part.
1733 4017 1793 4070 ιι,

163 4081 257 4137 col.
280 4084 467 4156 2125.)

221 4169 431 4228 Nemini
461 4172 764 4249 quidquam
788 4173 1022 4229 debeatis
1044 4173 1240 4235 nisiut
1265 4175 1501 4241 invicem
1527 4174 1793 4247 diligatis.

160 4257 498 4317 Charitatem
546 4265 711 4327 tanto
768 4261 960 4336 magis
1015 4262 1319 4335 debemus,
1361 4266 1496 4331 etc.,
1526 4280 1697 4339 usque
1726 4265 1797 4321 ad

160 4340 375 4422 semper
403 4351 674 4406 debetur.
708 4350 839 4425 (Id.,
871 4351 1026 4429 epist.
1045 4349 1116 4407 ad
1144 4351 1404 4407 Severum
1431 4353 1619 4425 episc.,
1649 4357 1792 4410 tom.

160 4439 224 4505 II,
254 4437 355 4494 col.
390 4440 553 4507 420.)

218 4524 521 4583 Sanctitati
544 4532 658 4584 tua:
691 4526 1103 4585 salutationem
1134 4527 1391 4591 debitam
1424 4529 1624 4598 reddo,
1657 4534 1789 4597 etc.,

1905 3914 2040 3976 etc.,
2062 3926 2231 3983 usque
2249 3910 2329 3965 ad
2348 3908 2406 3964 in
2435 3908 2711 3965 cordibus
2732 3908 2968 3964 nostris.
2994 3910 3125 3979 (Id.,
3152 3911 3248 3966 lib.
3276 3929 3331 3967 ιν
3359 3913 3424 3969 de
3452 3914 3553 3970 Ge-

1904 4014 2019 4054 nes.
2050 3997 2121 4053 ad
2152 3999 2409 4065 litteram,
2456 4001 2601 4052 tom.
2648 4000 2751 4063 ΙΙΙ,
2784 4001 2933 4068 part.
2968 4014 3007 4062 1,
3041 3997 3150 4053 col.
3181 3998 3290 4053 269
3318 4004 3373 4054 et
3400 4006 3553 4074 seq.)

1970 4085 2105 4140 Vita
2125 4084 2386 4140 ﬁdeli-um
2406 4083 2467 4138 in
2492 4083 2928 4155 comparatione
2946 4082 3074 4139 vitae
3086 4084 3410 4141 inﬁdelium
3425 4088 3550 4145 dies

1904 4178 2014 4242 est,
2038 4177 2171 4239 etc.,
2213 4188 2381 4245 usque
2402 4172 2478 4229 ad
2507 4171 2565 4226 in
2598 4172 3021 4228 resurrectione
3050 4173 3408 4245 promissum
3438 4180 3547 4232 est.

1906 4263 2037 4337 (Id.,
2060 4269 2213 4318 tract.
2239 4263 2299 4317 in
2323 4261 2467 4333 psal.
2492 4277 2675 4328 1.xxv1,
2707 4265 2847 4317 tom.
2884 4260 2977 4329 IV,
3010 4265 3155 4334 part.
3193 4279 3233 4331 1,
3267 4260 3371 4318 col.
3397 4263 3551 4334 9'73.)

1972 4355 2093 4408 Non
2123 4352 2185 4406 in
2214 4350 2763 4417 conunessationibus,
2782 4352 2922 4419 etc.,
2950 4351 3231 4422 usquead
3260 4352 3553 4409 Dominum

1900 4441 2083 4497 Iesum
2101 4439 2393 4496 Christum.
2407 4439 2556 4495 Cum
2577 4437 2888 4510 Apostolus
2908 4439 3022 4495 tria
3038 4439 3294 4496 breviter
3313 4457 3547 4519 genere,

1904 4534 2038 4598 etc.,
2060 4544 2230 4601 usque
2247 4527 2474 4584 adossa
2501 4527 2912 4601 confringeret.
2947 4528 3078 4600 (Id.,
3102 4532 3252 4601 epist.
3288 4530 3359 4586 ad
3385 4531 3553 4587 Aure-

158 4617 399 4705 usquead
418 4616 673 4679 invicem
697 4617 974 4691 diligatis.
996 4618 1132 4691 (Id.,
1155 4620 1312 4695 epist.
1336 4618 1406 4673 ad
1445 4617 1794 4685 Calatinum
1820 4640 1868 4705 θ
1895 4620 2043 4674 lium
2066 4619 2325 4689 episcop.,
2355 4621 2500 4673 tom.
2537 4620 2607 4686 ΙΙ,
2641 4621 2773 4689 part
2802 4635 2861 4685 11,
2893 4617 3002 4673 col.
3039 4618 3105 4673 91
3138 4622 3196 4674 et
3227 4628 3379 4692 seq.)

156 4700 452 4777 diaconum,
483 4710 627 4771 tom.
655 4710 731 4773 ΙΙ,
763 4707 871 4773 col.
904 4708 1010 4763 868
1036 4710 1094 4763 et
1124 4710 1272 4783 seq.)

217 4796 325 4862 Qui
349 4796 504 4850 enim
539 4794 727 4865 diligit
742 4798 1088 4868 proximum,
1124 4797 1293 4877 legem
1323 4797 1587 4869 implevit.
1625 4796 1795 4867 Fides

157 4880 321 4954 enim,
344 4882 503 4940 sicut
520 4882 836 4956 Apostolus
858 4884 962 4951 ait,
983 4900 1088 4957 per
1104 4880 1474 4941 dilectionem
1498 4890 1790 4958 operatur,

157 4972 278 5037 etc.,
309 4988 485 5045 usque
515 4972 586 5028 ad
614 4971 865 5029 invicem
894 4972 1174 5047 diligatis.
1208 4973 1795 5043 (Id.,lib.contr.Faw

154 5064 306 5129 stum,
336 5063 487 5127 tam.
521 5059 673 5133 V111,
708 5061 1005 5135 001.866.)

214 5145 343 5211 Haec
369 5154 464 5217 est
490 5153 692 5211 autem
717 5166 858 5208 uera
892 5150 1149 5219 dilectio,
1168 5155 1238 5208 .ut
1264 5150 1616 5211 inhaerentes
1646 5152 1792 5211 veri-

159 5235 272 5305 tati,
302 5243 439 5313 etc.,
472 5256 645 5314 usque
671 5239 747 5305 ad
774 5244 841 5309 ut
867 5240 1157 5313 praecipue
1186 5239 1371 5298 Deum
1394 5239 1624 5314 diligat.
1654 5242 1791 5311 (Id.,

154 5321 245 5379 lib.
274 5342 370 5393 2111
399 5328 470 5384 de
498 5330 724 5399 Triuia,
752 5331 899 5399 tom.
932 5328 1083 5397 VIII,
1116 5327 1225 5395 col.
1258 5329 1366 5385 956
1393 5332 1451 5384 et
1475 5333 1630 5401 seq.)

220 5411 400 5476 Quaeri
431 5420 628 5489 potest
656 5432 764 5472 cur
789 5416 1106 5489 Apostolus
1132 5416 1322 5483 solam
1371 5434 1793 5481 commemora-

157 5501 289 5559 verit
332 5504 589 5579 proximi
640 5504 1034 5574 dilectionem,
1066 5510 1199 5575 etc.,
1229 5522 1401 5579 usque
1428 5506 1499 5563 ad
1527 5506 1794 5563 monibus

159 5586 311 5649 facile
339 5597 453 5655 est.
504 5594 640 5667 (Id.,
688 5596 748 5650 in
789 5611 972 5670 ea‘pos.
1024 5597 1179 5668 epist.
1228 5595 1299 5655 ad
1337 5595 1479 5664 ϐαι,
1512 5598 1654 5652 tom.
1687 5598 1790 5663 III,

164 5682 294 5745 part.
325 5698 388 5748 11,
421 5682 535 5739 col.
568 5683 710 5753 2137
742 5686 801 5742 at
824 5683 977 5756 seq.)

1968 4709 2037 4763 Et
2060 4708 2245 4763 carnis
2271 4722 2463 4762 curam
2487 4722 2559 4762 ne
2584 4709 2827 4779 feceritis
2855 4708 3549 4767 indesidcriisﬁrastinus

1902 4796 2061 4853 enim
2115 4794 2262 4864 dies,
2324 4794 2535 4868 inquit,
2585 4793 2872 4853 sollicitus
2916 4796 3028 4853 erit
3075 4796 3186 4853 sibi
3236 4796 3369 4873 ipsi,
3412 4802 3547 4865 etc.,

1901 4902 2073 4960 usque
2100 4884 2170 4941 ad
2198 4888 2341 4940 sunt
2370 4883 2717 4943 necessaria.
2760 4887 2838 4949 (8.
2883 4886 3054 4957 Aug.,
3112 4885 3207 4940 lib.
3261 4886 3327 4941 de
3371 4886 3544 4944 Serm.

1900 4976 2122 5033 Domini
2167 4977 2228 5031 in
2270 4981 2477 5042 monte,
2534 4978 2678 5030 tom.
2739 4976 2841 5040 ΙΙΙ,
2888 4978 3041 5047 part.
3094 4991 3133 5043 1,
3188 4972 3296 5030 col.
3344 4975 3454 5032 293
3482 4979 3550 5033 et

1904 5072 2052 5138 seq.)

1973 5154 2182 5209 Fames
2201 5155 2250 5208 et
2278 5151 2408 5207 sitis
2436 5149 2674 5223 quidem
2701 5148 2932 5204 dolores
2955 5153 3112 5218 sunt,
3135 5152 3269 5218 etc.,
3291 5153 3548 5225 usquead

1902 5242 2016 5298 nisi
2040 5247 2104 5297 tu
2137 5241 2261 5297 des.
2295 5240 2377 5306 (S.
2408 5240 2555 5311 Aug.
2588 5238 2684 5293 lib.
2715 5254 2751 5292 x
2783 5236 3041 5309 Confess.,
3082 5242 3229 5294 tom.
3264 5240 3307 5309 Ι,
3340 5240 3448 5297 col.
3476 5240 3551 5299 97

1900 5333 1960 5387 et
1989 5335 2138 5401 seq.)

1971 5419 2088 5474 Nec
2117 5433 2225 5472 nos
2256 5419 2477 5472 terrent
2505 5413 2774 5486 quedam
2813 5431 2974 5471 more
3024 5417 3400 5490 sapientium,
3433 5423 3543 5477 etc.

1899 5521 2073 5578 usque
2098 5504 2169 5561 ad
2198 5504 2249 5561 si
2276 5504 2406 5576 ipsa
2436 5519 2549 5558 non
2578 5503 2814 5557 desunt.
2852 5504 2931 5567 (Β.
2966 5507 3137 5583 Aug.,
3166 5507 3262 5562 lib.
3296 5507 3361 5563 de
3392 5508 3547 5566 beata

1903 5594 2043 5662 Vita,
2076 5597 2219 5650 tom.
2255 5596 2299 5659 Ι,
2328 5590 2444 5647 col.
2472 5589 2621 5653 971).

1974 5682 2180 5740 Carnis
2225 5679 2439 5753 inquit,
2471 5678 2920 5753 providentiam,
2947 5686 3082 5751 etc.,
3110 5699 3284 5758 usque
3308 5685 3380 5741 ad
3409 5674 3549 5748 suas
