3896 6198
394 296 517 363 815

1593 302 1826 366 FLORI
1867 300 2185 367 DIACONI
2227 302 2614 369 MONACHI.

3654 302 3774 367 316

398 435 790 494 inﬁrmitates.
824 435 905 511 (S.
936 436 1108 510 Aug.,
1152 437 1309 509 epist.
1360 453 1523 505 cxxx,
1577 436 1646 493 ad
1692 439 1947 506 Probum,
1980 437 2044 493 de
2071 441 2126 504 Α
2230 438 2396 495 Omne
2426 447 2607 496 autem
2634 440 2776 513 quod
2802 456 2913 498 non
2941 448 3021 498 est
3046 456 3118 499 ex
3143 437 3248 513 ﬁde
3272 438 3773 514 peccatum.0mnis

399 534 564 593 orat.,
597 530 738 583 tom.
770 525 841 595 ΙΙ,
873 525 983 583 col.
1018 525 1165 600 497).

1013 713 1245 771 CAPUT
1283 714 1424 770 XIV.

465 887 753 959 Inﬁrmum
781 891 1031 941 autem...
1064 884 1183 939 olus
1203 883 1510 940 manducet.
1531 883 1641 940 Cor
1660 882 1919 940 hominis
1936 900 2041 941 nec

392 976 589 1032 videre
635 990 952 1047 possumus
1000 990 1106 1028 nec
1155 973 1482 1030 ostendere.
1516 972 1671 1029 Deus
1715 972 1878 1040 dicit,
1902 977 2036 1043 etc.,

393 1082 560 1140 usque
589 1063 659 1120 ad
687 1062 1016 1119 mercedem
1047 1061 1330 1134 aequalem
1377 1066 1744 1134 accepturus.
1773 1060 1856 1124 (S.
1888 1064 2036 1136 Aug.

389 1172 555 1212 serm.
587 1154 652 1210 de
679 1159 848 1225 apost.
883 1152 1058 1207 Paulo
1106 1153 1166 1206 in
1210 1167 1451 1207 convers.
1496 1150 1782 1223 cujusdam
1825 1154 2035 1221 Fausti,

389 1248 535 1301 tom.
566 1243 634 1313 V,
668 1246 817 1315 part.
853 1259 910 1307 ιι,
945 1240 1053 1297 col.
1090 1242 1228 1296 1729
1258 1244 1316 1295 et
1345 1250 1492 1313 seq.)

460 1338 514 1390 1s
544 1334 640 1407 qui
683 1331 1013 1399 manducat,
1063 1336 1187 1398 etc.,
1238 1346 1425 1401 usque
1482 1331 1554 1386 ad
1612 1333 1907 1403 assumpsit
1959 1332 2039 1387 Ea

392 1424 545 1480 facta
566 1438 692 1494 quae
715 1419 960 1476 dubium
984 1422 1075 1474 est
1094 1435 1211 1491 quo
1233 1418 1429 1475 animo
1451 1420 1615 1487 ﬁant,
1630 1425 1764 1487 etc.,
1781 1422 2038 1492 usquead

389 1511 769 1585 cogitationes
799 1508 1011 1566 cordis.
1046 1509 1123 1574 (S.
1158 1509 1330 1581 Aug.,
1362 1508 1460 1564 lib.
1493 1509 1557 1565 de
1585 1514 1762 1566 Serm.
1796 1514 1954 1571 Dom.
1974 1512 2034 1565 in

386 1608 587 1667 monte,
621 1604 763 1656 tom.
798 1598 893 1666 Ill,
927 1603 1075 1671 part.
1106 1615 1141 1665 1,
1176 1597 1286 1653 col.
1323 1597 1507 1660 1241.)

460 1693 600 1746 Cum
632 1689 928 1755 audimus,
954 1686 1054 1760 qui
1075 1686 1261 1744 credit
1281 1686 1339 1742 in
1370 1686 1690 1755 Christum,
1712 1692 1845 1756 etc.,
1864 1705 2035 1761 usque

385 1779 456 1836 ad
477 1778 554 1835 sit
573 1778 830 1834 futurus.
856 1775 1222 1850 (S.Aug.,ltb.
1246 1774 1312 1830 de
1331 1779 1504 1843 Agon.
1530 1774 1863 1843 Christiano,
1887 1780 2030 1831 tom.

385 1867 484 1941 VI,
517 1866 627 1923 col.
661 1867 812 1939 305.)

465 1959 540 2013 Tu
569 1958 690 2028 quis
719 1971 772 2012 es
795 1954 894 2026 qui
913 1951 1152 2025 judicas,
1183 1958 1304 2016 etc.,
1338 1969 1527 2025 usque
1558 1953 1629 2009 ad
1662 1955 1723 2009 in
1750 1969 1849 2011 suo
1875 1969 2038 2009 sensu

388 2044 649 2104 abundet.
702 2040 981 2109 Quamvis
1033 2041 1105 2097 de
1158 2040 1435 2097 omnibus
1493 2042 1865 2115 regeneratis,
1899 2048 2035 2107 etc.,

387 2150 557 2208 usque
575 2133 645 2189 ad
673 2130 846 2204 erigit
873 2130 1068 2187 elisos.
1094 2130 1176 2194 (S.
1200 2131 1372 2202 Aug.,
1405 2131 1503 2187 lib.
1533 2131 1599 2188 de
1629 2132 1749 2189 Cor.
1779 2140 1832 2188 et
1860 2132 2032 2201 Crat.,

387 2227 531 2280 tom.
564 2222 630 2290 X,
662 2224 813 2294 part.
845 2236 907 2288 11,
942 2218 1053 2275 col.
1085 2218 1236 2286 938.)

461 2313 566 2382 Qui
590 2312 737 2384 sapit
762 2310 928 2381 diem,
955 2311 1184 2365 Domino
1212 2310 1375 2381 sapit.
1392 2309 1507 2365 Nec
1540 2310 1638 2367 isti
1668 2309 1920 2367 ecclesia:
1943 2311 2036 2367 de-

386 2401 505 2458 voti
536 2404 676 2457 sunt
723 2398 825 2472 qui
871 2397 1147 2454 videntur
1190 2415 1318 2454 esse
1366 2397 1547 2466 intus,
1599 2403 1734 2467 etc.,
1766 2416 1936 2473 usque
1964 2400 2035 2457 ad

388 2488 710 2565 deputandi
742 2491 899 2545 sunt.
933 2488 1315 2560 (S.Aug.,lib.
1343 2488 1479 2544 Ivde
1507 2491 2031 2561 Baptis.parv.cont.

387 2581 719 2648 Donatistas,
752 2581 895 2634 tom.
929 2576 1022 2644 IX,
1055 2575 1164 2632 col.
1200 2576 1305 2633 195
1334 2580 1390 2633 et
1421 2586 1572 2650 seq.)

458 2672 525 2727 Et
550 2670 649 2742 qui
675 2667 991 2734 manducat,
1021 2673 1142 2735 etc.,
1185 2683 1372 2738 usque
1402 2667 1475 2723 ad
1505 2669 1712 2739 gratias
1739 2670 1889 2723 enim
1918 2669 2038 2740 agit

387 2764 517 2818 Deo.
553 2759 638 2814 Ita
665 2756 887 2814 dictum
919 2758 1028 2823 est,
1044 2754 1493 2812 annuntiabitur
1520 2756 1767 2812 Domino
1798 2773 2035 2829 genera-

386 2847 467 2904 tio
495 2848 759 2912 ventura,
791 2848 924 2912 etc.,
954 2858 1123 2917 usque
1150 2842 1222 2898 ad
1252 2842 1501 2899 Domino
1525 2842 1733 2899 vivere.
1765 2843 2029 2917 (S.Aug.,

384 2951 568 3009 expos.
597 2936 657 2990 in
680 2933 823 3006 psal.
854 2950 972 3001 χιιι,
1005 2937 1148 2988 tom.
1182 2931 1276 2999 IV,
1310 2935 1461 3003 part.
1494 2949 1535 3000 1,
1566 2930 1676 2987 col.
1711 2933 1852 2996 170.)

456 3024 551 3081 Sic
575 3022 798 3080 dictum
822 3025 932 3088 est,
953 3020 1053 3093 qui
1077 3020 1395 3076 manducat
1416 3019 1663 3077 Domino
1693 3021 2026 3087 manducat,

384 3117 519 3184 etc.,
540 3127 710 3185 usque
727 3110 796 3167 ad
817 3109 1093 3184 mysterio
1124 3108 1469 3165 celebratur.
1495 3109 1751 3182 (S.Aug.,
1774 3126 1845 3166 ea:
1863 3109 2030 3166 lib.de

387 3202 598 3270 Gratia,
629 3205 771 3256 tom.
804 3198 870 3268 Χ,
904 3200 1053 3270 part.
1086 3215 1124 3265 1,
1158 3197 1268 3253 col.
1300 3198 1450 3259 382.)

453 3294 615 3348 Nemo
643 3290 793 3346 enim
818 3294 1083 3353 nostrum,
1103 3294 1228 3355 etc.,
1265 3303 1450 3359 usque
1475 3287 1545 3343 ad
1568 3288 1790 3345 Domini
1814 3305 2024 3345 sumus.

384 3380 550 3439 Sicut
569 3376 802 3436 Domini
833 3374 1263 3449 magnitudinis
1282 3392 1397 3431 non
1417 3380 1507 3433 est
1526 3376 1681 3444 ﬁnis,
1703 3380 1836 3445 etc.,
1859 3394 2030 3451 usque

386 3470 457 3526 ad
473 3469 737 3525 vivorum
759 3464 1113 3521 dominetur.
1138 3465 1219 3535 (S.
1240 3466 1412 3538 Aug.,
1437 3472 1591 3521 tract.
1618 3467 1678 3520 in
1693 3466 2025 3537 psal.cx1.1v,

384 3561 528 3615 tom.
563 3556 655 3624 IV,
689 3557 838 3627 part.
871 3571 932 3619 11,
963 3551 1071 3610 col.
1104 3553 1286 3614 1872.)

455 3647 519 3702 In
540 3645 805 3701 hocenim
837 3643 1099 3711 Christus,
1133 3650 1259 3710 etc.,
1292 3659 1480 3715 usque
1513 3644 1587 3699 ad
1619 3646 1888 3701 rationem
1908 3646 2029 3702 red-

384 3735 472 3793 det
486 3739 615 3791 Deo.
642 3733 779 3788 Ideo
796 3730 1062 3788 Christus
1083 3735 1352 3787 mortuus
1372 3735 1460 3788 est
1471 3736 1529 3788 et
1541 3733 1873 3802 resurrexit,
1892 3739 2002 3790 etc.
2014 3776 2028 3803 ,

385 3839 557 3896 usque
573 3821 644 3879 ad
664 3820 811 3877 liber
831 3819 891 3876 in
913 3818 1183 3876 mortuis.
1210 3823 1287 3890 (S.
1309 3821 1482 3894 Aug.,
1507 3821 1606 3877 lib.
1632 3822 2026 3893 Enchir.,tom.

383 3913 480 3980 VI,
511 3911 619 3969 col.
649 3910 800 3973 261.)

456 4003 725 4075 Regnant
753 3999 953 4072 itaque
980 4015 1116 4055 cum
1148 3997 1248 4055 illo
1277 3998 1455 4056 etiam
1483 4017 1639 4057 nunc
1669 4001 1857 4059 sancti
1879 4002 2029 4074 ejus,

385 4094 522 4157 etc.,
548 4105 719 4163 usque
757 4089 830 4145 ad
872 4103 1118 4162 regnum
1148 4087 1379 4145 Christi.
1417 4090 1497 4160 (S.
1529 4092 1703 4164 Aug.,
1736 4092 1835 4147 lib.
1868 4109 1942 4147 xx
1968 4091 2035 4147 de

389 4180 550 4236 Giuit.
587 4179 706 4246 Dei,
736 4182 879 4232 tom.
913 4177 1033 4246 VII,
1062 4176 1170 4234 col.
1203 4179 1311 4234 675
1338 4182 1395 4234 et
1424 4186 1571 4250 seq.)

460 4267 581 4323 Non
625 4281 750 4337 ergo
805 4266 1066 4337 amplius,
1097 4274 1221 4335 etc.,
1257 4283 1443 4338 usque
1501 4268 1573 4323 ad
1634 4268 2036 4339 blasphematur

390 4357 593 4414 bonum
629 4362 894 4410 nostrum.
928 4355 1053 4411 Duo
1101 4360 1241 4411 sunt
1290 4356 1352 4411 in
1394 4355 1616 4428 quibus
1659 4358 2034 4413 temerarium

380 4443 699 4517 judicium,
722 4447 856 4511 etc.,
878 4460 1049 4516 usque
1081 4444 1151 4499 ad
1178 4443 1265 4499 vel
1296 4444 2031 4520 invidentia.(S.Aug.,lib.

2154 526 2480 584 inﬁdelium
2511 529 2627 585 vita
2658 533 2963 603 peccatum
2992 534 3104 602 est,
3117 534 3250 599 etc.,
3269 545 3439 603 usque
3468 529 3541 585 ad
3571 528 3629 584 in
3650 530 3772 602 opti-

2153 615 2267 673 mis
2296 617 2581 675 moribus.
2612 619 2744 689 (Id.,
2773 620 2871 676 lib.
2903 619 3054 676 Sent.
3085 621 3360 692 Prosperi,
3375 622 3521 675 tom.
3545 617 3612 688 X,
3641 626 3767 691 part.

2151 721 2214 776 11,
2249 706 2358 763 col.
2400 706 2575 770 1868.)

2783 816 3015 874 CAPUT
3052 815 3171 875 XV.

2221 923 2479 979 Debemus
2506 931 2697 979 autem
2726 941 2842 993 nos,
2875 932 2999 992 etc.,
3032 940 3220 998 usque
3251 925 3324 980 ad
3361 923 3671 981 ceciderunt
3692 941 3772 980 su-

2145 1028 2245 1084 per
2270 1029 2374 1068 me.
2409 1012 2733 1085 Opprobria
2770 1014 3244 1086 exprobrantium
3280 1013 3408 1082 tibi,
3442 1013 3769 1079 ceciderunt,

2149 1105 2281 1171 etc.,
2310 1118 2481 1174 usque
2526 1102 2595 1157 ad
2649 1119 2743 1158 me
2790 1103 3160 1159 invenerunt.
3194 1103 3327 1173 (Id.,
3361 1110 3521 1158 tract.
3555 1105 3611 1157 in
3646 1104 3770 1174 psal.

2147 1208 2317 1256 van,
2348 1194 2491 1247 tom.
2526 1190 2620 1258 IV,
2652 1195 2801 1263 part.
2835 1209 2871 1259 1,
2906 1191 3015 1248 col.
3043 1193 3142 1247 851
3175 1196 3233 1248 et
3260 1191 3412 1265 seq.)
3592 1202 3593 1205 ‘

2219 1280 2567 1353 Qua’cunque
2594 1282 2744 1337 enim
2769 1282 2975 1353 scripta
3000 1289 3148 1347 sunt,
3160 1290 3285 1352 etc.,
3301 1296 3493 1353 usque
3522 1281 3595 1337 ad
3625 1282 3677 1336 in
3698 1284 3772 1337 ho-

2144 1385 2337 1426 norem
2381 1372 2497 1426 Dei.
2557 1370 2674 1427 Nos
2731 1386 2867 1444 ergo
2926 1374 2984 1426 et
3036 1371 3107 1426 ad
3173 1370 3768 1428 commemorationem

2145 1458 2300 1527 ﬁdei,
2359 1463 2496 1527 etc.,
2554 1475 2726 1531 usque
2779 1459 2850 1514 ad
2907 1458 3196 1515 habemus
3253 1459 3326 1514 ad
3391 1458 3601 1515 Deum.
3659 1459 3769 1531 (Id.,

2145 1548 2243 1603 lib.
2276 1556 2446 1605 contr.
2479 1549 2738 1604 Faustum
2783 1548 3050 1617 Manich.,
3102 1552 3246 1605 tom.
3283 1547 3435 1615 VIII,
3487 1547 3577 1604 col
3608 1549 3702 1605 464
3726 1554 3771 1605 et

2143 1639 2288 1710 seq.)

2214 1729 2347 1784 Dico
2375 1729 2525 1783 enim
2566 1728 2844 1784 Christum
2887 1731 3078 1809 Jesum
3116 1728 3442 1783 ministrum
3488 1728 3657 1799 fuisse
3678 1730 3768 1784 cir-

2062 1814 2111 1879 B
2141 1820 2512 1884 cumeisionis,
2544 1827 2665 1884 etc.,
2700 1833 2889 1890 usque
2919 1818 2990 1873 ad
3020 1819 3072 1873 si
3100 1819 3250 1873 vobis
3278 1819 3530 1889 primum
3548 1834 3616 1873 ex
3637 1827 3769 1891 parte

2143 1909 2353 1980 fruitus
2380 1910 2558 1982 fuero.
2574 1907 2912 1963 Secundum
2937 1907 3192 1980 speciem
3215 1907 3477 1979 corporis
3494 1923 3664 1979 quam
3684 1907 3767 1963 Ju-

2145 1997 2276 2064 daii,
2311 2000 2446 2066 etc.,
2479 2013 2652 2066 usque
2707 1996 2795 2053 ad
2848 1995 3255 2054 conﬁtentium
3313 1995 3612 2053 relaxavit.
3656 1997 3763 2067 (Id.,

2144 2093 2303 2142 tract.
2334 2087 2405 2141 28
2426 2087 2489 2141 in
2517 2087 2723 2155 Evang.
2753 2101 2856 2141 see.
2886 2088 3083 2152 Joan.,
3114 2089 3257 2141 tom.
3293 2084 3391 2151 ΙΙΙ,
3429 2090 3581 2159 part.
3599 2103 3653 2152 11,
3674 2084 3763 2141 col.

2145 2176 2285 2230 1624
2314 2178 2371 2231 et
2401 2185 2549 2247 seq.)

2213 2264 2523 2337 Propterea
2569 2263 2889 2319 conﬁtebor
2928 2262 3035 2320 tibi
3084 2263 3146 2319 in
3190 2263 3495 2337 gentibus,
3528 2262 3765 2328 Domine,

2140 2357 2449 2426 propterea
2467 2351 2573 2407 tibi
2594 2368 2697 2425 per
2716 2368 2809 2409 me
2831 2352 3269 2409 confitebuntur
3287 2351 3761 2426 gentes,Domine.

2143 2442 2210 2497 Et
2240 2440 2464 2497 nomini
2507 2444 2610 2497 tuo
2662 2440 2935 2514 psallam,
2967 2445 3025 2497 et
3052 2440 3233 2498 latius
3266 2441 3620 2508 innotesces,
3650 2445 3763 2507 etc.,

2138 2547 2315 2606 usque
2371 2530 2459 2587 ad
2514 2530 2758 2603 spiritus
2817 2530 2931 2586 sui.
2990 2530 3121 2603 (Id.,
3182 2531 3282 2586 lib.
3314 2530 3380 2587 de
3421 2530 3612 2586 Gratia
3654 2529 3766 2586 Novi

2146 2620 2482 2689 Testamenti,
2514 2622 2657 2675 tom.
2690 2623 2762 2688 II,
2796 2618 2905 2676 col.
2939 2620 3046 2675 556
3073 2622 3132 2675 et
3160 2619 3309 2692 seq.)

2210 2709 2285 2765 Ut
2302 2707 2593 2764 inhabitet
2612 2708 2798 2782 gloria
2825 2708 2885 2763 in
2917 2713 3071 2765 terra
3100 2712 3322 2776 nostra,
3345 2711 3488 2778 etc.,
3513 2725 3680 2784 usque
3703 2708 3765 2764 ad

2139 2801 2518 2854 occurrerunt
2563 2796 2697 2854 sibi.
2750 2798 2881 2870 (Id.,
2915 2806 3073 2855 tract.
3110 2800 3166 2854 in
3192 2798 3334 2871 psal.
3373 2815 3600 2867 1.xxx1v,
3641 2802 3761 2853 tom.

2138 2886 2233 2956 IV,
2261 2891 2411 2960 part.
2446 2904 2507 2955 11,
2543 2885 2651 2942 col.
2686 2888 2827 2943 1077
2853 2892 2912 2942 et
2941 2895 3092 2960 seq.)

2208 2975 2495 3043 Quoniam
2521 2975 2735 3049 papulo
2758 2975 2937 3032 Israel
2968 2976 3165 3045 etiam,
3189 2979 3323 3044 etc.,
3346 2992 3532 3048 usque
3560 2976 3637 3032 ad
3655 2992 3756 3049 pro-
3840 2964 3841 2969 “

2137 3064 2450 3122 missiones
2479 3068 2738 3138 patrum.
2770 3065 2901 3133 (Id.,
2924 3073 3080 3121 tract.
3106 3067 3165 3121 in
3184 3065 3325 3138 psal.
3363 3070 3755 3135 1.xxxv111,tom.

2058 3185 2101 3252 ρ
2140 3155 2251 3252 ιν,
2268 3158 2418 3227 part.
2453 3172 2513 3222 11,
2548 3152 2656 3210 col.
2688 3154 2871 3226 1121.)

2213 3244 2396 3301 Gentes
2424 3251 2607 3299 autem
2632 3259 2795 3316 super
2821 3244 3199 3301 misericordia
3246 3245 3565 3317 gloriﬁcare
3594 3249 3755 3301 Deum.

2137 3335 2255 3390 Rex
2275 3349 2412 3407 ergo
2434 3332 2771 3388 Judzsorum
2804 3331 3093 3400 Christus,
3125 3337 3260 3401 etc.,
3283 3350 3465 3407 usque
3495 3334 3584 3391 ad
3611 3348 3760 3388 mere-

2137 3426 2341 3481 rentur
2395 3422 2686 3478 accedere.
2727 3422 2931 3490 (ldem,
2989 3438 3153 3478 serm.
3213 3422 3280 3479 de
3330 3438 3484 3495 pass.
3544 3422 3757 3495 Domini,

2137 3515 2279 3568 tom.
2310 3510 2380 3577 V,
2413 3513 2563 3583 part.
2597 3527 2659 3576 ιι,
2691 3509 2801 3565 col.
2839 3510 3016 3570 1723.)
3840 3509 3841 3583 γ

2208 3599 2496 3656 Dominus
2525 3598 2628 3671 qui
2660 3597 2836 3654 dixit:
2857 3599 2983 3655 Non
3005 3616 3139 3656 sum
3170 3599 3389 3657 missus
3422 3598 3539 3657 nisi
3561 3599 3631 3655 ad
3651 3613 3761 3654 oves

2139 3706 2266 3763 quae
2299 3687 2616 3761 perierunt,
2630 3692 2956 3761 etc.,usque
2985 3689 3072 3745 ad
3100 3705 3236 3744 cum
3268 3687 3440 3761 plebe
3471 3689 3619 3761 ejus.
3652 3686 3759 3755 (Id.,
3840 3692 3841 3763 ι

2137 3795 2300 3835 serm.
2316 3777 2380 3833 de
2394 3793 2544 3849 pass.
2561 3777 2802 3833 Domini.
2818 3780 2960 3834 tom.
2974 3777 3042 3844 V,
3060 3781 3211 3849 part.
3231 3795 3294 3847 11,
3311 3777 3420 3834 col.
3442 3779 3553 3834 486
3570 3780 3625 3833 et
3641 3779 3761 3847 seq.)

2209 3866 2367 3922 Nunc
2394 3866 2570 3935 igitur
2591 3865 2932 3938 proﬁciscar,
2963 3874 3089 3934 etc.,
3123 3882 3310 3939 usque
3341 3866 3413 3923 ad
3447 3869 3762 3923 sitcumom-

2137 3957 2302 4012 nibus
2329 3956 2500 4011 vobis.
2533 3954 2722 4010 Amen.
2756 3953 3099 4011 Communis
3149 3972 3292 4012 cura
3347 3959 3476 4011 erat
3518 3952 3763 4011 omnibus
3840 3990 3841 3995 η

2140 4043 2440 4118 apostolis,
2474 4046 2609 4111 etc.,
2639 4059 2814 4117 usque
2843 4044 2927 4100 ad
2957 4043 3172 4100 idcirco
3215 4043 3316 4100 ait.
3364 4044 3574 4112 (Idem,
3605 4057 3762 4115 cmpos.
3840 4070 3841 4089 ι

2138 4136 2295 4207 epist.
2330 4133 2400 4188 ad
2429 4132 2576 4199 Gal.,
2608 4135 2752 4188 tom.
2786 4132 2886 4201 III,
2916 4136 3066 4205 part.
3101 4151 3160 4199 ιι,
3194 4132 3304 4189 col.
3335 4133 3395 4189 21
3408 4134 3527 4201 41.)
3840 4124 3841 4197 1

2211 4222 2368 4278 Nunc
2395 4229 2574 4277 autem
2601 4237 2847 4293 pergam,
2880 4228 3003 4289 etc.,
3034 4238 3223 4294 usque
3253 4222 3327 4278 ad
3379 4223 3438 4277 in
3472 4219 3763 4277 carnalibus
3840 4256 3841 4295 ᾖ

2142 4313 2457 4368 ministrare
2484 4311 2585 4366 eis.
2619 4309 2725 4377 Qui
2784 4309 2924 4382 quia
2977 4326 3159 4383 prope
3210 4308 3433 4366 inventi
3464 4314 3624 4377 sunt,
3651 4310 3763 4370 etc.,
3840 4308 3841 4383 ξ

2140 4417 2314 4475 usque
2343 4400 2430 4455 ad
2457 4398 2791 4454 ministrare
2823 4398 2928 4455 eis.
2961 4398 3163 4467 (Idem,
3197 4400 3296 4454 lib.
3319 4399 3385 4455 de
3416 4403 3585 4472 Oper.
3617 4412 3762 4462 mon,

2142 4493 2287 4544 tom.
2320 4487 2418 4555 VI,
2449 4485 2559 4542 col.
2591 4487 2743 4551 568.)

390 4550 430 4589 ιι
456 4536 632 4590 Serm.
664 4533 815 4589 Dom.
848 4534 910 4588 in
937 4540 1136 4600 monte,
1170 4536 1312 4589 tom.
1346 4536 1447 4599 III,
1481 4537 1631 4604 part.
1659 4551 1698 4601 1,
1732 4534 2022 4606 col.1297.j

469 4622 574 4650 nr...
612 4628 684 4650 ...ο
712 4622 853 4650 Διιέ...
885 4636 1112 4650 anAn-annm
1150 4622 1242 4650 nn;
1298 4628 1376 4650 ηιη
1443 4637 1630 4650 ..ευ-..ιι
1660 4622 1726 4650 ..Δ
1763 4624 2022 4650 Α--ι....-..,

2215 4577 2361 4632 Cum
2386 4533 2652 4631 viderent
2680 4533 2868 4632 Judaei
2892 4580 3058 4632 tanta
3088 4576 3258 4650 signa
3286 4575 3430 4645 ﬁeri,
3466 4579 3601 4643 etc.,
3621 4586 3762 4646 usque
3840 4628 3841 4649 η

459 4622 579 4678 Non
607 4628 684 4677 est
708 4622 858 4678 enim
885 4636 1117 4693 regnum
1142 4622 1261 4686 Dei,
1294 4628 1418 4686 etc.,
1443 4637 1631 4693 usque
1659 4622 1730 4678 ad
1759 4624 2034 4681 destruere

389 4726 522 4784 opus
550 4711 665 4766 Dei.
701 4709 862 4777 Quod
910 4713 1105 4764 autem
1156 4707 1480 4781 subjunxit,
1512 4714 1570 4765 et
1596 4711 1923 4782 justificata
1947 4717 2036 4770 est

388 4798 696 4873 sapientia,
754 4802 888 4866 etc.,
947 4813 1117 4870 usque
1171 4796 1241 4853 ad
1299 4801 1579 4869 perpetuo
1633 4800 1870 4857 retineri
1900 4802 2029 4872 (Id.,

391 4888 488 4945 lib.
519 4895 715 4960 quast.
747 4889 805 4943 in
831 4889 1070 4959 Evang.,
1093 4890 1236 4941 tom.
1268 4885 1361 4954 ΙΙΙ,
1395 4890 1544 4958 part.
1577 4905 1639 4955 11,
1672 4887 1783 4945 col.
1818 4891 1956 4947 1337
1974 4895 2034 4947 et

390 4980 541 5049 seq.)

463 5064 662 5120 Omnia
707 5063 927 5138 quidem
970 5070 1117 5131 sunt,
1147 5069 1274 5130 etc.,
1309 5080 1497 5136 usque
1528 5066 1599 5121 ad
1631 5068 1765 5139 quia
1807 5084 1919 5125 non
1965 5086 2035 5126 ex

390 5153 513 5224 ﬁde.
545 5154 633 5207 An
665 5169 780 5208 non
810 5150 1080 5207 videmus
1111 5149 1424 5223 Israelitas,
1445 5157 1580 5223 etc.,
1606 5172 1776 5229 usque
1803 5157 1874 5213 ad
1903 5174 2034 5230 ρι-ο-

392 5244 524 5314 pter
568 5239 906 5296 lenticulam
956 5239 1227 5312 perdidit.
1261 5239 1390 5313 (Id.,
1423 5250 1578 5300 tract.
1608 5247 1680 5302 73
1728 5248 1788 5302 in
1816 5249 2031 5318 Evang.

390 5317 493 5386 see.
525 5331 693 5386 Joan.
728 5329 779 5395 1,
813 5331 954 5384 tom.
987 5331 1089 5397 III,
1121 5332 1270 5400 part.
1303 5347 1363 5400 ιι,
1398 5330 1507 5387 col.
1538 5334 1719 5397 1824.)

462 5414 668 5472 Audivi
700 5415 876 5472 aliam
908 5432 1106 5473 vocem
1148 5422 1334 5488 tuam,
1367 5424 1502 5489 etc.,
1533 5439 1703 5496 usque
1731 5423 1801 5481 ad
1831 5441 2037 5482 omnes

460 5504 744 5560 ribentur.
807 5503 937 5576 (Id.,
1011 5506 1107 5562 lib.
1167 5525 1204 5562 x
1279 5508 1708 5585 Confessionum,
1787 5518 1928 5571 tom.
1990 5515 2032 5584 Ι,

465 5592 506 5648 l.
536 5592 644 5648 799
668 5596 726 5652 et
755 5594 902 5666 seq.)

2140 4665 2227 4722 ad
2250 4664 2533 4721 charitate
2574 4664 3006 4737 copularentur.
3042 4666 3248 4733 (Idem,
3281 4665 3389 4721 lib.
3421 4664 3499 4721 de
3531 4660 3760 4720 Cateehi-
3840 4670 3841 4749 ξ

2138 4753 2355 4811 zandis
2383 4751 2654 4820 rudibus,
2686 4756 2828 4809 tom.
2861 4752 2958 4820 VI,
2987 4751 3097 4811 col.
3128 4753 3235 4808 340
3262 4756 3321 4809 et
3349 4761 3499 4824 seq.)
3840 4764 3841 4769 ‘

2757 4877 2989 4935 CAPUT
3025 4877 3173 4934 XVI.

2212 4984 2534 5043 Commendo
2588 4992 2769 5042 autem
2823 4985 2974 5042 vobis
3030 4985 3291 5056 Phoeben,
3320 4992 3448 5053 etc.,
3479 4997 3659 5056 usque
3703 4976 3759 5033 ed

2139 5075 2410 5147 sapientes
2457 5090 2571 5130 esse
2619 5076 2681 5130 in
2728 5075 2885 5143 bono,
2917 5083 2968 5131 et
2995 5075 3273 5147 simplices
3307 5075 3367 5130 in
3399 5073 3566 5130 malo.
3596 5065 3758 5141 Capti-

2144 5168 2312 5219 vatus
2342 5166 2432 5220 est
2458 5162 2714 5236 populus
2744 5162 2924 5220 Israel
2962 5179 3032 5220 ex
3059 5163 3308 5231 civitate,
3339 5165 3474 5228 etc.,
3504 5172 3667 5234 usque
3692 5150 3763 5210 ad

2145 5256 2445 5325 coeperunt
2472 5251 2647 5309 exire.
2682 5253 2887 5323 (Idem,
2920 5258 3092 5311 tract.
3129 5254 3193 5309 in
3216 5241 3756 5326 psal.1.x1v,tom.lV.

2144 5346 2293 5413 part.
2328 5358 2369 5409 1,
2401 5341 2508 5398 col.
2543 5342 2651 5397 772
2679 5345 2738 5397 et
2765 5353 2915 5415 seq.)

2216 5428 2423 5485 Omnis
2451 5428 2719 5486 eruditus
2740 5429 2799 5485 in
2819 5434 3026 5487 sancta
3056 5429 3332 5498 Ecclesia,
3357 5432 3490 5497 etc.,
3516 5416 3760 5499 usquead

2146 5535 2385 5591 corpore
2415 5520 2830 5592 separandum.
2859 5519 3069 5588 (Idem,
3101 5525 3279 5577 tract.
3299 5521 3364 5576 in
3388 5518 3534 5593 psal.
3568 5524 3752 5572 om“.

2146 5611 2289 5665 tom.
2323 5608 2418 5677 IV,
2451 5612 2602 5681 part.
2634 5625 2696 5675 11,
2728 5606 2838 5665 col.
2875 5609 3005 5666 1761
3043 5613 3102 5666 et
3131 5608 3278 5681 seq.)
