3896 6198
106 399 215 466 847

919 391 1332 457 EXPOSITIO
1374 393 1456 460 IN
1496 395 1668 458 EPP.
1714 393 2072 459 PAULL—
2099 395 2280 458 EP.I
2325 396 2428 457 AD
2471 397 2648 459 GOB.

3375 378 3495 459 31's

171 538 296 592 Deus
323 538 499 587 autem
522 530 697 602 pacis,
730 536 853 593 etc.,
873 543 1061 600 usque
1083 528 1150 583 ad
1168 527 1582 601 praedicationis
1604 531 1730 587 Iesu
1757 528 1815 601 Α
1845 529 1996 603 ignis
2028 547 2144 586 non
2176 529 2327 585 sicut
2356 529 2862 604 Deus,etc.,usque
2888 530 2959 586 ad
2980 533 3071 586 est
3098 547 3234 587 vera
3263 530 3492 587 aeterni-

116 622 324 683 Christi.
347 617 574 675 Dictum
599 619 689 673 est
704 614 936 672 mulieri
965 615 1053 671 vel
1086 616 1281 688 potius
1304 617 1580 690 serpenti,
1596 621 1728 687 etc.,

111 726 265 786 usque
289 707 357 764 ad
384 707 573 763 factus
603 710 694 761 est
723 704 1012 762 diabolus.
1040 705 1247 775 (Idem,
1270 714 1428 763 tract.
1440 708 1587 779 psai.
1610 724 1729 777 c111,

112 804 235 858 tom.
266 797 354 864 IV,
384 799 517 868 part
543 812 605 862 11,
636 793 745 850 col.
781 794 885 850 408
915 798 971 850 et
1000 795 1148 867 seq.)

1846 625 1957 676 tas.
2020 620 2223 692 (Idem,
2258 619 2354 688 tib,
2404 619 2469 676 de
2522 620 2721 676 Natur.
2784 621 2931 689 boni,
2983 623 3128 676 tom.
3182 619 3338 693 VIII,
3380 619 3490 678 col.

1838 709 1989 782 563.)

1911 803 1978 854 In
2008 797 2109 854 illo
2139 798 2314 854 etiam
2347 797 2684 855 testimonio
2715 798 2817 854 ubi
2869 798 2952 855 ait
2990 798 3323 872 Apostolus,
3357 803 3491 868 etc.,

170 884 454 945 Secundum
483 884 867 941 reuelationem
893 886 1165 956 mysterii,
1196 891 1317 954 etc.,
1352 902 1539 959 usque
1579 887 1652 942 ad
1682 895 1733 943 et
1838 905 2007 962 usque
2036 888 2105 943 ad
2135 891 2307 961 atque
2352 886 2763 944 immobilitate
2805 892 3047 944 naturae.
3083 888 3287 961 (Idem,
3321 889 3420 945 tib.
3453 906 3494 945 11

109 977 266 1051 gloria
288 976 345 1031 in
363 973 570 1031 secula
617 972 966 1031 saeculorum.
1000 974 1187 1030 Amen.
1219 978 1485 1031 IEternus
1535 982 1731 1034 autem
1839 986 2013 1035 contr.
2048 979 2312 1044 Maxim.,
2344 980 2488 1033 tom.
2520 977 2677 1047 VIII,
2707 976 2816 1032 col.
2844 976 2950 1031 797
2982 982 3040 1033 et
3064 994 3187 1050 seq.

846 1273 951 1358 IN
1014 1272 1659 1364 EPISTOLAM
1711 1275 1747 1361 Ι
1803 1276 1947 1362 AD
2006 1273 2737 1363 CORINTHIOS.

639 1582 1175 1641 ARGUMENTUM.

1836 1589 2117 1642 venerant
2137 1585 2375 1643 ostium.
2393 1586 2599 1659 (Idem,
2613 1593 2767 1642 tract.
2783 1586 2853 1641 47
2875 1586 2936 1641 in
2956 1586 3173 1656 Evang.
3189 1601 3293 1642 sec.
3307 1587 3464 1643 Joan.
3477 1628 3491 1655 ,

165 1672 429 1731 Corinthii
451 1675 594 1729 sunt
609 1672 939 1742 Achaici,et
967 1672 1028 1728 hi
1060 1672 1333 1729 similiter
1362 1673 1434 1729 ab
1454 1672 1730 1747 Apostolo
1839 1678 1983 1730 tom.
2019 1679 2120 1744 III,
2155 1680 2305 1748 part.
2339 1693 2400 1743 11,
2433 1675 2543 1731 col.
2576 1676 2717 1731 4734
2739 1679 2796 1730 et
2825 1677 2977 1748 seq.)

107 1763 393 1820 audierunt
420 1762 668 1818 verbum
698 1761 979 1828 veritatis,
999 1766 1056 1818 et
1086 1762 1350 1819 subversi
1372 1768 1511 1819 sunt
1532 1760 1732 1818 multi-

104 1852 229 1910 farie
246 1869 278 1909 a
296 1850 457 1909 falsis
469 1850 1017 1925 apostolis,quidam
1040 1868 1074 1906 a
1088 1850 1472 1925 philosophia;
1487 1852 1734 1908 verbosa

106 1940 431 2014 eloquentia,
466 1938 567 1995 alii
602 1944 759 1996 secta
802 1939 952 2013 legis
998 1938 1255 1997 Judaicaa
1305 1940 1532 1997 inducti
1573 1944 1730 1997 sunt-

105 2033 208 2087 Hos
234 2034 457 2086 revocat
481 2028 800 2102 Apostolus
830 2029 904 2085 ad
933 2046 1130 2086 veram
1154 2028 1329 2086 ﬁdem
1351 2033 1409 2086 et
1441 2029 1731 2102 evangeli-

106 2135 219 2177 cam
246 2118 613 2192 sapientiam,
646 2117 910 2175 scribens
935 2118 1019 2176 eis
1050 2119 1124 2174 ab
1152 2118 1381 2192 Epheso
1411 2135 1516 2192 per
1543 2119 1735 2175 Timo-

110 2207 311 2265 theum.

613 2295 850 2354 CAPUT
889 2296 1197 2354 PRIMUM.

169 2387 362 2442 Paulus
390 2393 613 2442 vocatus
634 2387 906 2459 apostolus
924 2388 1049 2444 Iesu
1076 2386 1298 2456 Christi,
1312 2394 1629 2458 etc.,usque
1658 2386 1732 2441 ad

111 2477 164 2530 in
190 2474 393 2532 Christo
409 2479 548 2532 Jesu
577 2477 777 2531 vocatis
804 2476 1026 2531 sanctis.
1050 2474 1269 2532 Paulus
1290 2475 1479 2549 primo
1496 2474 1730 2543 Saulus,

110 2562 203 2621 hoc
220 2568 302 2620 est
320 2563 509 2637 primo
535 2564 847 2636 superbus,
870 2568 1188 2637 etc.,usque
1207 2564 1278 2621 ad
1303 2563 1436 2637 plus
1456 2562 1734 2620 omnibus

110 2653 327 2709 sanavit.
364 2654 445 2725 (S.
495 2654 669 2727 Aug.,
696 2670 860 2710 serm.
910 2655 1117 2723 Evang.
1148 2654 1214 2710 de
1260 2654 1491 2710 muliere
1532 2655 1731 2723 Ghan.,

108 2741 313 2809 tom.V,
346 2746 495 2814 part.
530 2759 571 2808 1,
607 2741 718 2798 col.
752 2744 855 2798 484
885 2745 942 2798 et
970 2745 1122 2815 seq.)

148 2831 289 2895 Cum
314 2831 567 2887 omnibus
595 2833 693 2903 qui
721 2833 992 2901 invocant,
1025 2839 1147 2899 etc.,
1178 2847 1369 2905 usque
1398 2832 1472 2889 ad
1505 2834 1737 2889 Domine

106 2921 213 2976 Iesu
239 2921 457 2977 Christo.
475 2919 586 2988 Qui
611 2920 890 2977 devorant
911 2919 1194 2994 populum
1217 2937 1414 2977 meum
1451 2924 1515 2977 ut
1536 2921 1733 2978 cibum

107 3008 273 3083 panis,
302 3013 435 3078 etc.,
468 3026 639 3083 usque
666 3010 737 3065 ad
786 3010 1058 3067 invocant
1101 3014 1302 3065 Deum.
1338 3010 1537 3083 (Idem,
1571 3018 1730 3066 tract.

107 3100 161 3153 in
179 3101 312 3171 psal.
345 3114 441 3166 ιιι,
472 3103 620 3156 tom.
645 3099 737 3167 IV,
769 3104 917 3172 part.
953 3118 992 3170 1,
1024 3098 1133 3155 col.
1156 3100 1308 3168 617.)

166 3189 227 3244 Et
253 3187 505 3245 multum
527 3188 861 3246 misericors
891 3187 1187 3258 omnibus,
1203 3192 1522 3261 etc.,usque
1549 3189 1621 3245 ad
1650 3189 1737 3244 in-

1913 1772 2128 1830 Discite
2159 1777 2446 1847 quantum
2479 1772 2851 1846 praesumatis
2880 1772 2951 1829 de
2982 1773 3121 1840 Deo,
3153 1775 3286 1841 etc.,
3330 1789 3499 1847 usque

1843 1861 1912 1916 ad
1934 1861 2346 1935 mysteriorum
2369 1863 2492 1919 Dei.
2517 1863 2722 1931 (Idem,
2738 1870 2895 1918 tract.
2932 1863 2992 1917 in
3007 1862 3151 1934 psal.
3174 1866 3492 1931 xxxv,tom.

1843 1950 1937 2019 IV,
1971 1955 2121 2023 part.
2157 1967 2196 2022 1,
2231 1951 2341 2008 col.
2375 1951 2482 2007 547
2500 1956 2558 2008 et
2578 1968 2700 2025 seq.

1912 2047 2178 2105 Ecclesia:
2209 2047 2342 2104 filia;
2363 2049 2785 2122 apostolorum,
2808 2052 2941 2117 etc.,
2956 2064 3128 2122 usque
3157 2046 3228 2104 ad
3247 2047 3496 2122 gloriam

1842 2153 2119 2210 quaerere.
2154 2137 2524 2210 (Idem,tract.
2548 2140 2607 2194 in
2630 2137 2776 2210 psal.
2807 2154 2954 2206 xuv,
2987 2140 3131 2193 tom.
3163 2135 3258 2205 IV,
3284 2140 3433 2209 part.
3453 2154 3493 2207 1,

1842 2225 1950 2283 col.
1975 2227 2082 2283 508
2107 2230 2164 2283 et
2188 2230 2338 2300 seq.)

1912 2314 2273 2373 Excellentes
2302 2314 2517 2389 quippe
2546 2315 2606 2371 in
2641 2313 2908 2384 ecclesia,
2935 2317 3070 2384 etc.,
3095 2330 3268 2387 usque
3293 2315 3363 2371 ad
3383 2331 3496 2371 caa-

1842 2402 1965 2460 lum
2000 2409 2056 2461 et
2080 2409 2318 2462 terram.
2342 2406 2550 2476 (Idem,
2584 2412 2742 2461 tract.
2776 2405 2837 2460 in
2862 2404 3005 2477 psal.
3042 2421 3187 2459 LXXI.
3219 2403 3493 2475 tomxIV,

1840 2498 1992 2565 part.
2024 2511 2064 2562 ι,
2086 2494 2194 2550 col.
2219 2494 2372 2563 904.)

1915 2583 1984 2638 Et
2009 2598 2115 2655 ego
2139 2583 2268 2639 dico
2298 2582 2403 2638 tibi
2440 2598 2453 2638 :
2482 2584 2571 2639 Tu
2602 2599 2665 2639 es
2694 2582 2921 2650 Petrus,
2956 2585 3089 2650 etc.,
3114 2598 3281 2655 usque
3309 2581 3380 2638 ad
3400 2582 3500 2640 ba-

1842 2670 2075 2744 ptizatis
2122 2672 2284 2729 estis.
2321 2672 2524 2745 (Idem,
2554 2688 2659 2728 ser.
2705 2673 2937 2741 Evang.,
2971 2675 3114 2727 tom.
3147 2670 3219 2744 V,
3251 2675 3401 2744 part.
3454 2688 3496 2742 1,

1843 2757 1954 2815 col.
1989 2760 2094 2815 479
2124 2764 2181 2816 et
2210 2764 2359 2833 seq.)

1911 2859 2132 2915 Divisus
2159 2867 2257 2925 est,
2291 2867 2415 2927 etc.,
2448 2873 2636 2931 usque
2662 2858 2734 2914 ad
2775 2858 3040 2930 baptizati
3064 2859 3239 2914 estis?
3266 2857 3491 2931 Baptis-

1843 2963 1977 3003 mus
1997 2947 2228 3004 Domini
2259 2947 2512 3015 divinus,
2534 2947 2674 3020 quia
2693 2945 2970 3003 dominus
2984 2946 3157 3003 Deus.
3183 2946 3376 3002 Potuit
3393 2963 3492 3003 au-

1841 3039 1961 3092 tem
1989 3037 2163 3094 Jesus
2186 3036 2477 3104 Christus,
2510 3041 2642 3103 etc.,
2675 3051 2845 3108 usque
2873 3035 2945 3092 ad
2973 3034 3307 3108 baptizandi
3337 3040 3496 3108 pote-

1844 3128 2078 3182 statem.
2102 3126 2309 3196 (Idem,
2344 3133 2500 3182 tract.
2531 3127 2568 3181 5
2595 3127 2657 3181 in
2683 3126 2886 3195 Evang.
2903 3141 3007 3181 sec.
3034 3126 3375 3193 Joan.,tom.
3394 3128 3495 3194 III,

1846 3218 1994 3288 part.
2027 3233 2088 3283 ιι,
2122 3215 2231 3272 col.
2269 3216 2405 3271 1417
2437 3218 2495 3271 et
2526 3214 2672 3288 seq.)

106 3278 964 3387 f‘fffnffb‘}?,tﬁ°n£1§€‘?1fﬁaf‘°
1002 3285 1062 3334 in
1085 3279 1230 3352 pm"
1266 3295 1429 3345 mx’
1458 3283 1604 3334 tom'
1640 3278 1731 3348 IV’
1764 3280 1808 3348 θ
1846 3270 1865 3288 ι
1918 3270 2273 3387 Ergo’boves
2303 3270 2742 3381 illi,Dominum
2775 3270 3233 3386 magniﬁcabant
3262 3329 3378 3368 non
3411 3329 3497 3380 se,

109 3369 241 3438 part.
271 3382 330 3436 11,
363 3366 473 3423 col.
508 3367 650 3423 4038
679 3370 736 3423 et
767 3371 914 3440 seq.)

108 3454 272 3528 Prope
294 3460 381 3512 est
398 3455 691 3513 Dominus
712 3457 987 3513 omnibus
1006 3456 1409 3513 invocantibus
1439 3460 1734 3525 eum,etc.,

107 3558 253 3616 usque
278 3545 346 3600 ad
374 3544 609 3601 invocat
639 3545 820 3601 Deum
850 3544 911 3601 in
959 3545 1217 3601 veritate.
1248 3546 1455 3615 (Idem,
1486 3554 1642 3603 tract.
1675 3548 1739 3602 in

100 3634 219 3703 psal.
251 3651 430 3703 cxuv,
464 3638 614 3690 tom.
648 3634 745 3704 IV,
777 3639 924 3708 part.
956 3652 1018 3704 ιι,
1047 3634 1157 3691 col.
1186 3634 1345 3703 4882,
1381 3636 1566 3708 1883.)

164 3722 384 3779 lnvocat
431 3728 515 3791 te,
552 3723 814 3791 Domine,
858 3724 1004 3780 fides
1054 3740 1204 3792 mea,
1255 3728 1388 3792 etc.,
1442 3741 1612 3797 usque
1666 3725 1737 3780 ad

102 3826 217 3867 cum
259 3810 545 3869 invocabo
592 3827 748 3870 eum.
792 3813 998 3884 (Idem,
1033 3814 1127 3869 lib.
1166 3814 1451 3886 IConfes.,
1500 3818 1644 3870 tom.
1686 3818 1730 3882 Ι,

103 3897 193 3957 col.
221 3901 371 3971 661.)

160 3988 364 4046 Gratias
393 4006 504 4061 ago
533 3994 641 4048 Deo
670 4007 809 4058 meo,
840 3998 962 4060 etc.,
995 4007 1183 4064 usque
1223 3992 1294 4047 ad
1324 3991 1581 4047 adventus
1628 3993 1733 4048 Do-

98 4078 221 4133 mini
242 4082 415 4136 nostri
430 4081 560 4149 Iesu
585 4080 806 4137 Christi.
826 4081 888 4136 In
912 4097 1265 4153 quacunque
1280 4080 1375 4137 die
1395 4081 1732 4137 invocavero

96 4168 162 4232 te,
189 4171 314 4236 etc.,
345 4184 524 4241 usque
565 4168 636 4225 ad
680 4168 806 4241 ipse
852 4168 930 4225 sit
976 4173 1191 4225 noster.
1225 4168 1427 4242 (Idem.
1463 4177 1620 4225 tract.
1672 4170 1733 4224 in

93 4255 215 4325 psal.
246 4273 331 4323 ιν,
362 4262 514 4313 tom.
546 4257 637 4325 IV,
670 4261 819 4330 part.
856 4274 892 4326 I,
928 4257 1036 4314 col.
1057 4258 1206 4331 657.)

153 4342 347 4401 Fidelis
390 4346 559 4413 Deus,
591 4353 712 4414 etc.,
738 4363 926 4419 usque
966 4347 1037 4402 ad
1084 4352 1219 4404 Jesu
1267 4346 1476 4403 Christi
1509 4348 1734 4403 Domini

96 4434 267 4488 nostri.
297 4433 520 4490 Fidelis
548 4435 723 4503 Deus,
757 4435 857 4508 qui
889 4452 951 4491 se
983 4439 1249 4492 nostrum
1291 4436 1612 4492 debitorem
1644 4436 1729 4492 fe-

94 4518 175 4589 cit,
204 4525 333 4590 etc.,
364 4540 544 4596 usque
573 4523 643 4579 ad
689 4523 871 4597 gratis
920 4525 1175 4581 daretur.
1229 4524 1435 4597 (Idem,
1462 4532 1617 4581 tract.
1669 4527 1728 4580 in

88 4610 212 4679 psal.
242 4628 353 4677 c1x,
382 4617 533 4668 tom.
568 4611 659 4680 IV,
693 4617 839 4686 part.
875 4630 934 4681 ιι,
967 4612 1078 4670 col.
1114 4614 1254 4668 1445
1280 4618 1337 4669 et
1362 4616 1511 4685 seq.)

151 4697 364 4757 Obsecro
394 4710 586 4757 autem
613 4718 724 4769 vos,
751 4710 876 4769 etc.,
908 4718 1096 4775 usque
1125 4702 1199 4758 ad
1230 4704 1292 4757 in;
1315 4702 1501 4758 eadem
1546 4704 1727 4759 scien-

92 4786 175 4842 tia.
204 4788 369 4845 Multi
400 4794 574 4846 erant
602 4790 849 4864 apostoli
882 4794 941 4847 et
970 4790 1071 4846 uni
1102 4790 1319 4847 dicitur
1342 4808 1354 4846 :
1380 4793 1572 4860 Pasce,
1592 4795 1726 4858 etc.,

89 4891 234 4949 usque
255 4879 326 4935 ad
356 4879 887 4937 contristabuntur.
938 4881 1149 4949 (Idem,
1178 4898 1249 4937 ex
1276 4897 1439 4938 serm.
1488 4881 1554 4938 de
1577 4898 1727 4954 pass.

89 4968 311 5037 Domin.,
345 4973 498 5024 tom.
528 4968 599 5037 V,
624 4972 777 5043 part.
807 4987 847 5037 1,
881 4968 992 5025 col.
1021 4970 1131 5025 279
1150 4974 1209 5026 et
1238 4985 1361 5043 seq.

146 5054 527 5128 Signiﬁmtum
553 5065 632 5114 est
657 5059 808 5115 enim
834 5058 997 5127 mihi,
1028 5067 1153 5127 etc.,
1187 5075 1376 5129 usque
1401 5059 1474 5114 ad
1504 5074 1597 5130 ego
1628 5075 1727 5114 au-

91 5147 179 5197 tem
204 5145 429 5203 Christi.
466 5146 691 5219 Agebat
717 5147 1054 5220 Apostolus,
1077 5165 1150 5204 ne
1179 5147 1429 5221 quisque
1458 5146 1731 5220 gloriare-

92 5232 188 5297 tur,
209 5237 338 5299 etc.,
362 5250 540 5307 usque
559 5235 631 5291 ad
677 5236 958 5293 adversus
1005 5235 1258 5293 alterum
1288 5236 1491 5305 (Idem,
1526 5236 1622 5302 lib,
1664 5236 1730 5294 de

91 5320 251 5377 Przd.
281 5332 487 5393 sanct.,
517 5327 658 5381 tom.
687 5324 756 5394 X,
781 5329 932 5398 part.
967 5343 1006 5397 1,
1037 5324 1147 5381 col.
1180 5327 1285 5381 967
1308 5329 1366 5382 et
1393 5328 1540 5397 seq.)

150 5410 236 5466 Vae
266 5411 387 5470 illis
419 5414 523 5487 qui
553 5415 811 5471 oderunt.
829 5415 1135 5483 unitatem,
1169 5419 1305 5483 etc.,
1335 5431 1506 5488 usque
1530 5414 1601 5470 ad
1639 5419 1729 5471 est

91 5499 371 5558 vobiscum
422 5503 663 5561 Paulus.
697 5505 902 5578 (Idem,
956 5513 1112 5562 tract.
1160 5505 1229 5561 42
1276 5507 1338 5561 in
1384 5506 1588 5574 Evang.
1621 5520 1723 5560 sec.

90 5588 255 5659 10am,
285 5595 435 5648 tom.
470 5592 566 5662 III,
599 5597 752 5665 part.
786 5611 846 5662 ιι,
882 5593 992 5650 col.
1027 5594 1213 5663 1489.)

151 5677 322 5736 Nemo
363 5680 528 5737 novit
557 5680 769 5738 Filium
800 5682 914 5739 nisi
945 5684 1132 5753 Pater,
1154 5687 1286 5751 etc.,
1319 5697 1490 5752 usque
1519 5680 1588 5736 ad
1632 5681 1728 5736 in-

1847 3406 1981 3473 etc.,
2013 3418 2183 3474 usque
2210 3403 2281 3458 ad
2310 3403 2739 3459 incrementum
2769 3402 2870 3457 dat
2898 3401 3070 3459 Deus.
3106 3401 3312 3472 (Idem,
3337 3409 3496 3459 tract.

1850 3492 1935 3560 10,
1969 3494 2026 3547 in
2073 3492 2281 3562 Evang.
2329 3508 2434 3548 sec.
2485 3494 2675 3559 Joan.,
2728 3494 2870 3546 tom.
2923 3494 3026 3562 III,
3074 3493 3224 3563 part.
3277 3508 3338 3559 ιι,
3383 3489 3495 3546 col.

1845 3579 2119 3728 “giaribo
2147 3670 2334 3739 vobis,
2369 3668 2554 3738 filioli,
2587 3667 2727 3742 quia
2755 3668 3139 3726 remittuntur
3167 3667 3331 3725 vobis
3358 3684 3501 3742 pec-

1843 3763 1992 3826 cata,
2022 3763 2156 3829 etc.,
2187 3776 2359 3833 usque
2386 3759 2458 3815 ad
2491 3757 2814 3814 schismata
2843 3757 3155 3814 faciebant.
3179 3758 3371 3827 (Idan,
3385 3774 3495 3815 ser.

1846 3849 1907 3904 in
1960 3850 2116 3921 epist.
2170 3853 2361 3917 Joan.,
2418 3855 2580 3905 tract.
2629 3850 2683 3915 2,
2734 3850 2879 3902 tom.
2931 3851 3030 3915 IIl,
3070 3849 3222 3919 part.
3270 3864 3331 3915 ιι,
3385 3846 3494 3904 col.

1845 3936 2027 4010 1992.)

1913 4034 2032 4090 Hoc
2062 4032 2326 4105 ipsorum
2358 4037 2482 4089 erat
2527 4032 2833 4105 proprium
2880 4029 3225 4088 detestabile
3265 4030 3525 4088 vitium.~

1841 4122 2005 4187 Quod
2033 4138 2166 4178 vero
2197 4120 2481 4188 sciebant,
2513 4124 2647 4191 etc.,
2682 4136 2852 4192 usque
2881 4119 2952 4175 ad
2999 4136 3118 4175 non
3160 4118 3494 4175 credebant.

1841 4211 2048 4282 (Idem,
2082 4212 2181 4267 lib.
2212 4210 2279 4266 de
2307 4212 2472 4266 unico
2503 4210 2800 4281 Baptismo,
2835 4212 2978 4264 tom.
3011 4208 3130 4275 IX.)

1911 4309 2055 4365 Vide
2089 4308 2586 4382 quemadmodum
2617 4323 2869 4381 magnus
2898 4305 2996 4362 ille
3036 4304 3209 4362 miles
3255 4304 3493 4375 Christi,

1840 4402 1972 4467 etc.,
2003 4415 2173 4471 usque
2199 4399 2269 4455 ad
2298 4414 2413 4453 non
2444 4413 2647 4454 sexum
2680 4396 2884 4469 (Idem,
2918 4402 3075 4451 tract.
3111 4397 3173 4451 in
3198 4395 3340 4467 psal.
3383 4413 3493 4451 LIV.

1839 4491 1983 4543 tom.
2020 4488 2114 4550 IV,
2142 4491 2292 4560 part.
2326 4505 2367 4553 1,
2385 4485 2494 4543 col.
2523 4485 2676 4553 509.)

1909 4585 2260 4643 Illuminans
2276 4589 2338 4641 tu
2362 4583 2711 4641 mirabiliter
2730 4601 2765 4640 a
2784 4581 3085 4639 montibus
3100 4578 3494 4648 aeternis,etc.,

1757 4651 1806 4716 Ῐ)
1836 4690 2008 4747 usque
2035 4676 2105 4732 ad
2134 4674 2505 4731 illuminatus
2525 4691 2559 4730 a
2578 4673 2846 4730 Domino.
2862 4672 3067 4745 (Idem,
3084 4675 3247 4727 tract.
3267 4672 3329 4726 in
3343 4670 3491 4742 psal.

1836 4782 1997 4834 LXXV,
2026 4769 2169 4820 tom.
2203 4763 2296 4831 1V,
2330 4767 2481 4835 part.
2516 4780 2555 4830 1,
2589 4762 2701 4819 col.
2731 4762 2834 4818 961
2866 4765 2922 4819 et
2952 4777 3076 4834 seq.

1912 4861 2129 4919 Gratias
2153 4877 2256 4931 ago
2289 4865 2400 4917 Deo
2428 4875 2545 4916 meo
2572 4868 2899 4933 etc.,usque
2925 4859 2998 4915 ad
3042 4859 3220 4914 alium
3255 4864 3495 4912 vestrum

1840 4952 2251 5024 baptizaverim.
2276 4948 2509 5005 Poterat
2555 4947 2605 5002 si
2654 4946 2936 5003 voluisset
2972 4945 3259 5003 Dominus
3294 4943 3491 5013 Jesus,

1838 5044 1973 5105 etc.,
2002 5055 2175 5112 usque
2201 5038 2273 5094 ad
2296 5040 2355 5092 et
2382 5037 2606 5108 majore
2634 5034 2984 5107 baptizatur.
3018 5035 3222 5108 (Idem,
3256 5031 3495 5090 lib.vde

1835 5130 2070 5202 Baptis.,
2098 5132 2243 5184 tom.
2276 5126 2369 5195 IX,
2403 5124 2514 5181 col.
2547 5124 2652 5180 484
2682 5127 2738 5179 et
2767 5126 2914 5196 seq.)

1907 5227 2024 5283 Non
2053 5227 2201 5282 enim
2230 5224 2384 5280 misit
2403 5238 2509 5289 me,
2539 5230 2660 5288 etc.,
2686 5236 2874 5292 usque
2904 5219 2975 5275 ad
3014 5228 3304 5277 evacuetur
3352 5235 3495 5276 crux

1839 5315 2057 5373 Christi.
2078 5310 2440 5369 Miserabiles
2470 5309 2743 5366 tenebras
2769 5307 2829 5363 in
2861 5306 3058 5363 animo
3088 5307 3493 5372 humano.Qui

1837 5404 1950 5460 scit
1996 5400 2495 5475 quemadmodum
2538 5398 2746 5454 debeat
2792 5396 3020 5453 leonem
3064 5396 3323 5463 domare,
3356 5400 3491 5462 etc.,

1835 5508 2003 5566 usque
2029 5489 2100 5546 ad
2128 5489 2201 5544 ad
2219 5486 2521 5560 justitiam
2552 5486 2712 5541 omni
2739 5485 3016 5541 credenti.
3048 5486 3256 5555 (Idem,
3298 5484 3395 5538 tib.
3426 5483 3494 5539 de

1835 5587 1963 5641 Nat.
1996 5588 2048 5637 et
2079 5579 2250 5645 Grat.,
2273 5580 2418 5632 tom.
2448 5575 2517 5643 X,
2549 5579 2699 5647 part.
2732 5591 2775 5639 1,
2808 5574 2919 5631 col.
2950 5574 3101 5647 270.)

1903 5678 2029 5735 Non
2063 5692 2250 5748 usque
2272 5673 2440 5739 adeo,
2465 5674 2730 5746 inquam,
2755 5672 2887 5731 duci
2906 5689 3001 5731 me
3022 5676 3193 5746 putes
3214 5668 3491 5728 laudibus
