3896 6198
393 317 514 381 319

1613 319 1843 382 FLORI
1888 316 2202 380 DIACONI
2246 319 2630 384 MONACHI.

394 453 561 519 meis,
593 456 724 521 etc.,
758 469 930 528 usque
955 452 1025 511 ad
1056 471 1232 528 quam
1266 453 1490 510 ratione
1523 453 1804 518 redditur,
1840 453 2047 533 (Idem,
2073 452 2134 520 Α
2162 457 2297 521 etc.,
2328 471 2499 527 usque
2525 453 2596 510 ad
2621 455 2998 515 minueretur.
3035 455 3162 530 (Id.,
3191 464 3346 514 tract.
3382 458 3440 514 in
3483 457 3629 532 psal.
3681 477 3783 530 uv,

392 544 488 598 lib.
522 552 691 611 contr,
726 545 1082 610 Felicianum,
1111 550 1252 600 tom.
1282 545 1432 609 VIII,
1467 543 1574 599 col.
1613 544 1791 613 1157.)

465 633 690 688 Verbum
737 636 884 689 enim
926 637 1124 699 crucis,
1159 643 1282 700 etc.,
1326 651 1513 705 usque
1561 634 1632 687 ad
1689 632 2044 703 prudentiam

385 723 741 796 prudentium
780 725 1098 796 reprobabo.
1125 724 1182 779 Si
1217 723 1540 780 secundum
1594 722 1926 793 Scripturas
1958 737 2043 775 sa-

388 813 642 885 piamus,
677 818 995 884 etc.,usque
1025 813 1093 867 ad
1126 811 1408 884 perveniri
1445 828 1613 883 posse
1642 811 1888 865 dicatur.
1908 810 2038 882 (Id.,

387 902 486 956 lib.
519 902 582 956 de
613 903 734 957 Nat.
769 910 821 956 et
853 902 1025 968 Grat.,
1058 906 1199 956 tom.
1228 901 1291 968 X,
1328 905 1475 972 part.
1505 917 1546 965 ι,
1580 898 1689 953 col.
1725 899 1874 970 250.)

456 990 700 1046 Perdam
750 991 1099 1062 sapientiam
1153 989 1530 1061 sapientium,
1586 994 1720 1051 etc.,
1751 1005 1920 1060 usque
1972 987 2042 1042 ad

384 1079 682 1135 miseriam
734 1080 1076 1135 conﬁtentes
1129 1079 1334 1148 (Idem,
1371 1077 1466 1132 lib.
1517 1093 1552 1131 x
1592 1076 1656 1132 de
1709 1079 1868 1132 Civit.
1919 1077 2035 1144 Dei,

382 1173 523 1224 tom.
555 1169 678 1237 VII,
714 1168 818 1224 col.
855 1170 1005 1240 307.)

457 1260 555 1315 Ubi
576 1261 836 1330 sapiens?
865 1259 962 1312 ubi
991 1258 1206 1312 scriba?
1232 1257 1329 1312 ubi
1351 1258 1688 1327 conquisitor
1716 1255 1881 1325 hujus
1936 1269 2041 1311 sae-

379 1349 534 1403 culi?
551 1346 893 1402 Audivimus
914 1345 1125 1401 Filium
1141 1345 1236 1400 Dei
1261 1345 1548 1400 dicentem
1573 1361 1584 1398 :
1608 1343 2034 1410 Conﬁteortibi,

381 1441 568 1498 Pater,
603 1441 736 1498 etc.,
771 1453 938 1506 usque
967 1435 1038 1489 ad
1069 1435 1280 1489 tradita
1311 1438 1450 1489 sunt
1480 1451 1512 1488 a
1546 1434 1711 1488 Patre
1735 1449 1882 1488 meo.
1905 1433 2033 1498 (Id.,

377 1543 538 1584 δον-ιη.
572 1527 636 1581 de
665 1527 784 1582 lect.
820 1528 1051 1594 Evang.,
1084 1527 1226 1578 tom.
1262 1527 1361 1589 III,
1419 1527 1566 1594 part.
1623 1538 1680 1589 ιι,
1734 1521 1844 1576 col.
1899 1522 2036 1576 1389

380 1618 436 1671 et
466 1615 614 1687 seq.)

448 1709 638 1762 Nonne
665 1704 886 1760 stultam
914 1705 1043 1774 fecit
1074 1703 1212 1757 Deus
1243 1702 1574 1772 sapientiam
1603 1701 1762 1770 lmjus
1803 1699 2034 1754 mundi?

2153 548 2194 598 t.
2231 544 2324 610 IV,
2356 549 2504 616 part.
2539 563 2577 611 ι,
2609 544 2718 601 col.
2749 549 2900 615 788.)

2225 633 2427 688 Petrus
2459 634 2566 689 iste
2596 635 2694 706 qui
2726 634 2810 690 sic
2838 635 3098 708 loquitur
3117 636 3374 708 piscator
3396 637 3528 703 fuit,
3562 643 3782 702 etc.,us-

2153 739 2254 793 que
2282 723 2351 776 ad
2380 728 2752 778 evacuentur.
2779 725 2905 796 (Id.,
2931 743 3092 781 serm.
3116 726 3180 782 de
3209 728 3354 782 verb.
3375 729 3534 798 epist.
3559 734 3619 784 Β.
3635 729 3781 797 Petri,

2150 814 2292 867 tom.
2327 812 2393 878 V,
2429 818 2576 884 part.
2609 827 2646 880 I,
2683 813 2792 869 col.
2821 816 2928 870 256
2959 820 3015 870 et
3045 817 3192 888 seq.)

2226 903 2286 958 Ut
2317 918 2424 957 non
2455 904 2722 972 glorietur
2750 907 2929 960 omnis
2959 922 3086 961 caro
3117 909 3175 961 in
3205 915 3488 977 conspectu
3537 909 3670 978 ejus.
3700 909 3782 963 Vi-

2150 991 2280 1046 dele
2314 993 2812 1062 quemadmodum
2845 995 3013 1049 nobis
3043 994 3291 1049 abstulit
3319 995 3592 1068 gloriam,
3628 1003 3686 1051 ut
3704 999 3781 1052 da-

2151 1084 2237 1134 ret
2266 1079 2535 1152 gloriam,
2555 1086 2872 1154 etc.,usque
2889 1083 2958 1138 ad
2987 1083 3045 1138 in
3071 1083 3318 1139 Domino
3350 1083 3781 1156 glorietur.(ld.,

2149 1170 2246 1225 lib.
2308 1170 2373 1226 de
2423 1171 2550 1226 Cor.
2599 1179 2650 1228 et
2698 1171 2868 1241 Grat.,
2922 1177 3064 1228 tom.
3098 1174 3161 1241 Χ,
3197 1178 3346 1246 part.
3401 1192 3438 1242 I,
3472 1173 3586 1230 col.
3613 1177 3712 1232 933
3737 1183 3783 1232 (1

2147 1256 2295 1328 seq.)

2216 1347 2300 1400 Ex
2330 1346 2442 1416 ipso
2473 1353 2650 1401 autem
2682 1364 2792 1413 vos,
2825 1352 2959 1413 etc.,
3003 1365 3190 1420 usque
3239 1351 3310 1405 ad
3358 1352 3718 1422 sanctiﬁcatio
3745 1363 3784 1408 et

2147 1433 2458 1506 redemptio.
2492 1435 2672 1491 Filius
2702 1437 2890 1492 factus
2919 1441 3007 1492 est
3038 1437 3208 1493 nobis
3253 1455 3285 1493 a
3332 1439 3447 1494 Deo
3492 1441 3778 1511 sapientia,

2145 1528 2280 1587 etc.,
2302 1539 2472 1595 usque
2503 1524 2571 1578 ad
2606 1525 2974 1596 potissimum
3009 1525 3363 1582 insinuatur.
3397 1529 3536 1596 (Id.,
3570 1530 3664 1585 lib.
3694 1547 3781 1596 vn,

2143 1611 2207 1669 de
2244 1614 2415 1679 Trin.,
2449 1618 2591 1668 tom.
2620 1613 2775 1679 VIII,
2807 1614 2912 1670 col.
2941 1615 3093 1685 937.)

2214 1702 2293 1756 Ea
2322 1718 2492 1772 porro
2510 1702 2762 1773 justitia,
2793 1721 2920 1775 quae
2951 1703 3108 1770 vivit,
3143 1708 3278 1770 etc.,
3310 1722 3484 1778 usque
3513 1707 3584 1762 ad
3629 1708 3780 1779 plena

377 1793 599 1849 Dicitur
622 1792 938 1867 aliquando
971 1792 1029 1846 in
1053 1791 1369 1863 Scripturis
1401 1789 2033 1862 sapientia,etc.,usque
2064 1823 2110 1888 Β
2135 1791 2385 1862 justitia.
2419 1792 2554 1860 (Id.,
2583 1794 2740 1863 epist.
2793 1792 2863 1847 ad
2894 1795 3144 1848 Consent.
3175 1793 3242 1848 de
3278 1796 3501 1862 Trinit.,
3537 1800 3676 1853 tom.
3716 1803 3776 1864 II,

378 1882 446 1937 ad
479 1881 756 1954 quoniam
804 1899 964 1951 νίψω
1014 1885 1172 1936 sunt.
1228 1880 1430 1952 (Idem,
1465 1880 1560 1934 lib.
1603 1879 1668 1934 de
1694 1880 2028 1945 Pastoribus,

376 1976 518 2030 tom.
550 1971 619 2036 V,
648 1975 800 2044 part.
833 1987 873 2038 ι,
909 1968 1016 2026 col.
1048 1971 1197 2036 286.)

446 2061 737 2116 Turbetur
761 2058 930 2131 plane
962 2058 1195 2114 animus
1217 2056 1603 2122 Christianus,
1623 2071 1738 2110 non
1771 2054 2028 2122 miseria,

377 2154 694 2221 etc.,usque
724 2147 794 2202 ad
820 2146 1037 2202 doloris
1067 2146 1332 2201 amiserit
1362 2162 1622 2201 sensum.
1641 2145 1846 2212 (Idem,
1868 2152 2026 2200 tract.

373 2241 444 2294 60
500 2241 558 2294 in
609 2239 814 2307 Evang.
861 2253 968 2293 sec.
1016 2239 1205 2302 Joan.,
1256 2239 1398 2290 tom.
1455 2238 1551 2301 III,
1598 2237 1745 2306 part.
1804 2250 1864 2301 ιι,
1918 2231 2026 2288 col.

377 2328 558 2401 i798)

445 2417 583 2472 Nam
612 2418 741 2489 quia
773 2417 832 2471 in
861 2416 960 2470 Dei
986 2416 1278 2486 sapientia,
1322 2421 1446 2482 σεεν
1498 2427 1685 2482 usque
1737 2411 1808 2467 ad
1852 2413 2030 2466 salvos

372 2509 553 2578 facere
581 2505 872 2572 credentes,
906 2504 1050 2560 Cum
1086 2504 1143 2558 in
1170 2519 1344 2558 carne
1378 2501 1786 2556 manifestatus
1820 2505 1908 2555 est
1938 2500 2027 2556 Fi-

376 2596 491 2652 lius
527 2595 642 2662 Dei,
676 2599 812 2662 etc.,
846 2609 1018 2666 usque
1063 2592 1132 2647 ad
1163 2592 1452 2647 habitaret
1493 2591 1552 2645 in
1595 2589 1784 2644 nobis.
1821 2589 2026 2660 (Idem,

377 2686 472 2740 lib.
504 2685 569 2740 de
599 2686 827 2749 Trinit.,
862 2688 1002 2737 tom.
1036 2681 1186 2748 VIII,
1221 2679 1330 2737 col.
1361 2679 1509 2750 997.)

449 2775 717 2843 Quoniam
739 2772 924 2830 Judaei
949 2773 1129 2843 signa,
1149 2778 1275 2838 etc.,
1296 2785 1481 2842 usque
1503 2769 1574 2823 ad
1596 2776 1648 2824 et
1681 2769 1781 2823 Dei
1808 2769 2028 2839 sapien-

374 2865 530 2918 tiam.
553 2861 782 2930 Omnia,
806 2860 1066 2928 Domine,
1094 2860 1152 2914 in
1185 2857 1470 2931 sapientia
1500 2857 2031 2928 fecisti,etc.,usque

375 2950 444 3007 ad
466 2956 523 3007 et
556 2949 652 3007 Dei
686 2948 1054 3022 sapientiam.
1092 2949 1468 3022 (Idem,lraet.
1504 2949 1559 3001 in
1588 2947 1727 3019 psal.
1748 2949 2025 3011 cm,tom.

373 3039 469 3105 IV,
502 3043 648 3112 part.
683 3056 744 3109 ιι,
773 3037 881 3095 col.
918 3038 1099 3107 1377.)

445 3129 599 3185 Deus
628 3129 802 3184 verbo
835 3128 969 3182 fecit
1002 3125 1218 3180 omnia.
1254 3124 1463 3180 Omnia
1492 3141 1595 3196 per
1642 3123 1834 3196 ipsum
1877 3123 2030 3178 facta

2145 1879 2254 1934 coL
2288 1881 2436 1947 461)

2215 1971 2276 2026 Ut
2308 1969 2759 2041 quemadmodum
2802 1972 3066 2042 scriptum
3121 1980 3219 2039 est,
3254 1975 3352 2045 qui
3409 1975 3688 2043 gloriatur
3727 1978 3775 2033 ἐκ

2139 2061 2368 2114 Domino
2394 2060 2676 2130 glorietur.
2696 2059 2790 2116 Sie
2819 2059 2976 2115 enim
3000 2061 3102 2132 qui
3125 2061 3412 2134 gloriatur
3451 2081 3570 2119 non
3597 2067 3701 2120 nisi
3727 2068 3775 2119 in

2141 2147 2407 2212 Domino,
2433 2152 2565 2215 etc.,
2599 2165 2768 2220 usque
2797 2149 2866 2204 ad
2897 2155 3248 2222 praeceptum
3295 2157 3402 2208 est.
3441 2154 3576 2225 (Id.,
3608 2155 3696 2209 lib.
3729 2171 3774 2208 ιιι

2137 2235 2203 2292 de
2235 2235 2361 2292 Gen.
2391 2236 2461 2291 ad
2493 2237 2622 2292 litt..
2658 2242 2799 2292 tom.
2825 2243 2926 2304 III,
2959 2243 3109 2309 part.
3145 2257 3182 2306 ι,
3215 2239 3326 2295 col.
3360 2241 3516 2309 141.)

2209 2325 2279 2380 Et
2306 2325 2415 2381 hoc
2445 2329 2797 2398 praeceptum
2830 2327 3164 2383 obedienter
3193 2329 3419 2394 audire,
3455 2335 3591 2394 etc.,
3632 2347 3777 2402 usque

2138 2413 2209 2470 ad
2241 2414 2494 2470 inaniter
2525 2414 2868 2486 habet.(ld.,
2895 2417 2994 2472 lib.
3025 2417 3090 2472 de
3118 2420 3268 2473 Bono
3296 2420 3690 2485 Persev.,tom.
3720 2421 3772 2479 Χ.

2137 2509 2287 2575 part.
2325 2519 2385 2570 ιι,
2411 2503 2520 2558 col.
2550 2504 2732 2576 1015.)

2207 2593 2352 2648 Cum
2385 2592 2645 2660 dixisset,
2662 2593 3004 2649 Laudamini
3033 2595 3211 2666 (quod
3244 2597 3451 2668 utique
3493 2597 3637 2653 bene
3661 2614 3773 2669 ope-

2138 2687 2335 2743 rantes
2368 2681 2574 2737 merito
2605 2687 2870 2754 possunt)
2901 2684 3128 2738 addidit
3159 2701 3174 2738 :
3209 2685 3268 2740 In
3307 2687 3553 2742 nomine
3600 2692 3772 2742 sancto

2137 2771 2286 2841 ejus,
2319 2774 2450 2838 etc.,
2481 2786 2652 2842 usque
2681 2772 2750 2826 ad
2779 2775 2837 2827 et
2864 2771 3153 2828 laetentur.
3189 2775 3319 2844 (Id.,
3353 2783 3518 2830 tract.
3553 2778 3609 2830 in
3648 2778 3768 2848 psal.

2136 2874 2248 2925 ειν,
2279 2862 2423 2914 tom.
2459 2859 2550 2926 IV,
2585 2863 2735 2931 part.
2768 2875 2830 2930 ιι,
2861 2859 2971 2915 col.
3009 2861 3192 2931 1391.)

2794 3001 3023 3060 CAPUT
3064 3003 3130 3060 II.

2209 3128 2272 3181 Et
2298 3141 2394 3195 ego
2424 3142 2549 3181 eum
2578 3127 2843 3184 venissem
2891 3129 2961 3184 ad
3007 3145 3117 3198 vos,
3153 3133 3286 3198 etc.,
3308 3147 3504 3203 usque
3537 3132 3607 3187 ad
3633 3133 3769 3204 prin-

373 3221 532 3286 sunt,
557 3221 690 3283 etc.,
724 3232 894 3287 usque
917 3214 987 3269 ad
1027 3215 1245 3269 factum
1297 3217 1386 3269 est
1428 3194 1595 3268 nihil.
1629 3194 1833 3284 (Iidem,
1868 3219 2023 3267 tract.
2059 3194 2100 3260 (ἶ
2139 3194 2511 3287 cipumhuius
2539 3217 2735 3272 δεταιιὶ
2774 3219 2870 3290 qui
2905 3194 3280 3274 destruunturi
3311 3194 3460 3276 Vide
3509 3194 3770 3276 amatores

373 3309 435 3362 in
459 3307 600 3380 psal.
629 3321 786 3370 xvm,
819 3308 962 3358 tom.
988 3302 1083 3368 IV,
1119 3306 1266 3372 part.
1301 3318 1360 3368 ιι,
1391 3301 1498 3356 col.
1534 3301 1636 3356 158
1658 3305 1714 3356 et
1743 3304 1891 3373 seq.)

445 3395 505 3451 Si
532 3395 688 3450 enim
721 3392 883 3448 solus
914 3392 993 3446 ibi
1027 3389 1210 3446 Filius
1258 3389 1549 3462 intelligit,
1585 3393 1716 3455 etc.,
1742 3406 1912 3461 usque
1958 3388 2030 3444 ad

376 3485 530 3556 quod
561 3486 651 3538 est
681 3481 866 3537 Pater.
898 3480 1106 3547 (Idem,
1143 3479 1231 3534 lic.
1267 3496 1336 3534 xv
1365 3478 1430 3534 de
1462 3480 1678 3547 Trinit.,
1712 3483 1854 3534 tom.
1880 3477 2024 3547 VIII,

379 3571 488 3627 col.
529 3572 665 3626 1065
695 3575 750 3624 et
781 3570 929 3640 seq.)

443 3659 627 3714 Vocat
647 3657 802 3713 enim
821 3657 974 3712 Deus
992 3656 1432 3730 praedestinatos
1456 3654 1673 3711 multos
1701 3654 1851 3710 filios
1864 3672 2025 3724 suos,

373 3753 508 3814 etc.,
543 3763 709 3818 usque
738 3745 808 3801 ad
857 3749 914 3800 et
960 3744 1180 3800 vocatio
1231 3745 1353 3809 Dei,
1385 3744 1588 3812 (Idem,
1618 3745 1715 3799 lib.
1747 3743 1812 3798 de
1840 3745 2024 3801 Praed.

371 3845 570 3906 sanet,,
604 3841 745 3891 tom.
777 3833 843 3905 X,
879 3837 1024 3906 part.
1062 3851 1097 3899 I,
1137 3833 1246 3888 col.
1271 3834 1422 3902 983.)

446 3926 588 3994 Quia
634 3923 775 3996 quod
817 3923 1044 3978 stultum
1067 3929 1166 3986 est,
1199 3929 1320 3988 etc,,
1357 3936 1542 3992 usque
1593 3921 1664 3976 ad
1713 3922 1912 3985 fortius
1951 3929 2030 3977 est

373 4014 704 4070 hominibus.
739 4011 863 4066 Non
908 4011 1064 4066 enim
1097 4010 1167 4064 ad
1201 4026 1334 4064 eum
1376 4009 1474 4082 qui
1516 4008 1731 4082 ubique
1771 4027 2027 4082 praesens

373 4108 480 4170 est,
513 4107 646 4168 etc.,
672 4117 842 4173 usque
871 4100 942 4154 ad
966 4098 1422 4170 imprudentiam
1455 4115 1668 4154 meam.
1703 4099 2023 4166 (Idem,lib.

372 4191 437 4247 de
462 4193 636 4246 Doctr.
670 4191 901 4255 Christ.,
934 4193 1076 4243 tom.
1109 4193 1207 4253 III,
1238 4192 1386 4260 part.
1435 4205 1476 4253 ι,
1510 4187 1618 4243 col.
1667 4189 1758 4252 23,
1792 4193 1848 4242 et
1877 4191 2026 4261 seq.)

444 4279 577 4342 Qum
609 4277 1006 4350 imprudentia
1035 4276 1093 4330 in
1124 4277 1528 4342 Christo,etc.,
1547 4292 1716 4348 usque
1745 4276 1816 4330 ad
1847 4277 2029 4331 cruci-

373 4367 656 4423 ﬁxissent.
701 4367 780 4438 (S.
817 4368 986 4439 Aug,
1029 4374 1185 4422 tract.
1238 4368 1297 4421 in
1337 4367 1480 4437 psal.
1518 4382 1706 4428 vam,
1740 4368 1882 4419 tom.
1926 4365 2017 4434 IV,

375 4461 524 4529 part.
558 4479 592 4522 ι,
627 4455 736 4510 col.
769 4456 919 4522 849.)

2135 3302 2415 3368 veritatis,
2451 3320 2565 3358 non
2593 3304 2942 3376 accipientes
2971 3305 3032 3362 in
3063 3325 3276 3362 vanum
3313 3324 3534 3364 nomen
3568 3307 3770 3364 Domini

2137 3391 2236 3448 Dei
2271 3393 2382 3462 sui,
2415 3397 2550 3458 etc.,
2577 3410 2748 3466 usque
2775 3394 2846 3449 ad
2890 3411 3005 3450 non
3055 3397 3252 3452 cibum
3305 3399 3628 3454 mentibus.
3661 3398 3769 3468 (Id.,

2133 3499 2296 3539 serm.
2327 3483 2584 3550 Decalogi
2601 3483 2671 3538 ad
2697 3485 2982 3555 populum,
3015 3489 3158 3541 tom.
3191 3485 3258 3553 V,
3294 3492 3445 3559 part.
3483 3488 3550 3559 ι.)

2208 3571 2549 3627 Necessaria
2569 3575 2657 3627 est
2675 3573 2942 3644 purgatio
2967 3574 3181 3630 mentis
3204 3579 3435 3643 nostris,
3465 3581 3600 3645 etc.,
3626 3590 3773 3647 usque

2135 3659 2282 3802 adlet
2303 3661 2459 3819 hun)c
2481 3661 2846 3718 cruciﬁxum.
2866 3664 2996 3734 (Id.,
3017 3664 3114 3719 lib.
3131 3663 3199 3719 de
3235 3667 3456 3726 Trinit.,
3480 3672 3624 3720 tom.
3645 3664 3767 3728 VIII,

2137 3764 2202 3804 co
2234 3789 2245 3802 .
2279 3748 2404 3804 821.

2137 3748 2245 3804 col.
2279 3748 2404 3804 821.

2207 3835 2303 3892 Eis
2334 3841 2531 3892 autem
2563 3835 2934 3908 loquebatur,
2966 3843 3098 3904 etc.,
3132 3856 3300 3912 usque
3331 3840 3400 3894 ad
3447 3839 3773 3896 hominibus

2137 3923 2628 3996 loquuntur.(ld.,
2656 3926 2753 3982 lib.
2783 3941 2820 3981 ιι
2849 3926 2914 3982 de
2947 3928 3167 3994 Trinit.,
3193 3928 3767 3997 tom.VIII,coI.837.)

2207 4015 2326 4070 Hoc
2357 4018 2446 4070 est
2475 4013 2632 4070 enim
2665 4015 3058 4088 evangelizare
3089 4016 3407 4084 Christum,
3443 4023 3580 4083 etc.,
3627 4031 3773 4089 usque

2135 4104 2206 4160 ad
2235 4104 2380 4159 bene
2409 4103 2548 4158 vivit
2573 4120 2672 4174 per
2704 4103 3103 4176 Evangelium.
3137 4107 3269 4177 (Id.,
3303 4107 3426 4174 lib.,
3455 4107 3526 4162 de
3570 4106 3691 4162 Fide
3730 4112 3772 4160 α

2137 4209 2308 4264 oper.,
2340 4196 2483 4246 tom.
2518 4192 2612 4259 VI,
2639 4191 2747 4248 col.
2781 4193 2888 4247 206
2915 4197 2972 4248 et
3002 4197 3152 4266 seq,)

2205 4280 2307 4338 Sed
2337 4282 2616 4352 loquimur
2661 4283 2760 4338 Dei
2798 4285 3146 4353 sapientiam,
3181 4287 3316 4349 etc.,
3350 4301 3544 4355 usque
3587 4284 3655 4339 ad
3681 4283 3770 4338 Do-

2135 4371 2350 4426 minum
2373 4370 2569 4440 glorise
2597 4370 3018 4440 cruoiﬁxalssent.
3052 4370 3252 4426 Gratia
3297 4371 3414 4427 ista
3459 4371 3770 4428 Christiana

2139 4459 2301 4530 (quia
2322 4458 2522 4514 omnia
2536 4462 2675 4514 sunt
2695 4458 2910 4515 tradita
2926 4458 3154 4516 Christo
3175 4478 3209 4516 a
3231 4461 3398 4516 Patre
3417 4461 3572 4532 ejus)
3587 4474 3767 4516 omnes

443 4543 721 4599 Inﬁrmus
754 4560 928 4600 carne
949 4543 1141 4610 Jesus,
1163 4540 1566 4612 etc.,usquead
1587 4545 1788 4597 nostra
1808 4546 1896 4598 est
1918 4543 2030 4598 for-
2061 4564 2104 4628 D
2133 4547 2323 4613 latuit,
2357 4552 2491 4615 etc.,
2524 4563 2693 4619 usque
2721 4547 2790 4602 ad
2820 4549 3207 4604 trementibus
3254 4549 3430 4606 verba
3473 4551 3622 4621 ejus.
3655 4549 3764 4620 (Id..

373 4633 579 4690 titudo.
615 4635 746 4703 (Id.,
780 4639 943 4689 tract.
976 4634 1035 4687 in
1063 4649 1279 4700 evang,
1312 4647 1415 4685 see.
1460 4632 1617 4686 Joan.
1650 4648 1704 4696 ν,
1739 4636 1881 4685 tom.
1906 4631 2022 4700 VII,

375 4728 523 4796 part.
560 4741 618 4788 ιι,
655 4722 764 4778 col.
803 4723 982 4792 1513.)

448 4813 638 4868 Videte
685 4813 834 4868 enim
890 4811 1290 4866 vocationem...
1352 4823 1472 4880 qua:
1519 4816 1649 4863 sunt
1702 4808 2021 4866 destrueret.

375 4900 734 4957 Humiliatus
766 4905 855 4956 est
884 4898 1170 4954 Dominus
1199 4897 1491 4967 Christus,
1521 4901 1653 4960 etc.,
1678 4913 1848 4970 usque
1874 4899 1944 4953 ad
1964 4899 2024 4954 in

375 4989 616 5061 pudoris
629 5005 760 5044 arce
782 4988 1167 5043 constituunt.
1184 4985 1557 5052 (Id.,serm.de
1579 4987 2020 5059 Quinq.resurr.,

372 5081 515 5133 tom.
547 5077 614 5144 V,
651 5081 799 5149 part.
829 5093 889 5144 ιι,
925 5076 1032 5131 col.
1065 5075 1250 5146 1729.)

444 5167 634 5230 Quare
665 5171 864 5222 autem
897 5166 1084 5237 primo
1113 5161 1422 5236 ignobiles,
1457 5167 1594 5228 etc.,
1614 5180 1782 5236 usque
1811 5166 1882 5220 ad
1911 5166 2024 5221 nisi

377 5270 479 5326 per
508 5253 867 5324 superbiam.
901 5253 1030 5324 (Id.,
1055 5269 1219 5308 serm.
1251 5250 1316 5306 de
1345 5251 1515 5307 tribus
1548 5252 1745 5321 Virgis,
1777 5257 1919 5311 tom.
1955 5255 2020 5324 V,

377 5344 525 5413 part.
561 5358 620 5406 ιι,
655 5339 765 5396 col.
800 5338 928 5396 1731
975 5344 1032 5395 et
1061 5339 1208 5411 seq.)

448 5431 560 5490 Sed
584 5429 778 5485 forsan
805 5428 1022 5484 diceret
1043 5426 1277 5499 aliquis,
1295 5432 1610 5501 etc.,usque
1629 5430 1699 5485 ad
1730 5430 1876 5488 falsa
1905 5450 2022 5489 non

377 5517 506 5574 erit.
540 5518 670 5585 (Id.,
705 5517 850 5573 verb.
884 5517 1115 5585 Evang.,
1140 5521 1279 5572 tom.
1314 5521 1380 5586 V,
1415 5524 1562 5590 part.
1605 5537 1643 5585 ι,
1677 5520 1785 5576 col.
1839 5522 2022 5593 1023.)

449 5604 760 5672 Descendit
795 5602 1078 5664 Dominus
1123 5605 1274 5666 Deus
1305 5611 1503 5664 noster
1530 5609 1699 5664 Iesus
1733 5609 2021 5680 Christus,

2133 4653 2295 4693 serm.
2327 4637 2391 4691 de
2415 4637 2534 4692 lect.
2564 4652 2754 4708 euang.
2786 4641 2974 4704 leam,
3009 4642 3150 4694 tom.
3185 4641 3254 4707 V,
3288 4643 3438 4710 part.
3473 4657 3514 4709 ι,
3547 4638 3654 4694 col.
3676 4637 3766 4691 776

2135 4729 2192 4782 et
2220 4727 2376 4796 seq.)

2205 4813 2327 4870 Nisi
2353 4813 2477 4886 ipse
2503 4817 2659 4870 esset
2679 4820 2735 4871 et
2757 4814 2913 4872 ﬁlius
2931 4815 3208 4884 hominis,
3233 4821 3340 4873 etc.
3355 4833 3544 4889 ,usque
3562 4815 3630 4872 ad
3649 4829 3764 4870 cum

2132 4901 2470 4974 loqueretur
2499 4902 2559 4959 in
2590 4906 2762 4958 terra.
2789 4903 3035 4974 (Id.,lib.
3059 4921 3159 4961 xm
3191 4905 3256 4962 de
3288 4903 3762 4974 Trin.,tom.VIII,

2133 4990 2242 5048 col.
2279 4992 2416 5046 1028
2445 4995 2504 5047 et
2533 4991 2682 5063 seq.)

2204 5080 2331 5138 Una
2359 5097 2610 5153 persona
2655 5085 2749 5137 est
2797 5081 3068 5139 Christus
3114 5083 3269 5139 Deu
3315 5087 3372 5139 et
3419 5083 3616 5148 homo,
3645 5085 3758 5146 etc.,

2132 5185 2301 5242 usque
2329 5169 2398 5225 ad
2427 5186 2565 5225 cum
2595 5169 2932 5242 loqueretur
2961 5171 3018 5227 in
3051 5176 3223 5228 terra.
3259 5172 3393 5241 (Id.,
3418 5173 3513 5228 lib.
3543 5189 3582 5228 ιι
3605 5177 3756 5227 contr.

2133 5261 2394 5322 Maxim.,
2427 5262 2568 5314 tom.
2603 5258 2752 5324 VIII,
2784 5259 2892 5315 col.
2924 5260 3074 5332 781.)

2201 5347 2354 5403 Sicut
2382 5348 2648 5418 scriptum
2674 5355 2771 5413 est,
2804 5352 2936 5414 etc.,
2980 5366 3168 5422 usque
3199 5350 3273 5406 ad
3303 5352 3373 5405 iis
3399 5367 3494 5422 qui
3541 5349 3755 5416 dilith

2131 5452 2274 5492 eum.
2301 5436 2446 5507 Spes
2475 5439 2674 5492 nostra
2691 5452 2808 5492 non
2831 5437 2902 5492 de
2917 5436 3031 5494 isto
3054 5443 3334 5511 tempore,
3359 5444 3492 5505 etc.,
3515 5452 3674 5508 usque
3693 5433 3753 5489 ad

2133 5524 2204 5578 ab
2237 5523 2458 5595 origine
2489 5524 2716 5580 mundi.
2755 5526 2884 5594 (Id.,
2915 5542 3076 5582 scrin.
3110 5526 3176 5582 de
3197 5527 3395 5583 eisdem
3425 5528 3749 5597 verb.apast-.

2133 5615 2275 5668 tom.
2308 5611 2377 5679 V,
2411 5616 2562 5683 part.
2597 5630 2634 5679 ι,
2669 5613 2776 5670 col.
2808 5615 2916 5671 705
2944 5619 3003 5670 et
3032 5615 3180 5688 seq.)
