3896 6198
356 305 477 365 323

1555 302 1785 366 FLOIII
1829 301 2146 364 DIACONI
2192 299 2566 363 MUNACHI.

3648 302 3755 364 324

429 434 678 492 Interior
726 451 862 508 ergo
915 435 1196 507 magister
1244 439 1334 491 est
1383 435 1482 508 qui
1523 436 1707 492 docet.
1742 433 2010 491 Christus
2040 435 2093 502 Α
2126 437 2283 488 stum
2307 449 2478 506 usque
2506 434 2576 489 ad
2605 433 2849 490 forsitan
2895 450 3096 490 verum
3141 438 3251 490 est.
3295 434 3498 505 (Idem.
3551 431 3651 490 lib.
3699 433 3755 491 de

359 525 544 594 docet,
578 528 734 579 etc...
769 523 869 595 qui
897 522 1129 580 diabolo
1162 541 1276 580 non
1308 525 1583 596 przebant.
1617 525 1749 592 (Id.,
1774 532 1929 580 tract.
1948 526 2007 579 in

356 615 516 686 epist.
545 613 728 680 Joan.,
760 617 904 668 tom.
937 617 1036 681 III,
1070 616 1220 685 part.
1257 631 1318 681 11,
1355 612 1464 668 col.
1495 613 1678 685 2004.)

426 699 741 774 Apostolus
789 700 1127 757 discernens
1172 700 1419 756 interius
1476 702 1658 757 Deum
1711 705 2005 759 creantem

357 793 533 863 atque
565 790 936 858 formantem,
971 794 1102 857 etc.,
1147 807 1318 862 usque
1368 790 1439 846 ad
1479 794 1644 846 terrae
1695 790 2009 862 agricultu-

357 895 484 936 ram
532 878 665 949 (Id.,
701 879 797 934 lib.
845 896 909 934 111
961 879 1026 935 de
1077 881 1250 945 Trin.,
1283 885 1423 936 tom.
1460 881 1612 946 VIII,
1645 879 1752 935 col.
1798 880 1903 934 8’76
1951 882 2008 935 et

355 970 508 1040 ιθίΙο)

426 1055 486 1111 Si
535 1055 714 1114 fuerit
761 1059 964 1128 justus
1015 1056 1301 1124 minister,
1335 1060 1610 1130 computo
1660 1056 1825 1112 illum
1869 1074 2004 1114 cum

355 1143 554 1212 Paulo,
588 1149 722 1213 etc.,
756 1162 928 1217 usque
951 1144 1020 1202 ad
1054 1162 1169 1201 non
1201 1149 1396 1201 tamen
1425 1147 1713 1218 inquinat.
1744 1147 1824 1214 (S.
1856 1149 2002 1219 Aug.

353 1242 508 1290 tract.
541 1236 577 1290 5
607 1236 667 1290 in
699 1239 904 1306 Evang.
936 1251 1023 1290 sec
1048 1239 1238 1303 Joan.,
1273 1238 1415 1290 tom.
1450 1236 1551 1304 III,
1601 1240 1749 1308 part.
1800 1253 1860 1304 11,
1894 1235 2002 1291 col.

356 1323 493 1379 1418
517 1328 573 1380 et
605 1323 753 1396 seq.)

423 1411 570 1476 Quid
602 1411 830 1468 volebat
876 1412 1100 1484 Simon,
1135 1411 1247 1468 nisi
1293 1413 1522 1472 laudari
1570 1413 1629 1468 in
1682 1413 2001 1481 miraculis,

351 1505 486 1568 etc.,
515 1518 685 1573 usque
715 1501 784 1556 ad
810 1501 1096 1557 aedificare
1124 1501 1416 1573 cupiebat.
1450 1503 1581 1575 (Id.,
1599 1519 1761 1559 serm.
1787 1502 1849 1558 de
1870 1503 2000 1559 Kal.

349 1590 498 1656 Jan.,
532 1593 674 1646 tom.
705 1589 776 1660 V,
809 1594 958 1662 part.
992 1609 1033 1656 1,
1066 1589 1174 1646 col.
1210 1591 1392 1663 1024.)

420 1679 606 1750 Itaque
635 1695 805 1750 neque
834 1682 931 1750 qui
955 1680 1190 1750 plantat,
1215 1685 1347 1748 etc.,
1384 1697 1570 1752 usque
1601 1682 1672 1736 ad
1706 1684 2006 1738 incremen-

352 1775 466 1870 tum
495 1768 588 1824 dat
619 1771 784 1824 Deus.
806 1768 1020 1824 Omnes
1041 1768 1218 1870 reg-ni.
1236 1769 1395 1825 illius
1424 1769 1693 1826 homines
1723 1771 2006 1827 docibiles
2037 1806 2088 1870 Β

351 1856 453 1913 Dei
485 1860 675 1924 erunt,
710 1861 840 1924 etc.,
874 1875 1041 1930 usque
1087 1858 1157 1914 ad
1206 1858 1634 1914 incrementum
1683 1860 1784 1914 dat
1830 1860 2002 1915 Deus.

354 1946 482 2019 (Id.,
516 1954 672 2002 tract.
705 1946 776 2001 26
806 1948 866 2001 in
892 1948 1097 2018 Evang.
1129 1964 1233 2003 sec.
1264 1949 1422 2004 Joan.
1455 1953 1595 2003 tom.
1630 1949 1724 2014 III,
1751 1953 1897 2020 part.
1941 1967 2003 2015 11,

353 2033 462 2091 col.
496 2036 632 2090 1609
665 2041 722 2091 et
752 2037 901 2107 seq.)

424 2124 672 2190 Quidam
706 2129 935 2196 putant,
969 2142 1102 2181 cum
1133 2125 1367 2198 aliquos
1402 2127 1473 2181 ad
1497 2126 1790 2196 justitiam
1824 2127 2005 2199 pieta-

257 2271 261 2276 ,
353 2217 590 2285 temque
615 2213 1015 2282 exhortantur,
1049 2218 1181 2280 etc.,
1215 2232 1384 2286 usque
1423 2214 1492 2270 ad
1523 2213 1768 2271 latenter
1797 2233 2006 2288 Opera-

355 2306 533 2358 retur.
567 2302 696 2374 (Id.,
731 2303 830 2358 lib.
863 2303 929 2358 de
957 2308 1106 2359 Bono
1135 2303 1352 2371 viduit.,
1379 2309 1520 2360 tom.
1555 2303 1651 2370 VI,
1683 2305 1790 2361 col.
1825 2305 1930 2360 444
1950 2310 2006 2362 et

355 2391 505 2464 seq.)

424 2482 534 2550 Qui
587 2481 889 2553 plantat....
942 2480 1241 2536 secundum
1286 2498 1448 2536 suum
1507 2482 1766 2538 laborem.
1800 2483 2004 2539 Nescio

354 2573 555 2625 utrum
586 2570 918 2626 inveniatur
965 2569 1025 2625 in
1075 2570 1391 2642 Scripturis
1441 2570 1682 2639 dictum,
1717 2576 1781 2627 ut
1819 2589 2004 2628 unum

355 2658 492 2729 sint,
525 2662 658 2725 etc.,
690 2676 858 2733 usque
903 2659 973 2715 ad
1001 2664 1060 2716 et
1091 2677 1196 2715 nos
1237 2677 1422 2715 unum
1475 2677 1703 2716 sumus.
1736 2662 1869 2733 (Id.,
1902 2663 2001 2718 lib.

353 2747 495 2804 v1de
531 2750 703 2817 Trin.,
738 2754 882 2804 tom.
914 2748 1068 2815 VIII,
1101 2747 1210 2804 col.
1242 2749 1391 2821 926.)

424 2839 530 2893 Dei
554 2838 1076 2908 enim....ediﬁcatio
1104 2840 1250 2893 estis.
1266 2838 1646 2910 Apertissime
1668 2839 1821 2894 Deus
1840 2840 2007 2895 Pater

353 2926 543 2982 dictus
577 2931 665 2982 est
699 2927 996 2999 agricola.,
1027 2931 1164 2995 etc.,
1194 2943 1361 2999 usque
1407 2927 1477 2981 ad
1526 2928 1779 2999 agricola
1812 2933 2008 2985 noster

353 3020 460 3071 est.
493 3015 624 3087 (Id.,
651 3023 808 3070 tract.
841 3017 902 3071 in
945 3016 1088 3088 psal.
1143 3033 1291 3082 mw,
1322 3020 1463 3071 tom.
1518 3016 1611 3083 IV,
1645 3022 1793 3088 part.
1825 3035 1863 3087 1,
1893 3018 2000 3073 col.

352 3104 502 3175 802.)

2117 524 2276 579 Civit.
2310 524 2429 590 Dei,
2464 526 2605 578 tom.
2637 522 2758 589 VII,
2793 523 2902 578 col.
2933 523 3041 578 743
3070 525 3127 578 et
3156 526 3304 594 seq.)

2184 611 2447 678 Domine,
2482 629 2552 666 ne
2579 611 2638 666 in
2670 610 3069 684 indignatione
3099 628 3314 684 arguas
3339 628 3452 679 me,
3483 627 3654 683 usque
3699 611 3756 667 ad

2116 715 2188 754 ne
2229 697 2328 754 illa
2373 698 2638 771 graviora
2691 698 3007 770 patiantur.
3043 698 3246 770 (Idem,
3280 701 3338 754 in
3379 701 3528 771 psal.
3575 717 3750 766 3mm,

2115 792 2257 843 tom.
2292 787 2386 854 IV,
2420 792 2568 860 part.
2602 805 2641 854 1,
2671 786 2778 843 col.
2813 788 2920 842 389
2948 792 3005 843 et
3033 792 3182 860 seq.)

2184 878 2330 932 Aves
2373 881 2570 932 autem
2625 893 2740 932 non
2787 877 3003 932 divisit.
3035 876 3336 949 Spiritales
3383 894 3506 933 non
3560 877 3756 932 habent

2115 965 2459 1021 divisionem
2480 982 2650 1038 usque
2678 965 2747 1020 ad
2778 966 3212 1038 quodammodo
3234 965 3548 1038 eliquabit.
3568 966 3755 1037 (Idem,

2114 1055 2175 1109 in
2200 1056 2340 1126 psal.
2373 1071 2486 1124 c111,
2515 1058 2658 1111 tom.
2692 1055 2782 1121 IV,
2815 1060 2966 1126 part.
2998 1072 3059 1121 ιι,
3090 1055 3200 1111 col.
3239 1056 3379 1110 1362
3406 1060 3469 1111 et
3499 1059 3649 1126 seq.)

2185 1145 2414 1202 Nescitis
2440 1146 2537 1216 qui
2565 1145 2824 1216 templum
2852 1145 2952 1199 Dei
2979 1146 3127 1210 estis,
3157 1151 3208 1200 et
3233 1145 3466 1215 spiritus
3499 1146 3606 1199 Dei
3623 1145 3760 1199 habi-

2113 1240 2190 1289 tat
2221 1235 2280 1287 in
2298 1234 2464 1288 vobis.
2480 1233 2695 1289 Omnes
2712 1233 2902 1289 adhuc
2923 1233 3226 1298 infirmi,et
3246 1233 3576 1288 secundum
3602 1233 3758 1288 fidem

2113 1320 2483 1378 ambulantes
2526 1323 2853 1378 secundum
2909 1322 3086 1377 fidem
3137 1320 3424 1393 templum
3479 1320 3584 1376 Dei
3635 1325 3759 1376 sunt

2113 1428 2283 1483 usque
2311 1411 2380 1466 ad
2410 1411 2536 1483 ipse
2581 1410 2712 1467 illos
2761 1410 3040 1466 continet.
3073 1411 3279 1483 (Idem,
3314 1412 3376 1466 in
3417 1411 3568 1483 psal.
3604 1425 3757 1479 cxxn,

2113 1504 2252 1556 tom.
2289 1499 2384 1566 IV,
2418 1503 2566 1572 part.
2606 1517 2666 1567 11,
2700 1499 2810 1555 col.
2847 1498 3028 1569 1632.)

2185 1588 2490 1660 Suscipere
2520 1593 2575 1644 te
2607 1588 2753 1644 dicis
2784 1589 2939 1660 quod
2971 1587 3211 1660 protuli.
3235 1587 3489 1644 Nescitis
3521 1588 3763 1660 usquead

2115 1678 2251 1732 sede
2281 1677 2458 1733 efficit
2509 1678 2736 1749 dignos.
2774 1678 2976 1749 (Idem,
3011 1677 3113 1733 lib.
3147 1685 3336 1733 contra
3385 1677 3760 1747 Maximinum,

2114 1769 2254 1822 tom.
2278 1766 2428 1833 VIII,
2463 1767 2572 1822 col.
2603 1767 2711 1820 790
2741 1771 2797 1822 et
2822 1766 2968 1838 seq.)

2187 1855 2371 1910 Deum
2402 1871 2529 1910 esse
2555 1853 2835 1926 Spiritum
2885 1858 3175 1922 sanctum,
3211 1853 3520 1927 Scriptura
3563 1855 3760 1910 clamat

2114 1961 2284 2017 usque
2310 1944 2380 2000 ad
2409 1944 2466 1998 in
2500 1960 2737 2015 corpore
2767 1948 2980 2000 vestro.
3011 1944 3219 2012 (Idem,
3252 1944 3317 2000 de
3364 1946 3589 2010 Trinit.,
3629 1949 3754 2000 tom.

2115 2033 2262 2100 VIII,
2297 2032 2407 2088 col.
2436 2033 2542 2088 938
2571 2036 2627 2088 et
2657 2032 2798 2104 seq.)

2185 2121 2292 2188 Qui
2324 2120 2761 2194 supplicaturus
2792 2121 2908 2177 Deo
2941 2120 3132 2177 locum
3171 2126 3446 2178 sanctum
3495 2139 3663 2195 usque
3699 2123 3757 2179 ad

2115 2211 2194 2266 ibi
2227 2211 2470 2267 habitat.
2509 2211 2712 2282 (Idem,
2743 2210 2845 2267 lib.
2877 2211 3025 2266 Sent.
3060 2213 3335 2284 Prospcri,
3369 2216 3520 2268 tom.
3551 2213 3752 2285 X,part.

2114 2319 2174 2370 ιι,
2207 2301 2317 2356 col.
2356 2302 2538 2373 1889.)

2187 2391 2246 2445 Si
2279 2389 2477 2445 anima
2506 2390 2565 2445 in
2597 2406 2835 2462 corpore
2869 2390 3190 2448 constituta
3211 2407 3327 2446 non
3349 2391 3551 2446 solum
3583 2389 3756 2445 nullas

2115 2479 2418 2551 angustias
2447 2496 2618 2551 usque
2645 2479 2713 2534 ad
2745 2495 2847 2552 per
2888 2479 3024 2535 fidei
3058 2481 3356 2552 pietatem,
3382 2481 3592 2552 (Idem,
3614 2483 3753 2549 epist.

2113 2569 2184 2624 ad
2229 2569 2564 2637 Dardanum,
2603 2573 2740 2624 tom.
2776 2569 2848 2637 ΙΙ,
2880 2568 2987 2624 col.
3038 2570 3142 2624 837
3195 2575 3252 2625 et
3294 2586 3419 2641 seq.
3479 2575 3536 2625 et
3583 2569 3676 2625 841
3709 2574 3756 2624 et

2114 2663 2260 2729 seq.)

2184 2747 2246 2801 Si
2303 2748 2422 2818 quis
2470 2754 2653 2802 autem
2709 2747 2968 2818 templum
3014 2747 3113 2803 Dei
3159 2748 3473 2819 violaverit,
3509 2746 3756 2820 disperdat

2115 2835 2278 2890 illum
2303 2835 2585 2891 Dominus.
2622 2836 2897 2908 Templum
2922 2837 3072 2892 enim
3102 2837 3203 2890 Dei
3225 2844 3482 2892 sanctum
3512 2846 3613 2902 est,
3635 2836 3755 2910 quod

2112 2925 2242 2979 estis
2272 2940 2383 2979 vos.
2415 2923 2758 2996 Apostolum
2790 2924 2985 2980 audite
3011 2941 3182 2997 usque
3211 2925 3281 2981 ad
3310 2926 3521 2981 domui
3568 2925 3752 2999 ipsius.

2115 3012 2318 3084 (Idem,
2351 3029 2457 3068 ser.
2492 3012 2557 3068 de
2600 3013 2779 3069 decem
2823 3013 3059 3082 chordis,
3091 3019 3231 3070 tom.
3267 3014 3333 3082 V,
3370 3021 3528 3087 part.
3573 3031 3612 3080 1,
3660 3013 3754 3070 col.

2116 3104 2185 3156 86
2216 3106 2274 3158 et
2303 3101 2450 3174 seq.)

421 3192 726 3248 Secundum
754 3194 1064 3262 gratiam...
1087 3191 1228 3264 quod
1256 3201 1335 3248 est
1385 3193 1632 3248 Christus
1660 3196 1832 3250 Iesus.
1867 3194 2000 3250 Cer-
2033 3175 2076 3243 (ἶ
2184 3191 2315 3247 Jam
2347 3191 2499 3246 nosti
2533 3190 2787 3264 pretium
2820 3193 3155 3264 tuum,jam
3188 3193 3339 3248 nosti
3372 3209 3495 3265 quo
3548 3192 3754 3250 accedis

353 3285 480 3335 tum
531 3280 956 3352 propriumque
1005 3279 1302 3335 catholicae
1361 3281 1493 3335 fidei
1555 3282 2006 3339 fundamentum

355 3368 624 3424 Christus
654 3372 762 3436 est,
797 3373 931 3435 etc.,
965 3384 1135 3439 usque
1165 3369 1234 3423 ad
1266 3372 1713 3426 monstrandum
1743 3376 1849 3428 est.
1873 3373 2005 3442 (Id.,

355 3458 454 3512 lib.
488 3459 710 3512 Enchir.
743 3460 887 3512 tom.
913 3457 1009 3523 VI,
1037 3457 1146 3514 col.
1179 3459 1335 3527 233.)

429 3546 900 3601 Fundamentum
933 3547 1168 3618 quando
1201 3547 1440 3619 ponitur
1469 3549 1528 3603 in
1560 3553 1734 3615 terra,
1758 3555 1890 3618 etc.,
1916 3568 2006 3606 us-

355 3651 457 3706 que
485 3635 554 3689 ad
587 3633 686 3689 ubi
715 3634 1089 3690 aedificemur.
1125 3636 1253 3708 (Id.,
1273 3645 1430 3692 tract.
1458 3639 1517 3692 in
1543 3639 1685 3709 psal.
1709 3645 2006 3708 cxx1,tom.

355 3723 448 3789 IV,
481 3727 629 3795 part.
663 3740 724 3790 ιι,
761 3721 872 3778 col.
907 3724 1092 3796 1621.)

427 3812 589 3868 Sicut
617 3811 1069 3869 fundamentum
1103 3830 1392 3886 corporea;
1422 3815 1672 3882 fabricas,
1692 3821 2009 3890 etc.,usque

355 3901 425 3957 ad
472 3903 679 3958 crescit
723 3902 976 3959 exordio.
1013 3903 1142 3975 (Id.,
1174 3903 1326 3961 Sent.
1359 3911 1550 3978 Prosp.
1603 3911 1744 3963 tom.
1795 3909 1861 3975 X,
1896 3907 2004 3965 col.

357 3993 542 4060 1868,)

423 4081 486 4137 Si
516 4083 639 4154 quis
661 4090 844 4138 autem
869 4083 1334 4155 superwdiﬁcat...
1381 4086 1711 4142 sacerdotem
1759 4089 2005 4159 accipiet.

354 4171 567 4227 Beatus
600 4171 806 4227 Petrus
839 4172 1361 4244 apostolus,sciens
1374 4179 1686 4247 etc.,usque
1704 4175 1776 4231 ad
1795 4180 2008 4232 aeterno

353 4259 489 4332 igne
517 4262 902 4332 torquebitur.
938 4263 1066 4332 (Id.,
1101 4264 1197 4319 lib.
1232 4263 1296 4320 de
1325 4264 1442 4319 Fid.
1465 4273 1517 4321 et
1546 4264 1885 4336 Oper.,tom.
1909 4265 2006 4332 VI,

356 4347 465 4405 col.
500 4351 608 4404 212
637 4352 694 4405 et
725 4355 873 4422 seq.)

425 4439 753 4511 Antequam
783 4439 978 4496 veniat
1007 4440 1131 4497 dies
1160 4441 1542 4497 dedicationis
1572 4443 2008 4512 domus,videa-

2115 3296 2285 3352 usque
2314 3280 2385 3335 ad
2413 3281 2568 3352 quod
2601 3279 2743 3336 estis
2775 3298 2896 3336 vos.
2933 3281 3136 3354 (Idem,
3166 3298 3329 3337 serm.
3361 3283 3427 3338 de
3460 3285 3640 3340 verbis
3669 3285 3757 3338 Do-

2114 3371 2261 3425 mini
2288 3371 2350 3424 in
2381 3377 2582 3437 monte,
2619 3374 2761 3425 tom.
2797 3370 2891 3437 ΙΙΙ,
2919 3375 3069 3442 part.
3098 3388 3136 3438 1,
3171 3369 3280 3426 col.
3307 3371 3498 3444 1276.)

2188 3458 2493 3531 Apostslus
2515 3458 2654 3514 dicit
2678 3475 2691 3514 :
2717 3457 3028 3531 Templum
3053 3459 3210 3515 enim
3237 3460 3340 3515 Dei
3361 3465 3639 3516 sanctum
3661 3461 3753 3528 est,

2118 3548 2273 3622 quod
2294 3549 2437 3604 estis
2457 3565 2559 3604 vos
2581 3565 2748 3620 usq-ue
2773 3548 2842 3603 ad
2864 3549 3139 3604 societate
3158 3549 3416 3622 disjungi
3427 3555 3548 3606 tur.
3571 3551 3752 3622 (Idem,

2119 3641 2179 3694 in
2206 3639 2346 3710 psal.
2381 3655 2434 3702 ιι,
2466 3642 2608 3692 tom.
2634 3637 2726 3705 lV,
2762 3641 2911 3708 part.
2945 3655 2984 3703 1,
3013 3637 3122 3693 col.
3159 3639 3264 3693 135
3292 3643 3349 3694 et
3379 3639 3533 3711 seq.)

2188 3726 2312 3782 Duo
2345 3730 2485 3782 sunt
2533 3731 2818 3799 praecepta
2866 3729 2922 3782 et
2971 3727 3085 3782 duo
3130 3743 3345 3799 genera
3394 3733 3752 3800 peccatorum

2118 3832 2288 3889 usque
2333 3815 2403 3870 ad
2450 3832 2552 3887 per
2597 3815 3109 3888 intemperantiam
3155 3815 3538 3872 vulneratur?
3569 3817 3753 3885 (Idem,

2115 3923 2278 3962 serm.
2301 3905 2365 3961 de
2393 3906 2754 3962 Conuersione
2775 3913 2969 3976 apost.,
2990 3908 3132 3961 tom.
3165 3904 3231 3973 V,
3253 3910 3404 3976 part.
3433 3923 3475 3975 1,
3513 3903 3748 3962 001.1271

2117 3999 2174 4050 et
2204 3995 2349 4066 seq.)

2189 4084 2402 4140 Verum
2418 4081 2704 4154 templum
2721 4081 2821 4138 Dei
2840 4082 3216 4154 agnoscimus
3228 4098 3398 4154 usque
3414 4083 3488 4138 ad
3506 4086 3754 4138 mortuus

2117 4176 2206 4229 est
2234 4189 2336 4244 pro
2368 4176 2442 4227 te.
2475 4171 2681 4240 (Idem,
2715 4173 2775 4227 in
2818 4173 2962 4243 psal.
3013 4188 3161 4240 χειν,
3195 4176 3338 4227 tom.
3372 4171 3472 4241 IV,
3509 4177 3654 4245 part.
3702 4187 3754 4240 ιι,

2117 4260 2224 4317 col.
2260 4262 2399 4316 1220
2428 4264 2484 4315 et
2514 4263 2659 4332 seq.)

2186 4351 2350 4406 Nemo
2379 4366 2436 4405 se
2463 4348 2685 4405 seducet
2712 4365 2899 4420 usque
2931 4350 3002 4404 ad
3025 4351 3286 4420 quoniam
3304 4365 3467 4407 vanae
3502 4358 3648 4407 sunt.
3679 4348 3754 4403 'I‘u

2118 4439 2307 4495 nescis
2337 4437 2718 4510 cogitationes
2748 4437 2849 4494 Dei
2880 4438 3158 4510 quoniam
3197 4439 3368 4510 justas
3420 4445 3564 4494 sunt
3605 4453 3758 4509 usque

355 4541 490 4580 mus
523 4524 664 4596 quia
685 4525 811 4596 jam
841 4526 1176 4582 dedicatum
1208 4530 1297 4583 est
1328 4532 1504 4600 caput
1535 4532 1848 4597 nostrum.,
1873 4533 2007 4599 etc.,
2039 4543 2088 4609 ι)
2118 4528 2187 4584 ad
2210 4545 2334 4600 quae
2367 4525 2662 4599 sapientes
2682 4532 2840 4583 sunt.
2861 4527 3143 4600 (Idem,in
3165 4529 3307 4600 psal.
3333 4545 3492 4593 x0111,
3519 4525 3752 4592 tom.IV,

356 4630 527 4686 usque
554 4613 626 4668 ad
655 4615 726 4669 ad
759 4615 1019 4671 dextram
1051 4615 1258 4672 Patris.
1293 4616 1373 4688 (S.
1407 4618 1555 4689 Aug.
1590 4618 1650 4672 in
1674 4619 1817 4689 psal.
1851 4637 2004 4687 xxv1,

355 4707 499 4758 tom.
525 4701 617 4772 IV,
642 4703 748 4760 col.
782 4706 938 4774 204.)

429 4791 612 4865 Ligna
643 4793 880 4866 quippe,
914 4797 970 4849 et
1001 4794 1223 4859 fenum,
1259 4798 1316 4848 et
1347 4793 1567 4866 stipula
1597 4811 1713 4850 non
1757 4796 2009 4854 absurde

358 4881 541 4953 accipi
598 4887 848 4953 possunt
903 4900 1099 4939 rerum
1156 4881 1524 4938 saecularium
1579 4900 1750 4956 usque
1807 4886 1877 4941 ad
1949 4887 2008 4942 in

359 4967 555 5042 ignem
587 4975 889 5026 internum.
928 4972 1134 5044 (Idem,
1166 4971 1475 5035 Enchirid.,
1506 4975 1645 5028 tom.
1680 4972 1774 5040 VI,
1806 4975 1912 5030 264
1955 4981 2012 5033 et

361 5058 511 5130 seq.)

431 5147 558 5202 Non
588 5147 701 5204 sibi
736 5149 1077 5220 polliceatur
1127 5149 1540 5222 unusquisque
1586 5151 1811 5208 habens
1860 5153 2012 5210 facta

360 5233 585 5289 nefaria
613 5251 781 5306 usque
801 5237 871 5292 ad
892 5254 993 5310 per
1012 5237 1290 5293 idoneum
1313 5238 1784 5295 fundamentum.
1800 5241 2007 5311 (Idem,

363 5324 423 5378 in
448 5323 590 5394 psal.
628 5340 789 5393 Lxxx,
822 5330 966 5382 tom.
999 5326 1093 5394 IV,
1118 5332 1267 5400 part.
1302 5343 1365 5394 ιι,
1398 5327 1507 5383 col.
1539 5329 1674 5384 1043
1705 5333 1763 5385 et
1791 5332 1938 5403 seq.)

430 5411 495 5466 Si
521 5413 676 5484 cujus
724 5430 857 5485 opus
908 5416 1110 5470 arserit
1157 5415 1543 5472 detrimentum
1585 5420 1829 5489 patietur
1848 5438 1867 5475 .'
1899 5422 2013 5492 ipse

360 5516 472 5554 non
499 5499 681 5556 salvus
709 5504 836 5568 erit,
867 5504 949 5556 sic
977 5509 1158 5558 tamen
1205 5505 1365 5576 quasi
1406 5521 1506 5576 per
1553 5507 1754 5576 ignem.
1787 5507 2014 5564 Habent

431 5590 579 5647 Sunt
607 5587 945 5662 Christiani,
979 5590 1248 5652 catholici
1303 5592 1363 5652 in
1416 5594 1796 5652 fundamento
1846 5595 2012 5655 Chri-

2117 4621 2266 4691 part.
2302 4634 2339 4679 1,
2375 4616 2482 4672 col.
2520 4617 2701 4688 1202.)

2189 4705 2296 4770 Qui
2329 4705 2422 4760 hic
2471 4704 2622 4760 beati
2675 4722 2823 4773 esse,
2853 4709 2909 4760 et
2939 4723 2972 4760 a
3002 4705 3212 4778 seipsis
3263 4705 3417 4761 beati
3469 4706 3592 4762 fieri
3625 4703 3754 4760 mira

2117 4794 2372 4850 vanitate
2399 4793 2728 4860 voluerunt,
2762 4793 2946 4849 irrisit
2974 4794 3084 4849 hos
3113 4795 3326 4850 veritas
3354 4811 3528 4866 usque
3572 4793 3640 4848 ad
3674 4808 3755 4848 sa-

2119 4883 2398 4958 pientiam
2425 4883 2604 4954 hujus
2629 4883 3186 4952 mundi.(ldem,lib.
3210 4883 3275 4940 de
3301 4885 3462 4939 Civit.
3489 4885 3609 4950 Dei,
3625 4888 3749 4938 tom.

2119 4975 2241 5041 VII,
2275 4972 2386 5028 col.
2418 4974 2575 5035 618.)

2188 5062 2375 5118 Nolite
2405 5060 2661 5135 gloriari,
2687 5065 2744 5118 et
2768 5060 2944 5118 nolite
2974 5061 3139 5134 loqui
3170 5060 3400 5119 excelsa
3423 5078 3593 5136 usque
3622 5059 3686 5115 ad
3703 5060 3749 5113 et

2120 5150 2324 5208 abillo
2356 5168 2471 5207 non
2513 5155 2674 5207 sunt.
2726 5151 2929 5224 (Idem.
2979 5151 3045 5208 de
3096 5151 3259 5208 Civit.
3310 5153 3429 5220 Dei,
3480 5148 3744 5210 tom.VII,

2120 5240 2230 5302 col.
2260 5243 2366 5296 528
2395 5244 2453 5296 et
2483 5242 2633 5312 seq.)

2190 5331 2354 5386 Nemo
2401 5330 2584 5400 itaque
2623 5329 2891 5398 glorietur
2935 5331 2995 5385 in
3040 5329 3374 5398 hominibus,
3396 5331 3580 5386 omnia
3617 5325 3744 5381 enim

2118 5428 2293 5475 vestra
2323 5427 2471 5484 sunt,
2501 5419 2615 5473 sive
2641 5419 2868 5486 Paulus,
2891 5420 3004 5475 sive
3034 5419 3254 5490 Apollo,
3277 5421 3390 5475 sive
3419 5418 3638 5491 Cephas,
3649 5414 3744 5470 sive

2119 5507 2378 5576 mundus,
2409 5509 2522 5563 sive
2549 5509 2680 5572 vita,
2709 5509 2822 5563 sive
2847 5524 3013 5576 mors,
3045 5509 3157 5564 sive
3180 5510 3505 5582 praesentia,
3534 5509 3642 5563 sive
3665 5505 3742 5576 fu-

2121 5604 2266 5655 tura.
2300 5597 2503 5658 Omnia
2559 5596 2709 5654 enim
2765 5603 2941 5655 vestra
2990 5604 3139 5671 sunt,
3173 5613 3262 5658 vos
3318 5603 3501 5657 autem
3543 5591 3740 5654 Christi.
