3896 6198
105 306 218 426 ’ω

109 586 321 643 niuntur
348 598 526 638 unum
558 579 696 647 duo,
714 584 834 637 tres
855 589 1109 654 quatuor
1136 597 1305 654 usque
1331 581 1401 636 ad
1431 580 1718 637 mercedis

108 673 335 731 nomine.
364 670 568 743 (Idem,
600 674 747 726 tom.
781 669 878 740 VI,
909 669 1018 725 col.
1053 670 1167 742 39.)

165 762 295 819 Cum
322 759 540 816 dictum
569 758 975 827 est,Quoniam
1001 763 1155 815 Deus
1177 758 1420 832 spiritus
1441 763 1531 816 est
1550 775 1722 832 usque

108 852 167 910 ad
193 851 308 924 ipsa
332 846 630 905 connexio.
664 847 870 920 (Idem,
902 864 1066 905 serm.
1099 848 1164 905 de
1190 848 1325 906 Fide
1370 856 1421 906 et
1461 848 1718 921 symbol.,

107 948 230 999 tom.
258 937 349 1006 VI,
378 936 486 994 col.
521 937 668 1006 192.)
1058 940 1067 943 ‘

712 1025 943 1083 CAPUT
984 1026 1078 1082 IV.

166 1119 247 1175 Sic
269 1133 362 1174 nos
385 1117 657 1173 existimet
683 1116 840 1172 homo
866 1132 1056 1189 usque
1092 1116 1163 1174 ad
1213 1118 1336 1189 quis
1383 1117 1718 1173 inveniatur.

108 1208 455 1281 Dispensator
481 1204 654 1278 plane
682 1203 892 1262 salutis
922 1210 1149 1262 aeterne
1185 1222 1357 1279 usque
1384 1205 1456 1261 ad
1484 1222 1720 1261 mensu-

110 1315 215 1355 ram
254 1293 402 1352 ﬁdei.
453 1295 659 1367 (Idem,
691 1295 846 1366 epist.
892 1294 963 1350 ad
1007 1294 1297 1361 Audacem,
1329 1297 1471 1350 tom.
1506 1294 1575 1362 ΙΙ,
1609 1291 1721 1349 col.

110 1387 226 1443 1076
252 1390 304 1441 et
332 1386 480 1456 seq.)

164 1475 293 1534 Mihi
318 1481 501 1529 autem
524 1488 628 1545 pro
653 1473 886 1529 minimo
910 1479 989 1528 est
1028 1488 1217 1545 usque
1267 1471 1339 1528 ad
1382 1474 1495 1543 Qui
1539 1480 1726 1527 autem

97 1566 288 1639 judicat
311 1578 396 1618 me
421 1564 686 1618 Dominus
708 1560 1226 1634 est.Unusquisque
1254 1560 1410 1618 enim
1433 1577 1537 1634 pro
1558 1577 1620 1617 se
1640 1577 1727 1616 ra-

104 1656 296 1711 tionem
322 1652 525 1708 reddet
553 1667 723 1723 usque
744 1650 813 1706 ad
835 1650 948 1707 nisi
971 1650 1213 1723 spiritus
1234 1649 1721 1723 hominis.(Idem,

105 1750 228 1801 tom.
255 1741 347 1809 Vl,
377 1739 489 1797 col.
523 1740 634 1814 46.)

902 357 1312 423 EXPOSITIO
1352 357 1432 421 IN
1479 356 1648 420 EPP.
1692 359 1952 423 PAULI.
1984 392 2061 403 —
2090 356 2214 421 EP.
2260 358 2286 421 Ι
2326 363 2431 424 ΑΙ)
2474 363 2653 427 COR.

112 496 328 556 Christus
354 499 531 548 autem
576 493 697 548 Dei.
732 492 791 548 Si
826 508 859 548 a
888 491 1076 565 capite
1126 495 1526 561 numerentur,
1562 492 1719 549 inve-
1747 496 1805 564 Α

3359 367 3481 429 326

1905 494 2054 565 Quia
2100 496 2463 566 spectaculum
2510 498 2645 569 facti
2688 514 2878 554 sumus
2924 499 3127 557 mundo
3173 516 3362 573 usque
3404 500 3479 558 ad

1825 584 2074 638 omnium
2099 585 2405 655 peripsema
2434 602 2603 659 usque
2629 585 3477 661 adhuc.0pprobrium,inquit,

1827 669 2128 744 insipienti
2159 672 2369 730 dedisti
2392 691 2485 730 me
2510 691 2682 747 usque
2703 676 2772 732 ad
2799 676 2845 733 si
2871 693 2985 733 non
3008 677 3474 750 frangor.(ldem,

1827 761 1890 815 in
1912 761 2057 833 psal.
2090 779 2325 833 xxxvm,
2357 767 2501 819 tom.
2536 764 2627 833 IV,
2662 769 2885 837 parta,
2920 765 3026 821 col.
3060 765 3208 839 426.)

1896 853 2020 908 Non
2049 858 2110 906 ut
2138 852 2471 924 confundam
2503 870 2595 909 vos
2639 855 2758 911 haec
2800 855 2998 925 scribo,
3032 872 3219 928 usque
3267 856 3339 913 ad
3387 856 3478 914 sed

1829 938 1891 993 in
1918 940 2165 995 veritate.
2199 939 2361 1004 Quod
2392 940 2704 997 Psalmista
2723 941 2867 998 dicit
2886 959 3055 1016 usque
3078 943 3148 998 ad
3169 960 3297 1000 esse
3319 945 3475 1018 quod

1830 1026 1932 1082 Dei
1982 1030 2089 1083 est.
2127 1028 2333 1101 (Idem,
2364 1031 2426 1085 in
2466 1031 2609 1103 psal.
2662 1047 2866 1100 Lxxvn,
2915 1036 3057 1088 tom.
3105 1031 3200 1103 IV,
3250 1038 3399 1106 part.
3434 1049 3475 1104 I,

1829 1113 1938 1171 col.
1969 1114 2119 1188 992.)

1903 1205 2046 1273 Quid
2076 1206 2242 1262 vultis
2267 1209 2290 1262 Ρ
2319 1207 2383 1261 In
2413 1207 2571 1277 virga
2598 1209 2812 1264 veniam
2834 1209 2903 1265 ad
2922 1226 3113 1278 vos,an
3135 1213 3196 1266 in
3215 1213 3480 1269 charitate

1829 1301 1880 1348 et
1909 1295 2112 1366 spiritu
2140 1295 2622 1353 mansuetudinis?
2641 1296 2902 1354 Visitabo
2925 1298 2983 1354 in
3012 1300 3177 1372 virga
3207 1300 3481 1373 iniquita-

1831 1385 1917 1438 tes
1949 1398 2151 1438 eorum
2184 1400 2352 1457 usque
2380 1385 2450 1441 ad
2474 1386 2661 1459 perire
2691 1388 3002 1459 praedonis.
3035 1389 3305 1461 (Idem,in
3330 1392 3474 1463 psal.

1832 1486 2099 1528 Lxxxvm.
2132 1476 2275 1529 tom.
2311 1473 2405 1543 IV,
2434 1478 2583 1548 part.
2617 1493 2693 1545 ιν,
2728 1474 2837 1532 col.
2874 1477 3005 1533 1331
3040 1482 3097 1534 et
3119 1482 3267 1551 seq.)

2488 1625 2720 1682 CAPUT
2755 1628 2823 1683 V.

1904 1736 2138 1795 Omnino
2166 1739 2391 1797 auditur
2418 1758 2605 1814 usque
2635 1744 2705 1799 ad
2737 1745 2961 1801 Domini
2977 1749 3154 1803 nostri
3170 1752 3305 1806 Jesu
3324 1750 3483 1806 Chri-

167 1831 295 1890 Mihi
325 1834 521 1887 autem
552 1829 867 1886 minimum
897 1833 988 1887 est
1013 1846 1183 1903 usque
1225 1830 1297 1885 ad
1342 1829 1496 1885 Deus
1545 1844 1723 1902 quam
1755 1877 1801 1905 η
1832 1828 1924 1882 sti.
1959 1827 2107 1894 Quid
2152 1828 2384 1886 crudele
2416 1831 2644 1904 Moyses
2692 1837 2794 1889 aut
2842 1835 3161 1905 mandavit,
3195 1841 3299 1893 aut
3347 1839 3483 1895 fecit

109 1939 213 1996 ego.
245 1921 443 1994 (Idem,
475 1922 539 1975 in
562 1919 707 1992 psal.
739 1936 928 1988 xxxvu,
961 1923 1112 1991 part.
1145 1936 1183 1984 ι,
1218 1918 1328 1975 col.
1361 1918 1511 1990 394.)

165 2009 344 2066 Sancti
372 2007 786 2082 praedicatores
806 2007 968 2064 verbi
996 2007 1097 2064 Dei
1129 2010 1187 2063 et
1217 2006 1329 2080 ipsi
1361 2007 1610 2079 abyssus
1639 2022 1730 2061 us-

110 2116 197 2173 que
217 2098 280 2155 ad
307 2097 430 2172 ipse
460 2096 789 2171 ignorabat.
824 2096 1026 2169 (Idem,
1059 2112 1128 2153 ea:
1162 2104 1395 2152 tractatu
1439 2096 1578 2168 psal,
1609 2111 1722 2163 xu,

111 2195 231 2245 tom.
262 2186 349 2256 IV,
380 2189 536 2260 part.
569 2203 609 2253 ι,
641 2184 728 2242 col
759 2186 907 2254 473.)

167 2276 294 2334 Mihi
323 2275 641 2332 minimum
670 2290 841 2348 usque
863 2274 935 2330 ad
965 2273 1214 2330 salutem
1232 2274 1724 2342 vestram.(Idem,

109 2370 159 2423 in
180 2366 305 2440 psal.
336 2381 507 2432 chu,
536 2368 680 2420 tom.
715 2363 806 2431 IV,
838 2366 988 2435 part.
1022 2378 1083 2433 ιι,
1111 2362 1221 2419 col.
1253 2363 1424 2432 1851;
1458 2367 1515 2419 et
1557 2378 1722 2419 serm.

107 2458 183 2523 50,
208 2456 267 2511 de
294 2454 443 2512 νει-ὁ.
476 2454 711 2524 Evang.,
742 2456 884 2509 tom.
914 2451 1007 2521 V.)

166 2545 335 2618 Itaque
360 2545 533 2601 nolite
561 2550 688 2599 ante
711 2551 921 2616 tempus
940 2541 1196 2615 judicare
1233 2558 1420 2614 usque
1464 2541 1535 2597 ad
1584 2557 1727 2596 unus

109 2635 333 2691 adversus
360 2634 601 2689 alterum
629 2633 853 2703 infletur
865 2646 968 2704 pro
998 2632 1131 2688 alio.
1162 2631 1513 2703 Plerumque
1544 2630 1601 2685 in
1634 2629 1728 2686 his

112 2727 286 2780 nostra
311 2721 628 2779 credulitas
656 2720 879 2777 fallitur
905 2736 1076 2793 usque
1103 2719 1173 2776 ad
1211 2719 1455 2776 venialis
1501 2722 1591 2775 est
1618 2718 1727 2774 hu-

112 2830 263 2870 mana
306 2811 574 2868 tentatio.
626 2811 834 2882 (Idem,
866 2812 928 2865 in
954 2811 1137 2877 Joan.,
1170 2813 1315 2866 tom.
1350 2808 1447 2877 III,
1480 2812 1630 2882 part.
1664 2825 1727 2875 ιι,

112 2902 203 2958 col.
230 2901 403 2975 4859,)

168 2991 423 3048 Nondum
454 2989 775 3047 revelatum
803 2993 893 3046 est
903 2987 1345 3061 judicium.Nox
1365 2991 1456 3044 est
1474 3004 1645 3061 usque
1661 2987 1732 3043 ad

112 3099 196 3138 cor
218 3085 381 3137 tuum
412 3097 531 3137 nox
556 3083 667 3137 est.
698 3079 972 3151 (Idem,in
994 3079 1192 3152 psal.c,
1225 3081 1367 3134 tom.
1392 3076 1484 3144 IV,
1509 3081 1727 3150 part.n,

107 3169 201 3229 col.
232 3170 407 3245 1291.)

1754 1877 1803 1942 Β

1836 1933 2003 1989 usque
2036 1917 2105 1973 ad
2136 1922 2199 1973 ut
2229 1918 2526 1976 discerent
2551 1937 2668 1977 non
2700 1921 3129 1996 blasphemare.
3163 1926 3342 1999 (Idem
3374 1926 3478 1986 lib.

1834 2013 2023 2062 contra
2053 2008 2333 2079 Faustum,
2366 2011 2507 2065 tom.
2540 2009 2694 2079 VIII,
2727 2011 2835 2068 col.
2870 2014 3017 2086 452.)

1908 2095 2102 2168 Magni
2129 2099 2185 2152 et
2213 2096 2400 2153 sancti
2429 2097 2535 2153 viri
2569 2098 2670 2171 qui
2685 2101 2810 2172 jam
2838 2101 3056 2174 optime
3077 2104 3295 2161 scirent
3313 2122 3484 2179 usque

1833 2183 1906 2239 ad
1952 2188 2020 2239 ut
2067 2184 2265 2240 anima
2313 2185 2473 2243 salva
2521 2188 2618 2243 sit.
2652 2188 2854 2258 (Idem,
2885 2191 2951 2247 de
2976 2208 3138 2249 sema.
3170 2195 3394 2252 Domini
3422 2198 3483 2253 in

1834 2280 2035 2339 monte,
2067 2272 2339 2343 tomilll,
2373 2277 2522 2346 part.
2557 2290 2596 2343 ι,
2624 2274 2733 2331 col.
2769 2277 2909 2332 1262
2937 2280 2994 2334 et
3022 2280 3168 2353 seq.)

1906 2362 2021 2418 Non
2051 2370 2131 2418 est
2161 2364 2299 2418 bona
2327 2363 2586 2433 gloriatio
2622 2372 2821 2421 vestra.
2857 2366 3081 2424 Nescitis
3129 2370 3263 2441 quia
3307 2370 3484 2428 modi-

1835 2468 1959 2507 cum
1983 2454 2311 2523 fermentum
2342 2459 2505 2509 totam
2539 2470 2779 2511 massam
2823 2459 3166 2530 corrumpit?
3194 2459 3341 2527 Quid
3372 2460 3487 2518 sibi

1834 2538 1959 2596 vult
1981 2544 2183 2596 tantus
2213 2540 2374 2596 furor
2401 2542 2783 2614 separationis
2831 2561 3001 2617 usque
3027 2546 3098 2602 ad
3128 2547 3200 2603 ab
3230 2548 3488 2607 Eeclesia

1838 2629 2063 2685 unitate
2110 2629 2443 2687 discedunt.
2494 2631 2700 2701 (Idem,
2734 2631 2834 2689 lib.
2868 2633 2932 2690 de
2974 2638 3136 2693 unico
3185 2641 3482 2711 Baptismo,

1837 2722 1981 2774 tom.
2014 2718 2105 2785 IX,
2137 2717 2246 2774 col.
2277 2720 2384 2774 608
2413 2723 2470 2775 et
2499 2720 2647 2793 seq.)

1908 2809 2220 2880 Expurgate
2250 2816 2401 2864 vetus
2431 2811 2761 2881 fermentum
2808 2828 2997 2885 usque
3046 2814 3118 2869 ad
3168 2816 3485 2873 immolatus

1838 2904 1918 2953 est
1976 2896 2240 2953 Christus.
2293 2896 2534 2968 Pascha,
2590 2898 2818 2968 fratres,
2860 2917 2977 2956 non
3034 2901 3187 2958 sicut
3244 2903 3485 2975 quidam

1841 2985 2179 3043 existimant
2209 2986 2474 3042 Graecum
2508 3004 2721 3044 nomen
2753 2993 2843 3044 est
2868 3006 3038 3062 usque
3085 2990 3155 3046 ad
3200 2993 3486 3050 transitus

1841 3078 2055 3132 noster.
2090 3074 2291 3148 (Idem,
2326 3078 2382 3131 in
2415 3077 2572 3134 Joan.
2622 3080 2765 3134 tom.
2800 3077 2895 3148 III,
2930 3083 3078 3152 part.
3110 3097 3172 3149 ιι,
3204 3080 3313 3137 col.
3350 3083 3487 3139 1784

1839 3169 1898 3223 et
1926 3164 2073 3238 seq.)

164 3261 280 3318 Non
308 3260 465 3317 enim
497 3258 722 3316 scimus
750 3256 1027 3315 mortales
1056 3257 1249 3314 corda.
1268 3254 1608 3313 mortalium
1634 3272 1730 3312 us-
1759 3246 1803 3316 C
1910 3253 2209 3310 Innovatio
2239 3256 2327 3310 est
2356 3253 2481 3309 vita
2504 3256 2811 3312 nostraa.Et
2830 3260 2920 3313 est
2942 3257 3182 3330 quidam
3202 3260 3487 3318 transitus

107 3366 196 3423 quc
218 3350 282 3407 ad
309 3350 380 3407 ab
413 3349 545 3421 ipso
583 3346 1019 3404 illuminabitur
1064 3347 1201 3404 Deo.
1246 3347 1448 3417 (Idem.
1480 3346 1726 3413 Enchir.,

106 3443 229 3495 tom.
258 3439 351 3507 VI,
384 3436 498 3495 col.
527 3436 678 3510 288.)

165 3527 367 3584 Notitia
398 3527 587 3583 nostri
608 3525 819 3582 certior
840 3524 1001 3581 intus
1023 3524 1239 3593 est,ubi
1262 3541 1430 3597 usque
1449 3524 1520 3580 ad
1541 3539 1730 3595 neque

109 3621 228 3673 tunc
272 3616 504 3690 poterit.
554 3614 759 3685 (Idem,
790 3613 861 3670 ad
903 3614 1171 3681 Italicam,
1204 3617 1345 3669 tom.
1380 3613 1449 3682 II,
1482 3612 1592 3669 col.
1625 3613 1731 3669 318

109 3710 155 3760 et
178 3709 315 3779 seq.)

166 3795 243 3851 Ita
263 3795 417 3850 Deus
447 3792 622 3849 nobis
651 3791 760 3848 erit
788 3795 962 3847 notus
993 3795 1168 3863 atque
1188 3790 1542 3865 conspicuus
1561 3807 1731 3862 usque

110 3882 167 3938 ad
183 3882 522 3939 seculorum
546 3880 874 3937 laudabunt
892 3885 968 3936 te.
992 3880 1197 3952 (Idem,
1222 3878 1323 3936 lib.
1346 3879 1411 3937 de
1431 3879 1727 3949 Civit.Dei,

107 3977 226 4028 tom.
254 3972 377 4040 VII,
409 3970 524 4029 col.
557 3971 709 4040 801.)

166 4060 283 4128 Quis
306 4062 458 4117 enim
488 4069 542 4117 te
567 4059 870 4115 discernit?
902 4074 1092 4131 usque
1133 4059 1205 4114 ad
1254 4066 1518 4132 tanquam
1562 4060 1733 4115 morti

104 4149 395 4207 destinatos.
429 4148 712 4205 Prohibet
762 4147 1065 4220 apostolus
1114 4148 1313 4204 dicens
1347 4164 1360 4203 :
1393 4148 1575 4204 Nemo
1607 4146 1729 4222 glo-

106 4237 264 4294 rietur
287 4238 346 4294 in
375 4237 621 4295 homine
648 4252 819 4309 usque
849 4236 918 4291 ad
948 4253 1064 4292 non
1093 4236 1153 4292 in
1184 4236 1431 4293 Domino
1470 4235 1730 4310 glorian-

105 4327 200 4382 tur.
229 4326 431 4400 (Idem,
464 4328 622 4401 epist.
650 4325 721 4382 ad
774 4326 1136 4396 Valentinum,
1185 4329 1328 4384 tom.
1381 4326 1450 4393 II,
1484 4324 1593 4383 col.
1624 4324 1732 4381 969

104 4418 150 4469 et
176 4416 311 4489 seq.)

160 4504 440 4562 Euntibus
468 4504 746 4562 omnibus
776 4521 844 4562 ex
879 4519 997 4560 uno
1044 4503 1104 4559 in
1153 4503 1724 4572 condemnationem,

105 4592 499 4651 discernuntur
527 4611 645 4650 non
683 4592 908 4651 meritis
953 4594 1078 4650 suis
1126 4609 1294 4666 usque
1340 4592 1411 4649 ad
1460 4596 1727 4649 nostrum
1757 4617 1806 4683 Β

103 4680 227 4738 nihil
274 4682 368 4740 sit.
424 4683 633 4753 (Idem,
683 4681 787 4739 lib.
828 4683 894 4741 de
923 4683 1161 4756 Corrept.
1189 4691 1240 4740 et
1285 4690 1451 4753 grat.,
1485 4685 1629 4739 tom.
1659 4680 1726 4749 X,

101 4770 192 4825 col.
219 4771 323 4828 923
349 4776 410 4828 et
442 4774 597 4844 seq.)

157 4860 460 4935 Propterea
490 4860 610 4917 dixi
655 4861 843 4929 vobis,
878 4861 1092 4935 inquit,
1126 4860 1266 4934 quia
1311 4877 1486 4918 nemo
1537 4865 1730 4935 potest

100 4949 269 5006 venire
299 4951 373 5006 ad
399 4966 499 5006 me
528 4966 701 5023 usque
744 4950 816 5007 ad
859 4950 1013 5024 quod
1046 4966 1162 5006 non
1193 4948 1488 5022 accepisti.
1522 4949 1725 5023 (Idem,

100 5038 151 5092 in
172 5038 349 5108 Joan.,
375 5044 505 5096 tom
537 5039 636 5108 III,
664 5042 816 5112 part.
851 5057 911 5107 ιι,
944 5037 1053 5095 col.
1090 5040 1227 5095 1618
1253 5042 1308 5094 et
1338 5038 1486 5111 seq.)

156 5126 551 5185 Misericordia
600 5128 730 5200 ejus
777 5127 1089 5201 praeveniet
1133 5144 1246 5184 me.
1281 5126 1541 5200 Cogitate
1572 5127 1729 5199 quod

100 5212 297 5272 dictum
328 5219 442 5285 est,
474 5216 781 5289 preveniet
807 5232 901 5272 me
929 5232 1100 5290 usque
1128 5215 1199 5272 ad
1227 5215 1380 5272 Deus
1419 5231 1586 5271 meus
1619 5214 1728 5271 mi-

102 5305 392 5362 sericordia
422 5321 575 5362 mea.
610 5305 813 5378 (Idem,
848 5307 909 5362 in
931 5306 1079 5379 psal.
1112 5322 1268 5373 Lvm,
1300 5308 1444 5362 tom.
1476 5304 1725 5378 IV,part.

100 5407 132 5456 ι,
161 5393 260 5450 col.
288 5395 401 5452 712
429 5398 492 5451 et
520 5395 671 5467 seq.)

154 5484 409 5555 Arguens
440 5483 600 5539 enim
632 5482 971 5556 superbiam
1000 5482 1332 5556 Apostolus,
1366 5498 1482 5539 non
1505 5481 1727 5549 ait,non

100 5567 275 5639 habes,
308 5572 413 5629 sed
464 5571 547 5628 ait
590 5588 761 5645 usque
807 5572 878 5629 ad
934 5588 1039 5629 nec
1096 5571 1383 5646 ingratus.
1428 5570 1637 5642 (Idem,
1668 5571 1729 5627 in

100 5660 217 5732 μαι.
247 5677 458 5738 uxxv,
490 5665 634 5721 tom.
670 5660 764 5735 IV,
794 5665 945 5741 part.
979 5678 1040 5733 ιι,
1075 5660 1186 5722 col.
1219 5661 1404 5732 l084.)

1836 3360 2008 3417 usque
2042 3343 2112 3399 ad
2160 3343 2220 3398 in
2266 3343 2607 3400 vicesimam
2663 3345 2938 3418 primam.
2973 3347 3156 3421 (Idem
3181 3348 3250 3405 ad
3277 3351 3499 3413 Janua-.

1837 3435 2007 3503 rium,
2039 3436 2182 3489 tom.
2216 3436 2290 3502 II,
2323 3432 2432 3488 col.
2463 3434 2570 3488 206
2598 3437 2656 3490 et
2682 3435 2828 3510 seq.)

1909 3522 2094 3595 Itaque
2117 3522 2402 3594 epulamur
2432 3539 2620 3596 usque
2651 3524 2722 3580 ad
2754 3532 2806 3580 et
2832 3527 3102 3583 veritatis.
3125 3528 3296 3597 Quid,
3328 3530 3482 3602 quod

1839 3615 1897 3667 et
1926 3610 2145 3685 pascha
2173 3627 2207 3666 a
2233 3611 2402 3667 nobis
2432 3611 2634 3683 objicit
2661 3611 2940 3670 celebrari
2968 3632 3141 3690 usque
3168 3616 3239 3673 ad
3257 3618 3485 3675 venturi

1837 3699 1957 3756 veri
2014 3700 2426 3773 praeﬁguratio.
2478 3701 2683 3774 (Idem,
2734 3700 2837 3760 lib.
2882 3712 3071 3760 contra
3119 3711 3307 3763 Faust.
3338 3711 3482 3765 tom.

1837 3790 1985 3858 VIII,
2019 3788 2128 3845 col.
2161 3790 2311 3857 503.)

1908 3879 2122 3951 Scripsi
2147 3880 2300 3935 vobis
2328 3881 2388 3935 in
2415 3881 2645 3952 epistola
2674 3898 2860 3954 usque
2888 3882 2959 3938 ad
2998 3900 3123 3939 cum
3168 3884 3486 3957 hujusmodi

1838 3985 1937 4024 nec
1959 3970 2143 4023 cibum
2187 3984 2419 4024 sumere.
2452 3968 2710 4024 Joannes
2759 3969 2919 4037 dicit,
2953 3970 3153 4026 alienae
3207 3973 3484 4029 doctrinas

1838 4055 2179 4113 hominibus
2208 4072 2378 4129 usque
2404 4056 2476 4111 ad
2506 4057 2653 4112 satis
2680 4057 2901 4113 dictum
2927 4062 3036 4115 est.
3068 4058 3274 4131 (Idem,
3300 4058 3486 4119 lib.vn

1838 4146 1903 4203 de
1931 4147 2222 4217 Baptism,
2259 4149 2399 4200 tom.
2435 4145 2525 4213 IX,
2560 4143 2670 4200 col.
2701 4146 2808 4201 238
2837 4150 2894 4201 et
2924 4147 3069 4221 seq.)

1910 4234 2079 4292 Multi
2110 4233 2425 4290 Christiani
2456 4232 2725 4290 catholici
2754 4239 3120 4305 vocantur,et
3138 4224 3284 4294 sunt
3312 4237 3485 4295 adul-

1836 4324 1943 4382 teri
1974 4340 2144 4398 usque
2174 4323 2244 4380 ad
2273 4340 2532 4380 massam
2563 4323 2842 4380 frumenti
2872 4324 3029 4398 facit.
3062 4326 3268 4397 (Idem,
3298 4337 3487 4386 contra

1837 4416 2045 4482 Faust.,
2078 4418 2223 4469 tom.
2255 4412 2406 4481 VIII,
2439 4411 2547 4468 col.
2580 4414 2684 4469 387
2718 4416 2774 4470 et
2800 4413 2945 4487 seq.)

1908 4503 2174 4577 Plerique
2208 4505 2403 4558 autem
2435 4502 2572 4559 boni
2597 4501 2914 4558 Christiani
2946 4507 3251 4577 propterea
3290 4509 3487 4563 tacent

1835 4610 2004 4667 usque
2032 4593 2102 4649 ad
2127 4591 2373 4648 crimine
2410 4591 2808 4648 nominantur.
2842 4592 3045 4665 (Idem,
3072 4592 3173 4650 lib.
3206 4595 3272 4652 de
3301 4597 3484 4652 Potni-

1838 4685 2027 4751 tentia,
2062 4686 2206 4738 tom.
2236 4681 2306 4749 V,
2339 4686 2489 4755 part.
2521 4696 2585 4749 ιι,
2618 4681 2727 4738 col.
2765 4682 2902 4738 1546
2931 4686 2988 4739 et
3017 4688 3166 4757 seq.)

1908 4772 2054 4844 Quid
2081 4774 2232 4829 enim
2256 4772 2401 4827 mihi
2426 4771 2489 4827 de
2518 4773 2590 4827 iis
2621 4773 2718 4844 qui
2739 4772 2878 4844 foris
2904 4780 3036 4829 sunt
3059 4773 3356 4845 judicare?
3384 4789 3485 4830 us-

1840 4879 1952 4935 que
1984 4863 2057 4919 ad
2080 4864 2221 4918 Deus
2241 4860 2534 4932 judicabit.
2570 4861 2822 4927 Fratres,
2841 4861 2912 4916 ad
2945 4877 3052 4917 nos
3084 4861 3356 4933 pertinet,
3386 4878 3485 4918 vo-

1839 4950 1929 5007 bis
1959 4949 2149 5006 dicere
2181 4967 2195 5005 :
2230 4948 2303 5005 ad
2334 4966 2442 5005 nos
2473 4948 2744 5023 pertinet,
2775 4948 3121 5006 Christianis
3151 4949 3487 5022 loqui.Quid

1837 5041 1986 5096 enim
2015 5040 2156 5095 mihi
2183 5038 2247 5095 de
2275 5040 2351 5094 eis
2381 5039 2478 5110 qui
2503 5039 2642 5111 foris
2670 5046 2800 5094 sunt
2818 5036 3094 5110 judicare,
3129 5038 3255 5111 ipse
3297 5041 3484 5112 Apos-

1836 5128 1993 5185 tolus
2026 5128 2126 5184 ait.
2150 5127 2288 5184 Illos
2318 5127 2486 5183 aliter
2515 5126 2873 5200 alloquimur
2890 5131 3173 5199 tanquam
3194 5126 3480 5184 infirmos.

1837 5216 2263 5274 Blandiendum
2296 5220 2384 5272 est
2415 5215 2533 5271 illis
2562 5219 2628 5271 ut
2658 5214 2901 5271 audiant
2934 5214 3257 5272 veritatem.
3291 5216 3356 5273 In
3384 5233 3484 5274 vo-

1837 5306 1929 5362 bis
1962 5306 2221 5362 secunda
2243 5304 2488 5377 putredo
2520 5307 2626 5360 est.

1908 5395 2125 5467 Auferte
2152 5395 2362 5449 malum
2391 5408 2462 5448 ex
2490 5392 2798 5466 vobisipsis.
2825 5392 3020 5466 Aliqui
3051 5393 3108 5449 id
3158 5394 3312 5467 quod
3362 5393 3484 5451 dic-

1835 5487 1963 5540 tum
1995 5487 2103 5551 est,
2139 5499 2208 5538 ex
2232 5479 2566 5553 vobisipsis,
2599 5481 2679 5537 ita
2706 5480 3063 5555 intelligunt,
3096 5486 3162 5539 ut
3192 5498 3261 5538 ex
3290 5482 3485 5555 seipso

1838 5572 2251 5644 unusquisque
2278 5585 2447 5641 usque
2475 5569 2545 5625 ad
2574 5570 2847 5644 corripite
2877 5575 2945 5627 ut
2983 5570 3242 5628 fratrem.
3278 5570 3482 5645 (Idem,

1837 5660 1940 5720 lib.
1972 5661 2037 5721 de
2063 5660 2193 5720 Fide
2219 5668 2270 5720 et
2299 5658 2583 5736 Operibus,
2615 5663 2758 5735 tom,
2791 5663 2888 5735 VI,
2923 5659 3031 5720 col.
3065 5658 3212 5736 199.)
