3896 6198
357 321 470 380 32⁸1

1546 318 1784 381 FLOR-I
1822 314 2139 377 DIACONI
2183 313 2566 380 MONACHI.

3646 272 3801 379 δυ’

428 453 589 520 Quod
624 451 707 508 ait
735 450 1049 525 Apostolus
1080 470 1095 509 :
1126 451 1361 509 Auferte
1390 450 1615 509 malum
1639 468 1710 508 ex
1752 448 2004 521 vobisip-
2032 446 2086 514 Α
2117 447 2367 506 nesciret
2386 467 2556 523 usque
2574 451 2647 507 ad
2669 469 2975 526 nunquam
3005 468 3244 527 peccare
3270 452 3538 510 delectet.
3553 453 3759 524 (Idem.

360 543 441 598 sis
466 558 640 615 usque
667 540 738 599 ad
767 557 883 598 non
924 541 1035 598 hoc
1081 539 1325 598 malum.
1357 541 1566 612 (Idem,
1597 541 1828 597 Retract.
1862 541 2005 595 tom.
2041 586 2047 592 .

355 636 405 702 Ι,
437 629 549 688 col.
575 628 728 701 637.)

999 755 1230 812 CAPUT
1268 754 1363 810 VI.

428 898 598 954 Audet
626 897 838 971 aliquis
868 905 1103 955 vestrum
1132 894 1336 954 habens
1353 898 1633 968 negotium
1653 912 1840 968 usque
1863 895 1936 951 ad
1954 903 2009 951 et

356 989 454 1043 hoc
497 988 789 1059 fratribus.
822 986 927 1043 Hic
974 991 1172 1061 posset
1218 985 1410 1059 putari
1452 984 1743 1057 judicium
1792 983 2005 1040 habere

356 1076 636 1133 adversus
666 1075 914 1132 alterum
945 1092 1115 1149 usque
1134 1075 1205 1132 ad
1230 1079 1449 1149 quanto
1472 1074 1661 1148 magis
1681 1071 2002 1129 saecularia.

355 1165 560 1237 (Idem,
588 1165 896 1232 Enchirid.,
927 1169 1071 1222 tom.
1102 1165 1198 1231 VI,
1229 1165 1335 1222 col.
1369 1164 1477 1220 269
1507 1168 1564 1220 et
1592 1163 1739 1236 seq.)

428 1254 872 1311 Sacramentum
915 1270 1198 1328 magnum
1248 1258 1345 1310 est
1387 1252 1728 1310 duodenarii
1776 1249 2003 1307 numeri

355 1360 528 1415 usque
557 1343 631 1399 ad
655 1342 870 1399 veritas
901 1347 957 1399 et
977 1341 1294 1414 judicium.
1328 1342 1531 1415 (Idem,
1556 1342 1616 1397 in
1631 1341 2003 1413 psal.1.xxxv1,

354 1437 497 1489 tom.
531 1429 622 1499 ιν,
656 1435 807 1504 part.
840 1448 903 1499 11,
933 1429 1043 1487 col.
1079 1430 1216 1487 1103
1244 1436 1300 1487 et
1331 1434 1478 1503 aeq.)

426 1522 720 1577 Teneatur
750 1520 961 1576 veritas
988 1520 1060 1575 ab
1092 1518 1164 1575 iis
1196 1520 1297 1592 qui
1338 1519 1684 1591 judicantur
1710 1516 1805 1574 hic
1837 1533 2005 1589 usque

357 1609 428 1665 ad
473 1608 730 1678 nuditas,
782 1608 1036 1682 gladius.
1090 1609 1291 1682 (Idem,
1343 1610 1405 1665 in
1430 1608 1572 1681 psal.
1606 1624 1694 1674 cx,
1729 1610 1873 1662 tom.
1906 1605 1999 1674 IV,

354 1702 505 1772 part.
538 1715 600 1765 11,
633 1695 749 1753 col.
778 1699 917 1752 1465
937 1701 994 1752 et
1020 1701 1169 1769 seq.)

2116 535 2217 592 lib.
2251 537 2316 595 de
2350 540 2633 605 Trinitate,
2666 545 2807 597 tom.
2843 541 2987 610 VIII,
3019 541 3130 599 col.
3165 542 3347 611 1051.)

2186 625 2665 686 Commemorans
2695 629 3085 703 apostolicum
3114 629 3522 687 testimonium
3552 630 3712 703 quod
3731 647 3765 685 a

2116 730 2211 772 me
2238 716 2494 788 positum
2523 722 2809 790 estusque
2851 718 2925 775 ad
2971 718 3027 776 si
3070 718 3210 792 quid
3260 717 3606 791 hujusmodi
3654 722 3758 775 est.

2117 803 2428 877 (Idem,lib.
2461 815 2649 863 contra
2677 806 3368 876 Maxim.,tom.VIII,coI.
3388 809 3501 863 788
3528 806 3762 875 61794.)

2186 893 2505 950 Αᾶὶιωιιθῑιε
2536 894 2651 951 Deo
2680 894 2940 967 usquead
2969 895 3073 951 sed
3100 895 3397 968 probatur.
3429 896 3636 967 (Idem,
3659 894 3755 950 lib.

2113 982 2261 1039 Sent.
2296 985 2567 1055 Prosperi,
2600 987 2741 1040 tom.
2774 983 2840 1053 X,
2870 982 2984 1040 col.
3020 985 3202 1052 1867.)

2183 1074 2374 1142 Fugite
2429 1074 2852 1144 fornicationem
2905 1088 3095 1146 usque
3141 1074 3213 1129 ad
3257 1075 3315 1129 in
3363 1089 3559 1146 corpus
3603 1090 3759 1129 suum

2108 1170 2312 1234 peccat.
2346 1162 2451 1217 Hic
2482 1160 2627 1218 nihil
2658 1162 2888 1219 videtur
2917 1162 3308 1236 praetermisso
3337 1162 3559 1235 peccati
3597 1178 3761 1234 usque

2113 1250 2184 1307 ad
2238 1250 2299 1306 in
2349 1266 2565 1324 corpus
2617 1252 2921 1325 proprium
2981 1256 3203 1325 peccat.
3235 1251 3444 1322 (Idem,
3476 1254 3536 1307 in
3568 1254 3759 1320 Leuit,

2112 1343 2258 1397 tom.
2290 1338 2390 1407 III,
2423 1344 2574 1412 part.
2602 1357 2641 1406 1,
2673 1339 2782 1395 col.
2813 1339 2965 1413 678.)

2184 1429 2397 1485 Totum
2429 1428 2610 1485 istum
2631 1426 2824 1485 locum
2847 1427 3149 1501 apostolus
3169 1433 3407 1502 propter
3425 1427 3625 1502 ipsum
3644 1445 3760 1486 cor-

2112 1533 2225 1590 pus
2257 1534 2425 1590 usque
2453 1517 2524 1573 ad
2544 1516 2844 1575 desolatus
2865 1521 3039 1590 atque
3059 1517 3756 1590 derelictus.(ldem,~1bid.

2114 1610 2258 1662 tom.
2289 1606 2357 1675 V,
2392 1610 2542 1679 part.
2575 1624 2615 1672 1,
2648 1606 2757 1663 col.
2789 1604 2895 1662 889
2923 1610 2980 1662 et
3007 1606 3154 1679 seq.)

2183 1695 2327 1750 Cum
2359 1712 2526 1752 mens
2556 1695 2817 1752 humana
2844 1696 3000 1752 bona
3028 1695 3327 1753 voluntate
3361 1696 3441 1752 ad'
3485 1691 3762 1753 interiora

425 1786 731 1844 Saecularia
762 1787 940 1855 igitur
946 1784 1165 1858 judicia
1184 1786 1237 1840 si
1253 1781 2003 1879 habueritis2contemptibiles
2031 1815 2078 1879 Β
2109 1800 2281 1879 usque
2325 1784 2397 1840 ad
2444 1784 2709 1840 inanitur
2749 1784 2993 1841 viribus.
3033 1785 3234 1857 (Idem,
3265 1785 3331 1841 de
3365 1786 3585 1853 Trinit.,
3616 1790 3756 1842 tom.

354 1877 453 1948 qui
478 1882 607 1932 sunt
636 1876 695 1930 in
725 1875 979 1942 Ecclesia,
1011 1875 1134 1930 illos
1162 1875 1469 1930 constituite
1506 1871 1578 1928 ad
1614 1870 2000 1944 judicandum,

354 1962 783 2021 etc.Dominum
806 1963 1017 2019 Jesum
1033 1962 1115 2031 (in
1148 1963 1319 2033 cujus
1350 1961 1586 2017 nomine
1617 1977 1860 2017 securus
1878 1960 2002 2016 haec

354 2054 505 2124 dico)
538 2068 708 2124 usq-ue
739 2051 808 2107 ad
840 2050 1105 2107 membra
1155 2050 1364 2107 simus.
1399 2050 1603 2122 (Idem,
1638 2048 1739 2104 lib.
1772 2048 1837 2105 de
1867 2050 1999 2122 Opp.

353 2143 632 2209 monach.,
668 2146 810 2197 tom.
842 2139 936 2206 VI,
970 2143 1119 2213 part.
1152 2156 1191 2208 1,
1224 2138 1337 2195 col.
1362 2139 1468 2195 576
1497 2143 1555 2195 et
1586 2141 1735 2209 seq.)

428 2231 606 2300 Quare
633 2246 745 2285 non
774 2229 952 2299 magis
982 2229 1251 2301 injuriam
1279 2225 1567 2299 accipitis?
1596 2242 1783 2298 usque
1813 2225 2005 2282 adhoc

353 2321 646 2392 fratribus.
686 2316 921 2373 Faciens
944 2316 1236 2389 judicium
1267 2316 1547 2388 injuriam
1581 2314 2004 2387 accipientibus

352 2425 524 2481 usque
551 2408 619 2464 ad
638 2408 740 2480 jus
768 2406 1004 2480 pateris.
1039 2406 1242 2479 (Idem,
1278 2406 1339 2461 in
1363 2405 1505 2477 psal.
1538 2421 1698 2470 CXLV,
1729 2408 1871 2460 tom.
1908 2403 2002 2467 IV,

351 2501 505 2571 part.
537 2514 601 2570 11,
633 2495 741 2553 col.
774 2493 954 2567 1894.)

422 2587 506 2643 An
533 2586 822 2642 nescitis...
855 2600 1087 2654 regnum
1115 2583 1213 2639 Dei
1237 2582 1608 2655 possidebunt.
1642 2582 1790 2638 Illud
1833 2581 2005 2655 quale

352 2674 532 2732 estin
562 2691 677 2748 quo
709 2673 821 2730 sibi
872 2672 1254 2729 blandiuntur
1300 2671 1441 2744 quia
1487 2688 1596 2727 sua
1639 2688 1703 2727 se
1749 2672 2005 2727 vanitate

353 2764 645 2821 seducunt
680 2779 851 2835 usque
896 2761 966 2817 ad
1012 2766 1403 2833 naturamque
1452 2764 1763 2817 mereatur.
1802 2760 2000 2833 (Idem,

353 2853 455 2909 lib.
488 2852 554 2909 de
582 2853 931 2917 Pamitentia,
957 2855 1099 2907 tom.
1122 2848 1191 2917 V,
1216 2854 1364 2922 part.
1389 2866 1449 2916 ιι,
1477 2849 1587 2906 col.
1620 2850 1758 2904 1543
1777 2853 1834 2905 et
1856 2851 2004 2921 seq.)

421 2943 486 2998 Et
514 2943 641 2999 haec
659 2942 876 3014 quidem
900 2942 1110 3011 fuistis,
1141 2939 1233 2995 sed
1261 2939 1441 2994 abluti
1467 2940 1613 3006 estis,
1639 2938 1733 2993 sed
1759 2939 2004 3010 sanctiﬁ-

351 3033 465 3089 cati
489 3034 639 3101 estis,
667 3031 767 3087 sed
780 3031 1076 3103 jusliﬁcati
1101 3030 1229 3085 estis
1261 3030 1320 3084 in
1351 3030 1571 3084 nomine
1600 3029 1830 3084 Domini
1876 3044 2003 3084 nos-

352 3122 435 3178 tri
454 3121 579 3177 Iesu
611 3121 834 3187 Christi,
868 3127 918 3175 et
947 3120 1005 3174 in
1031 3119 1234 3190 spiritu
1262 3119 1363 3173 Dei
1389 3119 1581 3173 nostri.
1598 3117 1851 3173 Sanetus
1870 3134 2000 3173 sum

2109 1868 2260 1940 VIII,
2295 1872 2403 1929 col.
2440 1873 2625 1944 1006.)

2182 1962 2265 2018 An
2295 1964 2515 2019 nescitis
2544 1964 2677 2035 quia
2704 1962 2946 2019 membra
2976 1971 3155 2020 vestra
3175 1963 3437 2036 templum
3480 1971 3615 2019 sunt
3640 1962 3758 2036 Spi-

2111 2053 2254 2108 ritus
2300 2053 2482 2108 sancti
2526 2053 2625 2124 qui
2670 2053 2732 2107 in
2776 2053 2926 2109 vobis
2965 2058 3065 2123 est,
3097 2068 3259 2124 quem
3298 2052 3511 2109 habetis
3537 2070 3573 2108 a
3608 2051 3759 2109 Deo?

2112 2140 2305 2196 Unum
2336 2139 2650 2196 Dominum
2682 2140 2953 2196 novimus
2985 2156 3114 2197 esse
3144 2140 3355 2208 solum,
3390 2140 3485 2196 cui
3514 2141 3763 2197 servitus

2114 2228 2214 2285 illa
2234 2228 2480 2285 debetur
2507 2245 2674 2301 usque
2695 2229 2765 2284 ad
2809 2229 2912 2285 sed
2960 2245 3189 2285 sumus.
3223 2228 3429 2300 (Idem,
3461 2228 3537 2285 ad
3583 2234 3762 2288 Mazi-

2111 2319 2351 2385 minum,
2384 2321 2529 2373 tom.
2561 2317 2631 2384 II,
2665 2315 2774 2373 col.
2806 2318 2875 2372 97
2907 2320 2965 2372 et
2994 2321 3144 2389 seq.)

2186 2405 2440 2479 Spiritus
2473 2411 2712 2462 sanctus
2743 2405 2793 2461 si
2826 2412 3093 2461 creatura
3122 2423 3238 2461 non
3260 2410 3489 2462 creator
3510 2406 3765 2479 usquead

2114 2494 2174 2550 in
2217 2494 2359 2552 caelo
2408 2501 2466 2551 et
2513 2494 2573 2550 in
2624 2498 2799 2551 terra.
2847 2494 3050 2566 (Idem,
3077 2495 3325 2563 Enchir.,
3358 2499 3504 2552 tom.
3534 2495 3635 2564 VI,
3661 2495 3760 2552 col.

2185 2673 2243 2729 Si
2278 2673 2457 2740 Deus,
2482 2672 2996 2747 spiritus‘sanctus
3028 2689 3143 2728 non
3174 2677 3351 2739 esset,
3365 2670 3660 2745 templum
3683 2688 3761 2726 us-

2114 2780 2217 2836 que
2244 2762 2315 2817 ad
2344 2766 2402 2816 et
2421 2761 2493 2817 de
2514 2760 2793 2817 membris
2814 2760 2937 2817 Dei.
2951 2761 3354 2834 (Idem,contra
3375 2760 3757 2826 Maximinum,

2113 2856 2254 2908 tom.
2285 2849 2435 2919 VIII,
2469 2849 2577 2906 col.
2609 2851 2717 2905 752
2747 2854 2804 2905 et
2828 2850 2980 2918 760.)

2184 2940 2248 2995 Et
2275 2955 2387 2995 non
2414 2940 2543 2995 estis
2573 2940 2758 2994 vestri.
2794 2940 2977 3012 Empti
2995 2940 3144 2995 enim
3165 2940 3296 2995 estis
3322 2941 3499 3011 pretio
3546 2954 3753 3011 mgna,

2112 3027 2409 3100 gloriﬁcate
2437 3035 2489 3083 et
2512 3035 2723 3100 portate
2750 3029 3040 3084 Dominum
3070 3029 3131 3083 in
3156 3044 3378 3100 corpore
3415 3036 3611 3085 vestio.
3643 3028 3757 3084 Duo

2114 3120 2253 3173 sunt
2278 3121 2533 3189 peccata,
2567 3120 2624 3172 et
2651 3116 2767 3172 duo
2807 3132 3022 3189 genera
3068 3120 3437 3189 peccatorum
3485 3134 3658 3191 usque
3693 3116 3759 3173 ad

352 3226 486 3264 cum
518 3208 711 3276 audio,
744 3179 957 3263 Vocem
987 3179 1221 3262 Domini
1254 3221 1513 3277 agnosco.
1533 3221 1703 3278 usque
1731 3205 1800 3261 ad
1824 3205 1881 3260 in
1905 3204 2004 3262 illo
2035 3179 2079 3246 δ
2112 3179 2410 3278 disperdet
2440 3179 2607 3261 illum
2637 3179 3177 3276 Deus.v(ldem,.lib.
3209 3205 3274 3262 de
3298 3207 3523 3262 Duobus

354 3296 455 3353 lux
486 3296 712 3352 ﬁeritis.
747 3296 949 3369 (Idem,
982 3295 1043 3349 in
1069 3293 1211 3366 psal.
1246 3310 1447 3364 Lxxxv,
1471 3298 1614 3349 tom.
1649 3292 1742 3361 IV,
1776 3298 2000 3366 part.11,

354 3382 463 3441 coI.
503 3386 643 3440 1084
673 3387 734 3439 ot
764 3386 912 3455 seq.)

427 3472 629 3529 Omnia
660 3473 803 3528 mihi
832 3472 1014 3538 licent,
1037 3470 1130 3526 sed
1150 3486 1261 3526 non
1283 3471 1467 3526 omnia
1486 3470 2005 3543 expediunt.0mnia

349 3562 492 3618 mihi
523 3562 703 3628 licent,
735 3560 827 3615 sed
855 3576 949 3632 ego
978 3561 1079 3615 sub
1108 3559 1323 3615 nullius
1353 3559 1583 3633 redigar
1612 3568 1890 3632 potestate.
1924 3561 2004 3617 De

354 3649 710 3723 quibusdam
742 3665 868 3720 quas
901 3648 971 3703 ad
1003 3664 1195 3703 escam
1228 3647 1538 3721 pertinent,
1560 3648 1791 3718 Omnia,
1814 3648 1850 3704 i1
1878 3649 2005 3721 quit

356 3736 692 3811 Apostolus,
726 3736 870 3791 mihi
902 3736 1063 3792 licita
1102 3742 1240 3792 sunt
1288 3753 1455 3808 usque
1502 3737 1573 3792 ad
1623 3738 2005 3796 beneﬁcentia

354 3829 683 3883 caveantur.
717 3825 920 3898 (Idem,
954 3824 1056 3881 lib.
1090 3825 1161 3881 ad
1200 3826 1554 3895 Pollentium,
1588 3831 1729 3883 tom.
1760 3827 1858 3894 VI,
1891 3826 2000 3884 col.

353 3914 462 3971 460
492 3917 548 3970 et
577 3915 725 3987 seq.)

420 4001 555 4060 Esca
584 4004 769 4060 ventri
793 4011 846 4060 et
874 4011 1059 4060 venter
1084 4006 1219 4060 escis
1249 4020 1438 4078 usque
1476 4004 1548 4062 ad
1597 4004 1881 4062 suscitabit
1902 4023 2004 4079 per

349 4095 606 4150 virtutem
634 4109 811 4149 suam.
846 4093 915 4149 Et
966 4092 1083 4149 alia
1141 4093 1368 4150 malitia
1419 4094 1552 4163 diei,
1588 4111 1713 4168 quas
1772 4097 2001 4152 utinam

351 4182 607 4238 sufﬁciat
635 4183 687 4238 ei
716 4197 887 4255 usque
916 4181 989 4237 ad
1009 4182 1380 4256 corruptione
1411 4184 1999 4258 sempiterna.(ldem,

355 4272 620 4342 Confess.,
652 4274 795 4326 tom.
832 4271 877 4336 I,
910 4269 1020 4326 col.
1052 4272 1203 4343 862.)
1532 4345 1537 4349 ρ

423 4358 570 4415 Cum
602 4357 775 4414 fuerit
805 4357 966 4414 salus
992 4360 1244 4431 perlecta
1265 4358 1326 4415 in
1346 4360 1458 4416 isto
1486 4377 1725 4433 corpore
1744 4377 1914 4433 usque
1932 4362 2004 4419 ad

354 4446 541 4503 reﬁcit
564 4462 669 4502 nec
699 4446 916 4503 deﬁcit.
952 4447 1154 4521 (Idem,
1187 4450 1246 4504 in
1272 4449 1415 4521 psal.
1446 4465 1495 4515 1.,
1528 4453 1669 4504 tom.
1702 4447 2001 4521 IV,part.1,

356 4535 466 4593 col.
499 4535 651 4603 597.)

425 4625 656 4681 Nescitis
687 4641 873 4697 usque
904 4626 976 4681 ad
1009 4628 1114 4681 duo
1137 4626 1195 4681 in
1216 4641 1380 4681 carne
1399 4624 1789 4698 una.Corpora
1809 4630 2008 4684 nostra

2114 3294 2213 3349 bus
2241 3302 2602 3368 peccatorum,
2633 3298 2777 3351 tom.
2812 3293 2879 3357 V,
2913 3298 3065 3367 part.
3095 3311 3136 3365 1,
3168 3294 3276 3350 col.
3306 3294 3465 3367 512.)

2740 3479 2975 3536 CAPUT
3012 3478 3134 3535 VII.

2181 3654 2255 3708 De
2286 3651 2481 3724 quibus
2508 3659 2691 3707 autem
2722 3667 2909 3722 usque
2940 3650 3011 3706 ad
3042 3650 3306 3706 similiter
3331 3658 3517 3706 autem
3545 3659 3597 3706 et
3626 3667 3757 3707 uxor

2110 3743 2248 3797 viro.
2285 3742 2514 3803 Fratres
2547 3739 2682 3806 mei,
2716 3739 2964 3795 audiunt
2995 3755 3087 3801 me
3117 3737 3245 3807 viri,
3278 3739 3527 3795 audiunt
3559 3756 3652 3795 me
3682 3739 3755 3795 fe-

2112 3829 2285 3885 minae
2307 3845 2476 3901 usque
2504 3828 2577 3884 ad
2619 3827 2851 3884 tabulas
2894 3827 3067 3901 legat.
3103 3827 3305 3900 (Idem,
3336 3845 3499 3884 sem.
3532 3828 3606 3884 ad
3634 3828 3761 3885 Con-

2100 3919 2341 3992 jugatos,
2375 3920 2516 3973 tom.
2548 3915 2616 3983 V,
2651 3917 2801 3988 part.
2835 3933 2891 3983 ιι,
2926 3914 3035 3971 col.
3069 3914 3255 3983 1711.)

2179 4006 2566 4063 Vehementer
2594 4003 2777 4070 dolui,
2803 4004 2887 4060 sic
2909 4008 2966 4060 te
2992 4002 3247 4060 voluisse
3273 4020 3445 4078 agere
3475 4021 3613 4060 cum
3643 4021 3755 4060 ma-

2112 4096 2242 4163 rito,
2276 4099 2341 4151 ut
2367 4093 2674 4150 aediﬁcium
2710 4092 3079 4149 continentiae
3110 4109 3278 4165 usque
3314 4093 3385 4149 ad
3432 4095 3755 4150 secundum

2108 4184 2298 4258 ipsius
2355 4180 2735 4238 voluntatem.
2786 4180 2992 4251 (Idem,
3043 4180 3116 4237 ad
3170 4180 3471 4250 Ecdicium,
3510 4187 3660 4238 tom.
3691 4181 3759 4248 II,

2110 4272 2221 4331 col.
2255 4273 2439 4340 1078.)

2181 4361 2321 4429 Quis
2349 4360 2507 4415 enim
2541 4357 2730 4415 nescit
2759 4375 2999 4415 uxorem
3034 4358 3245 4415 marito
3276 4363 3563 4432 tanquam
3586 4359 3762 4416 domi-

2113 4467 2185 4508 no
2215 4449 2429 4507 debere
2452 4446 2665 4505 servire
2696 4463 2870 4519 usque
2893 4447 2963 4503 ad
2992 4451 3049 4504 et
3077 4465 3222 4503 uxor
3250 4448 3308 4503 in
3337 4447 3759 4522 virum.(Idem,

2036 4549 2083 4614 Ι)
2112 4547 2299 4597 contra
2321 4540 2527 4605 Faust,
2560 4540 2703 4592 tom.
2730 4536 2884 4606 VIII,
2919 4536 3026 4592 col.
3064 4538 3209 4605 420.)

2189 4628 2417 4685 Fratres
2474 4625 2610 4693 mei,
2640 4622 2742 4680 ﬁlii
2801 4623 2937 4692 mei,
2983 4625 3278 4681 sufﬁciant
3332 4625 3498 4683 vobis
3559 4643 3765 4683 uxores

354 4713 620 4770 membra
647 4730 776 4771 esse
805 4714 1219 4783 Cbristi,dixit,
1239 4713 1518 4785 quoniam
1547 4712 1813 4769 Christus
1835 4721 2010 4788 caput
2115 4723 2316 4774 vestra:
2346 4731 2516 4787 usque
2544 4713 2616 4770 ad
2644 4717 2701 4769 et
2724 4731 2827 4770 vos
2853 4712 3034 4770 eritis.
3071 4714 3271 4786 (Idem,
3300 4731 3465 4771 serm.
3489 4715 3555 4772 de
3577 4715 3765 4773 Natali

355 4806 623 4859 nostrum
672 4807 762 4858 est
806 4818 978 4875 usque
1025 4802 1095 4858 ad
1141 4803 1311 4874 cujus
1362 4801 1647 4873 templum
1680 4819 1761 4858 es.
1799 4803 2003 4876 (Idem,

354 4908 518 4948 serm.
551 4890 615 4947 de
649 4891 799 4948 Verb.
838 4900 1039 4964 Apost,
1069 4895 1209 4946 tom.
1246 4889 1314 4959 V,
1349 4894 1498 4963 part.
1533 4905 1571 4958 1,
1607 4890 1716 4947 col.
1748 4893 1897 4963 878.)

2110 4813 2442 4878 martyrum,
2474 4808 2616 4859 tom.
2649 4802 2717 4871 V,
2752 4806 2899 4876 part.
2935 4820 2975 4870 1,
3009 4802 3119 4858 col.
3150 4803 3334 4877 1463.)

2181 4895 2360 4952 Nolite
2387 4892 2709 4965 fraudarem
2734 4892 2966 4947 invicem
2991 4908 3176 4963 usque
3204 4892 3278 4948 ad
3308 4908 3418 4949 non
3468 4894 3765 4951 secundum

426 4980 541 5035 Nec
590 4979 689 5035 isti
740 4994 876 5052 ergo
926 4980 1156 5036 dicendi
1205 4985 1345 5036 sunt
1392 4979 1747 5035 manducare
1795 4998 2009 5054 corpus
2114 4985 2429 5056 imperium.
2453 4978 3051 5036 VenerabilisPaulus
3074 4980 3426 5053 conjugibus
3446 4982 3764 5039 aitzNolite

358 5067 572 5124 Christi
618 5084 788 5140 usque
834 5067 906 5124 ad
952 5067 1422 5124 reconciliatione
1471 5067 1764 5124 redierint.
1800 5070 2005 5140 (Idem,

360 5155 463 5212 lib.
494 5155 560 5211 de
590 5155 751 5211 Civil.
783 5157 901 5224 Dei,
938 5159 1080 5211 tom.
1112 5154 1235 5220 VII,
1271 5153 1379 5209 col.
1412 5155 1520 5210 7112
1548 5160 1604 5210 et
1633 5155 1780 5227 seq.)

434 5244 539 5312 Qui
596 5252 779 5299 autem
835 5243 1082 5300 adhaeret
1134 5244 1381 5311 Domino,
1433 5259 1575 5299 unus
1626 5245 1853 5316 spiritus
1910 5254 2006 5303 est.

2113 5071 2378 5145 fraudare
2408 5070 2661 5136 invicem,
2681 5071 2813 5136 etc.,
2832 5085 3000 5141 usque
3031 5068 3101 5124 ad
3130 5068 3493 5127 debitoribus
3525 5071 3758 5127 nostris.

2117 5162 2322 5235 (Idem,
2354 5157 2662 5226 Enchirid.,
2696 5162 2841 5215 tom.
2870 5154 2968 5224 VI,
3002 5156 3113 5214 col.
3144 5159 3251 5214 269
3279 5164 3337 5216 et
3366 5164 3523 5232 seq.)

2193 5250 2314 5307 Volo
2343 5255 2532 5304 autem
2560 5263 2743 5303 omnes
2772 5246 3017 5302 homines
3047 5247 3327 5319 usquead
3351 5249 3501 5304 alius
3522 5265 3643 5306 vero
3660 5250 3754 5305 sic.

362 5330 699 5404 Corporalia
728 5331 1101 5401 adjunctione
1150 5330 1237 5386 sui
1289 5335 1557 5387 crescunt
1603 5350 1772 5406 usque
1808 5334 1879 5389 ad
1909 5336 2009 5408 qui
2120 5341 2197 5396 De
2227 5339 2355 5411 ipsa
2384 5352 2619 5409 quoque
2648 5334 2934 5408 pudicitia
2962 5335 3256 5408 conjugali
3289 5353 3499 5411 nempe
3524 5342 3756 5417 Aposto~

364 5420 611 5477 Domino
660 5418 936 5475 adhaeret.
970 5419 1175 5491 (Idem,
1203 5418 1304 5476 lib.
1332 5421 1400 5476 de
1432 5422 1649 5492 Trinit.,
1682 5425 1823 5479 tom.
1855 5423 2007 5495 VIII,

364 5508 468 5566 col.
506 5508 659 5581 926.)

434 5595 599 5659 Mens
650 5595 891 5673 diligere
941 5594 1197 5672 seipsam
1231 5617 1345 5659 non
1372 5602 1571 5681 posset
1599 5599 1648 5659 si
1680 5617 1742 5658 se
1771 5602 2010 5663 omnino

2118 5428 2212 5484 lus
2243 5428 2324 5483 ait
2352 5442 2523 5498 usque
2551 5423 2622 5480 ad
2652 5423 2803 5480 alius
2833 5428 3030 5480 autem
3064 5425 3170 5481 sic.
3196 5425 3597 5495 (Idem,lib.de
3619 5426 3752 5483 Grut.

2117 5523 2168 5573 et
2199 5515 2370 5572 libero
2398 5515 2591 5581 arbit.,
2622 5516 2760 5568 tem.
2792 5511 2859 5579 X,
2893 5516 3042 5584 part.
3075 5529 3115 5581 1,
3149 5512 3257 5569 col.
3288 5513 3439 5588 886.)

2188 5603 2434 5673 Vellem,
2468 5601 2681 5678 inquit,
2714 5618 2919 5659 omnes
2960 5599 3231 5661 homines
3273 5601 3433 5662 sicut
3476 5604 3751 5682 meipsum
