3856 6200
120 351 220 417 341
972 347 1386 413 EXPOSITIO
1431 348 1510 411 IN
1554 351 1643 412 EF

1984 352 2032 414 1.
2065 386 2142 398 -
2173 354 2296 419 ΕΡ.
2343 352 2446 416 AD
2492 354 2665 418 COR.
3389 351 3507 417 349

120 495 237 553 etc.,
265 495 438 556 usque
481 478 553 537 ad
606 480 853 538 eumdem
907 482 1197 555 Spiritum.
1231 483 1416 539 Habet
1471 484 1628 540 enim
1686 488 1741 541 et
1769 487 1823 553 Α
1853 486 1984 555 bus,
2011 491 2141 557 etc.,
2168 505 2338 561 usque
2367 488 2436 545 ad
2472 487 3014 545 anathematizetur.
3039 486 3170 559 (Id.,
3205 486 3301 545 lib.
3324 495 3505 546 contr-

123 574 337 634 scientia
365 570 605 627 modum
638 587 815 627 suum
846 572 1087 638 bonum,
1118 572 1167 626 si
1198 573 1373 644 quod,
1408 578 1542 641 etc.,
1573 591 1743 646 usque
1855 582 2066 643 Fausta
2100 582 2241 634 tom.
2273 579 2421 646 VIII,
2457 579 2565 633 col.
2601 581 2707 633 474
2736 583 2794 634 et
2834 581 2983 650 seq.)

122 665 180 722 ad
214 661 453 735 corporis
494 661 788 717 sensibus.
823 661 953 733 (Id.,
986 661 1087 716 lib.
1126 679 1205 716 xu
1235 663 1299 717 de
1344 664 1564 735 Trinit.,
1594 667 1737 719 tom.
1922 666 2024 721 Sed
2054 668 2224 722 multo
2252 669 2428 738 magis
2450 683 2575 739 qua:
2606 668 2860 723 videntur
2885 669 3127 723 membra
3148 671 3388 741 corporis
3418 670 3503 725 in-

117 755 245 818 VIII,
274 751 376 807 col.
412 748 550 806 1009
581 754 638 806 et
668 754 814 823 seq.)
1848 757 2100 827 ﬁrmiora
2130 774 2260 825 esse,
2293 760 2595 812 necessaria
2625 766 2770 813 sunt.
2808 760 2871 812 Et
2901 773 3026 828 quer
3050 765 3311 829 putamus
3340 760 3502 827 igno-

116 838 121 843 ⁴
178 843 318 900 Fecit
345 841 497 896 Deus
527 840 587 894 in
620 840 921 896 intellectu
954 842 1128 898 ccelos
1156 842 1469 914 spiritales,
1504 847 1737 899 sanctos
1851 846 2047 901 biliora
2075 849 2316 901 membra
2364 864 2475 903 esse
2522 850 2782 919 corporis,
2816 851 2948 915 etc.,
2982 864 3169 918 usque
3200 848 3271 902 ad
3303 856 3365 903 ut
3389 864 3501 904 non

116 949 235 991 suos
263 950 274 987 :
308 930 520 1003 quibus
552 947 689 995 non,
723 935 856 998 etc.,
889 947 1057 1003 usque
1105 933 1175 987 ad
1223 931 1337 987 ista
1389 949 1505 987 non
1544 937 1733 989 erunt.
1844 937 1916 990 sit
1943 936 2181 990 schisma
2214 938 2272 991 in
2303 952 2539 1007 corpore.
2575 936 2736 991 Absit
2766 940 2982 1004 autem,
3018 940 3083 991 ut
3113 936 3188 991 sit
3216 937 3276 991 in
3308 954 3498 992 mem-

115 1023 225 1096 (Id.,
254 1028 397 1076 tract.
428 1020 574 1091 psal.
612 1036 812 1088 cxxxv,
854 1024 997 1077 tom.
1032 1020 1126 1089 IV,
1160 1024 1309 1093 part.
1343 1038 1402 1090 ιι,
1443 1021 1553 1077 col.
1602 1022 1736 1077 1759
1845 1024 1967 1079 bris
1999 1030 2362 1092 sanctorum,
2386 1030 2517 1091 etc.,
2542 1043 2710 1097 usque
2735 1026 2803 1080 ad
2835 1025 3043 1081 rationi
3078 1025 3338 1081 serviret.
3366 1026 3495 1098 (Id.,

113 1116 160 1167 et
179 1109 311 1182 seq.)
1846 1114 1973 1168 libr.
2006 1122 2176 1170 contr.
2210 1116 2416 1178 Faust.,
2443 1131 2493 1169 c.
2516 1115 2605 1180 29,
2638 1118 2781 1168 tom.
2815 1114 2962 1182 VIII,
2996 1114 3106 1169 col.
3143 1114 3291 1186 490.)

168 1200 375 1254 .Eterno
406 1201 559 1253 Deus
590 1213 755 1253 meus
796 1198 1057 1269 consilio,
1094 1200 1245 1255 bona
1292 1198 1551 1255 coelestia
1600 1216 1729 1272 pro-
1912 1202 2027 1257 Vos
2059 1202 2235 1269 enim,
2274 1204 2503 1269 fratres,
2538 1203 2789 1274 populus
2824 1204 2923 1257 Dei
2969 1204 3131 1270 estis,
3166 1204 3338 1259 sicuti
3369 1203 3495 1276 ipse

110 1288 250 1364 priis,
280 1292 406 1355 etc.,
440 1303 611 1359 usque
639 1286 708 1341 ad
737 1291 1046 1343 contentus
1086 1288 1182 1344 sit.
1217 1289 1347 1361 (Id.,
1391 1289 1485 1344 lib.
1521 1288 1733 1360 Confes-
1843 1290 2005 1358 dixit,
2041 1296 2095 1346 et
2126 1309 2258 1348 oves
2302 1307 2532 1364 pascuae
2582 1292 2729 1363 ejus.
2767 1292 3002 1347 Habetis
3032 1293 3091 1347 in
3123 1293 3361 1349 nomine
3391 1292 3493 1350 Dei

107 1382 297 1435 sianum
323 1394 443 1441 xm,
477 1380 621 1431 tom.
656 1377 702 1443 I,
734 1375 842 1431 col.
875 1378 981 1431 854
1010 1382 1065 1433 et
1095 1381 1244 1449 seq.)
1840 1384 2124 1452 pastores,
2162 1386 2293 1449 etc.,
2328 1397 2498 1452 usque
2538 1382 2605 1435 ad
2652 1380 2711 1435 in
2762 1398 3019 1452 corpore.
3061 1381 3193 1453 (Id.,
3233 1399 3395 1438 serm.
3427 1382 3493 1440 de

166 1467 325 1523 Alteri
343 1465 473 1536 ﬁdes
512 1467 574 1520 in
602 1465 786 1521 eodem
814 1465 1047 1537 Spiritu,
1081 1468 1183 1522 alii
1211 1469 1393 1537 gratia
1421 1469 1732 1524 sanitatum
1843 1470 1983 1542 Ver.)

107 1559 155 1614 in
181 1571 278 1611 uno
305 1555 539 1627 Spiritu,
572 1555 678 1610 alii
704 1558 945 1627 operatio
975 1558 1262 1622 virtutum,
1294 1558 1399 1611 alii
1423 1559 1725 1628 prophetia.
1910 1559 2013 1615 Sed
2043 1562 2101 1615 in
2136 1561 2375 1631 idipsum
2415 1577 2513 1632 pro
2547 1562 2773 1616 invicem
2802 1562 3041 1616 sollicita
3069 1568 3199 1617 sunt
3225 1563 3487 1632 membra,

104 1645 226 1701 Vide
254 1644 422 1700 etiam
456 1643 648 1716 ipsam
676 1643 848 1699 Iidem
882 1644 1035 1700 inter
1059 1644 1161 1699 Dei
1190 1661 1437 1700 munera
1466 1647 1724 1717 reperiri,
1837 1657 1888 1703 et
1918 1651 1969 1703 si
1997 1649 2131 1720 quid
2158 1652 2370 1721 patitur
2398 1668 2571 1704 unum
2603 1651 2924 1716 membrum,
2954 1654 3087 1715 etc.,
3122 1666 3308 1722 usque
3341 1652 3411 1706 ad
3440 1658 3495 1707 et

84 1730 216 1802 etc.,
237 1750 396 1807 usque
417 1733 490 1789 ad
509 1734 649 1790 Jesu
676 1733 925 1790 Christo.
949 1734 1081 1803 (Id.,
1107 1735 1204 1790 lib.
1232 1736 1487 1803 Retraet.,
1513 1739 1652 1790 tom.
1681 1736 1723 1804 I,
1834 1741 2139 1794 membrum
2168 1739 2231 1794 de
2270 1741 2527 1795 membro.
2565 1739 2701 1794 Plus
2735 1756 2875 1795 sane
2922 1756 3098 1811 quam
3132 1739 3246 1794 dici
3298 1743 3490 1811 potest

105 1824 194 1881 col.
220 1825 363 1891 621.)
1758 1862 1805 1927 B
1837 1826 2085 1883 miratus
2118 1845 2273 1894 sum,
2296 1828 2451 1900 quod
2504 1845 2608 1882 nec
2659 1831 2841 1891 tanta,
2873 1831 3006 1897 etc.,
3036 1843 3205 1898 usque
3234 1827 3303 1881 ad
3334 1827 3489 1882 dona

160 1915 260 1968 Alii
284 1912 536 1969 discretio
564 1914 880 1984 spirituum,
914 1913 1021 1968 alii
1039 1931 1240 1983 genera
1264 1914 1600 1986 linguarum,
1624 1916 1730 1970 alii
1758 1912 1804 1927 υ
1839 1914 2179 1972 victoribus.
2204 1917 2337 1985 (Id.,
2369 1919 2524 1988 epist.
2558 1916 2628 1971 ad
2659 1917 2804 1983 Ital.,
2837 1920 2979 1971 tom.
3010 1916 3079 1983 II,
3104 1915 3213 1971 col.
3247 1916 3399 1987 365.)

106 2000 1080 2075 interpretatiosermonumDiscretio
1098 2019 1238 2057 sane
1254 2002 1599 2058 difﬁcillima
1618 2007 1728 2070 est,
1908 2009 1983 2061 Et
2012 2006 2269 2077 quosdvm
2300 2007 2516 2078 quidem
2546 2008 2796 2077 exposuit
2823 2007 2962 2060 Deus
2991 2007 3051 2059 in
3082 2005 3341 2071 Ecclesia,
3373 2006 3487 2075 pri-

104 2108 217 2147 cum
236 2091 473 2163 spiritus
496 2089 812 2163 malignus,
833 2095 966 2155 etc.,
989 2108 1158 2164 usque
1174 2092 1243 2146 ad
1265 2091 1456 2148 malus
1478 2092 1571 2147 sit.
1594 2094 1725 2164 (Id.,
1835 2111 1987 2149 mum
2041 2097 2305 2167 apostolos
2360 2095 2592 2150 secundo
2646 2096 2955 2167 prophetas,
3010 2096 3166 2149 tertio
3223 2093 3480 2162 doctores,

100 2181 182 2235 lib.
201 2198 271 2235 xu
296 2180 357 2235 de
384 2182 519 2236 Gen.
549 2180 620 2234 ad
640 2180 749 2235 lit..
774 2183 917 2235 tom.
941 2180 1036 2247 III,
1062 2185 1211 2253 part.
1236 2198 1277 2247 ι,
1302 2180 1409 2235 col.
1435 2182 1584 2250 465.)
1833 2182 2027 2239 deinde
2056 2187 2299 2253 virtutes,
2331 2190 2463 2251 etc.,
2498 2201 2685 2255 usque
2716 2184 2786 2238 ad
2818 2183 3071 2254 nunquid
3100 2199 3282 2238 omnes
3312 2184 3484 2238 inter-

156 2271 269 2326 Hzec
296 2277 473 2324 autem
503 2270 689 2325 omnia
719 2277 975 2341 operatur
1004 2286 1147 2325 unus
1176 2278 1338 2342 atque
1366 2270 1510 2325 idem
1538 2271 1724 2343 Spiri-
1826 2278 2158 2343 pretantur?
2188 2276 2302 2329 Lex
2331 2273 2485 2329 enim
2538 2290 2641 2345 per
2685 2273 2920 2343 Moysen
2971 2272 3105 2327 data
3150 2274 3260 2337 est,
3294 2270 3483 2343 gratia

99 2368 174 2415 tus
195 2358 427 2414 dividens
451 2359 693 2428 singulis
712 2367 876 2431 prout
895 2359 1030 2416 vult.
1056 2358 1308 2431 Spiritus
1334 2363 1574 2416 sanctus
1599 2378 1725 2417 coo-
1831 2367 2027 2417 autem
2061 2366 2116 2418 et
2144 2362 2355 2419 veritas
2386 2380 2487 2434 per
2515 2363 2717 2418 Jesurn
2750 2360 3045 2416 Christum
3077 2360 3228 2414 facta
3257 2364 3364 2415 est.
3401 2361 3481 2416 Ex

98 2452 303 2519 perator
338 2452 426 2504 est
481 2448 669 2504 Patris
716 2453 772 2503 et
822 2447 969 2503 Filii.
1004 2448 1167 2504 Unde
1221 2448 1550 2521 Apostolus,
1584 2454 1717 2523 etc.,
1830 2452 2021 2522 cujus,
2073 2457 2205 2519 etc.,
2246 2468 2416 2523 usque
2462 2450 2532 2506 ad
2581 2454 2779 2522 pdsset
2826 2449 3182 2521 prophetari.
3216 2448 3347 2519 (Id.,
3376 2449 3474 2504 lib.

101 2554 245 2609 usque
270 2538 335 2593 ad
362 2541 655 2611 operetur.
700 2538 831 2610 (Id.,
865 2545 1022 2593 tract.
1064 2538 1204 2610 psal.
1237 2554 1424 2606 cxvm,
1450 2542 1590 2594 tom.
1622 2540 1717 2609 IV,
1826 2548 1997 2595 contr.
2030 2546 2239 2610 Faust.,
2264 2558 2313 2596 c.
2348 2542 2432 2608 19,
2466 2542 2623 2596 Joan.
2656 2557 2695 2606 ι,
2729 2544 2870 2594 tom.
2903 2538 3055 2605 VIII,
3090 2537 3198 2592 col.
3230 2538 3383 2607 353.)

96 2630 226 2699 part.
257 2644 316 2693 ιι,
347 2627 455 2682 col.
490 2627 675 2694 1551.)
1900 2629 2047 2685 Illud
2108 2646 2339 2701 quoque
2391 2629 2543 2684 sicut
2600 2627 3103 2701 imperitissimus,
3137 2643 3274 2695 non,
3336 2631 3470 2696 etc.,

156 2715 345 2771 Omnia
373 2720 571 2771 autem
601 2714 721 2771 haec
743 2719 1019 2789 operatur
1038 2734 1193 2772 unus
1219 2720 1393 2789 atque
1416 2717 1570 2773 idem
1592 2718 1717 2790 Spi-
1824 2733 1991 2790 usque
2022 2719 2091 2773 ad
2129 2719 2453 2774 secundum
2495 2734 2751 2773 carnem.
2786 2717 2916 2785 (1d,,
2953 2718 3050 2771 lib.
3082 2724 3252 2771 contr.
3289 2717 3477 2773 inimi-

96 2803 239 2873 ritus,
254 2804 515 2861 dividens
540 2805 855 2877 unicuique
884 2804 1119 2878 propria
1141 2810 1313 2878 prout
1331 2805 1474 2861 vult.
1499 2806 1611 2862 Alii
1644 2806 1713 2861 il-
1822 2823 1946 2863 cum
1978 2809 2109 2876 legis
2141 2817 2189 2863 et
2212 2809 2430 2880 proph.,
2459 2812 2600 2863 tom.
2622 2808 2775 2877 VIII,
2802 2807 2909 2861 col.
2941 2807 3048 2864 644
3076 2810 3134 2861 et
3164 2809 3315 2877 seq.)

95 2892 201 2960 Iud,
243 2892 335 2949 alii
383 2894 513 2961 hoc,
545 2892 861 2949 divisiones
908 2899 1049 2949 sunt
1096 2895 1471 2967 operationis.
1506 2895 1716 2951 Omnia
1893 2898 2257 2952 AEmulamini
2303 2906 2487 2952 autem
2531 2898 2861 2951 charismata
2906 2896 3156 2960 meliora,
3198 2902 3250 2949 et
3296 2894 3475 2950 adhuc

95 2981 197 3038 hzec
224 2988 489 3057 operatur
530 3002 684 3040 unus
728 2988 903 3056 atque
934 2984 1088 3039 idem
1121 2985 1396 3063 Spiritus,
1430 2986 1595 3043 radix
1625 2992 1715 3043 est
1821 2988 2255 3042 excellentiorem
2282 2989 2429 3041 viam
2453 2988 2598 3041 vobis
2622 2985 2944 3041 demonstro.
2974 2983 3215 3055 Respice
3242 2983 3315 3038 ad
3348 2999 3477 3039 mu-

96 3072 328 3128 unitatis.
361 3073 468 3129 Fec
499 3090 817 3146 possumus
849 3073 1038 3128 dicere
1078 3074 1233 3145 quod
1278 3074 1541 3146 spiritus,
1575 3080 1709 3143 etc.,
1820 3093 1961 3131 nera
1991 3075 2178 3148 ipsius
2212 3075 2501 3131 Ecclesia}.
2526 3075 2741 3130 Munus
2782 3076 3302 3139 sacramentorum,
3336 3075 3471 3142 etc.,

95 3176 238 3231 usque
280 3162 346 3215 ad
393 3161 840 3233 significationis
882 3161 1013 3216 fuit.
1056 3162 1187 3231 (Id.,
1222 3163 1320 3217 lib.
1354 3179 1409 3219 IV
1437 3163 1502 3219 de
1535 3166 1707 3234 Trin.,
1758 3235 1771 3237 _
1822 3181 1993 3237 usque
2048 3165 2117 3219 ad
2174 3181 2419 3236 regnum
2467 3162 2764 3218 caelorum.
2810 3162 2938 3233 (Id.,
2974 3168 3128 3216 tract.
3173 3159 3317 3232 psal.
3351 3176 3472 3228 c111,

95 3252 215 3304 tom.
245 3250 389 3318 VIII,
422 3250 533 3306 col.
568 3251 718 3323 908.)
1742 3235 1784 3302 (ἶ
1824 3235 1966 3309 tom.
2003 3253 2093 3321 IV,
2128 3235 2277 3325 part.
2314 3271 2373 3320 ιι,
2408 3252 2517 3309 col.
2553 3252 2690 3308 1343
2719 3255 2776 3307 et
2805 3252 2953 3323 seq.)

149 3338 497 3395 Admonendi
526 3343 665 3395 sunt
690 3340 971 3414 legentes,
989 3340 1465 3412 quandoquidem
1488 3341 1708 3396 donum
1808 3410 1815 3425 .
1890 3343 2174 3408 Quoniam
2207 3360 2426 3415 egenus
2466 3346 2641 3413 atque
2688 3340 2925 3413 indigus
2956 3355 3119 3395 amor
3146 3338 3229 3393 ita
3257 3337 3469 3410 diligit,

90 3424 193 3495 Dei,
224 3433 348 3496 etc.,
378 3445 549 3501 usque
579 3428 648 3483 ad
678 3433 735 3484 et
764 3428 1050 3484 dantium.
1075 3430 1207 3499 (Id.,
1233 3430 1329 3485 lib.
1356 3429 1421 3485 de
1456 3432 1707 3487 Trinitat.
1810 3424 1952 3500 etc.,
1984 3448 2150 3503 usque
2175 3432 2244 3487 ad
2274 3431 2616 3487 eharitatem
2647 3428 2882 3485 Christi.
2912 3429 3041 3497 (Id.,
3068 3427 3162 3483 lib.
3186 3427 3250 3483 de
3274 3429 3472 3484 Genesi

90 3531 166 3583 xv,
193 3519 325 3573 tom.
355 3517 504 3585 VIII,
536 3517 643 3573 col.
679 3519 862 3587 1086.)

1816 3520 1887 3575 ad
1919 3522 2179 3588 litteram,
2209 3521 2231 3575 l
2250 3561 2262 3586 ,
2291 3525 2434 3575 tom.
2469 3519 2563 3574 IIl.
2599 3523 2748 3590 part.
2784 3536 2825 3583 1,
2858 3517 2965 3572 col.
2996 3516 3146 3585 251.)

144 3603 295 3661 Forte
325 3606 457 3679 quis
488 3607 645 3662 dicat
675 3607 959 3679 Spiritum
989 3610 1258 3663 sanctum
1291 3608 1415 3663 dari
1450 3609 1644 3681 potius
1676 3627 1711 3665 a
1890 3609 2060 3664 Oliva:
2085 3609 2308 3665 fructus
2327 3608 2672 3663 charitatem
2695 3604 3465 3679 signiﬁcat.Undehoc,etc.,

90 3691 229 3749 Patre
257 3699 309 3749 et
341 3695 505 3762 Filio,
531 3699 664 3761 etc.,
697 3712 870 3767 usque
900 3696 970 3751 ad
999 3713 1061 3752 se
1099 3696 1223 3769 ipse
1254 3698 1538 3754 diversus.
1573 3698 1706 3771 (Id.,
1815 3714 1985 3770 usque
2014 3699 2083 3754 ad
2113 3698 2467 3755 ceciderunt.
2492 3697 2623 3766 (Id.,
2647 3704 2804 3751 tract.
2837 3697 2898 3751 in
2928 3697 3134 3765 Evang.
3156 3710 3260 3751 sec.
3281 3694 3464 3763 Joan.,

89 3780 167 3837 lib.
195 3783 253 3839 de
281 3784 405 3840 Blas
433 3785 607 3857 Spiri.
639 3787 837 3853 sancti,
868 3789 1011 3841 tom.
1042 3785 1112 3852 V,
1133 3786 1242 3841 col.
1273 3787 1420 3857 459.)
1812 3788 1867 3855 6,
1903 3790 2043 3843 tom.
2078 3792 2177 3855 III,
2213 3791 2360 3858 part.
2394 3804 2456 3851 ιι,
2491 3786 2601 3841 col.
2632 3787 2770 3840 1435
2799 3788 2854 3840 et
2884 3787 3031 3856 seq.)

142 3871 280 3927 Sicut
329 3876 479 3930 enim
526 3891 721 3947 corpus
774 3891 949 3930 unum
996 3882 1091 3939 est,
1151 3882 1203 3931 et
1252 3876 1494 3931 membra
1548 3878 1707 3933 habet
1889 3876 2176 3933 Fortassis
2199 3876 2511 3947 Scriptura;
2543 3877 2813 3929 scrutatis
2844 3873 3107 3928 indicant
3126 3872 3302 3943 quod,
3330 3874 3464 3939 etc.,

87 3960 250 4031 multa,
273 3966 458 4019 omnia
488 3972 670 4019 autem
694 3964 935 4020 membra
956 3966 1198 4035 corporis
1218 3981 1342 4020 cum
1370 3967 1483 4020 sint
1508 3967 1703 4033 multa,
1814 3982 1983 4037 usque
2014 3965 2083 4019 ad
2115 3968 2347 4019 mortua
2379 3963 2775 4034 deputabitur.
2800 3962 2933 4030 (Id.,
2958 3968 3111 4027 tract,
3136 3960 3335 4030 Evang.
3358 3974 3464 4014 sec.

86 4065 234 4105 unum
264 4059 462 4124 tamen,
496 4056 630 4121 etc.,
665 4070 853 4126 usque
892 4054 962 4109 ad
1002 4056 1177 4110 vocati
1202 4071 1411 4109 sumus.
1437 4055 1707 4126 Loquens
1812 4055 1997 4121 Joan.,
2019 4053 2072 4120 9,
2098 4057 2238 4107 tom.
2265 4052 2359 4107 III.
2395 4055 2543 4123 part.
2577 4068 2638 4118 ιι,
2674 4049 2781 4104 col.
2818 4049 3001 4119 1642.)

87 4136 144 4193 de
171 4141 440 4199 membris
476 4141 713 4210 Christi,
737 4142 846 4197 hoc
876 4146 965 4197 est
1012 4143 1083 4198 de
1132 4141 1421 4209 ﬁdelibus,
1458 4160 1571 4198 non
1604 4143 1704 4211 ait,
1888 4142 2046 4197 Finis
2076 4142 2232 4196 enim
2267 4140 2534 4212 praecepti
2578 4142 2669 4193 est
2705 4137 2959 4193 charitas
2990 4136 3061 4191 de
3091 4136 3265 4191 cordo
3295 4151 3461 4207 puro.

85 4230 197 4296 etc.,
225 4247 388 4303 usque
418 4231 489 4287 ad
528 4232 773 4304 potestis
813 4232 1020 4287 facere.
1048 4231 1178 4303 (Id.,
1210 4239 1365 4287 tract.
1393 4233 1537 4303 psal.
1571 4250 1705 4303 xxx,
1813 4234 2040 4296 Quanto
2067 4230 2200 4295 isto,
2226 4234 2358 4296 etc.,
2382 4244 2550 4300 usque
2588 4228 2657 4282 ad
2687 4243 2858 4298 opere
2898 4225 3298 4298 requiruntur.
3330 4224 3461 4296 (Id.,

86 4316 204 4371 tom.
235 4317 323 4389 IV,
357 4324 508 4393 part.
543 4338 581 4387 ι,
615 4319 726 4376 col.
758 4321 909 4389 232.)
1814 4328 1970 4376 tract.
2000 4320 2141 4391 psal.
2170 4335 2365 4385 cxvm,
2394 4321 2535 4372 tom.
2566 4316 2661 4384 1V,
2696 4319 2846 4388 part.
2882 4331 2939 4379 ιι,
2966 4314 3073 4370 col.
3109 4315 3292 4385 1540.)

142 4403 335 4463 Omnia
367 4413 567 4464 autem
601 4409 866 4465 membra
896 4408 1156 4481 corporis
1186 4425 1319 4464 cum
1351 4408 1469 4465 sint
1498 4410 1703 4482 multa,
1883 4411 1953 4464 Et
1975 4409 2270 4474 omnibus,
2294 4406 2505 4478 inquit,
2530 4406 2771 4461 nomina
2793 4420 3025 4460 vocans.
3050 4403 3133 4459 lbi
3161 4408 3252 4459 est
3273 4407 3461 4461 totum

87 4507 241 4550 unum
272 4499 358 4552 est
398 4513 633 4570 corpus,
666 4498 749 4553 ita
778 4503 835 4554 et
865 4497 1151 4554 Christus.
1196 4498 1319 4553 Non
1380 4499 1460 4553 ait
1518 4499 1599 4554 ita
1652 4504 1708 4555 et
1815 4497 2142 4570 przemium,
2185 4502 2317 4564 etc.,
2356 4512 2525 4568 usque
2582 4495 2651 4549 (Ill
2700 4495 2755 4548 in
2789 4492 2952 4549 cmlo.
2993 4494 3265 4565 (S.Aug.,
3298 4500 3460 4550 tract.

85 4579 293 4653 Christi,
315 4586 417 4641 sed
464 4603 676 4658 corpus
718 4603 926 4654 unum,
951 4591 1084 4651 etc.,
1118 4604 1288 4659 usque
1318 4588 1387 4641 ad
1414 4592 1471 4643 et
1501 4588 1618 4659 ille,
1651 4592 1707 4645 et
1734 4608 1782 4673 Β
1808 4589 1952 4659 psal.
1987 4604 2169 4654 CXLVI,
2202 4592 2343 4641 tom.
2378 4584 2471 4651 IV,
2506 4588 2653 4657 part.
2690 4601 2749 4651 ιι,
2782 4582 2891 4638 col.
2929 4582 3065 4673 1994
3094 4585 3151 4637 et
3180 4584 3329 4673 seq.)

85 4684 188 4726 nos.
208 4673 286 4740 (S.
317 4676 489 4747 Aug.,
525 4683 680 4731 tract.
709 4676 849 4747 psal.
881 4675 1039 4748 mi.)
1735 4669 1771 4673 —
1882 4676 1989 4739 Qui
2021 4675 2164 4731 dicit
2194 4692 2253 4730 se
2284 4674 2344 4728 in
2376 4673 2607 4729 Christo
2652 4688 2907 4739 manere,
2942 4671 3111 4726 debet
3156 4670 3310 4725 sicut
3337 4669 3463 4742 ipse

138 4761 259 4815 Nam
281 4772 331 4818 et
357 4780 554 4835 corpus
592 4780 700 4820 non
731 4772 807 4820 est
838 4781 1013 4819 unum
1044 4765 1363 4836 membrum,
1386 4766 1478 4821 sed
1509 4767 1699 4821 multa.
1814 4764 2133 4820 ambulavit
2163 4769 2218 4819 et
2245 4762 2343 4818 ille
2387 4762 2709 4818 ambulare.
2737 4764 2872 4827 Quae
2912 4764 3001 4816 est
3039 4760 3150 4814 ista
3179 4759 3292 4827 via,
3325 4762 3459 4827 etc.,

80 4845 133 4900 Si
154 4847 344 4906 dixerit
363 4868 480 4924 pes,
504 4855 636 4925 quia
666 4869 774 4910 non
804 4870 923 4909 sum
953 4871 1173 4922 manus,
1205 4871 1311 4910 non
1342 4871 1465 4910 sum
1493 4855 1557 4910 de
1584 4872 1703 4911 cor-
1813 4871 1984 4926 usque
2012 4854 2081 4909 ad
2138 4854 2359 4908 tribuat
2417 4856 2807 4924 peccatorum.
2844 4851 2971 4922 (Id.,
3003 4866 3162 4905 serm.
3212 4848 3277 4904 de
3327 4851 3458 4904 Ver.

79 4952 204 5005 pore,
226 4957 328 4995 non
364 4941 483 4998 ideo
509 4959 621 4998 non
650 4951 727 4999 est
757 4943 822 4999 de
852 4959 1073 5015 corpore
1097 4962 1115 4998 :
1135 4951 1186 5000 et
1211 4946 1262 4999 si
1290 4943 1498 5000 dixerit
1524 4948 1701 5000 auris.
1812 4943 2062 5015 apostol.)

82 5028 318 5094 quianon
349 5047 474 5121 sum
514 5033 723 5121 oculus,
757 5035 890 5102 etc.,
926 5050 1112 5105 usque
1147 5033 1218 5088 ad
1256 5050 1365 5089 non
1403 5036 1530 5089 estis
1561 5034 1706 5089 mihi
2430 5065 2661 5121 CAPUT
2700 5064 2840 5119 x111,

84 5122 369 5175 necessarii.
395 5119 560 5175 Oculi
592 5121 707 5176 mei
733 5121 1015 5177 inﬁrmati
1038 5126 1179 5177 sunt
1205 5123 1276 5177 ab
1308 5121 1524 5193 inopia.
1548 5125 1703 5188 Quos

86 5204 254 5262 oculos
290 5208 443 5279 ejus,
483 5213 615 5278 etc.,
638 5227 808 5282 usque
850 5211 921 5267 ad
967 5210 1192 5267 lumine
1221 5228 1348 5266 suo.
1383 5212 1514 5280 (Id.,
1544 5219 1701 5268 tract.
1882 5214 1945 5267 Si
1965 5213 2170 5283 linguis
2191 5212 2472 5266 hominum
2494 5211 2687 5280 loquar
2705 5213 2757 5263 et
2778 5207 3117 5275 angelorum,
3136 5205 3460 5263 charitatem

80 5293 198 5360 psal.
220 5312 462 5364 uxxvn,
493 5302 634 5354 tom.
670 5299 762 5370 IV,
795 5303 946 5372 part.
981 5315 1044 5366 ιι,
1079 5300 1187 5355 col.
1226 5301 1408 5368 1114.)
1814 5312 1997 5356 autem
2028 5317 2135 5355 non
2163 5301 2408 5365 habeam,
2442 5302 2619 5370 factus
2658 5313 2779 5352 sum
2816 5296 2962 5350 velut
2996 5311 3075 5352 ars
3112 5312 3331 5365 sonans,
3364 5304 3464 5352 aut

138 5381 273 5438 Sunt
304 5384 593 5455 homines,
620 5404 769 5460 quos
817 5387 1065 5450 delectat
1111 5388 1460 5444 miraculum
1494 5390 1701 5459 facere,
1813 5390 2123 5462 cymbalum
2154 5387 2674 5443 tinniens.Videant
2703 5403 2735 5440 a
2756 5384 3038 5439 charitate
3068 5384 3335 5441 Ecclesiae
3366 5402 3457 5441 se-

81 5470 215 5526 etab
245 5473 349 5542 eis,
382 5478 518 5546 etc.,
550 5494 717 5548 usque
743 5477 811 5532 ad
841 5476 920 5532 ibi
963 5477 1348 5549 magniﬁcari.
1384 5480 1511 5551 (Id.,
1547 5488 1700 5535 tract.
1815 5479 2210 5551 puruli,quam
2247 5475 2451 5541 nmlta,
2476 5481 2533 5529 et
2565 5492 2739 5545 quam
2772 5489 3005 5545 magna,
3032 5478 3165 5540 etc.,
3195 5491 3361 5545 usque
3388 5475 3459 5530 ad

77 5560 197 5626 psal.
226 5578 391 5630 cxxx,
423 5567 563 5620 tom.
598 5566 689 5634 IV,
722 5570 871 5639 part.
906 5584 968 5635 ιι,
1004 5566 1111 5622 col.
1150 5567 1329 5637 1706.)
1523 5580 1535 5593 '
1812 5587 1925 5624 non
1952 5565 2618 5639 possunt.(S.Aug.,lib.
2642 5564 2707 5618 de
2728 5566 2906 5634 Bapt.,
2929 5566 2971 5618 t.
2995 5563 3085 5634 1X,
3105 5562 3212 5618 col.
3239 5564 3386 5635 116.)

136 5647 461 5723 Apostolus,
484 5670 618 5711 cum
658 5655 729 5712 de
771 5654 1136 5728 spiritalibus
1166 5655 1410 5713 diversis
1440 5658 1703 5713 muneri-
1882 5654 2120 5713 Dilectio
2154 5653 2319 5710 fortis
2353 5670 2465 5719 res,
2491 5653 2716 5709 fratres.
2736 5651 2978 5709 Dilectio
2999 5652 3166 5711 fortis
3185 5669 3298 5722 res,
3321 5655 3456 5721 etc.,
