  <div class='ocr_page' id='page_1' title='image "/cluster/home/n/w/nwhite01/storage/ocr_20150623/119/uva.x000827049/179.png"; bbox 0 0 3856 6200; ppageno 0'>
   <div class='ocr_carea' id='block_1_1' title="bbox 316 285 454 353">
    <p class='ocr_par' dir='ltr' id='par_1_1' title="bbox 316 285 454 353">
     <span class='ocr_line' id='line_1_1' title="bbox 316 285 454 353; baseline -0.029 0"><span class='ocrx_word' id='word_1_1' title='bbox 316 350 319 353; x_wconf 35' lang='grc' dir='ltr'><strong><em>λ</em></strong></span> <span class='ocrx_word' id='word_1_2' title='bbox 332 285 454 349; x_wconf 68' lang='grc'>343</span> 
     </span>
    </p>
   </div>
   <div class='ocr_carea' id='block_1_2' title="bbox 1529 281 2546 359">
    <p class='ocr_par' dir='ltr' id='par_1_2' title="bbox 1529 281 2546 359">
     <span class='ocr_line' id='line_1_2' title="bbox 1529 281 2546 359; baseline 0 -16"><span class='ocrx_word' id='word_1_3' title='bbox 1529 283 1760 359; x_wconf 70' lang='lat' dir='ltr'>FLORI</span> <span class='ocrx_word' id='word_1_4' title='bbox 1805 283 2121 345; x_wconf 83' lang='lat' dir='ltr'>DIACONI</span> <span class='ocrx_word' id='word_1_5' title='bbox 2168 281 2546 345; x_wconf 84' lang='lat' dir='ltr'>MONACHI.</span> 
     </span>
    </p>
   </div>
   <div class='ocr_carea' id='block_1_3' title="bbox 3630 285 3754 347">
    <p class='ocr_par' dir='ltr' id='par_1_3' title="bbox 3630 285 3754 347">
     <span class='ocr_line' id='line_1_3' title="bbox 3630 285 3754 347; baseline 0 0"><span class='ocrx_word' id='word_1_6' title='bbox 3630 285 3754 347; x_wconf 63' lang='lat'>344</span> 
     </span>
    </p>
   </div>
   <div class='ocr_carea' id='block_1_4' title="bbox 333 386 3758 493">
    <p class='ocr_par' dir='ltr' id='par_1_4' title="bbox 333 386 3758 493">
     <span class='ocr_line' id='line_1_4' title="bbox 333 386 3758 493; baseline -0 -16"><span class='ocrx_word' id='word_1_7' title='bbox 333 437 504 493; x_wconf 85' lang='lat' dir='ltr'>usque</span> <span class='ocrx_word' id='word_1_8' title='bbox 534 417 604 475; x_wconf 91' lang='lat' dir='ltr'>ad</span> <span class='ocrx_word' id='word_1_9' title='bbox 633 418 823 490; x_wconf 89' lang='lat' dir='ltr'>impar</span> <span class='ocrx_word' id='word_1_10' title='bbox 852 416 1126 472; x_wconf 88' lang='lat' dir='ltr'>charitas.</span> <span class='ocrx_word' id='word_1_11' title='bbox 1152 416 1281 489; x_wconf 85' lang='lat' dir='ltr'>(Id.,</span> <span class='ocrx_word' id='word_1_12' title='bbox 1315 425 1470 472; x_wconf 86' lang='lat' dir='ltr'>tract.</span> <span class='ocrx_word' id='word_1_13' title='bbox 1499 417 1641 489; x_wconf 88' lang='lat' dir='ltr'>psal.</span> <span class='ocrx_word' id='word_1_14' title='bbox 1664 433 1812 487; x_wconf 83' lang='lat' dir='ltr'>cxx1,</span> <span class='ocrx_word' id='word_1_15' title='bbox 1834 419 1976 472; x_wconf 89' lang='lat' dir='ltr'>tom.</span> <span class='ocrx_word' id='word_1_16' title='bbox 2007 419 2304 485; x_wconf 67' lang='lat' dir='ltr'>Aritatis,</span> <span class='ocrx_word' id='word_1_17' title='bbox 2377 421 2519 472; x_wconf 90' lang='lat' dir='ltr'>tom.</span> <span class='ocrx_word' id='word_1_18' title='bbox 2590 417 2659 486; x_wconf 93' lang='lat' dir='ltr'>V,</span> <span class='ocrx_word' id='word_1_19' title='bbox 2722 421 2875 490; x_wconf 90' lang='lat' dir='ltr'>part.</span> <span class='ocrx_word' id='word_1_20' title='bbox 2944 435 3015 484; x_wconf 89' lang='grc' dir='ltr'>ιι,</span> <span class='ocrx_word' id='word_1_21' title='bbox 3085 416 3196 475; x_wconf 86' lang='lat' dir='ltr'>col.</span> <span class='ocrx_word' id='word_1_22' title='bbox 3270 420 3412 475; x_wconf 83' lang='grc'>1334</span> <span class='ocrx_word' id='word_1_23' title='bbox 3480 422 3540 474; x_wconf 89' lang='lat' dir='ltr'>et</span> <span class='ocrx_word' id='word_1_24' title='bbox 3605 386 3758 492; x_wconf 68' lang='lat' dir='ltr'>seq.)</span> 
     </span>
    </p>
   </div>
   <div class='ocr_carea' id='block_1_5' title="bbox 341 505 1039 581">
    <p class='ocr_par' dir='ltr' id='par_1_5' title="bbox 341 505 1039 581">
     <span class='ocr_line' id='line_1_5' title="bbox 341 505 1039 581; baseline -0.007 -16"><span class='ocrx_word' id='word_1_25' title='bbox 341 509 435 578; x_wconf 88' lang='lat' dir='ltr'>IV,</span> <span class='ocrx_word' id='word_1_26' title='bbox 468 512 618 581; x_wconf 88' lang='lat' dir='ltr'>part.</span> <span class='ocrx_word' id='word_1_27' title='bbox 652 525 714 576; x_wconf 91' lang='lat' dir='ltr'>II,</span> <span class='ocrx_word' id='word_1_28' title='bbox 749 506 855 562; x_wconf 93' lang='lat' dir='ltr'>col.</span> <span class='ocrx_word' id='word_1_29' title='bbox 892 505 1039 577; x_wconf 77' lang='lat'>102.)</span> 
     </span>
    </p>
   </div>
   <div class='ocr_carea' id='block_1_6' title="bbox 415 594 1989 667">
    <p class='ocr_par' dir='ltr' id='par_1_6' title="bbox 415 594 1989 667">
     <span class='ocr_line' id='line_1_6' title="bbox 415 594 1989 667; baseline -0.002 -15"><span class='ocrx_word' id='word_1_30' title='bbox 415 597 563 664; x_wconf 86' lang='lat' dir='ltr'>Quid</span> <span class='ocrx_word' id='word_1_31' title='bbox 612 600 702 652; x_wconf 88' lang='lat' dir='ltr'>est</span> <span class='ocrx_word' id='word_1_32' title='bbox 755 594 932 651; x_wconf 86' lang='lat' dir='ltr'>vestis</span> <span class='ocrx_word' id='word_1_33' title='bbox 962 594 1284 667; x_wconf 82' lang='lat' dir='ltr'>nuptialis?</span> <span class='ocrx_word' id='word_1_34' title='bbox 1314 596 1653 661; x_wconf 77' lang='lat' dir='ltr'>Quaeramus</span> <span class='ocrx_word' id='word_1_35' title='bbox 1707 594 1870 650; x_wconf 86' lang='lat' dir='ltr'>illam</span> <span class='ocrx_word' id='word_1_36' title='bbox 1929 595 1989 649; x_wconf 91' lang='lat' dir='ltr'>in</span> 
     </span>
    </p>
   </div>
   <div class='ocr_carea' id='block_1_7' title="bbox 347 684 1991 756">
    <p class='ocr_par' dir='ltr' id='par_1_7' title="bbox 347 684 1991 756">
     <span class='ocr_line' id='line_1_7' title="bbox 347 684 1991 756; baseline -0.002 -13"><span class='ocrx_word' id='word_1_37' title='bbox 347 686 560 743; x_wconf 83' lang='lat' dir='ltr'>litteris</span> <span class='ocrx_word' id='word_1_38' title='bbox 590 684 829 752; x_wconf 79' lang='lat' dir='ltr'>sanctis,</span> <span class='ocrx_word' id='word_1_39' title='bbox 853 689 988 750; x_wconf 89' lang='lat' dir='ltr'>etc.,</span> <span class='ocrx_word' id='word_1_40' title='bbox 1020 700 1190 756; x_wconf 84' lang='lat' dir='ltr'>usque</span> <span class='ocrx_word' id='word_1_41' title='bbox 1217 684 1287 739; x_wconf 87' lang='lat' dir='ltr'>ad</span> <span class='ocrx_word' id='word_1_42' title='bbox 1316 687 1371 740; x_wconf 88' lang='lat' dir='ltr'>et</span> <span class='ocrx_word' id='word_1_43' title='bbox 1400 685 1637 756; x_wconf 89' lang='lat' dir='ltr'>pedum.</span> <span class='ocrx_word' id='word_1_44' title='bbox 1667 685 1802 754; x_wconf 90' lang='lat' dir='ltr'>(Id.,</span> <span class='ocrx_word' id='word_1_45' title='bbox 1827 702 1991 740; x_wconf 85' lang='lat' dir='ltr'>serm.</span> 
     </span>
    </p>
   </div>
   <div class='ocr_carea' id='block_1_8' title="bbox 344 773 1997 847">
    <p class='ocr_par' dir='ltr' id='par_1_8' title="bbox 344 773 1997 847">
     <span class='ocr_line' id='line_1_8' title="bbox 344 773 1997 847; baseline -0.002 -14"><span class='ocrx_word' id='word_1_46' title='bbox 344 776 410 833; x_wconf 89' lang='lat' dir='ltr'>de</span> <span class='ocrx_word' id='word_1_47' title='bbox 437 775 716 832; x_wconf 86' lang='lat' dir='ltr'>Miraculo</span> <span class='ocrx_word' id='word_1_48' title='bbox 744 791 823 830; x_wconf 84' lang='lat' dir='ltr'>vn</span> <span class='ocrx_word' id='word_1_49' title='bbox 860 790 1092 846; x_wconf 87' lang='lat' dir='ltr'>panum,</span> <span class='ocrx_word' id='word_1_50' title='bbox 1126 778 1267 830; x_wconf 92' lang='lat' dir='ltr'>tom.</span> <span class='ocrx_word' id='word_1_51' title='bbox 1301 773 1370 840; x_wconf 92' lang='lat' dir='ltr'>V,</span> <span class='ocrx_word' id='word_1_52' title='bbox 1404 777 1552 847; x_wconf 84' lang='lat' dir='ltr'>part.</span> <span class='ocrx_word' id='word_1_53' title='bbox 1587 792 1627 841; x_wconf 88' lang='grc' dir='ltr'>ι,</span> <span class='ocrx_word' id='word_1_54' title='bbox 1661 774 1771 830; x_wconf 93' lang='lat' dir='ltr'>col.</span> <span class='ocrx_word' id='word_1_55' title='bbox 1804 774 1909 830; x_wconf 87' lang='lat'>983</span> <span class='ocrx_word' id='word_1_56' title='bbox 1941 777 1997 829; x_wconf 88' lang='lat' dir='ltr'>et</span> 
     </span>
    </p>
   </div>
   <div class='ocr_carea' id='block_1_9' title="bbox 348 865 1441 938">
    <p class='ocr_par' dir='ltr' id='par_1_9' title="bbox 348 865 1441 938">
     <span class='ocr_line' id='line_1_9' title="bbox 348 865 1441 938; baseline -0.004 0"><span class='ocrx_word' id='word_1_57' title='bbox 348 865 499 938; x_wconf 75' lang='grc' dir='ltr'>εθίιο)</span> <span class='ocrx_word' id='word_1_58' title='bbox 1439 931 1441 934; x_wconf 5' lang='grc'>7</span> 
     </span>
    </p>
   </div>
   <div class='ocr_carea' id='block_1_10' title="bbox 420 952 1997 1026">
    <p class='ocr_par' dir='ltr' id='par_1_10' title="bbox 420 952 1997 1026">
     <span class='ocr_line' id='line_1_10' title="bbox 420 952 1997 1026; baseline -0.003 -15"><span class='ocrx_word' id='word_1_59' title='bbox 420 955 576 1011; x_wconf 88' lang='lat' dir='ltr'>Deus</span> <span class='ocrx_word' id='word_1_60' title='bbox 606 952 788 1026; x_wconf 80' lang='lat' dir='ltr'>igitur</span> <span class='ocrx_word' id='word_1_61' title='bbox 805 952 1059 1025; x_wconf 81' lang='lat' dir='ltr'>Spiritus</span> <span class='ocrx_word' id='word_1_62' title='bbox 1081 956 1341 1020; x_wconf 88' lang='lat' dir='ltr'>sanctus,</span> <span class='ocrx_word' id='word_1_63' title='bbox 1365 952 1464 1025; x_wconf 91' lang='lat' dir='ltr'>qui</span> <span class='ocrx_word' id='word_1_64' title='bbox 1487 952 1744 1025; x_wconf 79' lang='lat' dir='ltr'>procedit</span> <span class='ocrx_word' id='word_1_65' title='bbox 1769 970 1838 1008; x_wconf 84' lang='lat' dir='ltr'>ex</span> <span class='ocrx_word' id='word_1_66' title='bbox 1859 953 1997 1019; x_wconf 90' lang='lat' dir='ltr'>Deo,</span> 
     </span>
    </p>
   </div>
   <div class='ocr_carea' id='block_1_11' title="bbox 351 1041 2002 1115">
    <p class='ocr_par' dir='ltr' id='par_1_11' title="bbox 351 1041 2002 1115">
     <span class='ocr_line' id='line_1_11' title="bbox 351 1041 2002 1115; baseline -0.001 -16"><span class='ocrx_word' id='word_1_67' title='bbox 351 1048 485 1111; x_wconf 89' lang='lat' dir='ltr'>etc.,</span> <span class='ocrx_word' id='word_1_68' title='bbox 517 1042 777 1115; x_wconf 77' lang='lat' dir='ltr'>usquead</span> <span class='ocrx_word' id='word_1_69' title='bbox 806 1059 924 1097; x_wconf 91' lang='lat' dir='ltr'>non</span> <span class='ocrx_word' id='word_1_70' title='bbox 975 1042 1241 1114; x_wconf 80' lang='lat' dir='ltr'>perducit</span> <span class='ocrx_word' id='word_1_71' title='bbox 1287 1042 1357 1098; x_wconf 91' lang='lat' dir='ltr'>ad</span> <span class='ocrx_word' id='word_1_72' title='bbox 1405 1043 1610 1099; x_wconf 91' lang='lat' dir='ltr'>Deum.</span> <span class='ocrx_word' id='word_1_73' title='bbox 1641 1042 1775 1115; x_wconf 91' lang='lat' dir='ltr'>(Id.,</span> <span class='ocrx_word' id='word_1_74' title='bbox 1808 1043 1904 1097; x_wconf 87' lang='lat' dir='ltr'>lib.</span> <span class='ocrx_word' id='word_1_75' title='bbox 1937 1041 2002 1097; x_wconf 89' lang='lat' dir='ltr'>de</span> 
     </span>
    </p>
   </div>
   <div class='ocr_carea' id='block_1_12' title="bbox 356 1130 1686 1204">
    <p class='ocr_par' dir='ltr' id='par_1_12' title="bbox 356 1130 1686 1204">
     <span class='ocr_line' id='line_1_12' title="bbox 356 1130 1686 1204; baseline -0.005 -13"><span class='ocrx_word' id='word_1_76' title='bbox 356 1135 639 1199; x_wconf 83' lang='lat' dir='ltr'>Trinitat.,</span> <span class='ocrx_word' id='word_1_77' title='bbox 661 1149 754 1199; x_wconf 82' lang='lat' dir='ltr'>xv,</span> <span class='ocrx_word' id='word_1_78' title='bbox 783 1134 926 1187; x_wconf 91' lang='lat' dir='ltr'>tom.</span> <span class='ocrx_word' id='word_1_79' title='bbox 958 1131 1110 1199; x_wconf 88' lang='lat' dir='ltr'>VIII,</span> <span class='ocrx_word' id='word_1_80' title='bbox 1144 1130 1253 1186; x_wconf 92' lang='lat' dir='ltr'>col.</span> <span class='ocrx_word' id='word_1_81' title='bbox 1285 1132 1423 1186; x_wconf 87' lang='lat'>1082</span> <span class='ocrx_word' id='word_1_82' title='bbox 1452 1136 1508 1187; x_wconf 91' lang='lat' dir='ltr'>et</span> <span class='ocrx_word' id='word_1_83' title='bbox 1537 1132 1686 1204; x_wconf 88' lang='lat' dir='ltr'>seq.)</span> 
     </span>
    </p>
   </div>
   <div class='ocr_carea' id='block_1_13' title="bbox 424 1220 2001 1293">
    <p class='ocr_par' dir='ltr' id='par_1_13' title="bbox 424 1220 2001 1293">
     <span class='ocr_line' id='line_1_13' title="bbox 424 1220 2001 1293; baseline -0.001 -15"><span class='ocrx_word' id='word_1_84' title='bbox 424 1224 488 1278; x_wconf 84' lang='lat' dir='ltr'>Et</span> <span class='ocrx_word' id='word_1_85' title='bbox 516 1224 569 1277; x_wconf 97' lang='lat' dir='ltr'>si</span> <span class='ocrx_word' id='word_1_86' title='bbox 596 1221 835 1277; x_wconf 82' lang='lat' dir='ltr'>habuero</span> <span class='ocrx_word' id='word_1_87' title='bbox 859 1220 1225 1293; x_wconf 80' lang='lat' dir='ltr'>prophetiam,</span> <span class='ocrx_word' id='word_1_88' title='bbox 1247 1228 1299 1275; x_wconf 93' lang='lat' dir='ltr'>et</span> <span class='ocrx_word' id='word_1_89' title='bbox 1326 1223 1570 1276; x_wconf 82' lang='lat' dir='ltr'>noverim</span> <span class='ocrx_word' id='word_1_90' title='bbox 1598 1222 1858 1293; x_wconf 79' lang='lat' dir='ltr'>mysteria</span> <span class='ocrx_word' id='word_1_91' title='bbox 1887 1236 2001 1276; x_wconf 86' lang='lat' dir='ltr'>om-</span> 
     </span>
    </p>
   </div>
   <div class='ocr_carea' id='block_1_14' title="bbox 351 1308 2001 1381">
    <p class='ocr_par' dir='ltr' id='par_1_14' title="bbox 351 1308 2001 1381">
     <span class='ocr_line' id='line_1_14' title="bbox 351 1308 2001 1381; baseline -0.001 -14"><span class='ocrx_word' id='word_1_92' title='bbox 351 1314 468 1381; x_wconf 88' lang='lat' dir='ltr'>nia,</span> <span class='ocrx_word' id='word_1_93' title='bbox 491 1320 543 1367; x_wconf 90' lang='lat' dir='ltr'>et</span> <span class='ocrx_word' id='word_1_94' title='bbox 581 1326 794 1367; x_wconf 85' lang='lat' dir='ltr'>omnem</span> <span class='ocrx_word' id='word_1_95' title='bbox 838 1310 1144 1365; x_wconf 77' lang='lat' dir='ltr'>scientiam.</span> <span class='ocrx_word' id='word_1_96' title='bbox 1180 1309 1244 1364; x_wconf 92' lang='lat' dir='ltr'>In</span> <span class='ocrx_word' id='word_1_97' title='bbox 1292 1308 1422 1375; x_wconf 90' lang='lat' dir='ltr'>hoc,</span> <span class='ocrx_word' id='word_1_98' title='bbox 1453 1308 1649 1380; x_wconf 82' lang='lat' dir='ltr'>inquit</span> <span class='ocrx_word' id='word_1_99' title='bbox 1696 1310 2001 1379; x_wconf 85' lang='lat' dir='ltr'>Dominus,</span> 
     </span>
    </p>
   </div>
   <div class='ocr_carea' id='block_1_15' title="bbox 355 1396 2004 1473">
    <p class='ocr_par' dir='ltr' id='par_1_15' title="bbox 355 1396 2004 1473">
     <span class='ocr_line' id='line_1_15' title="bbox 355 1396 2004 1473; baseline -0.002 -16"><span class='ocrx_word' id='word_1_100' title='bbox 355 1403 709 1473; x_wconf 84' lang='lat' dir='ltr'>cognoscent</span> <span class='ocrx_word' id='word_1_101' title='bbox 735 1415 959 1463; x_wconf 91' lang='lat' dir='ltr'>omnes,</span> <span class='ocrx_word' id='word_1_102' title='bbox 984 1397 1122 1470; x_wconf 88' lang='lat' dir='ltr'>quia</span> <span class='ocrx_word' id='word_1_103' title='bbox 1149 1396 1263 1452; x_wconf 90' lang='lat' dir='ltr'>mei</span> <span class='ocrx_word' id='word_1_104' title='bbox 1291 1397 1563 1470; x_wconf 88' lang='lat' dir='ltr'>discipuli</span> <span class='ocrx_word' id='word_1_105' title='bbox 1596 1398 1757 1467; x_wconf 88' lang='lat' dir='ltr'>estis,</span> <span class='ocrx_word' id='word_1_106' title='bbox 1783 1399 1830 1454; x_wconf 88' lang='lat' dir='ltr'>si</span> <span class='ocrx_word' id='word_1_107' title='bbox 1862 1399 2004 1455; x_wconf 88' lang='lat' dir='ltr'>dile-</span> 
     </span>
    </p>
   </div>
   <div class='ocr_carea' id='block_1_16' title="bbox 354 1486 2006 1560">
    <p class='ocr_par' dir='ltr' id='par_1_16' title="bbox 354 1486 2006 1560">
     <span class='ocr_line' id='line_1_16' title="bbox 354 1486 2006 1560; baseline -0.001 -15"><span class='ocrx_word' id='word_1_108' title='bbox 354 1489 606 1545; x_wconf 88' lang='lat' dir='ltr'>ctionem</span> <span class='ocrx_word' id='word_1_109' title='bbox 638 1486 961 1544; x_wconf 74' lang='lat' dir='ltr'>habueritis</span> <span class='ocrx_word' id='word_1_110' title='bbox 1011 1487 1070 1541; x_wconf 92' lang='lat' dir='ltr'>in</span> <span class='ocrx_word' id='word_1_111' title='bbox 1103 1486 1372 1542; x_wconf 88' lang='lat' dir='ltr'>invicem.</span> <span class='ocrx_word' id='word_1_112' title='bbox 1408 1488 1714 1560; x_wconf 86' lang='lat' dir='ltr'>Tanquam</span> <span class='ocrx_word' id='word_1_113' title='bbox 1769 1488 2006 1556; x_wconf 87' lang='lat' dir='ltr'>diceret,</span> 
     </span>
    </p>
   </div>
   <div class='ocr_carea' id='block_1_17' title="bbox 355 1575 2005 1650">
    <p class='ocr_par' dir='ltr' id='par_1_17' title="bbox 355 1575 2005 1650">
     <span class='ocr_line' id='line_1_17' title="bbox 355 1575 2005 1650; baseline -0.002 -16"><span class='ocrx_word' id='word_1_114' title='bbox 355 1583 489 1646; x_wconf 89' lang='lat' dir='ltr'>etc.,</span> <span class='ocrx_word' id='word_1_115' title='bbox 522 1594 692 1649; x_wconf 88' lang='lat' dir='ltr'>usque</span> <span class='ocrx_word' id='word_1_116' title='bbox 723 1576 793 1632; x_wconf 88' lang='lat' dir='ltr'>ad</span> <span class='ocrx_word' id='word_1_117' title='bbox 840 1575 900 1631; x_wconf 90' lang='lat' dir='ltr'>in</span> <span class='ocrx_word' id='word_1_118' title='bbox 953 1575 1198 1632; x_wconf 85' lang='lat' dir='ltr'>deliciis.</span> <span class='ocrx_word' id='word_1_119' title='bbox 1249 1576 1379 1645; x_wconf 89' lang='lat' dir='ltr'>(Id.,</span> <span class='ocrx_word' id='word_1_120' title='bbox 1429 1585 1588 1632; x_wconf 82' lang='lat' dir='ltr'>tract.</span> <span class='ocrx_word' id='word_1_121' title='bbox 1638 1578 1841 1650; x_wconf 88' lang='lat' dir='ltr'>Evang.</span> <span class='ocrx_word' id='word_1_122' title='bbox 1900 1594 2005 1633; x_wconf 83' lang='lat' dir='ltr'>sec.</span> 
     </span>
    </p>
   </div>
   <div class='ocr_carea' id='block_1_18' title="bbox 338 1666 1619 1738">
    <p class='ocr_par' dir='ltr' id='par_1_18' title="bbox 338 1666 1619 1738">
     <span class='ocr_line' id='line_1_18' title="bbox 338 1666 1619 1738; baseline -0.001 -17"><span class='ocrx_word' id='word_1_123' title='bbox 338 1673 548 1734; x_wconf 87' lang='lat' dir='ltr'>.Joan.,</span> <span class='ocrx_word' id='word_1_124' title='bbox 578 1667 669 1734; x_wconf 85' lang='lat'>65,</span> <span class='ocrx_word' id='word_1_125' title='bbox 707 1669 849 1721; x_wconf 90' lang='lat' dir='ltr'>tom.</span> <span class='ocrx_word' id='word_1_126' title='bbox 886 1666 981 1733; x_wconf 93' lang='lat' dir='ltr'>III,</span> <span class='ocrx_word' id='word_1_127' title='bbox 1014 1670 1165 1738; x_wconf 90' lang='lat' dir='ltr'>part.</span> <span class='ocrx_word' id='word_1_128' title='bbox 1198 1683 1258 1731; x_wconf 88' lang='grc' dir='ltr'>ιι,</span> <span class='ocrx_word' id='word_1_129' title='bbox 1292 1666 1400 1722; x_wconf 93' lang='lat' dir='ltr'>col.</span> <span class='ocrx_word' id='word_1_130' title='bbox 1438 1666 1619 1733; x_wconf 84' lang='lat'>1809.)</span> 
     </span>
    </p>
   </div>
   <div class='ocr_carea' id='block_1_19' title="bbox 2171 506 3763 581">
    <p class='ocr_par' dir='ltr' id='par_1_19' title="bbox 2171 506 3763 581">
     <span class='ocr_line' id='line_1_19' title="bbox 2171 506 3763 581; baseline 0.003 -21"><span class='ocrx_word' id='word_1_131' title='bbox 2171 506 2463 562; x_wconf 87' lang='lat' dir='ltr'>Charitatis</span> <span class='ocrx_word' id='word_1_132' title='bbox 2490 523 2601 563; x_wconf 88' lang='lat' dir='ltr'>non</span> <span class='ocrx_word' id='word_1_133' title='bbox 2646 508 2968 576; x_wconf 73' lang='lat' dir='ltr'>aemulatur,</span> <span class='ocrx_word' id='word_1_134' title='bbox 2996 524 3105 563; x_wconf 87' lang='lat' dir='ltr'>non</span> <span class='ocrx_word' id='word_1_135' title='bbox 3138 509 3263 581; x_wconf 88' lang='lat' dir='ltr'>agit</span> <span class='ocrx_word' id='word_1_136' title='bbox 3305 525 3618 581; x_wconf 78' lang='lat' dir='ltr'>perperam,</span> <span class='ocrx_word' id='word_1_137' title='bbox 3645 518 3763 565; x_wconf 78' lang='lat' dir='ltr'>non</span> 
     </span>
    </p>
   </div>
   <div class='ocr_carea' id='block_1_20' title="bbox 2101 596 3764 667">
    <p class='ocr_par' dir='ltr' id='par_1_20' title="bbox 2101 596 3764 667">
     <span class='ocr_line' id='line_1_20' title="bbox 2101 596 3764 667; baseline 0.002 -17"><span class='ocrx_word' id='word_1_138' title='bbox 2101 596 2349 666; x_wconf 88' lang='lat' dir='ltr'>inﬂatur,</span> <span class='ocrx_word' id='word_1_139' title='bbox 2382 612 2491 651; x_wconf 88' lang='lat' dir='ltr'>non</span> <span class='ocrx_word' id='word_1_140' title='bbox 2528 605 2606 652; x_wconf 91' lang='lat' dir='ltr'>est</span> <span class='ocrx_word' id='word_1_141' title='bbox 2655 596 2964 653; x_wconf 82' lang='lat' dir='ltr'>ambitiosa.</span> <span class='ocrx_word' id='word_1_142' title='bbox 3003 597 3110 652; x_wconf 91' lang='lat' dir='ltr'>Ubi</span> <span class='ocrx_word' id='word_1_143' title='bbox 3171 602 3262 653; x_wconf 88' lang='lat' dir='ltr'>est</span> <span class='ocrx_word' id='word_1_144' title='bbox 3320 597 3560 667; x_wconf 85' lang='lat' dir='ltr'>invidia,</span> <span class='ocrx_word' id='word_1_145' title='bbox 3594 615 3764 655; x_wconf 86' lang='lat' dir='ltr'>amor</span> 
     </span>
    </p>
   </div>
   <div class='ocr_carea' id='block_1_21' title="bbox 2103 683 3761 758">
    <p class='ocr_par' dir='ltr' id='par_1_21' title="bbox 2103 683 3761 758">
     <span class='ocr_line' id='line_1_21' title="bbox 2103 683 3761 758; baseline 0.001 -19"><span class='ocrx_word' id='word_1_146' title='bbox 2103 683 2394 741; x_wconf 89' lang='lat' dir='ltr'>fraternus</span> <span class='ocrx_word' id='word_1_147' title='bbox 2427 702 2555 741; x_wconf 85' lang='lat' dir='ltr'>esse</span> <span class='ocrx_word' id='word_1_148' title='bbox 2586 702 2702 740; x_wconf 86' lang='lat' dir='ltr'>non</span> <span class='ocrx_word' id='word_1_149' title='bbox 2751 689 2961 758; x_wconf 81' lang='lat' dir='ltr'>potest.</span> <span class='ocrx_word' id='word_1_150' title='bbox 2996 687 3270 742; x_wconf 88' lang='lat' dir='ltr'>Intendat</span> <span class='ocrx_word' id='word_1_151' title='bbox 3294 686 3587 753; x_wconf 84' lang='lat' dir='ltr'>&#39;charitas,</span> <span class='ocrx_word' id='word_1_152' title='bbox 3622 692 3761 755; x_wconf 88' lang='lat' dir='ltr'>etc.,</span> 
     </span>
    </p>
   </div>
   <div class='ocr_carea' id='block_1_22' title="bbox 2102 774 3762 848">
    <p class='ocr_par' dir='ltr' id='par_1_22' title="bbox 2102 774 3762 848">
     <span class='ocr_line' id='line_1_22' title="bbox 2102 774 3762 848; baseline 0.001 -20"><span class='ocrx_word' id='word_1_153' title='bbox 2102 790 2272 845; x_wconf 86' lang='lat' dir='ltr'>usque</span> <span class='ocrx_word' id='word_1_154' title='bbox 2296 774 2368 829; x_wconf 89' lang='lat' dir='ltr'>ad</span> <span class='ocrx_word' id='word_1_155' title='bbox 2397 774 2753 830; x_wconf 83' lang='lat' dir='ltr'>sacrificium</span> <span class='ocrx_word' id='word_1_156' title='bbox 2782 776 2912 847; x_wconf 85' lang='lat' dir='ltr'>ejus</span> <span class='ocrx_word' id='word_1_157' title='bbox 2943 776 3072 848; x_wconf 92' lang='lat' dir='ltr'>(Id.,</span> <span class='ocrx_word' id='word_1_158' title='bbox 3095 792 3259 831; x_wconf 84' lang='lat' dir='ltr'>serm.</span> <span class='ocrx_word' id='word_1_159' title='bbox 3291 792 3348 832; x_wconf 92' lang='lat' dir='ltr'>v.</span> <span class='ocrx_word' id='word_1_160' title='bbox 3379 777 3553 847; x_wconf 89' lang='lat' dir='ltr'>Epist.</span> <span class='ocrx_word' id='word_1_161' title='bbox 3573 777 3762 841; x_wconf 66' lang='lat' dir='ltr'>leam,</span> 
     </span>
    </p>
   </div>
   <div class='ocr_carea' id='block_1_23' title="bbox 2104 863 3246 937">
    <p class='ocr_par' dir='ltr' id='par_1_23' title="bbox 2104 863 3246 937">
     <span class='ocr_line' id='line_1_23' title="bbox 2104 863 3246 937; baseline 0.001 -19"><span class='ocrx_word' id='word_1_162' title='bbox 2104 867 2246 918; x_wconf 89' lang='lat' dir='ltr'>tom.</span> <span class='ocrx_word' id='word_1_163' title='bbox 2279 867 2380 931; x_wconf 86' lang='lat' dir='ltr'>III,</span> <span class='ocrx_word' id='word_1_164' title='bbox 2416 868 2566 936; x_wconf 87' lang='lat' dir='ltr'>part.</span> <span class='ocrx_word' id='word_1_165' title='bbox 2601 881 2662 933; x_wconf 90' lang='grc' dir='ltr'>ιι,</span> <span class='ocrx_word' id='word_1_166' title='bbox 2694 863 2802 919; x_wconf 92' lang='lat' dir='ltr'>col.</span> <span class='ocrx_word' id='word_1_167' title='bbox 2836 866 2979 919; x_wconf 88' lang='lat'>2016</span> <span class='ocrx_word' id='word_1_168' title='bbox 3010 870 3067 920; x_wconf 88' lang='lat' dir='ltr'>et</span> <span class='ocrx_word' id='word_1_169' title='bbox 3097 868 3246 937; x_wconf 90' lang='lat' dir='ltr'>seq.)</span> 
     </span>
    </p>
   </div>
   <div class='ocr_carea' id='block_1_24' title="bbox 2177 951 3764 1020">
    <p class='ocr_par' dir='ltr' id='par_1_24' title="bbox 2177 951 3764 1020">
     <span class='ocr_line' id='line_1_24' title="bbox 2177 951 3764 1020; baseline 0.001 -13"><span class='ocrx_word' id='word_1_170' title='bbox 2177 951 2444 1009; x_wconf 89' lang='lat' dir='ltr'>Charitas</span> <span class='ocrx_word' id='word_1_171' title='bbox 2483 970 2599 1008; x_wconf 92' lang='lat' dir='ltr'>non</span> <span class='ocrx_word' id='word_1_172' title='bbox 2639 952 2970 1008; x_wconf 68' lang='lat' dir='ltr'>aemulatur.</span> <span class='ocrx_word' id='word_1_173' title='bbox 2997 954 3217 1020; x_wconf 63' lang='lat' dir='ltr'>Quaeris</span> <span class='ocrx_word' id='word_1_174' title='bbox 3247 953 3534 1010; x_wconf 89' lang='lat' dir='ltr'>causam?</span> <span class='ocrx_word' id='word_1_175' title='bbox 3571 958 3764 1009; x_wconf 82' lang='lat' dir='ltr'>atten-</span> 
     </span>
    </p>
   </div>
   <div class='ocr_carea' id='block_1_25' title="bbox 2108 1041 3765 1116">
    <p class='ocr_par' dir='ltr' id='par_1_25' title="bbox 2108 1041 3765 1116">
     <span class='ocr_line' id='line_1_25' title="bbox 2108 1041 3765 1116; baseline 0.002 -21"><span class='ocrx_word' id='word_1_176' title='bbox 2108 1041 2198 1108; x_wconf 92' lang='lat' dir='ltr'>de,</span> <span class='ocrx_word' id='word_1_177' title='bbox 2230 1045 2362 1109; x_wconf 89' lang='lat' dir='ltr'>etc.,</span> <span class='ocrx_word' id='word_1_178' title='bbox 2394 1058 2564 1114; x_wconf 88' lang='lat' dir='ltr'>usque</span> <span class='ocrx_word' id='word_1_179' title='bbox 2608 1042 2678 1097; x_wconf 88' lang='lat' dir='ltr'>ad</span> <span class='ocrx_word' id='word_1_180' title='bbox 2722 1059 2839 1097; x_wconf 91' lang='lat' dir='ltr'>non</span> <span class='ocrx_word' id='word_1_181' title='bbox 2879 1043 3136 1098; x_wconf 86' lang='lat' dir='ltr'>inﬂatur.</span> <span class='ocrx_word' id='word_1_182' title='bbox 3184 1043 3314 1116; x_wconf 92' lang='lat' dir='ltr'>(Id.,</span> <span class='ocrx_word' id='word_1_183' title='bbox 3347 1059 3512 1098; x_wconf 83' lang='lat' dir='ltr'>serm.</span> <span class='ocrx_word' id='word_1_184' title='bbox 3543 1043 3608 1098; x_wconf 88' lang='lat' dir='ltr'>de</span> <span class='ocrx_word' id='word_1_185' title='bbox 3649 1045 3765 1099; x_wconf 77' lang='lat' dir='ltr'>Ver.</span> 
     </span>
    </p>
   </div>
   <div class='ocr_carea' id='block_1_26' title="bbox 2107 1129 3263 1205">
    <p class='ocr_par' dir='ltr' id='par_1_26' title="bbox 2107 1129 3263 1205">
     <span class='ocr_line' id='line_1_26' title="bbox 2107 1129 3263 1205; baseline 0.001 -22"><span class='ocrx_word' id='word_1_186' title='bbox 2107 1130 2337 1199; x_wconf 85' lang='lat' dir='ltr'>Evang.,</span> <span class='ocrx_word' id='word_1_187' title='bbox 2374 1134 2517 1205; x_wconf 82' lang='lat' dir='ltr'>tom.</span> <span class='ocrx_word' id='word_1_188' title='bbox 2550 1130 2618 1198; x_wconf 93' lang='lat' dir='ltr'>V,</span> <span class='ocrx_word' id='word_1_189' title='bbox 2654 1134 2802 1202; x_wconf 89' lang='lat' dir='ltr'>part.</span> <span class='ocrx_word' id='word_1_190' title='bbox 2837 1148 2899 1195; x_wconf 90' lang='grc' dir='ltr'>ιι,</span> <span class='ocrx_word' id='word_1_191' title='bbox 2934 1129 3042 1186; x_wconf 92' lang='lat' dir='ltr'>col.</span> <span class='ocrx_word' id='word_1_192' title='bbox 3079 1130 3263 1201; x_wconf 87' lang='lat'>1562.)</span> 
     </span>
    </p>
   </div>
   <div class='ocr_carea' id='block_1_27' title="bbox 2180 1217 3774 1286">
    <p class='ocr_par' dir='ltr' id='par_1_27' title="bbox 2180 1217 3774 1286">
     <span class='ocr_line' id='line_1_27' title="bbox 2180 1217 3774 1286; baseline 0.001 -13"><span class='ocrx_word' id='word_1_193' title='bbox 2180 1217 2421 1274; x_wconf 89' lang='lat' dir='ltr'>Dilectio</span> <span class='ocrx_word' id='word_1_194' title='bbox 2442 1218 2600 1274; x_wconf 90' lang='lat' dir='ltr'>enim</span> <span class='ocrx_word' id='word_1_195' title='bbox 2627 1236 2742 1274; x_wconf 92' lang='lat' dir='ltr'>non</span> <span class='ocrx_word' id='word_1_196' title='bbox 2769 1218 3032 1285; x_wconf 85' lang='lat' dir='ltr'>inflatur,</span> <span class='ocrx_word' id='word_1_197' title='bbox 3048 1223 3103 1274; x_wconf 91' lang='lat' dir='ltr'>et</span> <span class='ocrx_word' id='word_1_198' title='bbox 3124 1219 3279 1275; x_wconf 89' lang='lat' dir='ltr'>Deus</span> <span class='ocrx_word' id='word_1_199' title='bbox 3309 1217 3546 1274; x_wconf 89' lang='lat' dir='ltr'>dilectio</span> <span class='ocrx_word' id='word_1_200' title='bbox 3576 1222 3696 1286; x_wconf 85' lang='lat' dir='ltr'>est,</span> <span class='ocrx_word' id='word_1_201' title='bbox 3719 1223 3774 1275; x_wconf 89' lang='lat' dir='ltr'>et</span> 
     </span>
    </p>
   </div>
   <div class='ocr_carea' id='block_1_28' title="bbox 2111 1306 3774 1380">
    <p class='ocr_par' dir='ltr' id='par_1_28' title="bbox 2111 1306 3774 1380">
     <span class='ocr_line' id='line_1_28' title="bbox 2111 1306 3774 1380; baseline 0.001 -18"><span class='ocrx_word' id='word_1_202' title='bbox 2111 1306 2506 1378; x_wconf 67' lang='lat' dir='ltr'>ﬁdeles,2ete.,</span> <span class='ocrx_word' id='word_1_203' title='bbox 2554 1324 2723 1379; x_wconf 88' lang='lat' dir='ltr'>usque</span> <span class='ocrx_word' id='word_1_204' title='bbox 2780 1307 2850 1362; x_wconf 87' lang='lat' dir='ltr'>ad</span> <span class='ocrx_word' id='word_1_205' title='bbox 2898 1311 2988 1364; x_wconf 89' lang='lat' dir='ltr'>est</span> <span class='ocrx_word' id='word_1_206' title='bbox 3044 1306 3375 1364; x_wconf 89' lang='lat' dir='ltr'>dilectione.</span> <span class='ocrx_word' id='word_1_207' title='bbox 3410 1308 3544 1380; x_wconf 90' lang='lat' dir='ltr'>(Id.,</span> <span class='ocrx_word' id='word_1_208' title='bbox 3575 1308 3680 1363; x_wconf 89' lang='lat' dir='ltr'>lib.</span> <span class='ocrx_word' id='word_1_209' title='bbox 3713 1308 3774 1364; x_wconf 72' lang='lat' dir='ltr'>de</span> 
     </span>
    </p>
   </div>
   <div class='ocr_carea' id='block_1_29' title="bbox 2115 1394 3204 1469">
    <p class='ocr_par' dir='ltr' id='par_1_29' title="bbox 2115 1394 3204 1469">
     <span class='ocr_line' id='line_1_29' title="bbox 2115 1394 3204 1469; baseline -0.001 -18"><span class='ocrx_word' id='word_1_210' title='bbox 2115 1397 2333 1463; x_wconf 86' lang='lat' dir='ltr'>Trinit.,</span> <span class='ocrx_word' id='word_1_211' title='bbox 2366 1401 2507 1452; x_wconf 91' lang='lat' dir='ltr'>tom.</span> <span class='ocrx_word' id='word_1_212' title='bbox 2542 1396 2692 1459; x_wconf 89' lang='lat' dir='ltr'>VIII,</span> <span class='ocrx_word' id='word_1_213' title='bbox 2728 1394 2836 1452; x_wconf 90' lang='lat' dir='ltr'>col.</span> <span class='ocrx_word' id='word_1_214' title='bbox 2868 1396 2940 1452; x_wconf 82' lang='lat'>95</span> <span class='ocrx_word' id='word_1_215' title='bbox 2970 1401 3027 1452; x_wconf 91' lang='lat' dir='ltr'>et</span> <span class='ocrx_word' id='word_1_216' title='bbox 3055 1399 3204 1469; x_wconf 89' lang='lat' dir='ltr'>seq.)</span> 
     </span>
    </p>
   </div>
   <div class='ocr_carea' id='block_1_30' title="bbox 2184 1485 3775 1558">
    <p class='ocr_par' dir='ltr' id='par_1_30' title="bbox 2184 1485 3775 1558">
     <span class='ocr_line' id='line_1_30' title="bbox 2184 1485 3775 1558; baseline 0.001 -18"><span class='ocrx_word' id='word_1_217' title='bbox 2184 1485 2303 1541; x_wconf 85' lang='lat' dir='ltr'>Non</span> <span class='ocrx_word' id='word_1_218' title='bbox 2330 1486 2533 1557; x_wconf 67' lang='lat' dir='ltr'>quaerit</span> <span class='ocrx_word' id='word_1_219' title='bbox 2574 1501 2698 1558; x_wconf 68' lang='lat' dir='ltr'>quae</span> <span class='ocrx_word' id='word_1_220' title='bbox 2724 1502 2827 1541; x_wconf 88' lang='lat' dir='ltr'>sua</span> <span class='ocrx_word' id='word_1_221' title='bbox 2853 1493 2999 1553; x_wconf 90' lang='lat' dir='ltr'>sunt,</span> <span class='ocrx_word' id='word_1_222' title='bbox 3032 1502 3143 1541; x_wconf 88' lang='lat' dir='ltr'>non</span> <span class='ocrx_word' id='word_1_223' title='bbox 3174 1487 3452 1552; x_wconf 85' lang='lat' dir='ltr'>irritatur,</span> <span class='ocrx_word' id='word_1_224' title='bbox 3482 1503 3595 1541; x_wconf 85' lang='lat' dir='ltr'>non</span> <span class='ocrx_word' id='word_1_225' title='bbox 3627 1489 3775 1558; x_wconf 85' lang='lat' dir='ltr'>cogi-</span> 
     </span>
    </p>
   </div>
   <div class='ocr_carea' id='block_1_31' title="bbox 2116 1576 3779 1648">
    <p class='ocr_par' dir='ltr' id='par_1_31' title="bbox 2116 1576 3779 1648">
     <span class='ocr_line' id='line_1_31' title="bbox 2116 1576 3779 1648; baseline 0 -17"><span class='ocrx_word' id='word_1_226' title='bbox 2116 1582 2193 1631; x_wconf 87' lang='lat' dir='ltr'>tat</span> <span class='ocrx_word' id='word_1_227' title='bbox 2220 1576 2449 1643; x_wconf 87' lang='lat' dir='ltr'>malum,</span> <span class='ocrx_word' id='word_1_228' title='bbox 2487 1591 2599 1630; x_wconf 86' lang='lat' dir='ltr'>non</span> <span class='ocrx_word' id='word_1_229' title='bbox 2649 1576 2848 1647; x_wconf 85' lang='lat' dir='ltr'>gaudet</span> <span class='ocrx_word' id='word_1_230' title='bbox 2902 1592 3065 1647; x_wconf 86' lang='lat' dir='ltr'>super</span> <span class='ocrx_word' id='word_1_231' title='bbox 3122 1577 3440 1648; x_wconf 85' lang='lat' dir='ltr'>iniquitate,</span> <span class='ocrx_word' id='word_1_232' title='bbox 3472 1576 3779 1647; x_wconf 81' lang='lat' dir='ltr'>eongaudet</span> 
     </span>
    </p>
   </div>
   <div class='ocr_carea' id='block_1_32' title="bbox 2118 1665 3779 1737">
    <p class='ocr_par' dir='ltr' id='par_1_32' title="bbox 2118 1665 3779 1737">
     <span class='ocr_line' id='line_1_32' title="bbox 2118 1665 3779 1737; baseline 0.001 -18"><span class='ocrx_word' id='word_1_233' title='bbox 2118 1672 2301 1719; x_wconf 90' lang='lat' dir='ltr'>autem</span> <span class='ocrx_word' id='word_1_234' title='bbox 2356 1665 2595 1720; x_wconf 85' lang='lat' dir='ltr'>veritati.</span> <span class='ocrx_word' id='word_1_235' title='bbox 2632 1667 2837 1721; x_wconf 85' lang='lat' dir='ltr'>Omnia</span> <span class='ocrx_word' id='word_1_236' title='bbox 2884 1665 3090 1737; x_wconf 71' lang='lat' dir='ltr'>suffert.</span> <span class='ocrx_word' id='word_1_237' title='bbox 3123 1665 3323 1736; x_wconf 89' lang='lat' dir='ltr'>Neque</span> <span class='ocrx_word' id='word_1_238' title='bbox 3370 1665 3530 1720; x_wconf 87' lang='lat' dir='ltr'>enim</span> <span class='ocrx_word' id='word_1_239' title='bbox 3579 1672 3779 1721; x_wconf 77' lang='lat' dir='ltr'>essent</span> 
     </span>
    </p>
   </div>
   <div class='ocr_carea' id='block_1_33' title="bbox 430 1752 3777 1854">
    <p class='ocr_par' dir='ltr' id='par_1_33' title="bbox 430 1752 3777 1854">
     <span class='ocr_line' id='line_1_33' title="bbox 430 1752 3777 1854; baseline -0.001 -42"><span class='ocrx_word' id='word_1_240' title='bbox 430 1758 575 1813; x_wconf 90' lang='lat' dir='ltr'>Ecce</span> <span class='ocrx_word' id='word_1_241' title='bbox 606 1754 830 1827; x_wconf 86' lang='lat' dir='ltr'>accepit</span> <span class='ocrx_word' id='word_1_242' title='bbox 869 1759 1302 1811; x_wconf 87' lang='lat' dir='ltr'>sacramentum</span> <span class='ocrx_word' id='word_1_243' title='bbox 1344 1754 1665 1811; x_wconf 81' lang='lat' dir='ltr'>nativitatis</span> <span class='ocrx_word' id='word_1_244' title='bbox 1704 1754 1877 1811; x_wconf 90' lang='lat' dir='ltr'>homo</span> <span class='ocrx_word' id='word_1_245' title='bbox 1910 1755 2010 1811; x_wconf 90' lang='lat' dir='ltr'>ba-</span> <span class='ocrx_word' id='word_1_246' title='bbox 2043 1790 2089 1854; x_wconf 75' lang='grc' dir='ltr'>Β</span> <span class='ocrx_word' id='word_1_247' title='bbox 2118 1753 2296 1808; x_wconf 90' lang='lat' dir='ltr'>etiam</span> <span class='ocrx_word' id='word_1_248' title='bbox 2319 1752 2589 1809; x_wconf 90' lang='lat' dir='ltr'>homines</span> <span class='ocrx_word' id='word_1_249' title='bbox 2615 1758 2907 1809; x_wconf 86' lang='lat' dir='ltr'>amatores</span> <span class='ocrx_word' id='word_1_250' title='bbox 2938 1754 3221 1825; x_wconf 75' lang='lat' dir='ltr'>pecuniae,</span> <span class='ocrx_word' id='word_1_251' title='bbox 3255 1758 3390 1823; x_wconf 91' lang='lat' dir='ltr'>etc.,</span> <span class='ocrx_word' id='word_1_252' title='bbox 3423 1770 3596 1825; x_wconf 88' lang='lat' dir='ltr'>usque</span> <span class='ocrx_word' id='word_1_253' title='bbox 3621 1754 3699 1809; x_wconf 84' lang='lat' dir='ltr'>ad</span> <span class='ocrx_word' id='word_1_254' title='bbox 3727 1760 3777 1809; x_wconf 83' lang='lat' dir='ltr'>et</span> 
     </span>
    </p>
   </div>
   <div class='ocr_carea' id='block_1_34' title="bbox 360 1844 2006 1919">
    <p class='ocr_par' dir='ltr' id='par_1_34' title="bbox 360 1844 2006 1919">
     <span class='ocr_line' id='line_1_34' title="bbox 360 1844 2006 1919; baseline -0.001 -19"><span class='ocrx_word' id='word_1_255' title='bbox 360 1846 632 1919; x_wconf 89' lang='lat' dir='ltr'>ptizatus,</span> <span class='ocrx_word' id='word_1_256' title='bbox 657 1848 789 1910; x_wconf 89' lang='lat' dir='ltr'>etc.,</span> <span class='ocrx_word' id='word_1_257' title='bbox 822 1859 994 1916; x_wconf 86' lang='lat' dir='ltr'>usque</span> <span class='ocrx_word' id='word_1_258' title='bbox 1022 1844 1091 1899; x_wconf 91' lang='lat' dir='ltr'>ad</span> <span class='ocrx_word' id='word_1_259' title='bbox 1121 1844 1267 1899; x_wconf 90' lang='lat' dir='ltr'>nihil</span> <span class='ocrx_word' id='word_1_260' title='bbox 1298 1861 1452 1900; x_wconf 88' lang='lat' dir='ltr'>sum.</span> <span class='ocrx_word' id='word_1_261' title='bbox 1487 1844 1618 1913; x_wconf 92' lang='lat' dir='ltr'>(Id.,</span> <span class='ocrx_word' id='word_1_262' title='bbox 1648 1852 1803 1900; x_wconf 87' lang='lat' dir='ltr'>tract.</span> <span class='ocrx_word' id='word_1_263' title='bbox 1836 1846 2006 1916; x_wconf 80' lang='lat' dir='ltr'>Epist.</span> 
     </span>
    </p>
   </div>
   <div class='ocr_carea' id='block_1_35' title="bbox 334 1933 1491 2005">
    <p class='ocr_par' dir='ltr' id='par_1_35' title="bbox 334 1933 1491 2005">
     <span class='ocr_line' id='line_1_35' title="bbox 334 1933 1491 2005; baseline 0 -18"><span class='ocrx_word' id='word_1_264' title='bbox 334 1939 549 2004; x_wconf 81' lang='lat' dir='ltr'>.Joan.,</span> <span class='ocrx_word' id='word_1_265' title='bbox 582 1938 723 1989; x_wconf 92' lang='lat' dir='ltr'>tom.</span> <span class='ocrx_word' id='word_1_266' title='bbox 756 1937 856 2001; x_wconf 87' lang='lat' dir='ltr'>III,</span> <span class='ocrx_word' id='word_1_267' title='bbox 891 1939 1041 2004; x_wconf 88' lang='lat' dir='ltr'>part.</span> <span class='ocrx_word' id='word_1_268' title='bbox 1073 1951 1133 2001; x_wconf 82' lang='grc' dir='ltr'>ιι,</span> <span class='ocrx_word' id='word_1_269' title='bbox 1162 1933 1271 1989; x_wconf 92' lang='lat' dir='ltr'>col.</span> <span class='ocrx_word' id='word_1_270' title='bbox 1305 1933 1491 2005; x_wconf 89' lang='lat'>2015.)</span> 
     </span>
    </p>
   </div>
   <div class='ocr_carea' id='block_1_36' title="bbox 431 2022 2014 2096">
    <p class='ocr_par' dir='ltr' id='par_1_36' title="bbox 431 2022 2014 2096">
     <span class='ocr_line' id='line_1_36' title="bbox 431 2022 2014 2096; baseline 0.001 -19"><span class='ocrx_word' id='word_1_271' title='bbox 431 2022 744 2096; x_wconf 88' lang='lat' dir='ltr'>Apostolus</span> <span class='ocrx_word' id='word_1_272' title='bbox 794 2023 935 2078; x_wconf 87' lang='lat' dir='ltr'>item</span> <span class='ocrx_word' id='word_1_273' title='bbox 985 2022 1161 2078; x_wconf 90' lang='lat' dir='ltr'>dicit:</span> <span class='ocrx_word' id='word_1_274' title='bbox 1193 2023 1260 2077; x_wconf 89' lang='lat' dir='ltr'>Et</span> <span class='ocrx_word' id='word_1_275' title='bbox 1288 2023 1337 2077; x_wconf 90' lang='lat' dir='ltr'>si</span> <span class='ocrx_word' id='word_1_276' title='bbox 1370 2022 1555 2078; x_wconf 88' lang='lat' dir='ltr'>sciero</span> <span class='ocrx_word' id='word_1_277' title='bbox 1587 2023 1787 2078; x_wconf 90' lang='lat' dir='ltr'>omnia</span> <span class='ocrx_word' id='word_1_278' title='bbox 1816 2040 2014 2079; x_wconf 90' lang='lat' dir='ltr'>sacra-</span> 
     </span>
    </p>
   </div>
   <div class='ocr_carea' id='block_1_37' title="bbox 365 2111 2010 2184">
    <p class='ocr_par' dir='ltr' id='par_1_37' title="bbox 365 2111 2010 2184">
     <span class='ocr_line' id='line_1_37' title="bbox 365 2111 2010 2184; baseline 0 -17"><span class='ocrx_word' id='word_1_279' title='bbox 365 2116 581 2179; x_wconf 90' lang='lat' dir='ltr'>menta,</span> <span class='ocrx_word' id='word_1_280' title='bbox 615 2116 749 2179; x_wconf 88' lang='lat' dir='ltr'>etc.,</span> <span class='ocrx_word' id='word_1_281' title='bbox 783 2128 950 2183; x_wconf 89' lang='lat' dir='ltr'>usque</span> <span class='ocrx_word' id='word_1_282' title='bbox 977 2111 1048 2167; x_wconf 89' lang='lat' dir='ltr'>ad</span> <span class='ocrx_word' id='word_1_283' title='bbox 1088 2111 1398 2184; x_wconf 85' lang='lat' dir='ltr'>iniquitate</span> <span class='ocrx_word' id='word_1_284' title='bbox 1446 2112 1714 2167; x_wconf 88' lang='lat' dir='ltr'>tenuerit.</span> <span class='ocrx_word' id='word_1_285' title='bbox 1748 2113 1878 2182; x_wconf 92' lang='lat' dir='ltr'>(Id.,</span> <span class='ocrx_word' id='word_1_286' title='bbox 1909 2113 2010 2169; x_wconf 84' lang='lat' dir='ltr'>lib.</span> 
     </span>
    </p>
   </div>
   <div class='ocr_carea' id='block_1_38' title="bbox 363 2200 1445 2273">
    <p class='ocr_par' dir='ltr' id='par_1_38' title="bbox 363 2200 1445 2273">
     <span class='ocr_line' id='line_1_38' title="bbox 363 2200 1445 2273; baseline -0.003 -15"><span class='ocrx_word' id='word_1_287' title='bbox 363 2201 428 2258; x_wconf 84' lang='lat' dir='ltr'>de</span> <span class='ocrx_word' id='word_1_288' title='bbox 456 2203 619 2257; x_wconf 87' lang='lat' dir='ltr'>unico</span> <span class='ocrx_word' id='word_1_289' title='bbox 650 2202 830 2273; x_wconf 87' lang='lat' dir='ltr'>Bapt.,</span> <span class='ocrx_word' id='word_1_290' title='bbox 863 2204 1004 2256; x_wconf 89' lang='lat' dir='ltr'>tom.</span> <span class='ocrx_word' id='word_1_291' title='bbox 1036 2200 1129 2271; x_wconf 86' lang='lat' dir='ltr'>IX,</span> <span class='ocrx_word' id='word_1_292' title='bbox 1159 2200 1266 2255; x_wconf 92' lang='lat' dir='ltr'>col.</span> <span class='ocrx_word' id='word_1_293' title='bbox 1292 2201 1389 2255; x_wconf 81' lang='lat'>60!</span> <span class='ocrx_word' id='word_1_294' title='bbox 1407 2203 1445 2269; x_wconf 91' lang='lat'>.)</span> 
     </span>
    </p>
   </div>
   <div class='ocr_carea' id='block_1_39' title="bbox 436 2289 2013 2364">
    <p class='ocr_par' dir='ltr' id='par_1_39' title="bbox 436 2289 2013 2364">
     <span class='ocr_line' id='line_1_39' title="bbox 436 2289 2013 2364; baseline 0.001 -18"><span class='ocrx_word' id='word_1_295' title='bbox 436 2292 503 2347; x_wconf 88' lang='lat' dir='ltr'>Et</span> <span class='ocrx_word' id='word_1_296' title='bbox 527 2292 578 2347; x_wconf 89' lang='lat' dir='ltr'>si</span> <span class='ocrx_word' id='word_1_297' title='bbox 605 2290 846 2347; x_wconf 86' lang='lat' dir='ltr'>habuero</span> <span class='ocrx_word' id='word_1_298' title='bbox 873 2306 1085 2346; x_wconf 86' lang='lat' dir='ltr'>omnem</span> <span class='ocrx_word' id='word_1_299' title='bbox 1126 2289 1307 2361; x_wconf 81' lang='lat' dir='ltr'>ﬁdem,</span> <span class='ocrx_word' id='word_1_300' title='bbox 1332 2292 1411 2345; x_wconf 91' lang='lat' dir='ltr'>ita</span> <span class='ocrx_word' id='word_1_301' title='bbox 1448 2298 1509 2346; x_wconf 91' lang='lat' dir='ltr'>ut</span> <span class='ocrx_word' id='word_1_302' title='bbox 1543 2298 1747 2347; x_wconf 89' lang='lat' dir='ltr'>montes</span> <span class='ocrx_word' id='word_1_303' title='bbox 1777 2294 2013 2364; x_wconf 79' lang='lat' dir='ltr'>transfe-</span> 
     </span>
    </p>
   </div>
   <div class='ocr_carea' id='block_1_40' title="bbox 366 2379 2011 2453">
    <p class='ocr_par' dir='ltr' id='par_1_40' title="bbox 366 2379 2011 2453">
     <span class='ocr_line' id='line_1_40' title="bbox 366 2379 2011 2453; baseline 0 -17"><span class='ocrx_word' id='word_1_304' title='bbox 366 2398 509 2448; x_wconf 87' lang='lat' dir='ltr'>ram,</span> <span class='ocrx_word' id='word_1_305' title='bbox 538 2380 862 2435; x_wconf 88' lang='lat' dir='ltr'>charitatem</span> <span class='ocrx_word' id='word_1_306' title='bbox 885 2388 1069 2435; x_wconf 86' lang='lat' dir='ltr'>autem</span> <span class='ocrx_word' id='word_1_307' title='bbox 1095 2395 1207 2435; x_wconf 89' lang='lat' dir='ltr'>non</span> <span class='ocrx_word' id='word_1_308' title='bbox 1232 2379 1490 2444; x_wconf 90' lang='lat' dir='ltr'>habuero,</span> <span class='ocrx_word' id='word_1_309' title='bbox 1523 2381 1668 2435; x_wconf 83' lang='lat' dir='ltr'>nihil</span> <span class='ocrx_word' id='word_1_310' title='bbox 1697 2397 1839 2436; x_wconf 88' lang='lat' dir='ltr'>sum.</span> <span class='ocrx_word' id='word_1_311' title='bbox 1872 2382 2011 2453; x_wconf 87' lang='lat' dir='ltr'>Ego,</span> 
     </span>
    </p>
   </div>
   <div class='ocr_carea' id='block_1_41' title="bbox 366 2468 2011 2542">
    <p class='ocr_par' dir='ltr' id='par_1_41' title="bbox 366 2468 2011 2542">
     <span class='ocr_line' id='line_1_41' title="bbox 366 2468 2011 2542; baseline 0 -17"><span class='ocrx_word' id='word_1_312' title='bbox 366 2468 562 2542; x_wconf 91' lang='lat' dir='ltr'>inquit</span> <span class='ocrx_word' id='word_1_313' title='bbox 580 2468 856 2538; x_wconf 88' lang='lat' dir='ltr'>Ecclesia,</span> <span class='ocrx_word' id='word_1_314' title='bbox 871 2468 921 2523; x_wconf 91' lang='lat' dir='ltr'>si</span> <span class='ocrx_word' id='word_1_315' title='bbox 943 2486 1160 2541; x_wconf 84' lang='lat' dir='ltr'>sponsa</span> <span class='ocrx_word' id='word_1_316' title='bbox 1177 2485 1333 2535; x_wconf 90' lang='lat' dir='ltr'>sum,</span> <span class='ocrx_word' id='word_1_317' title='bbox 1354 2469 1401 2524; x_wconf 87' lang='lat' dir='ltr'>si</span> <span class='ocrx_word' id='word_1_318' title='bbox 1420 2468 1625 2525; x_wconf 87' lang='lat' dir='ltr'>arrhas</span> <span class='ocrx_word' id='word_1_319' title='bbox 1647 2469 1866 2542; x_wconf 87' lang='lat' dir='ltr'>accepi,</span> <span class='ocrx_word' id='word_1_320' title='bbox 1880 2473 2011 2540; x_wconf 81' lang='lat' dir='ltr'>etc.,</span> 
     </span>
    </p>
   </div>
   <div class='ocr_carea' id='block_1_42' title="bbox 367 2558 2011 2633">
    <p class='ocr_par' dir='ltr' id='par_1_42' title="bbox 367 2558 2011 2633">
     <span class='ocr_line' id='line_1_42' title="bbox 367 2558 2011 2633; baseline -0.001 -17"><span class='ocrx_word' id='word_1_321' title='bbox 367 2575 537 2633; x_wconf 86' lang='lat' dir='ltr'>usque</span> <span class='ocrx_word' id='word_1_322' title='bbox 557 2559 625 2614; x_wconf 90' lang='lat' dir='ltr'>ad</span> <span class='ocrx_word' id='word_1_323' title='bbox 646 2558 716 2614; x_wconf 89' lang='lat' dir='ltr'>de</span> <span class='ocrx_word' id='word_1_324' title='bbox 739 2574 995 2629; x_wconf 90' lang='lat' dir='ltr'>corpore.</span> <span class='ocrx_word' id='word_1_325' title='bbox 1020 2558 1153 2628; x_wconf 88' lang='lat' dir='ltr'>(Id.,</span> <span class='ocrx_word' id='word_1_326' title='bbox 1177 2559 1565 2630; x_wconf 83' lang='lat' dir='ltr'>tract.Evang.</span> <span class='ocrx_word' id='word_1_327' title='bbox 1590 2575 1695 2615; x_wconf 85' lang='lat' dir='ltr'>see.</span> <span class='ocrx_word' id='word_1_328' title='bbox 1718 2561 1898 2627; x_wconf 87' lang='lat' dir='ltr'>Joan.,</span> <span class='ocrx_word' id='word_1_329' title='bbox 1922 2561 2011 2629; x_wconf 90' lang='lat'>33,</span> 
     </span>
    </p>
   </div>
   <div class='ocr_carea' id='block_1_43' title="bbox 369 2645 1493 2719">
    <p class='ocr_par' dir='ltr' id='par_1_43' title="bbox 369 2645 1493 2719">
     <span class='ocr_line' id='line_1_43' title="bbox 369 2645 1493 2719; baseline -0.001 -16"><span class='ocrx_word' id='word_1_330' title='bbox 369 2652 510 2704; x_wconf 88' lang='lat' dir='ltr'>tom.</span> <span class='ocrx_word' id='word_1_331' title='bbox 544 2646 638 2716; x_wconf 94' lang='lat' dir='ltr'>IV,</span> <span class='ocrx_word' id='word_1_332' title='bbox 672 2654 821 2719; x_wconf 90' lang='lat' dir='ltr'>part.</span> <span class='ocrx_word' id='word_1_333' title='bbox 854 2664 915 2714; x_wconf 90' lang='grc' dir='ltr'>ιι,</span> <span class='ocrx_word' id='word_1_334' title='bbox 948 2645 1057 2702; x_wconf 92' lang='lat' dir='ltr'>col.</span> <span class='ocrx_word' id='word_1_335' title='bbox 1093 2648 1231 2702; x_wconf 88' lang='grc'>1500</span> <span class='ocrx_word' id='word_1_336' title='bbox 1258 2650 1315 2702; x_wconf 89' lang='lat' dir='ltr'>et</span> <span class='ocrx_word' id='word_1_337' title='bbox 1344 2647 1493 2719; x_wconf 89' lang='lat' dir='ltr'>seq.)</span> 
     </span>
    </p>
   </div>
   <div class='ocr_carea' id='block_1_44' title="bbox 440 2735 2014 2813">
    <p class='ocr_par' dir='ltr' id='par_1_44' title="bbox 440 2735 2014 2813">
     <span class='ocr_line' id='line_1_44' title="bbox 440 2735 2014 2813; baseline 0 -21"><span class='ocrx_word' id='word_1_338' title='bbox 440 2738 506 2793; x_wconf 90' lang='lat' dir='ltr'>Et</span> <span class='ocrx_word' id='word_1_339' title='bbox 531 2738 584 2792; x_wconf 89' lang='lat' dir='ltr'>si</span> <span class='ocrx_word' id='word_1_340' title='bbox 604 2735 932 2792; x_wconf 89' lang='lat' dir='ltr'>distribuero</span> <span class='ocrx_word' id='word_1_341' title='bbox 961 2737 1023 2791; x_wconf 88' lang='lat' dir='ltr'>in</span> <span class='ocrx_word' id='word_1_342' title='bbox 1050 2736 1199 2792; x_wconf 86' lang='lat' dir='ltr'>cibos</span> <span class='ocrx_word' id='word_1_343' title='bbox 1232 2753 1539 2809; x_wconf 85' lang='lat' dir='ltr'>pauperum</span> <span class='ocrx_word' id='word_1_344' title='bbox 1567 2752 1749 2793; x_wconf 89' lang='lat' dir='ltr'>omnes</span> <span class='ocrx_word' id='word_1_345' title='bbox 1774 2737 2014 2813; x_wconf 84' lang='lat' dir='ltr'>faculta-</span> 
     </span>
    </p>
   </div>
   <div class='ocr_carea' id='block_1_45' title="bbox 369 2824 2015 2898">
    <p class='ocr_par' dir='ltr' id='par_1_45' title="bbox 369 2824 2015 2898">
     <span class='ocr_line' id='line_1_45' title="bbox 369 2824 2015 2898; baseline -0.001 -16"><span class='ocrx_word' id='word_1_346' title='bbox 369 2833 443 2882; x_wconf 86' lang='lat' dir='ltr'>tes</span> <span class='ocrx_word' id='word_1_347' title='bbox 469 2842 638 2888; x_wconf 87' lang='lat' dir='ltr'>meas,</span> <span class='ocrx_word' id='word_1_348' title='bbox 668 2832 719 2881; x_wconf 89' lang='lat' dir='ltr'>et</span> <span class='ocrx_word' id='word_1_349' title='bbox 754 2827 806 2881; x_wconf 90' lang='lat' dir='ltr'>si</span> <span class='ocrx_word' id='word_1_350' title='bbox 842 2824 1115 2881; x_wconf 85' lang='lat' dir='ltr'>tradidero</span> <span class='ocrx_word' id='word_1_351' title='bbox 1143 2842 1356 2898; x_wconf 83' lang='lat' dir='ltr'>corpus,</span> <span class='ocrx_word' id='word_1_352' title='bbox 1382 2829 1513 2890; x_wconf 89' lang='lat' dir='ltr'>etc.,</span> <span class='ocrx_word' id='word_1_353' title='bbox 1549 2842 1737 2898; x_wconf 88' lang='lat' dir='ltr'>usque</span> <span class='ocrx_word' id='word_1_354' title='bbox 1767 2826 1839 2881; x_wconf 89' lang='lat' dir='ltr'>ad</span> <span class='ocrx_word' id='word_1_355' title='bbox 1870 2826 2015 2881; x_wconf 82' lang='lat' dir='ltr'>nihil</span> 
     </span>
    </p>
   </div>
   <div class='ocr_carea' id='block_1_46' title="bbox 364 2914 2017 2988">
    <p class='ocr_par' dir='ltr' id='par_1_46' title="bbox 364 2914 2017 2988">
     <span class='ocr_line' id='line_1_46' title="bbox 364 2914 2017 2988; baseline 0 -17"><span class='ocrx_word' id='word_1_356' title='bbox 364 2915 510 2971; x_wconf 89' lang='lat' dir='ltr'>mihi</span> <span class='ocrx_word' id='word_1_357' title='bbox 531 2915 766 2987; x_wconf 87' lang='lat' dir='ltr'>prodest.</span> <span class='ocrx_word' id='word_1_358' title='bbox 793 2914 940 2981; x_wconf 90' lang='lat' dir='ltr'>Quid</span> <span class='ocrx_word' id='word_1_359' title='bbox 973 2930 1109 2988; x_wconf 87' lang='lat' dir='ltr'>ergo</span> <span class='ocrx_word' id='word_1_360' title='bbox 1137 2931 1241 2971; x_wconf 90' lang='lat' dir='ltr'>vos</span> <span class='ocrx_word' id='word_1_361' title='bbox 1269 2918 1553 2987; x_wconf 87' lang='lat' dir='ltr'>tanquam</span> <span class='ocrx_word' id='word_1_362' title='bbox 1584 2915 1656 2971; x_wconf 90' lang='lat' dir='ltr'>de</span> <span class='ocrx_word' id='word_1_363' title='bbox 1687 2914 2017 2971; x_wconf 87' lang='lat' dir='ltr'>Christiana</span> 
     </span>
    </p>
   </div>
   <div class='ocr_carea' id='block_1_47' title="bbox 366 3004 2016 3077">
    <p class='ocr_par' dir='ltr' id='par_1_47' title="bbox 366 3004 2016 3077">
     <span class='ocr_line' id='line_1_47' title="bbox 366 3004 2016 3077; baseline -0.001 -18"><span class='ocrx_word' id='word_1_364' title='bbox 366 3008 726 3077; x_wconf 88' lang='lat' dir='ltr'>paupertate,</span> <span class='ocrx_word' id='word_1_365' title='bbox 760 3008 894 3072; x_wconf 90' lang='lat' dir='ltr'>etc.,</span> <span class='ocrx_word' id='word_1_366' title='bbox 926 3020 1098 3076; x_wconf 85' lang='lat' dir='ltr'>usque</span> <span class='ocrx_word' id='word_1_367' title='bbox 1127 3004 1197 3059; x_wconf 89' lang='lat' dir='ltr'>ad</span> <span class='ocrx_word' id='word_1_368' title='bbox 1218 3021 1333 3059; x_wconf 89' lang='lat' dir='ltr'>non</span> <span class='ocrx_word' id='word_1_369' title='bbox 1361 3004 1513 3059; x_wconf 84' lang='lat' dir='ltr'>ﬁcta.</span> <span class='ocrx_word' id='word_1_370' title='bbox 1537 3004 1672 3073; x_wconf 92' lang='lat' dir='ltr'>(Id.,</span> <span class='ocrx_word' id='word_1_371' title='bbox 1700 3004 1797 3060; x_wconf 86' lang='lat' dir='ltr'>lib.</span> <span class='ocrx_word' id='word_1_372' title='bbox 1826 3012 2016 3061; x_wconf 87' lang='lat' dir='ltr'>contra</span> 
     </span>
    </p>
   </div>
   <div class='ocr_carea' id='block_1_48' title="bbox 365 3092 1234 3163">
    <p class='ocr_par' dir='ltr' id='par_1_48' title="bbox 365 3092 1234 3163">
     <span class='ocr_line' id='line_1_48' title="bbox 365 3092 1234 3163; baseline -0.005 -13"><span class='ocrx_word' id='word_1_373' title='bbox 365 3096 573 3161; x_wconf 86' lang='lat' dir='ltr'>Faust.,</span> <span class='ocrx_word' id='word_1_374' title='bbox 606 3097 748 3149; x_wconf 85' lang='lat' dir='ltr'>tom.</span> <span class='ocrx_word' id='word_1_375' title='bbox 771 3093 924 3158; x_wconf 90' lang='lat' dir='ltr'>VIII,</span> <span class='ocrx_word' id='word_1_376' title='bbox 947 3092 1056 3148; x_wconf 93' lang='lat' dir='ltr'>col.</span> <span class='ocrx_word' id='word_1_377' title='bbox 1086 3092 1234 3163; x_wconf 88' lang='lat'>223.)</span> 
     </span>
    </p>
   </div>
   <div class='ocr_carea' id='block_1_49' title="bbox 2122 1842 3776 1913">
    <p class='ocr_par' dir='ltr' id='par_1_49' title="bbox 2122 1842 3776 1913">
     <span class='ocr_line' id='line_1_49' title="bbox 2122 1842 3776 1913; baseline 0 -16"><span class='ocrx_word' id='word_1_378' title='bbox 2122 1859 2238 1898; x_wconf 89' lang='lat' dir='ltr'>non</span> <span class='ocrx_word' id='word_1_379' title='bbox 2266 1842 2522 1898; x_wconf 81' lang='lat' dir='ltr'>inﬂatur.</span> <span class='ocrx_word' id='word_1_380' title='bbox 2547 1843 2679 1913; x_wconf 89' lang='lat' dir='ltr'>(Id.,</span> <span class='ocrx_word' id='word_1_381' title='bbox 2705 1843 2801 1899; x_wconf 86' lang='lat' dir='ltr'>lib.</span> <span class='ocrx_word' id='word_1_382' title='bbox 2825 1843 2890 1899; x_wconf 86' lang='lat' dir='ltr'>de</span> <span class='ocrx_word' id='word_1_383' title='bbox 2912 1843 3098 1899; x_wconf 77' lang='lat' dir='ltr'>Cenes.</span> <span class='ocrx_word' id='word_1_384' title='bbox 3121 1843 3192 1898; x_wconf 87' lang='lat' dir='ltr'>ad</span> <span class='ocrx_word' id='word_1_385' title='bbox 3218 1843 3476 1911; x_wconf 85' lang='lat' dir='ltr'>litteram,</span> <span class='ocrx_word' id='word_1_386' title='bbox 3504 1846 3655 1898; x_wconf 87' lang='lat' dir='ltr'>tom.</span> <span class='ocrx_word' id='word_1_387' title='bbox 3681 1845 3776 1909; x_wconf 83' lang='lat' dir='ltr'>III,</span> 
     </span>
    </p>
   </div>
   <div class='ocr_carea' id='block_1_50' title="bbox 2122 1930 2664 2004">
    <p class='ocr_par' dir='ltr' id='par_1_50' title="bbox 2122 1930 2664 2004">
     <span class='ocr_line' id='line_1_50' title="bbox 2122 1930 2664 2004; baseline 0.002 -18"><span class='ocrx_word' id='word_1_388' title='bbox 2122 1937 2271 2004; x_wconf 82' lang='lat' dir='ltr'>part.</span> <span class='ocrx_word' id='word_1_389' title='bbox 2307 1949 2343 1999; x_wconf 85' lang='lat' dir='ltr'>I,</span> <span class='ocrx_word' id='word_1_390' title='bbox 2378 1930 2488 1987; x_wconf 94' lang='lat' dir='ltr'>col.</span> <span class='ocrx_word' id='word_1_391' title='bbox 2517 1932 2664 2003; x_wconf 70' lang='lat'>437.)</span> 
     </span>
    </p>
   </div>
   <div class='ocr_carea' id='block_1_51' title="bbox 2195 2021 3775 2095">
    <p class='ocr_par' dir='ltr' id='par_1_51' title="bbox 2195 2021 3775 2095">
     <span class='ocr_line' id='line_1_51' title="bbox 2195 2021 3775 2095; baseline 0 -18"><span class='ocrx_word' id='word_1_392' title='bbox 2195 2022 2446 2077; x_wconf 85' lang='lat' dir='ltr'>Charitas</span> <span class='ocrx_word' id='word_1_393' title='bbox 2475 2024 2662 2077; x_wconf 86' lang='lat' dir='ltr'>omnia</span> <span class='ocrx_word' id='word_1_394' title='bbox 2707 2021 2897 2091; x_wconf 86' lang='lat' dir='ltr'>credit,</span> <span class='ocrx_word' id='word_1_395' title='bbox 2930 2023 3118 2077; x_wconf 86' lang='lat' dir='ltr'>omnia</span> <span class='ocrx_word' id='word_1_396' title='bbox 3158 2028 3361 2095; x_wconf 87' lang='lat' dir='ltr'>sperat,</span> <span class='ocrx_word' id='word_1_397' title='bbox 3393 2024 3587 2079; x_wconf 86' lang='lat' dir='ltr'>omnia</span> <span class='ocrx_word' id='word_1_398' title='bbox 3612 2024 3775 2077; x_wconf 79' lang='lat' dir='ltr'>susti-</span> 
     </span>
    </p>
   </div>
   <div class='ocr_carea' id='block_1_52' title="bbox 2120 2110 3777 2183">
    <p class='ocr_par' dir='ltr' id='par_1_52' title="bbox 2120 2110 3777 2183">
     <span class='ocr_line' id='line_1_52' title="bbox 2120 2110 3777 2183; baseline 0.001 -19"><span class='ocrx_word' id='word_1_399' title='bbox 2120 2118 2232 2165; x_wconf 85' lang='lat' dir='ltr'>net.</span> <span class='ocrx_word' id='word_1_400' title='bbox 2258 2115 2415 2166; x_wconf 88' lang='lat' dir='ltr'>Inter</span> <span class='ocrx_word' id='word_1_401' title='bbox 2444 2127 2543 2167; x_wconf 91' lang='lat' dir='ltr'>eos</span> <span class='ocrx_word' id='word_1_402' title='bbox 2574 2111 2774 2183; x_wconf 87' lang='lat' dir='ltr'>utique</span> <span class='ocrx_word' id='word_1_403' title='bbox 2805 2128 2956 2183; x_wconf 91' lang='lat' dir='ltr'>quos</span> <span class='ocrx_word' id='word_1_404' title='bbox 2999 2128 3288 2167; x_wconf 86' lang='lat' dir='ltr'>connexos</span> <span class='ocrx_word' id='word_1_405' title='bbox 3320 2110 3567 2167; x_wconf 87' lang='lat' dir='ltr'>sibimet</span> <span class='ocrx_word' id='word_1_406' title='bbox 3596 2128 3777 2166; x_wconf 86' lang='lat' dir='ltr'>unum</span> 
     </span>
    </p>
   </div>
   <div class='ocr_carea' id='block_1_53' title="bbox 2123 2197 3780 2272">
    <p class='ocr_par' dir='ltr' id='par_1_53' title="bbox 2123 2197 3780 2272">
     <span class='ocr_line' id='line_1_53' title="bbox 2123 2197 3780 2272; baseline 0.001 -18"><span class='ocrx_word' id='word_1_407' title='bbox 2123 2197 2279 2266; x_wconf 86' lang='lat' dir='ltr'>facit,</span> <span class='ocrx_word' id='word_1_408' title='bbox 2296 2216 2411 2255; x_wconf 92' lang='lat' dir='ltr'>non</span> <span class='ocrx_word' id='word_1_409' title='bbox 2433 2199 2589 2255; x_wconf 91' lang='lat' dir='ltr'>enim</span> <span class='ocrx_word' id='word_1_410' title='bbox 2607 2199 2927 2272; x_wconf 88' lang='lat' dir='ltr'>quodlibet,</span> <span class='ocrx_word' id='word_1_411' title='bbox 2943 2204 3260 2272; x_wconf 88' lang='lat' dir='ltr'>etc.,usque</span> <span class='ocrx_word' id='word_1_412' title='bbox 3276 2200 3346 2255; x_wconf 88' lang='lat' dir='ltr'>ad</span> <span class='ocrx_word' id='word_1_413' title='bbox 3364 2199 3645 2255; x_wconf 82' lang='lat' dir='ltr'>omnibus</span> <span class='ocrx_word' id='word_1_414' title='bbox 3669 2217 3780 2255; x_wconf 87' lang='lat' dir='ltr'>cre-</span> 
     </span>
    </p>
   </div>
   <div class='ocr_carea' id='block_1_54' title="bbox 2123 2287 3777 2362">
    <p class='ocr_par' dir='ltr' id='par_1_54' title="bbox 2123 2287 3777 2362">
     <span class='ocr_line' id='line_1_54' title="bbox 2123 2287 3777 2362; baseline 0 -19"><span class='ocrx_word' id='word_1_415' title='bbox 2123 2287 2226 2344; x_wconf 88' lang='lat' dir='ltr'>dit.</span> <span class='ocrx_word' id='word_1_416' title='bbox 2244 2288 2378 2360; x_wconf 91' lang='lat' dir='ltr'>(Id.,</span> <span class='ocrx_word' id='word_1_417' title='bbox 2412 2288 2508 2344; x_wconf 87' lang='lat' dir='ltr'>lib.</span> <span class='ocrx_word' id='word_1_418' title='bbox 2541 2288 2607 2344; x_wconf 86' lang='lat' dir='ltr'>de</span> <span class='ocrx_word' id='word_1_419' title='bbox 2633 2290 2783 2361; x_wconf 84' lang='lat' dir='ltr'>Spir.</span> <span class='ocrx_word' id='word_1_420' title='bbox 2808 2297 2861 2345; x_wconf 89' lang='lat' dir='ltr'>et</span> <span class='ocrx_word' id='word_1_421' title='bbox 2888 2290 2994 2356; x_wconf 89' lang='lat' dir='ltr'>lit.,</span> <span class='ocrx_word' id='word_1_422' title='bbox 3027 2293 3070 2344; x_wconf 88' lang='lat' dir='ltr'>t.</span> <span class='ocrx_word' id='word_1_423' title='bbox 3094 2289 3161 2357; x_wconf 88' lang='lat' dir='ltr'>X,</span> <span class='ocrx_word' id='word_1_424' title='bbox 3187 2294 3336 2362; x_wconf 88' lang='lat' dir='ltr'>part.</span> <span class='ocrx_word' id='word_1_425' title='bbox 3363 2306 3403 2357; x_wconf 90' lang='grc' dir='ltr'>ι,</span> <span class='ocrx_word' id='word_1_426' title='bbox 3428 2288 3541 2345; x_wconf 92' lang='lat' dir='ltr'>col.</span> <span class='ocrx_word' id='word_1_427' title='bbox 3564 2290 3697 2359; x_wconf 84' lang='lat'>236,</span> <span class='ocrx_word' id='word_1_428' title='bbox 3726 2294 3777 2344; x_wconf 85' lang='lat' dir='ltr'>et</span> 
     </span>
    </p>
   </div>
   <div class='ocr_carea' id='block_1_55' title="bbox 2124 2377 3740 2450">
    <p class='ocr_par' dir='ltr' id='par_1_55' title="bbox 2124 2377 3740 2450">
     <span class='ocr_line' id='line_1_55' title="bbox 2124 2377 3740 2450; baseline -0.001 -17"><span class='ocrx_word' id='word_1_429' title='bbox 2124 2377 2293 2433; x_wconf 88' lang='lat' dir='ltr'>Bern.</span> <span class='ocrx_word' id='word_1_430' title='bbox 2317 2394 2480 2434; x_wconf 90' lang='lat' dir='ltr'>serm.</span> <span class='ocrx_word' id='word_1_431' title='bbox 2503 2378 2567 2433; x_wconf 92' lang='lat' dir='ltr'>de</span> <span class='ocrx_word' id='word_1_432' title='bbox 2589 2386 2722 2450; x_wconf 86' lang='lat' dir='ltr'>sept.</span> <span class='ocrx_word' id='word_1_433' title='bbox 2743 2377 2891 2450; x_wconf 88' lang='lat' dir='ltr'>Spir.</span> <span class='ocrx_word' id='word_1_434' title='bbox 2917 2377 3093 2450; x_wconf 91' lang='lat' dir='ltr'>incip.</span> <span class='ocrx_word' id='word_1_435' title='bbox 3125 2395 3137 2434; x_wconf 93' lang='lat'>:</span> <span class='ocrx_word' id='word_1_436' title='bbox 3171 2382 3444 2448; x_wconf 75' lang='lat' dir='ltr'>Magister</span> <span class='ocrx_word' id='word_1_437' title='bbox 3470 2381 3740 2450; x_wconf 77' lang='lat' dir='ltr'>gentium.</span> 
     </span>
    </p>
   </div>
   <div class='ocr_carea' id='block_1_56' title="bbox 2196 2466 3773 2539">
    <p class='ocr_par' dir='ltr' id='par_1_56' title="bbox 2196 2466 3773 2539">
     <span class='ocr_line' id='line_1_56' title="bbox 2196 2466 3773 2539; baseline -0.001 -16"><span class='ocrx_word' id='word_1_438' title='bbox 2196 2466 2449 2525; x_wconf 85' lang='lat' dir='ltr'>Charitas</span> <span class='ocrx_word' id='word_1_439' title='bbox 2478 2483 2761 2538; x_wconf 85' lang='lat' dir='ltr'>nunquam</span> <span class='ocrx_word' id='word_1_440' title='bbox 2788 2466 3009 2522; x_wconf 72' lang='lat' dir='ltr'>excidit.</span> <span class='ocrx_word' id='word_1_441' title='bbox 3042 2466 3169 2522; x_wconf 87' lang='lat' dir='ltr'>Sive</span> <span class='ocrx_word' id='word_1_442' title='bbox 3203 2467 3511 2539; x_wconf 74' lang='lat' dir='ltr'>prophetia:</span> <span class='ocrx_word' id='word_1_443' title='bbox 3546 2483 3773 2522; x_wconf 83' lang='lat' dir='ltr'>evacua-</span> 
     </span>
    </p>
   </div>
   <div class='ocr_carea' id='block_1_57' title="bbox 2125 2555 3773 2626">
    <p class='ocr_par' dir='ltr' id='par_1_57' title="bbox 2125 2555 3773 2626">
     <span class='ocr_line' id='line_1_57' title="bbox 2125 2555 3773 2626; baseline 0.001 -17"><span class='ocrx_word' id='word_1_444' title='bbox 2125 2556 2347 2620; x_wconf 88' lang='lat' dir='ltr'>buntur,</span> <span class='ocrx_word' id='word_1_445' title='bbox 2379 2558 2490 2611; x_wconf 86' lang='lat' dir='ltr'>sive</span> <span class='ocrx_word' id='word_1_446' title='bbox 2530 2556 2743 2626; x_wconf 77' lang='lat' dir='ltr'>linguae</span> <span class='ocrx_word' id='word_1_447' title='bbox 2781 2556 3085 2623; x_wconf 86' lang='lat' dir='ltr'>cessabunt,</span> <span class='ocrx_word' id='word_1_448' title='bbox 3116 2557 3228 2611; x_wconf 86' lang='lat' dir='ltr'>sive</span> <span class='ocrx_word' id='word_1_449' title='bbox 3272 2558 3505 2612; x_wconf 87' lang='lat' dir='ltr'>scientia</span> <span class='ocrx_word' id='word_1_450' title='bbox 3534 2555 3773 2612; x_wconf 83' lang='lat' dir='ltr'>destrue-</span> 
     </span>
    </p>
   </div>
   <div class='ocr_carea' id='block_1_58' title="bbox 2123 2644 3771 2718">
    <p class='ocr_par' dir='ltr' id='par_1_58' title="bbox 2123 2644 3771 2718">
     <span class='ocr_line' id='line_1_58' title="bbox 2123 2644 3771 2718; baseline 0.001 -19"><span class='ocrx_word' id='word_1_451' title='bbox 2123 2652 2233 2699; x_wconf 87' lang='lat' dir='ltr'>tur.</span> <span class='ocrx_word' id='word_1_452' title='bbox 2266 2644 2421 2700; x_wconf 88' lang='lat' dir='ltr'>Deus</span> <span class='ocrx_word' id='word_1_453' title='bbox 2450 2644 2680 2700; x_wconf 88' lang='lat' dir='ltr'>dilectio</span> <span class='ocrx_word' id='word_1_454' title='bbox 2711 2650 2818 2714; x_wconf 88' lang='lat' dir='ltr'>est,</span> <span class='ocrx_word' id='word_1_455' title='bbox 2840 2648 2898 2701; x_wconf 80' lang='lat' dir='ltr'>et</span> <span class='ocrx_word' id='word_1_456' title='bbox 2920 2644 3019 2717; x_wconf 91' lang='lat' dir='ltr'>qui</span> <span class='ocrx_word' id='word_1_457' title='bbox 3042 2648 3257 2713; x_wconf 89' lang='lat' dir='ltr'>manet,</span> <span class='ocrx_word' id='word_1_458' title='bbox 3284 2644 3522 2718; x_wconf 91' lang='lat' dir='ltr'>(inquit)</span> <span class='ocrx_word' id='word_1_459' title='bbox 3542 2644 3605 2700; x_wconf 92' lang='lat' dir='ltr'>in</span> <span class='ocrx_word' id='word_1_460' title='bbox 3628 2644 3771 2700; x_wconf 89' lang='lat' dir='ltr'>dile-</span> 
     </span>
    </p>
   </div>
   <div class='ocr_carea' id='block_1_59' title="bbox 2122 2728 3768 2806">
    <p class='ocr_par' dir='ltr' id='par_1_59' title="bbox 2122 2728 3768 2806">
     <span class='ocr_line' id='line_1_59' title="bbox 2122 2728 3768 2806; baseline -0.001 -18"><span class='ocrx_word' id='word_1_461' title='bbox 2122 2733 2333 2799; x_wconf 91' lang='lat' dir='ltr'>ctione,</span> <span class='ocrx_word' id='word_1_462' title='bbox 2366 2734 2426 2789; x_wconf 91' lang='lat' dir='ltr'>in</span> <span class='ocrx_word' id='word_1_463' title='bbox 2458 2728 2822 2802; x_wconf 49' lang='lat' dir='ltr'>Deo’manet,</span> <span class='ocrx_word' id='word_1_464' title='bbox 2855 2737 2989 2798; x_wconf 87' lang='lat' dir='ltr'>etc.,</span> <span class='ocrx_word' id='word_1_465' title='bbox 3022 2750 3192 2806; x_wconf 88' lang='lat' dir='ltr'>usque</span> <span class='ocrx_word' id='word_1_466' title='bbox 3211 2733 3280 2789; x_wconf 85' lang='lat' dir='ltr'>ad</span> <span class='ocrx_word' id='word_1_467' title='bbox 3301 2734 3567 2790; x_wconf 86' lang='lat' dir='ltr'>continet</span> <span class='ocrx_word' id='word_1_468' title='bbox 3596 2734 3768 2789; x_wconf 90' lang='lat' dir='ltr'>Deus.</span> 
     </span>
    </p>
   </div>
   <div class='ocr_carea' id='block_1_60' title="bbox 2125 2821 3768 2896">
    <p class='ocr_par' dir='ltr' id='par_1_60' title="bbox 2125 2821 3768 2896">
     <span class='ocr_line' id='line_1_60' title="bbox 2125 2821 3768 2896; baseline 0.001 -20"><span class='ocrx_word' id='word_1_469' title='bbox 2125 2821 2255 2892; x_wconf 92' lang='lat' dir='ltr'>(Id.,</span> <span class='ocrx_word' id='word_1_470' title='bbox 2302 2831 2460 2879; x_wconf 86' lang='lat' dir='ltr'>tract.</span> <span class='ocrx_word' id='word_1_471' title='bbox 2508 2823 2543 2876; x_wconf 93' lang='lat'>9</span> <span class='ocrx_word' id='word_1_472' title='bbox 2587 2824 2759 2895; x_wconf 85' lang='lat' dir='ltr'>Epist.</span> <span class='ocrx_word' id='word_1_473' title='bbox 2814 2825 2998 2889; x_wconf 82' lang='lat' dir='ltr'>Joan.,</span> <span class='ocrx_word' id='word_1_474' title='bbox 3043 2827 3186 2879; x_wconf 90' lang='lat' dir='ltr'>tom.</span> <span class='ocrx_word' id='word_1_475' title='bbox 3238 2824 3333 2893; x_wconf 92' lang='lat' dir='ltr'>III,</span> <span class='ocrx_word' id='word_1_476' title='bbox 3382 2826 3534 2896; x_wconf 90' lang='lat' dir='ltr'>part.</span> <span class='ocrx_word' id='word_1_477' title='bbox 3572 2840 3633 2891; x_wconf 87' lang='grc' dir='ltr'>ιι,</span> <span class='ocrx_word' id='word_1_478' title='bbox 3667 2822 3768 2878; x_wconf 88' lang='lat' dir='ltr'>col.</span> 
     </span>
    </p>
   </div>
   <div class='ocr_carea' id='block_1_61' title="bbox 2122 2913 2313 2981">
    <p class='ocr_par' dir='ltr' id='par_1_61' title="bbox 2122 2913 2313 2981">
     <span class='ocr_line' id='line_1_61' title="bbox 2122 2913 2313 2981; baseline 0.005 -14"><span class='ocrx_word' id='word_1_479' title='bbox 2122 2913 2313 2981; x_wconf 71' lang='lat'>202.5.)</span> 
     </span>
    </p>
   </div>
   <div class='ocr_carea' id='block_1_62' title="bbox 2194 3002 3771 3074">
    <p class='ocr_par' dir='ltr' id='par_1_62' title="bbox 2194 3002 3771 3074">
     <span class='ocr_line' id='line_1_62' title="bbox 2194 3002 3771 3074; baseline 0.001 -18"><span class='ocrx_word' id='word_1_480' title='bbox 2194 3003 2278 3057; x_wconf 74' lang='lat' dir='ltr'>Ea:</span> <span class='ocrx_word' id='word_1_481' title='bbox 2302 3008 2458 3074; x_wconf 86' lang='lat' dir='ltr'>parte</span> <span class='ocrx_word' id='word_1_482' title='bbox 2486 3003 2635 3057; x_wconf 85' lang='lat' dir='ltr'>enim</span> <span class='ocrx_word' id='word_1_483' title='bbox 2664 3003 3060 3071; x_wconf 82' lang='lat' dir='ltr'>cbgnoscimus,</span> <span class='ocrx_word' id='word_1_484' title='bbox 3090 3010 3141 3058; x_wconf 87' lang='lat' dir='ltr'>et</span> <span class='ocrx_word' id='word_1_485' title='bbox 3168 3019 3239 3057; x_wconf 75' lang='lat' dir='ltr'>ex</span> <span class='ocrx_word' id='word_1_486' title='bbox 3284 3008 3439 3073; x_wconf 81' lang='lat' dir='ltr'>parte</span> <span class='ocrx_word' id='word_1_487' title='bbox 3481 3002 3771 3074; x_wconf 82' lang='lat' dir='ltr'>propheta-</span> 
     </span>
    </p>
   </div>
   <div class='ocr_carea' id='block_1_63' title="bbox 2122 3090 3769 3165">
    <p class='ocr_par' dir='ltr' id='par_1_63' title="bbox 2122 3090 3769 3165">
     <span class='ocr_line' id='line_1_63' title="bbox 2122 3090 3769 3165; baseline 0.001 -20"><span class='ocrx_word' id='word_1_488' title='bbox 2122 3107 2261 3146; x_wconf 89' lang='lat' dir='ltr'>mus.</span> <span class='ocrx_word' id='word_1_489' title='bbox 2295 3090 2430 3146; x_wconf 89' lang='lat' dir='ltr'>Cum</span> <span class='ocrx_word' id='word_1_490' title='bbox 2456 3100 2635 3147; x_wconf 83' lang='lat' dir='ltr'>autem</span> <span class='ocrx_word' id='word_1_491' title='bbox 2670 3092 2877 3147; x_wconf 87' lang='lat' dir='ltr'>venerit</span> <span class='ocrx_word' id='word_1_492' title='bbox 2913 3091 3055 3164; x_wconf 90' lang='lat' dir='ltr'>quod</span> <span class='ocrx_word' id='word_1_493' title='bbox 3089 3091 3390 3165; x_wconf 82' lang='lat' dir='ltr'>perfectum</span> <span class='ocrx_word' id='word_1_494' title='bbox 3420 3099 3521 3158; x_wconf 87' lang='lat' dir='ltr'>est,</span> <span class='ocrx_word' id='word_1_495' title='bbox 3546 3107 3769 3147; x_wconf 82' lang='lat' dir='ltr'>evacua-</span> 
     </span>
    </p>
   </div>
   <div class='ocr_carea' id='block_1_64' title="bbox 438 3161 3774 3254">
    <p class='ocr_par' dir='ltr' id='par_1_64' title="bbox 438 3161 3774 3254">
     <span class='ocr_line' id='line_1_64' title="bbox 438 3161 3774 3254; baseline -0.001 -16"><span class='ocrx_word' id='word_1_496' title='bbox 438 3182 563 3238; x_wconf 86' lang='lat' dir='ltr'>Non</span> <span class='ocrx_word' id='word_1_497' title='bbox 596 3181 915 3254; x_wconf 86' lang='lat' dir='ltr'>diligamus</span> <span class='ocrx_word' id='word_1_498' title='bbox 935 3182 1109 3237; x_wconf 89' lang='lat' dir='ltr'>verbo</span> <span class='ocrx_word' id='word_1_499' title='bbox 1140 3161 1371 3236; x_wconf 88' lang='lat' dir='ltr'>tantum</span> <span class='ocrx_word' id='word_1_500' title='bbox 1393 3185 1450 3236; x_wconf 89' lang='lat' dir='ltr'>et</span> <span class='ocrx_word' id='word_1_501' title='bbox 1473 3179 1694 3253; x_wconf 87' lang='lat' dir='ltr'>lingua,</span> <span class='ocrx_word' id='word_1_502' title='bbox 1719 3183 1821 3238; x_wconf 87' lang='lat' dir='ltr'>sed</span> <span class='ocrx_word' id='word_1_503' title='bbox 1845 3198 2016 3254; x_wconf 90' lang='lat' dir='ltr'>opere</span> <span class='ocrx_word' id='word_1_504' title='bbox 2047 3161 2089 3228; x_wconf 80' lang='lat' dir='ltr'>C</span> <span class='ocrx_word' id='word_1_505' title='bbox 2129 3182 2280 3235; x_wconf 86' lang='lat' dir='ltr'>bitur</span> <span class='ocrx_word' id='word_1_506' title='bbox 2307 3180 2447 3252; x_wconf 89' lang='lat' dir='ltr'>quod</span> <span class='ocrx_word' id='word_1_507' title='bbox 2475 3198 2545 3235; x_wconf 77' lang='lat' dir='ltr'>ex</span> <span class='ocrx_word' id='word_1_508' title='bbox 2583 3188 2741 3252; x_wconf 87' lang='lat' dir='ltr'>parte</span> <span class='ocrx_word' id='word_1_509' title='bbox 2768 3188 2865 3236; x_wconf 90' lang='lat' dir='ltr'>est.</span> <span class='ocrx_word' id='word_1_510' title='bbox 2899 3161 2963 3235; x_wconf 75' lang='lat' dir='ltr'>In</span> <span class='ocrx_word' id='word_1_511' title='bbox 3010 3161 3111 3238; x_wconf 85' lang='lat' dir='ltr'>illo</span> <span class='ocrx_word' id='word_1_512' title='bbox 3151 3161 3391 3252; x_wconf 84' lang='lat' dir='ltr'>corpore</span> <span class='ocrx_word' id='word_1_513' title='bbox 3419 3179 3672 3253; x_wconf 88' lang='lat' dir='ltr'>spiritali</span> <span class='ocrx_word' id='word_1_514' title='bbox 3702 3180 3774 3233; x_wconf 87' lang='lat' dir='ltr'>vi-</span> 
     </span>
    </p>
   </div>
   <div class='ocr_carea' id='block_1_65' title="bbox 369 3269 2017 3343">
    <p class='ocr_par' dir='ltr' id='par_1_65' title="bbox 369 3269 2017 3343">
     <span class='ocr_line' id='line_1_65' title="bbox 369 3269 2017 3343; baseline -0.001 -16"><span class='ocrx_word' id='word_1_515' title='bbox 369 3276 426 3327; x_wconf 87' lang='lat' dir='ltr'>et</span> <span class='ocrx_word' id='word_1_516' title='bbox 452 3271 715 3327; x_wconf 87' lang='lat' dir='ltr'>veritate.</span> <span class='ocrx_word' id='word_1_517' title='bbox 741 3269 1067 3333; x_wconf 78' lang='lat' dir='ltr'>Quaerimus</span> <span class='ocrx_word' id='word_1_518' title='bbox 1113 3269 1174 3323; x_wconf 92' lang='lat' dir='ltr'>in</span> <span class='ocrx_word' id='word_1_519' title='bbox 1214 3286 1349 3341; x_wconf 89' lang='lat' dir='ltr'>quo,</span> <span class='ocrx_word' id='word_1_520' title='bbox 1383 3274 1514 3337; x_wconf 89' lang='lat' dir='ltr'>etc.,</span> <span class='ocrx_word' id='word_1_521' title='bbox 1545 3287 1716 3343; x_wconf 89' lang='lat' dir='ltr'>usque</span> <span class='ocrx_word' id='word_1_522' title='bbox 1760 3272 1830 3327; x_wconf 91' lang='lat' dir='ltr'>ad</span> <span class='ocrx_word' id='word_1_523' title='bbox 1879 3288 2017 3328; x_wconf 90' lang='lat' dir='ltr'>con-</span> 
     </span>
    </p>
   </div>
   <div class='ocr_carea' id='block_1_66' title="bbox 370 3358 2013 3431">
    <p class='ocr_par' dir='ltr' id='par_1_66' title="bbox 370 3358 2013 3431">
     <span class='ocr_line' id='line_1_66' title="bbox 370 3358 2013 3431; baseline -0.001 -15"><span class='ocrx_word' id='word_1_524' title='bbox 370 3360 617 3416; x_wconf 87' lang='lat' dir='ltr'>scientia</span> <span class='ocrx_word' id='word_1_525' title='bbox 664 3358 916 3431; x_wconf 90' lang='lat' dir='ltr'>propria.</span> <span class='ocrx_word' id='word_1_526' title='bbox 952 3359 1084 3429; x_wconf 92' lang='lat' dir='ltr'>(Id.,</span> <span class='ocrx_word' id='word_1_527' title='bbox 1118 3366 1273 3414; x_wconf 87' lang='lat' dir='ltr'>tract.</span> <span class='ocrx_word' id='word_1_528' title='bbox 1323 3360 1481 3431; x_wconf 85' lang='lat' dir='ltr'>epist.</span> <span class='ocrx_word' id='word_1_529' title='bbox 1530 3362 1711 3426; x_wconf 86' lang='lat' dir='ltr'>Joan.,</span> <span class='ocrx_word' id='word_1_530' title='bbox 1741 3364 1884 3416; x_wconf 89' lang='lat' dir='ltr'>tom.</span> <span class='ocrx_word' id='word_1_531' title='bbox 1911 3365 2013 3429; x_wconf 89' lang='lat' dir='ltr'>III,</span> 
     </span>
    </p>
   </div>
   <div class='ocr_carea' id='block_1_67' title="bbox 366 3447 965 3521">
    <p class='ocr_par' dir='ltr' id='par_1_67' title="bbox 366 3447 965 3521">
     <span class='ocr_line' id='line_1_67' title="bbox 366 3447 965 3521; baseline -0.007 -17"><span class='ocrx_word' id='word_1_532' title='bbox 366 3453 515 3521; x_wconf 90' lang='lat' dir='ltr'>part.</span> <span class='ocrx_word' id='word_1_533' title='bbox 551 3466 613 3515; x_wconf 90' lang='grc' dir='ltr'>ιι,</span> <span class='ocrx_word' id='word_1_534' title='bbox 639 3447 747 3502; x_wconf 93' lang='lat' dir='ltr'>col.</span> <span class='ocrx_word' id='word_1_535' title='bbox 779 3447 965 3519; x_wconf 90' lang='lat'>2020.)</span> 
     </span>
    </p>
   </div>
   <div class='ocr_carea' id='block_1_68' title="bbox 438 3535 2012 3611">
    <p class='ocr_par' dir='ltr' id='par_1_68' title="bbox 438 3535 2012 3611">
     <span class='ocr_line' id='line_1_68' title="bbox 438 3535 2012 3611; baseline 0.001 -19"><span class='ocrx_word' id='word_1_536' title='bbox 438 3536 630 3592; x_wconf 90' lang='lat' dir='ltr'>Pascit</span> <span class='ocrx_word' id='word_1_537' title='bbox 651 3535 1070 3604; x_wconf 90' lang='lat' dir='ltr'>misericordia,</span> <span class='ocrx_word' id='word_1_538' title='bbox 1089 3537 1276 3609; x_wconf 90' lang='lat' dir='ltr'>pascit</span> <span class='ocrx_word' id='word_1_539' title='bbox 1295 3541 1352 3593; x_wconf 91' lang='lat' dir='ltr'>et</span> <span class='ocrx_word' id='word_1_540' title='bbox 1370 3537 1663 3610; x_wconf 90' lang='lat' dir='ltr'>superbia.</span> <span class='ocrx_word' id='word_1_541' title='bbox 1689 3538 2012 3611; x_wconf 89' lang='lat' dir='ltr'>Hospitem,</span> 
     </span>
    </p>
   </div>
   <div class='ocr_carea' id='block_1_69' title="bbox 363 3624 2011 3700">
    <p class='ocr_par' dir='ltr' id='par_1_69' title="bbox 363 3624 2011 3700">
     <span class='ocr_line' id='line_1_69' title="bbox 363 3624 2011 3700; baseline 0.002 -19"><span class='ocrx_word' id='word_1_542' title='bbox 363 3629 500 3691; x_wconf 90' lang='lat' dir='ltr'>etc.,</span> <span class='ocrx_word' id='word_1_543' title='bbox 532 3640 703 3697; x_wconf 86' lang='lat' dir='ltr'>usque</span> <span class='ocrx_word' id='word_1_544' title='bbox 732 3624 802 3680; x_wconf 88' lang='lat' dir='ltr'>ad</span> <span class='ocrx_word' id='word_1_545' title='bbox 843 3626 1153 3697; x_wconf 90' lang='lat' dir='ltr'>procedere</span> <span class='ocrx_word' id='word_1_546' title='bbox 1182 3629 1393 3698; x_wconf 86' lang='lat' dir='ltr'>potest.</span> <span class='ocrx_word' id='word_1_547' title='bbox 1428 3626 1558 3699; x_wconf 94' lang='lat' dir='ltr'>(Id.,</span> <span class='ocrx_word' id='word_1_548' title='bbox 1590 3635 1747 3684; x_wconf 87' lang='lat' dir='ltr'>tract.</span> <span class='ocrx_word' id='word_1_549' title='bbox 1778 3628 1812 3683; x_wconf 94' lang='lat'>8</span> <span class='ocrx_word' id='word_1_550' title='bbox 1841 3628 2011 3700; x_wconf 89' lang='lat' dir='ltr'>Epist.</span> 
     </span>
    </p>
   </div>
   <div class='ocr_carea' id='block_1_70' title="bbox 360 3713 1492 3787">
    <p class='ocr_par' dir='ltr' id='par_1_70' title="bbox 360 3713 1492 3787">
     <span class='ocr_line' id='line_1_70' title="bbox 360 3713 1492 3787; baseline -0.002 -16"><span class='ocrx_word' id='word_1_551' title='bbox 360 3715 544 3779; x_wconf 83' lang='lat' dir='ltr'>Joan.,</span> <span class='ocrx_word' id='word_1_552' title='bbox 576 3716 720 3769; x_wconf 88' lang='lat' dir='ltr'>tom.</span> <span class='ocrx_word' id='word_1_553' title='bbox 753 3716 853 3780; x_wconf 90' lang='lat' dir='ltr'>III,</span> <span class='ocrx_word' id='word_1_554' title='bbox 888 3717 1038 3785; x_wconf 89' lang='lat' dir='ltr'>part.</span> <span class='ocrx_word' id='word_1_555' title='bbox 1072 3731 1134 3783; x_wconf 84' lang='lat' dir='ltr'>II,</span> <span class='ocrx_word' id='word_1_556' title='bbox 1163 3713 1273 3770; x_wconf 93' lang='lat' dir='ltr'>col.</span> <span class='ocrx_word' id='word_1_557' title='bbox 1306 3715 1492 3787; x_wconf 85' lang='grc'>2041.)</span> 
     </span>
    </p>
   </div>
   <div class='ocr_carea' id='block_1_71' title="bbox 440 3801 2012 3875">
    <p class='ocr_par' dir='ltr' id='par_1_71' title="bbox 440 3801 2012 3875">
     <span class='ocr_line' id='line_1_71' title="bbox 440 3801 2012 3875; baseline 0.002 -17"><span class='ocrx_word' id='word_1_558' title='bbox 440 3802 569 3875; x_wconf 89' lang='lat' dir='ltr'>Ipse</span> <span class='ocrx_word' id='word_1_559' title='bbox 618 3802 778 3858; x_wconf 89' lang='lat' dir='ltr'>novit</span> <span class='ocrx_word' id='word_1_560' title='bbox 818 3801 1046 3858; x_wconf 88' lang='lat' dir='ltr'>occulta</span> <span class='ocrx_word' id='word_1_561' title='bbox 1090 3802 1301 3860; x_wconf 91' lang='lat' dir='ltr'>cordis.</span> <span class='ocrx_word' id='word_1_562' title='bbox 1337 3804 1483 3868; x_wconf 90' lang='lat' dir='ltr'>Quid</span> <span class='ocrx_word' id='word_1_563' title='bbox 1531 3808 1621 3860; x_wconf 90' lang='lat' dir='ltr'>est</span> <span class='ocrx_word' id='word_1_564' title='bbox 1667 3804 1845 3874; x_wconf 88' lang='lat' dir='ltr'>novit,</span> <span class='ocrx_word' id='word_1_565' title='bbox 1879 3809 2012 3873; x_wconf 90' lang='lat' dir='ltr'>etc.,</span> 
     </span>
    </p>
   </div>
   <div class='ocr_carea' id='block_1_72' title="bbox 365 3890 2012 3967">
    <p class='ocr_par' dir='ltr' id='par_1_72' title="bbox 365 3890 2012 3967">
     <span class='ocr_line' id='line_1_72' title="bbox 365 3890 2012 3967; baseline 0.001 -19"><span class='ocrx_word' id='word_1_566' title='bbox 365 3907 534 3964; x_wconf 86' lang='lat' dir='ltr'>usque</span> <span class='ocrx_word' id='word_1_567' title='bbox 574 3891 644 3947; x_wconf 90' lang='lat' dir='ltr'>ad</span> <span class='ocrx_word' id='word_1_568' title='bbox 699 3890 928 3947; x_wconf 90' lang='lat' dir='ltr'>occulta</span> <span class='ocrx_word' id='word_1_569' title='bbox 985 3892 1196 3948; x_wconf 89' lang='lat' dir='ltr'>cordis.</span> <span class='ocrx_word' id='word_1_570' title='bbox 1246 3893 1378 3962; x_wconf 88' lang='lat' dir='ltr'>(Id.,</span> <span class='ocrx_word' id='word_1_571' title='bbox 1439 3901 1595 3950; x_wconf 86' lang='lat' dir='ltr'>tract.</span> <span class='ocrx_word' id='word_1_572' title='bbox 1653 3895 1794 3967; x_wconf 87' lang='lat' dir='ltr'>psal.</span> <span class='ocrx_word' id='word_1_573' title='bbox 1854 3912 2012 3964; x_wconf 82' lang='lat' dir='ltr'>XLIII,</span> 
     </span>
    </p>
   </div>
   <div class='ocr_carea' id='block_1_73' title="bbox 365 3980 1444 4054">
    <p class='ocr_par' dir='ltr' id='par_1_73' title="bbox 365 3980 1444 4054">
     <span class='ocr_line' id='line_1_73' title="bbox 365 3980 1444 4054; baseline -0.001 -17"><span class='ocrx_word' id='word_1_574' title='bbox 365 3985 510 4037; x_wconf 88' lang='lat' dir='ltr'>tom.</span> <span class='ocrx_word' id='word_1_575' title='bbox 542 3980 638 4048; x_wconf 76' lang='grc' dir='ltr'>ιν,</span> <span class='ocrx_word' id='word_1_576' title='bbox 672 3985 821 4053; x_wconf 87' lang='lat' dir='ltr'>part.</span> <span class='ocrx_word' id='word_1_577' title='bbox 856 3997 895 4047; x_wconf 85' lang='lat'>1,</span> <span class='ocrx_word' id='word_1_578' title='bbox 929 3980 1037 4037; x_wconf 90' lang='lat' dir='ltr'>col.</span> <span class='ocrx_word' id='word_1_579' title='bbox 1074 3982 1178 4036; x_wconf 84' lang='grc'>490</span> <span class='ocrx_word' id='word_1_580' title='bbox 1206 3985 1264 4038; x_wconf 91' lang='lat' dir='ltr'>et</span> <span class='ocrx_word' id='word_1_581' title='bbox 1297 3982 1444 4054; x_wconf 89' lang='lat' dir='ltr'>seq.)</span> 
     </span>
    </p>
   </div>
   <div class='ocr_carea' id='block_1_74' title="bbox 437 4068 2015 4146">
    <p class='ocr_par' dir='ltr' id='par_1_74' title="bbox 437 4068 2015 4146">
     <span class='ocr_line' id='line_1_74' title="bbox 437 4068 2015 4146; baseline 0.003 -22"><span class='ocrx_word' id='word_1_582' title='bbox 437 4068 651 4125; x_wconf 90' lang='lat' dir='ltr'>Galaad</span> <span class='ocrx_word' id='word_1_583' title='bbox 685 4069 861 4125; x_wconf 90' lang='lat' dir='ltr'>habet</span> <span class='ocrx_word' id='word_1_584' title='bbox 889 4069 1388 4143; x_wconf 88' lang='lat' dir='ltr'>interpretationis</span> <span class='ocrx_word' id='word_1_585' title='bbox 1419 4089 1558 4140; x_wconf 66' lang='lat' dir='ltr'>suae,</span> <span class='ocrx_word' id='word_1_586' title='bbox 1587 4076 1721 4139; x_wconf 87' lang='lat' dir='ltr'>etc.,</span> <span class='ocrx_word' id='word_1_587' title='bbox 1746 4089 1918 4146; x_wconf 85' lang='lat' dir='ltr'>usque</span> <span class='ocrx_word' id='word_1_588' title='bbox 1943 4072 2015 4129; x_wconf 86' lang='lat' dir='ltr'>ad</span> 
     </span>
    </p>
   </div>
   <div class='ocr_carea' id='block_1_75' title="bbox 369 4158 2012 4235">
    <p class='ocr_par' dir='ltr' id='par_1_75' title="bbox 369 4158 2012 4235">
     <span class='ocr_line' id='line_1_75' title="bbox 369 4158 2012 4235; baseline 0.003 -21"><span class='ocrx_word' id='word_1_589' title='bbox 369 4158 516 4214; x_wconf 88' lang='lat' dir='ltr'>mihi</span> <span class='ocrx_word' id='word_1_590' title='bbox 548 4159 801 4230; x_wconf 90' lang='lat' dir='ltr'>prodest.</span> <span class='ocrx_word' id='word_1_591' title='bbox 830 4158 960 4228; x_wconf 90' lang='lat' dir='ltr'>(Id.,</span> <span class='ocrx_word' id='word_1_592' title='bbox 998 4168 1154 4216; x_wconf 81' lang='lat' dir='ltr'>tract.</span> <span class='ocrx_word' id='word_1_593' title='bbox 1184 4161 1324 4233; x_wconf 89' lang='lat' dir='ltr'>psal.</span> <span class='ocrx_word' id='word_1_594' title='bbox 1362 4178 1469 4228; x_wconf 79' lang='lat' dir='ltr'>LIX,</span> <span class='ocrx_word' id='word_1_595' title='bbox 1502 4167 1643 4217; x_wconf 92' lang='lat' dir='ltr'>tom.</span> <span class='ocrx_word' id='word_1_596' title='bbox 1671 4161 1764 4230; x_wconf 93' lang='lat' dir='ltr'>IV,</span> <span class='ocrx_word' id='word_1_597' title='bbox 1799 4166 1948 4235; x_wconf 84' lang='lat' dir='ltr'>part.</span> <span class='ocrx_word' id='word_1_598' title='bbox 1974 4180 2012 4229; x_wconf 84' lang='grc' dir='ltr'>ι,</span> 
     </span>
    </p>
   </div>
   <div class='ocr_carea' id='block_1_76' title="bbox 369 4246 663 4315">
    <p class='ocr_par' dir='ltr' id='par_1_76' title="bbox 369 4246 663 4315">
     <span class='ocr_line' id='line_1_76' title="bbox 369 4246 663 4315; baseline -0.01 -12"><span class='ocrx_word' id='word_1_599' title='bbox 369 4246 479 4303; x_wconf 83' lang='lat' dir='ltr'>col.</span> <span class='ocrx_word' id='word_1_600' title='bbox 509 4248 663 4315; x_wconf 86' lang='lat'>719.)</span> 
     </span>
    </p>
   </div>
   <div class='ocr_carea' id='block_1_77' title="bbox 444 4333 2013 4410">
    <p class='ocr_par' dir='ltr' id='par_1_77' title="bbox 444 4333 2013 4410">
     <span class='ocr_line' id='line_1_77' title="bbox 444 4333 2013 4410; baseline 0.003 -20"><span class='ocrx_word' id='word_1_601' title='bbox 444 4335 593 4390; x_wconf 89' lang='lat' dir='ltr'>Sunt</span> <span class='ocrx_word' id='word_1_602' title='bbox 620 4333 857 4405; x_wconf 89' lang='lat' dir='ltr'>quidam</span> <span class='ocrx_word' id='word_1_603' title='bbox 890 4335 988 4407; x_wconf 91' lang='lat' dir='ltr'>qui</span> <span class='ocrx_word' id='word_1_604' title='bbox 1023 4336 1251 4392; x_wconf 83' lang='lat' dir='ltr'>facilius</span> <span class='ocrx_word' id='word_1_605' title='bbox 1273 4337 1471 4393; x_wconf 87' lang='lat' dir='ltr'>omnia</span> <span class='ocrx_word' id='word_1_606' title='bbox 1497 4354 1607 4393; x_wconf 88' lang='lat' dir='ltr'>sua</span> <span class='ocrx_word' id='word_1_607' title='bbox 1636 4339 2013 4410; x_wconf 88' lang='lat' dir='ltr'>pauperibus,</span> 
     </span>
    </p>
   </div>
   <div class='ocr_carea' id='block_1_78' title="bbox 367 4423 2012 4499">
    <p class='ocr_par' dir='ltr' id='par_1_78' title="bbox 367 4423 2012 4499">
     <span class='ocr_line' id='line_1_78' title="bbox 367 4423 2012 4499; baseline 0.002 -21"><span class='ocrx_word' id='word_1_608' title='bbox 367 4426 502 4492; x_wconf 90' lang='lat' dir='ltr'>etc.,</span> <span class='ocrx_word' id='word_1_609' title='bbox 525 4439 696 4494; x_wconf 89' lang='lat' dir='ltr'>usque</span> <span class='ocrx_word' id='word_1_610' title='bbox 724 4423 794 4480; x_wconf 88' lang='lat' dir='ltr'>ad</span> <span class='ocrx_word' id='word_1_611' title='bbox 825 4429 964 4480; x_wconf 92' lang='lat' dir='ltr'>sunt</span> <span class='ocrx_word' id='word_1_612' title='bbox 993 4425 1180 4481; x_wconf 83' lang='lat' dir='ltr'>nobis.</span> <span class='ocrx_word' id='word_1_613' title='bbox 1207 4426 1287 4498; x_wconf 93' lang='lat' dir='ltr'>(S.</span> <span class='ocrx_word' id='word_1_614' title='bbox 1310 4428 1482 4499; x_wconf 82' lang='lat' dir='ltr'>Aug.,</span> <span class='ocrx_word' id='word_1_615' title='bbox 1506 4434 1662 4481; x_wconf 86' lang='lat' dir='ltr'>tract.</span> <span class='ocrx_word' id='word_1_616' title='bbox 1691 4428 1831 4499; x_wconf 86' lang='lat' dir='ltr'>psal.</span> <span class='ocrx_word' id='word_1_617' title='bbox 1869 4445 2012 4483; x_wconf 73' lang='lat' dir='ltr'>um.</span> 
     </span>
    </p>
   </div>
   <div class='ocr_carea' id='block_1_79' title="bbox 368 4512 1440 4587">
    <p class='ocr_par' dir='ltr' id='par_1_79' title="bbox 368 4512 1440 4587">
     <span class='ocr_line' id='line_1_79' title="bbox 368 4512 1440 4587; baseline 0.002 -20"><span class='ocrx_word' id='word_1_618' title='bbox 368 4516 512 4568; x_wconf 89' lang='lat' dir='ltr'>tom.</span> <span class='ocrx_word' id='word_1_619' title='bbox 546 4512 638 4578; x_wconf 89' lang='lat' dir='ltr'>IV,</span> <span class='ocrx_word' id='word_1_620' title='bbox 673 4516 821 4584; x_wconf 87' lang='lat' dir='ltr'>part.</span> <span class='ocrx_word' id='word_1_621' title='bbox 860 4530 895 4570; x_wconf 90' lang='grc' dir='ltr'>ι.</span> <span class='ocrx_word' id='word_1_622' title='bbox 929 4513 1037 4569; x_wconf 92' lang='lat' dir='ltr'>col.</span> <span class='ocrx_word' id='word_1_623' title='bbox 1072 4512 1177 4569; x_wconf 83' lang='lat'>902</span> <span class='ocrx_word' id='word_1_624' title='bbox 1208 4518 1266 4570; x_wconf 91' lang='lat' dir='ltr'>et</span> <span class='ocrx_word' id='word_1_625' title='bbox 1294 4514 1440 4587; x_wconf 91' lang='lat' dir='ltr'>seq.)</span> 
     </span>
    </p>
   </div>
   <div class='ocr_carea' id='block_1_80' title="bbox 442 4600 2019 4676">
    <p class='ocr_par' dir='ltr' id='par_1_80' title="bbox 442 4600 2019 4676">
     <span class='ocr_line' id='line_1_80' title="bbox 442 4600 2019 4676; baseline 0.003 -20"><span class='ocrx_word' id='word_1_626' title='bbox 442 4600 645 4656; x_wconf 91' lang='lat' dir='ltr'>Omnis</span> <span class='ocrx_word' id='word_1_627' title='bbox 667 4602 1193 4658; x_wconf 89' lang='lat' dir='ltr'>consummationis</span> <span class='ocrx_word' id='word_1_628' title='bbox 1220 4602 1338 4657; x_wconf 91' lang='lat' dir='ltr'>vidi</span> <span class='ocrx_word' id='word_1_629' title='bbox 1370 4603 1568 4669; x_wconf 86' lang='lat' dir='ltr'>ﬁnem,</span> <span class='ocrx_word' id='word_1_630' title='bbox 1592 4608 1726 4671; x_wconf 89' lang='lat' dir='ltr'>etc.,</span> <span class='ocrx_word' id='word_1_631' title='bbox 1750 4620 1922 4676; x_wconf 85' lang='lat' dir='ltr'>usque</span> <span class='ocrx_word' id='word_1_632' title='bbox 1949 4605 2019 4661; x_wconf 89' lang='lat' dir='ltr'>ad</span> 
     </span>
    </p>
   </div>
   <div class='ocr_carea' id='block_1_81' title="bbox 368 4689 2014 4766">
    <p class='ocr_par' dir='ltr' id='par_1_81' title="bbox 368 4689 2014 4766">
     <span class='ocr_line' id='line_1_81' title="bbox 368 4689 2014 4766; baseline 0.003 -22"><span class='ocrx_word' id='word_1_633' title='bbox 368 4689 616 4763; x_wconf 88' lang='lat' dir='ltr'>vestigia</span> <span class='ocrx_word' id='word_1_634' title='bbox 645 4706 794 4745; x_wconf 89' lang='lat' dir='ltr'>mea.</span> <span class='ocrx_word' id='word_1_635' title='bbox 818 4690 948 4757; x_wconf 90' lang='lat' dir='ltr'>(Id.,</span> <span class='ocrx_word' id='word_1_636' title='bbox 980 4699 1135 4747; x_wconf 85' lang='lat' dir='ltr'>tract.</span> <span class='ocrx_word' id='word_1_637' title='bbox 1184 4691 1329 4763; x_wconf 89' lang='lat' dir='ltr'>psal.</span> <span class='ocrx_word' id='word_1_638' title='bbox 1352 4708 1545 4758; x_wconf 82' lang='lat' dir='ltr'>cxvm,</span> <span class='ocrx_word' id='word_1_639' title='bbox 1578 4695 1721 4747; x_wconf 89' lang='lat' dir='ltr'>tom.</span> <span class='ocrx_word' id='word_1_640' title='bbox 1746 4691 1841 4760; x_wconf 92' lang='lat' dir='ltr'>IV,</span> <span class='ocrx_word' id='word_1_641' title='bbox 1865 4696 2014 4766; x_wconf 90' lang='lat' dir='ltr'>part.</span> 
     </span>
    </p>
   </div>
   <div class='ocr_carea' id='block_1_82' title="bbox 370 4777 1011 4852">
    <p class='ocr_par' dir='ltr' id='par_1_82' title="bbox 370 4777 1011 4852">
     <span class='ocr_line' id='line_1_82' title="bbox 370 4777 1011 4852; baseline 0.005 -19"><span class='ocrx_word' id='word_1_642' title='bbox 370 4795 430 4845; x_wconf 88' lang='grc' dir='ltr'>ιι,</span> <span class='ocrx_word' id='word_1_643' title='bbox 464 4777 572 4834; x_wconf 92' lang='lat' dir='ltr'>col.</span> <span class='ocrx_word' id='word_1_644' title='bbox 610 4780 742 4835; x_wconf 87' lang='lat'>1561</span> <span class='ocrx_word' id='word_1_645' title='bbox 776 4784 833 4835; x_wconf 90' lang='lat' dir='ltr'>et</span> <span class='ocrx_word' id='word_1_646' title='bbox 863 4783 1011 4852; x_wconf 90' lang='lat' dir='ltr'>seq.)</span> 
     </span>
    </p>
   </div>
   <div class='ocr_carea' id='block_1_83' title="bbox 445 4867 2019 4941">
    <p class='ocr_par' dir='ltr' id='par_1_83' title="bbox 445 4867 2019 4941">
     <span class='ocr_line' id='line_1_83' title="bbox 445 4867 2019 4941; baseline 0.004 -20"><span class='ocrx_word' id='word_1_647' title='bbox 445 4867 646 4923; x_wconf 90' lang='lat' dir='ltr'>Pastor</span> <span class='ocrx_word' id='word_1_648' title='bbox 675 4884 811 4941; x_wconf 88' lang='lat' dir='ltr'>ergo</span> <span class='ocrx_word' id='word_1_649' title='bbox 845 4869 1031 4924; x_wconf 89' lang='lat' dir='ltr'>bonus</span> <span class='ocrx_word' id='word_1_650' title='bbox 1054 4868 1341 4925; x_wconf 87' lang='lat' dir='ltr'>Christus.</span> <span class='ocrx_word' id='word_1_651' title='bbox 1376 4867 1522 4933; x_wconf 89' lang='lat' dir='ltr'>Quid</span> <span class='ocrx_word' id='word_1_652' title='bbox 1550 4870 1798 4925; x_wconf 84' lang='lat' dir='ltr'>Petrus?</span> <span class='ocrx_word' id='word_1_653' title='bbox 1817 4871 2019 4927; x_wconf 88' lang='lat' dir='ltr'>Nonne</span> 
     </span>
    </p>
   </div>
   <div class='ocr_carea' id='block_1_84' title="bbox 373 4957 2021 5030">
    <p class='ocr_par' dir='ltr' id='par_1_84' title="bbox 373 4957 2021 5030">
     <span class='ocr_line' id='line_1_84' title="bbox 373 4957 2021 5030; baseline 0.004 -20"><span class='ocrx_word' id='word_1_654' title='bbox 373 4961 592 5027; x_wconf 89' lang='lat' dir='ltr'>pastor,</span> <span class='ocrx_word' id='word_1_655' title='bbox 616 4960 751 5023; x_wconf 90' lang='lat' dir='ltr'>etc.,</span> <span class='ocrx_word' id='word_1_656' title='bbox 778 4973 947 5029; x_wconf 81' lang='lat' dir='ltr'>usque</span> <span class='ocrx_word' id='word_1_657' title='bbox 975 4958 1045 5013; x_wconf 87' lang='lat' dir='ltr'>ad</span> <span class='ocrx_word' id='word_1_658' title='bbox 1077 4958 1288 5014; x_wconf 77' lang='lat' dir='ltr'>inferre</span> <span class='ocrx_word' id='word_1_659' title='bbox 1315 4957 1590 5013; x_wconf 89' lang='lat' dir='ltr'>debuisti.</span> <span class='ocrx_word' id='word_1_660' title='bbox 1616 4957 1747 5030; x_wconf 89' lang='lat' dir='ltr'>(Id.,</span> <span class='ocrx_word' id='word_1_661' title='bbox 1770 4966 1931 5016; x_wconf 85' lang='lat' dir='ltr'>tract.</span> <span class='ocrx_word' id='word_1_662' title='bbox 1955 4960 2021 5017; x_wconf 91' lang='lat' dir='ltr'>de</span> 
     </span>
    </p>
   </div>
   <div class='ocr_carea' id='block_1_85' title="bbox 379 5045 1822 5119">
    <p class='ocr_par' dir='ltr' id='par_1_85' title="bbox 379 5045 1822 5119">
     <span class='ocr_line' id='line_1_85' title="bbox 379 5045 1822 5119; baseline 0.001 -18"><span class='ocrx_word' id='word_1_663' title='bbox 379 5046 529 5101; x_wconf 85' lang='lat' dir='ltr'>Verb.</span> <span class='ocrx_word' id='word_1_664' title='bbox 563 5048 766 5111; x_wconf 66' lang='lat' dir='ltr'>Evam,</span> <span class='ocrx_word' id='word_1_665' title='bbox 791 5049 934 5100; x_wconf 89' lang='lat' dir='ltr'>tom.</span> <span class='ocrx_word' id='word_1_666' title='bbox 962 5046 1029 5100; x_wconf 91' lang='lat' dir='ltr'>V.</span> <span class='ocrx_word' id='word_1_667' title='bbox 1064 5051 1213 5118; x_wconf 87' lang='lat' dir='ltr'>part.</span> <span class='ocrx_word' id='word_1_668' title='bbox 1248 5063 1287 5113; x_wconf 90' lang='grc' dir='ltr'>ι,</span> <span class='ocrx_word' id='word_1_669' title='bbox 1313 5045 1420 5100; x_wconf 90' lang='lat' dir='ltr'>eo].</span> <span class='ocrx_word' id='word_1_670' title='bbox 1451 5047 1559 5101; x_wconf 91' lang='lat'>763</span> <span class='ocrx_word' id='word_1_671' title='bbox 1590 5050 1647 5101; x_wconf 88' lang='lat' dir='ltr'>et</span> <span class='ocrx_word' id='word_1_672' title='bbox 1676 5049 1822 5119; x_wconf 89' lang='lat' dir='ltr'>seq.)</span> 
     </span>
    </p>
   </div>
   <div class='ocr_carea' id='block_1_86' title="bbox 442 5133 2017 5210">
    <p class='ocr_par' dir='ltr' id='par_1_86' title="bbox 442 5133 2017 5210">
     <span class='ocr_line' id='line_1_86' title="bbox 442 5133 2017 5210; baseline 0.003 -22"><span class='ocrx_word' id='word_1_673' title='bbox 442 5134 651 5189; x_wconf 86' lang='lat' dir='ltr'>Audivi</span> <span class='ocrx_word' id='word_1_674' title='bbox 681 5133 837 5206; x_wconf 89' lang='lat' dir='ltr'>quod</span> <span class='ocrx_word' id='word_1_675' title='bbox 878 5133 1091 5190; x_wconf 80' lang='lat' dir='ltr'>dixeris</span> <span class='ocrx_word' id='word_1_676' title='bbox 1135 5133 1465 5207; x_wconf 88' lang='lat' dir='ltr'>apostolum</span> <span class='ocrx_word' id='word_1_677' title='bbox 1499 5134 1743 5191; x_wconf 89' lang='lat' dir='ltr'>Paulum</span> <span class='ocrx_word' id='word_1_678' title='bbox 1793 5135 2017 5210; x_wconf 84' lang='lat' dir='ltr'>signiﬁ-</span> 
     </span>
    </p>
   </div>
   <div class='ocr_carea' id='block_1_87' title="bbox 375 5222 2020 5297">
    <p class='ocr_par' dir='ltr' id='par_1_87' title="bbox 375 5222 2020 5297">
     <span class='ocr_line' id='line_1_87' title="bbox 375 5222 2020 5297; baseline 0.004 -22"><span class='ocrx_word' id='word_1_679' title='bbox 375 5238 562 5285; x_wconf 88' lang='lat' dir='ltr'>casse,</span> <span class='ocrx_word' id='word_1_680' title='bbox 584 5225 716 5291; x_wconf 92' lang='lat' dir='ltr'>etc.,</span> <span class='ocrx_word' id='word_1_681' title='bbox 738 5239 909 5294; x_wconf 89' lang='lat' dir='ltr'>usque</span> <span class='ocrx_word' id='word_1_682' title='bbox 938 5223 1009 5277; x_wconf 91' lang='lat' dir='ltr'>ad</span> <span class='ocrx_word' id='word_1_683' title='bbox 1039 5222 1182 5278; x_wconf 90' lang='lat' dir='ltr'>mihi</span> <span class='ocrx_word' id='word_1_684' title='bbox 1215 5224 1470 5292; x_wconf 89' lang='lat' dir='ltr'>prodest.</span> <span class='ocrx_word' id='word_1_685' title='bbox 1496 5224 1628 5292; x_wconf 89' lang='lat' dir='ltr'>(Id.,</span> <span class='ocrx_word' id='word_1_686' title='bbox 1652 5226 1807 5297; x_wconf 87' lang='lat' dir='ltr'>epist.</span> <span class='ocrx_word' id='word_1_687' title='bbox 1832 5227 1901 5281; x_wconf 83' lang='lat' dir='ltr'>ad</span> <span class='ocrx_word' id='word_1_688' title='bbox 1920 5228 2020 5282; x_wconf 88' lang='lat' dir='ltr'>Do-</span> 
     </span>
    </p>
   </div>
   <div class='ocr_carea' id='block_1_88' title="bbox 374 5311 1618 5386">
    <p class='ocr_par' dir='ltr' id='par_1_88' title="bbox 374 5311 1618 5386">
     <span class='ocr_line' id='line_1_88' title="bbox 374 5311 1618 5386; baseline 0.002 -21"><span class='ocrx_word' id='word_1_689' title='bbox 374 5318 563 5365; x_wconf 85' lang='lat' dir='ltr'>natum</span> <span class='ocrx_word' id='word_1_690' title='bbox 592 5311 855 5382; x_wconf 78' lang='lat' dir='ltr'>preshgt.,</span> <span class='ocrx_word' id='word_1_691' title='bbox 888 5315 1029 5366; x_wconf 89' lang='lat' dir='ltr'>tom.</span> <span class='ocrx_word' id='word_1_692' title='bbox 1069 5313 1134 5379; x_wconf 90' lang='lat' dir='ltr'>II,</span> <span class='ocrx_word' id='word_1_693' title='bbox 1168 5311 1255 5367; x_wconf 92' lang='lat' dir='ltr'>col</span> <span class='ocrx_word' id='word_1_694' title='bbox 1284 5314 1356 5367; x_wconf 87' lang='lat'>55</span> <span class='ocrx_word' id='word_1_695' title='bbox 1387 5316 1443 5367; x_wconf 88' lang='lat' dir='ltr'>et</span> <span class='ocrx_word' id='word_1_696' title='bbox 1472 5313 1618 5386; x_wconf 85' lang='lat' dir='ltr'>seq.)</span> 
     </span>
    </p>
   </div>
   <div class='ocr_carea' id='block_1_89' title="bbox 449 5399 2020 5478">
    <p class='ocr_par' dir='ltr' id='par_1_89' title="bbox 449 5399 2020 5478">
     <span class='ocr_line' id='line_1_89' title="bbox 449 5399 2020 5478; baseline 0.004 -23"><span class='ocrx_word' id='word_1_697' title='bbox 449 5399 697 5455; x_wconf 81' lang='lat' dir='ltr'>Charitas</span> <span class='ocrx_word' id='word_1_698' title='bbox 749 5401 963 5470; x_wconf 85' lang='lat' dir='ltr'>patiens</span> <span class='ocrx_word' id='word_1_699' title='bbox 1019 5409 1115 5468; x_wconf 89' lang='lat' dir='ltr'>est,</span> <span class='ocrx_word' id='word_1_700' title='bbox 1162 5401 1397 5472; x_wconf 87' lang='lat' dir='ltr'>benigna</span> <span class='ocrx_word' id='word_1_701' title='bbox 1425 5412 1521 5458; x_wconf 88' lang='lat' dir='ltr'>est.</span> <span class='ocrx_word' id='word_1_702' title='bbox 1552 5404 1697 5470; x_wconf 89' lang='lat' dir='ltr'>Quid</span> <span class='ocrx_word' id='word_1_703' title='bbox 1757 5422 1892 5478; x_wconf 88' lang='lat' dir='ltr'>ergo</span> <span class='ocrx_word' id='word_1_704' title='bbox 1949 5406 2020 5461; x_wconf 91' lang='lat' dir='ltr'>de</span> 
     </span>
    </p>
   </div>
   <div class='ocr_carea' id='block_1_90' title="bbox 376 5487 2017 5565">
    <p class='ocr_par' dir='ltr' id='par_1_90' title="bbox 376 5487 2017 5565">
     <span class='ocr_line' id='line_1_90' title="bbox 376 5487 2017 5565; baseline 0.005 -24"><span class='ocrx_word' id='word_1_705' title='bbox 376 5487 657 5543; x_wconf 82' lang='lat' dir='ltr'>charitate</span> <span class='ocrx_word' id='word_1_706' title='bbox 688 5488 880 5558; x_wconf 86' lang='lat' dir='ltr'>majus</span> <span class='ocrx_word' id='word_1_707' title='bbox 929 5492 1031 5544; x_wconf 91' lang='lat' dir='ltr'>aut</span> <span class='ocrx_word' id='word_1_708' title='bbox 1062 5490 1301 5547; x_wconf 88' lang='lat' dir='ltr'>uberius</span> <span class='ocrx_word' id='word_1_709' title='bbox 1353 5510 1593 5565; x_wconf 89' lang='lat' dir='ltr'>possum</span> <span class='ocrx_word' id='word_1_710' title='bbox 1646 5492 1854 5563; x_wconf 91' lang='lat' dir='ltr'>dicere,</span> <span class='ocrx_word' id='word_1_711' title='bbox 1884 5498 2017 5561; x_wconf 89' lang='lat' dir='ltr'>etc.,</span> 
     </span>
    </p>
   </div>
   <div class='ocr_carea' id='block_1_91' title="bbox 376 5576 2018 5655">
    <p class='ocr_par' dir='ltr' id='par_1_91' title="bbox 376 5576 2018 5655">
     <span class='ocr_line' id='line_1_91' title="bbox 376 5576 2018 5655; baseline 0.005 -27"><span class='ocrx_word' id='word_1_712' title='bbox 376 5591 543 5645; x_wconf 86' lang='lat' dir='ltr'>usque</span> <span class='ocrx_word' id='word_1_713' title='bbox 565 5576 635 5631; x_wconf 91' lang='lat' dir='ltr'>ad</span> <span class='ocrx_word' id='word_1_714' title='bbox 685 5590 988 5646; x_wconf 85' lang='lat' dir='ltr'>nunquam</span> <span class='ocrx_word' id='word_1_715' title='bbox 1026 5578 1196 5637; x_wconf 81' lang='lat' dir='ltr'>cadit.</span> <span class='ocrx_word' id='word_1_716' title='bbox 1230 5581 1358 5655; x_wconf 89' lang='lat' dir='ltr'>(Id.,</span> <span class='ocrx_word' id='word_1_717' title='bbox 1388 5598 1548 5638; x_wconf 89' lang='lat' dir='ltr'>serm.</span> <span class='ocrx_word' id='word_1_718' title='bbox 1581 5581 1646 5637; x_wconf 88' lang='lat' dir='ltr'>de</span> <span class='ocrx_word' id='word_1_719' title='bbox 1675 5582 1857 5638; x_wconf 86' lang='lat' dir='ltr'>Laude</span> <span class='ocrx_word' id='word_1_720' title='bbox 1885 5582 2018 5637; x_wconf 83' lang='lat' dir='ltr'>cha-</span> 
     </span>
    </p>
   </div>
   <div class='ocr_carea' id='block_1_92' title="bbox 2125 3268 3775 3335">
    <p class='ocr_par' dir='ltr' id='par_1_92' title="bbox 2125 3268 3775 3335">
     <span class='ocr_line' id='line_1_92' title="bbox 2125 3268 3775 3335; baseline -0.001 -10"><span class='ocrx_word' id='word_1_721' title='bbox 2125 3269 2347 3325; x_wconf 89' lang='lat' dir='ltr'>debunt</span> <span class='ocrx_word' id='word_1_722' title='bbox 2376 3269 2562 3326; x_wconf 87' lang='lat' dir='ltr'>sancti</span> <span class='ocrx_word' id='word_1_723' title='bbox 2596 3269 2794 3325; x_wconf 88' lang='lat' dir='ltr'>omnia</span> <span class='ocrx_word' id='word_1_724' title='bbox 2825 3286 2939 3325; x_wconf 90' lang='lat' dir='ltr'>non</span> <span class='ocrx_word' id='word_1_725' title='bbox 2972 3268 3167 3325; x_wconf 83' lang='lat' dir='ltr'>solum</span> <span class='ocrx_word' id='word_1_726' title='bbox 3198 3269 3247 3323; x_wconf 91' lang='lat' dir='ltr'>si</span> <span class='ocrx_word' id='word_1_727' title='bbox 3278 3268 3502 3335; x_wconf 88' lang='lat' dir='ltr'>oculos,</span> <span class='ocrx_word' id='word_1_728' title='bbox 3534 3274 3674 3335; x_wconf 89' lang='lat' dir='ltr'>etc.,</span> <span class='ocrx_word' id='word_1_729' title='bbox 3696 3286 3775 3323; x_wconf 83' lang='lat' dir='ltr'>us-</span> 
     </span>
    </p>
   </div>
   <div class='ocr_carea' id='block_1_93' title="bbox 2123 3357 3769 3431">
    <p class='ocr_par' dir='ltr' id='par_1_93' title="bbox 2123 3357 3769 3431">
     <span class='ocr_line' id='line_1_93' title="bbox 2123 3357 3769 3431; baseline -0.001 -16"><span class='ocrx_word' id='word_1_730' title='bbox 2123 3376 2226 3431; x_wconf 88' lang='lat' dir='ltr'>que</span> <span class='ocrx_word' id='word_1_731' title='bbox 2257 3359 2326 3415; x_wconf 89' lang='lat' dir='ltr'>ad</span> <span class='ocrx_word' id='word_1_732' title='bbox 2356 3376 2471 3414; x_wconf 92' lang='lat' dir='ltr'>non</span> <span class='ocrx_word' id='word_1_733' title='bbox 2504 3364 2644 3415; x_wconf 88' lang='lat' dir='ltr'>erat.</span> <span class='ocrx_word' id='word_1_734' title='bbox 2670 3358 2800 3428; x_wconf 93' lang='lat' dir='ltr'>(Id.,</span> <span class='ocrx_word' id='word_1_735' title='bbox 2823 3359 2919 3415; x_wconf 86' lang='lat' dir='ltr'>lib.</span> <span class='ocrx_word' id='word_1_736' title='bbox 2944 3376 3060 3415; x_wconf 82' lang='lat' dir='ltr'>xxn</span> <span class='ocrx_word' id='word_1_737' title='bbox 3090 3358 3156 3415; x_wconf 88' lang='lat' dir='ltr'>de</span> <span class='ocrx_word' id='word_1_738' title='bbox 3184 3361 3302 3416; x_wconf 88' lang='lat' dir='ltr'>Civ.</span> <span class='ocrx_word' id='word_1_739' title='bbox 3327 3360 3449 3429; x_wconf 89' lang='lat' dir='ltr'>Dei,</span> <span class='ocrx_word' id='word_1_740' title='bbox 3481 3362 3630 3415; x_wconf 87' lang='lat' dir='ltr'>tom.</span> <span class='ocrx_word' id='word_1_741' title='bbox 3653 3357 3769 3425; x_wconf 90' lang='lat' dir='ltr'>VII,</span> 
     </span>
    </p>
   </div>
   <div class='ocr_carea' id='block_1_94' title="bbox 2125 3448 2418 3517">
    <p class='ocr_par' dir='ltr' id='par_1_94' title="bbox 2125 3448 2418 3517">
     <span class='ocr_line' id='line_1_94' title="bbox 2125 3448 2418 3517; baseline 0.003 -14"><span class='ocrx_word' id='word_1_742' title='bbox 2125 3448 2234 3504; x_wconf 93' lang='lat' dir='ltr'>col.</span> <span class='ocrx_word' id='word_1_743' title='bbox 2266 3448 2418 3517; x_wconf 89' lang='grc'>797.)</span> 
     </span>
    </p>
   </div>
   <div class='ocr_carea' id='block_1_95' title="bbox 2193 3535 3771 3610">
    <p class='ocr_par' dir='ltr' id='par_1_95' title="bbox 2193 3535 3771 3610">
     <span class='ocr_line' id='line_1_95' title="bbox 2193 3535 3771 3610; baseline -0.002 -18"><span class='ocrx_word' id='word_1_744' title='bbox 2193 3536 2508 3610; x_wconf 89' lang='lat' dir='ltr'>Apostolus</span> <span class='ocrx_word' id='word_1_745' title='bbox 2551 3536 2694 3592; x_wconf 91' lang='lat' dir='ltr'>dicit</span> <span class='ocrx_word' id='word_1_746' title='bbox 2727 3554 2739 3592; x_wconf 90' lang='lat'><strong>:</strong></span> <span class='ocrx_word' id='word_1_747' title='bbox 2772 3538 2854 3593; x_wconf 84' lang='lat' dir='ltr'>Ex</span> <span class='ocrx_word' id='word_1_748' title='bbox 2892 3540 3057 3610; x_wconf 83' lang='lat' dir='ltr'>parte</span> <span class='ocrx_word' id='word_1_749' title='bbox 3087 3535 3329 3605; x_wconf 89' lang='lat' dir='ltr'>scimus,</span> <span class='ocrx_word' id='word_1_750' title='bbox 3363 3540 3424 3592; x_wconf 93' lang='lat' dir='ltr'>et</span> <span class='ocrx_word' id='word_1_751' title='bbox 3470 3552 3539 3591; x_wconf 84' lang='lat' dir='ltr'>ex</span> <span class='ocrx_word' id='word_1_752' title='bbox 3590 3537 3771 3607; x_wconf 87' lang='lat' dir='ltr'>parte,</span> 
     </span>
    </p>
   </div>
   <div class='ocr_carea' id='block_1_96' title="bbox 2124 3624 3771 3699">
    <p class='ocr_par' dir='ltr' id='par_1_96' title="bbox 2124 3624 3771 3699">
     <span class='ocr_line' id='line_1_96' title="bbox 2124 3624 3771 3699; baseline -0.004 -17"><span class='ocrx_word' id='word_1_753' title='bbox 2124 3629 2258 3692; x_wconf 90' lang='lat' dir='ltr'>etc.,</span> <span class='ocrx_word' id='word_1_754' title='bbox 2288 3642 2459 3699; x_wconf 90' lang='lat' dir='ltr'>usque</span> <span class='ocrx_word' id='word_1_755' title='bbox 2485 3625 2556 3682; x_wconf 85' lang='lat' dir='ltr'>ad</span> <span class='ocrx_word' id='word_1_756' title='bbox 2594 3626 2778 3683; x_wconf 91' lang='lat' dir='ltr'>Deum</span> <span class='ocrx_word' id='word_1_757' title='bbox 2817 3624 3115 3681; x_wconf 90' lang='lat' dir='ltr'>videbunt.</span> <span class='ocrx_word' id='word_1_758' title='bbox 3141 3626 3273 3697; x_wconf 91' lang='lat' dir='ltr'>(Id.,</span> <span class='ocrx_word' id='word_1_759' title='bbox 3302 3642 3465 3682; x_wconf 87' lang='lat' dir='ltr'>serm.</span> <span class='ocrx_word' id='word_1_760' title='bbox 3497 3625 3561 3680; x_wconf 86' lang='lat' dir='ltr'>de</span> <span class='ocrx_word' id='word_1_761' title='bbox 3593 3625 3771 3681; x_wconf 84' lang='lat' dir='ltr'>Nativ.</span> 
     </span>
    </p>
   </div>
   <div class='ocr_carea' id='block_1_97' title="bbox 2121 3713 3482 3788">
    <p class='ocr_par' dir='ltr' id='par_1_97' title="bbox 2121 3713 3482 3788">
     <span class='ocr_line' id='line_1_97' title="bbox 2121 3713 3482 3788; baseline -0.001 -16"><span class='ocrx_word' id='word_1_762' title='bbox 2121 3717 2279 3772; x_wconf 88' lang='lat' dir='ltr'>Joan.</span> <span class='ocrx_word' id='word_1_763' title='bbox 2308 3717 2590 3788; x_wconf 60' lang='lat' dir='ltr'>Baptistae,</span> <span class='ocrx_word' id='word_1_764' title='bbox 2620 3719 2762 3771; x_wconf 91' lang='lat' dir='ltr'>tom.</span> <span class='ocrx_word' id='word_1_765' title='bbox 2796 3714 2864 3783; x_wconf 93' lang='lat' dir='ltr'>V,</span> <span class='ocrx_word' id='word_1_766' title='bbox 2896 3719 3046 3788; x_wconf 89' lang='lat' dir='ltr'>part.</span> <span class='ocrx_word' id='word_1_767' title='bbox 3078 3732 3119 3782; x_wconf 92' lang='grc' dir='ltr'>ι,</span> <span class='ocrx_word' id='word_1_768' title='bbox 3152 3713 3262 3771; x_wconf 93' lang='lat' dir='ltr'>col.</span> <span class='ocrx_word' id='word_1_769' title='bbox 3296 3715 3482 3786; x_wconf 79' lang='lat' dir='ltr'>I307.)</span> 
     </span>
    </p>
   </div>
   <div class='ocr_carea' id='block_1_98' title="bbox 2196 3803 3772 3877">
    <p class='ocr_par' dir='ltr' id='par_1_98' title="bbox 2196 3803 3772 3877">
     <span class='ocr_line' id='line_1_98' title="bbox 2196 3803 3772 3877; baseline -0.003 -17"><span class='ocrx_word' id='word_1_770' title='bbox 2196 3804 2331 3860; x_wconf 88' lang='lat' dir='ltr'>Cum</span> <span class='ocrx_word' id='word_1_771' title='bbox 2357 3821 2526 3861; x_wconf 90' lang='lat' dir='ltr'>essem</span> <span class='ocrx_word' id='word_1_772' title='bbox 2567 3805 2833 3876; x_wconf 83' lang='lat' dir='ltr'>parvulus</span> <span class='ocrx_word' id='word_1_773' title='bbox 2890 3804 3148 3877; x_wconf 84' lang='lat' dir='ltr'>loquebar</span> <span class='ocrx_word' id='word_1_774' title='bbox 3203 3811 3265 3859; x_wconf 90' lang='lat' dir='ltr'>ut</span> <span class='ocrx_word' id='word_1_775' title='bbox 3314 3803 3609 3876; x_wconf 86' lang='lat' dir='ltr'>parvulus,</span> <span class='ocrx_word' id='word_1_776' title='bbox 3644 3807 3772 3867; x_wconf 88' lang='lat' dir='ltr'>etc.,</span> 
     </span>
    </p>
   </div>
   <div class='ocr_carea' id='block_1_99' title="bbox 2124 3890 3774 3965">
    <p class='ocr_par' dir='ltr' id='par_1_99' title="bbox 2124 3890 3774 3965">
     <span class='ocr_line' id='line_1_99' title="bbox 2124 3890 3774 3965; baseline -0.002 -17"><span class='ocrx_word' id='word_1_777' title='bbox 2124 3909 2311 3965; x_wconf 82' lang='lat' dir='ltr'>usque</span> <span class='ocrx_word' id='word_1_778' title='bbox 2332 3893 2403 3947; x_wconf 90' lang='lat' dir='ltr'>ad</span> <span class='ocrx_word' id='word_1_779' title='bbox 2424 3908 2550 3964; x_wconf 61' lang='lat' dir='ltr'>quae</span> <span class='ocrx_word' id='word_1_780' title='bbox 2569 3901 2726 3949; x_wconf 85' lang='lat' dir='ltr'>erant</span> <span class='ocrx_word' id='word_1_781' title='bbox 2750 3893 2995 3965; x_wconf 84' lang='lat' dir='ltr'>parvuli.</span> <span class='ocrx_word' id='word_1_782' title='bbox 3019 3890 3335 3964; x_wconf 82' lang='lat' dir='ltr'>Apostolus</span> <span class='ocrx_word' id='word_1_783' title='bbox 3356 3892 3429 3947; x_wconf 88' lang='lat' dir='ltr'>ad</span> <span class='ocrx_word' id='word_1_784' title='bbox 3452 3891 3552 3947; x_wconf 90' lang='lat' dir='ltr'>illa</span> <span class='ocrx_word' id='word_1_785' title='bbox 3580 3890 3774 3946; x_wconf 80' lang='lat' dir='ltr'>inell‘a-</span> 
     </span>
    </p>
   </div>
   <div class='ocr_carea' id='block_1_100' title="bbox 2123 3977 3771 4054">
    <p class='ocr_par' dir='ltr' id='par_1_100' title="bbox 2123 3977 3771 4054">
     <span class='ocr_line' id='line_1_100' title="bbox 2123 3977 3771 4054; baseline -0.002 -18"><span class='ocrx_word' id='word_1_786' title='bbox 2123 3981 2282 4047; x_wconf 90' lang='lat' dir='ltr'>bilia,</span> <span class='ocrx_word' id='word_1_787' title='bbox 2310 3980 2713 4054; x_wconf 87' lang='lat' dir='ltr'>qualecunque</span> <span class='ocrx_word' id='word_1_788' title='bbox 2745 3981 3033 4036; x_wconf 86' lang='lat' dir='ltr'>adhibens</span> <span class='ocrx_word' id='word_1_789' title='bbox 3053 3981 3125 4036; x_wconf 89' lang='lat' dir='ltr'>de</span> <span class='ocrx_word' id='word_1_790' title='bbox 3150 3981 3325 4049; x_wconf 89' lang='lat' dir='ltr'>notis,</span> <span class='ocrx_word' id='word_1_791' title='bbox 3351 3985 3486 4047; x_wconf 89' lang='lat' dir='ltr'>etc.,</span> <span class='ocrx_word' id='word_1_792' title='bbox 3507 3997 3683 4052; x_wconf 82' lang='lat' dir='ltr'>usque</span> <span class='ocrx_word' id='word_1_793' title='bbox 3710 3977 3771 4033; x_wconf 85' lang='lat' dir='ltr'>ad</span> 
     </span>
    </p>
   </div>
   <div class='ocr_carea' id='block_1_101' title="bbox 2125 4069 3767 4143">
    <p class='ocr_par' dir='ltr' id='par_1_101' title="bbox 2125 4069 3767 4143">
     <span class='ocr_line' id='line_1_101' title="bbox 2125 4069 3767 4143; baseline -0.002 -17"><span class='ocrx_word' id='word_1_794' title='bbox 2125 4072 2393 4143; x_wconf 88' lang='lat' dir='ltr'>cognitus</span> <span class='ocrx_word' id='word_1_795' title='bbox 2418 4087 2572 4126; x_wconf 88' lang='lat' dir='ltr'>sum.</span> <span class='ocrx_word' id='word_1_796' title='bbox 2600 4070 2731 4139; x_wconf 92' lang='lat' dir='ltr'>(Id.,</span> <span class='ocrx_word' id='word_1_797' title='bbox 2757 4071 2855 4125; x_wconf 88' lang='lat' dir='ltr'>lib.</span> <span class='ocrx_word' id='word_1_798' title='bbox 2887 4070 2952 4125; x_wconf 87' lang='lat' dir='ltr'>de</span> <span class='ocrx_word' id='word_1_799' title='bbox 2980 4070 3126 4142; x_wconf 90' lang='lat' dir='ltr'>Spir.</span> <span class='ocrx_word' id='word_1_800' title='bbox 3155 4077 3207 4125; x_wconf 89' lang='lat' dir='ltr'>et</span> <span class='ocrx_word' id='word_1_801' title='bbox 3237 4071 3431 4137; x_wconf 65' lang='lat' dir='ltr'>litten,</span> <span class='ocrx_word' id='word_1_802' title='bbox 3462 4070 3549 4125; x_wconf 87' lang='lat' dir='ltr'>vel</span> <span class='ocrx_word' id='word_1_803' title='bbox 3577 4084 3651 4125; x_wconf 71' lang='lat' dir='ltr'>ex</span> <span class='ocrx_word' id='word_1_804' title='bbox 3678 4069 3767 4124; x_wconf 87' lang='lat' dir='ltr'>lib.</span> 
     </span>
    </p>
   </div>
   <div class='ocr_carea' id='block_1_102' title="bbox 2124 4157 3383 4231">
    <p class='ocr_par' dir='ltr' id='par_1_102' title="bbox 2124 4157 3383 4231">
     <span class='ocr_line' id='line_1_102' title="bbox 2124 4157 3383 4231; baseline -0.001 -17"><span class='ocrx_word' id='word_1_805' title='bbox 2124 4176 2165 4214; x_wconf 87' lang='grc' dir='ltr'>ιι</span> <span class='ocrx_word' id='word_1_806' title='bbox 2193 4159 2258 4214; x_wconf 85' lang='lat' dir='ltr'>de</span> <span class='ocrx_word' id='word_1_807' title='bbox 2290 4160 2520 4231; x_wconf 87' lang='lat' dir='ltr'>Baptis.,</span> <span class='ocrx_word' id='word_1_808' title='bbox 2552 4162 2695 4214; x_wconf 83' lang='lat' dir='ltr'>tom.</span> <span class='ocrx_word' id='word_1_809' title='bbox 2728 4163 2797 4227; x_wconf 88' lang='grc' dir='ltr'>Χ,</span> <span class='ocrx_word' id='word_1_810' title='bbox 2832 4162 2983 4231; x_wconf 85' lang='lat' dir='ltr'>part.</span> <span class='ocrx_word' id='word_1_811' title='bbox 3017 4176 3056 4225; x_wconf 91' lang='grc' dir='ltr'>ι,</span> <span class='ocrx_word' id='word_1_812' title='bbox 3090 4157 3199 4213; x_wconf 89' lang='lat' dir='ltr'>col.</span> <span class='ocrx_word' id='word_1_813' title='bbox 3231 4159 3383 4229; x_wconf 88' lang='lat'>223.)</span> 
     </span>
    </p>
   </div>
   <div class='ocr_carea' id='block_1_103' title="bbox 2198 4244 3767 4310">
    <p class='ocr_par' dir='ltr' id='par_1_103' title="bbox 2198 4244 3767 4310">
     <span class='ocr_line' id='line_1_103' title="bbox 2198 4244 3767 4310; baseline -0.003 -8"><span class='ocrx_word' id='word_1_814' title='bbox 2198 4246 2502 4302; x_wconf 80' lang='lat' dir='ltr'>Mirificata</span> <span class='ocrx_word' id='word_1_815' title='bbox 2531 4251 2619 4302; x_wconf 90' lang='lat' dir='ltr'>est</span> <span class='ocrx_word' id='word_1_816' title='bbox 2649 4246 2894 4302; x_wconf 87' lang='lat' dir='ltr'>scientia</span> <span class='ocrx_word' id='word_1_817' title='bbox 2917 4250 3020 4302; x_wconf 90' lang='lat' dir='ltr'>tua</span> <span class='ocrx_word' id='word_1_818' title='bbox 3049 4262 3118 4301; x_wconf 85' lang='lat' dir='ltr'>ex</span> <span class='ocrx_word' id='word_1_819' title='bbox 3147 4262 3261 4301; x_wconf 88' lang='lat' dir='ltr'>me.</span> <span class='ocrx_word' id='word_1_820' title='bbox 3286 4244 3559 4310; x_wconf 88' lang='lat' dir='ltr'>lnvaluit,</span> <span class='ocrx_word' id='word_1_821' title='bbox 3581 4248 3641 4301; x_wconf 88' lang='lat' dir='ltr'>et</span> <span class='ocrx_word' id='word_1_822' title='bbox 3663 4260 3767 4299; x_wconf 90' lang='lat' dir='ltr'>non</span> 
     </span>
    </p>
   </div>
   <div class='ocr_carea' id='block_1_104' title="bbox 2125 4332 3765 4408">
    <p class='ocr_par' dir='ltr' id='par_1_104' title="bbox 2125 4332 3765 4408">
     <span class='ocr_line' id='line_1_104' title="bbox 2125 4332 3765 4408; baseline -0.004 -18"><span class='ocrx_word' id='word_1_823' title='bbox 2125 4339 2322 4408; x_wconf 88' lang='lat' dir='ltr'>potero</span> <span class='ocrx_word' id='word_1_824' title='bbox 2347 4334 2416 4390; x_wconf 89' lang='lat' dir='ltr'>ad</span> <span class='ocrx_word' id='word_1_825' title='bbox 2440 4334 2621 4390; x_wconf 91' lang='lat' dir='ltr'>illam.</span> <span class='ocrx_word' id='word_1_826' title='bbox 2643 4336 2723 4390; x_wconf 88' lang='lat' dir='ltr'>Ex</span> <span class='ocrx_word' id='word_1_827' title='bbox 2752 4351 2846 4390; x_wconf 88' lang='lat' dir='ltr'>me</span> <span class='ocrx_word' id='word_1_828' title='bbox 2872 4333 3089 4406; x_wconf 89' lang='lat' dir='ltr'>quippe</span> <span class='ocrx_word' id='word_1_829' title='bbox 3119 4332 3384 4405; x_wconf 88' lang='lat' dir='ltr'>intelligo</span> <span class='ocrx_word' id='word_1_830' title='bbox 3418 4350 3619 4405; x_wconf 88' lang='lat' dir='ltr'>quam,</span> <span class='ocrx_word' id='word_1_831' title='bbox 3643 4336 3765 4397; x_wconf 88' lang='lat' dir='ltr'>etc.,</span> 
     </span>
    </p>
   </div>
   <div class='ocr_carea' id='block_1_105' title="bbox 2124 4422 3764 4495">
    <p class='ocr_par' dir='ltr' id='par_1_105' title="bbox 2124 4422 3764 4495">
     <span class='ocr_line' id='line_1_105' title="bbox 2124 4422 3764 4495; baseline -0.002 -16"><span class='ocrx_word' id='word_1_832' title='bbox 2124 4440 2291 4495; x_wconf 84' lang='lat' dir='ltr'>usque</span> <span class='ocrx_word' id='word_1_833' title='bbox 2321 4423 2391 4478; x_wconf 85' lang='lat' dir='ltr'>ad</span> <span class='ocrx_word' id='word_1_834' title='bbox 2422 4422 2672 4479; x_wconf 85' lang='lat' dir='ltr'>facilitas</span> <span class='ocrx_word' id='word_1_835' title='bbox 2701 4422 2962 4479; x_wconf 89' lang='lat' dir='ltr'>visionis.</span> <span class='ocrx_word' id='word_1_836' title='bbox 2987 4423 3120 4492; x_wconf 81' lang='lat' dir='ltr'>(Id.,</span> <span class='ocrx_word' id='word_1_837' title='bbox 3154 4424 3252 4479; x_wconf 86' lang='lat' dir='ltr'>lib.</span> <span class='ocrx_word' id='word_1_838' title='bbox 3276 4422 3342 4478; x_wconf 88' lang='lat' dir='ltr'>de</span> <span class='ocrx_word' id='word_1_839' title='bbox 3378 4423 3655 4478; x_wconf 84' lang='lat' dir='ltr'>Trinitate</span> <span class='ocrx_word' id='word_1_840' title='bbox 3678 4437 3764 4486; x_wconf 87' lang='lat' dir='ltr'>xv,</span> 
     </span>
    </p>
   </div>
   <div class='ocr_carea' id='block_1_106' title="bbox 2046 4511 3024 4597">
    <p class='ocr_par' dir='ltr' id='par_1_106' title="bbox 2046 4511 3024 4597">
     <span class='ocr_line' id='line_1_106' title="bbox 2046 4511 3024 4597; baseline 0 -30"><span class='ocrx_word' id='word_1_841' title='bbox 2046 4532 2093 4597; x_wconf 68' lang='grc' dir='ltr'>Ι)</span> <span class='ocrx_word' id='word_1_842' title='bbox 2124 4516 2268 4567; x_wconf 91' lang='lat' dir='ltr'>tom.</span> <span class='ocrx_word' id='word_1_843' title='bbox 2293 4512 2447 4579; x_wconf 89' lang='lat' dir='ltr'>VIII,</span> <span class='ocrx_word' id='word_1_844' title='bbox 2480 4511 2588 4568; x_wconf 93' lang='lat' dir='ltr'>col.</span> <span class='ocrx_word' id='word_1_845' title='bbox 2624 4512 2763 4568; x_wconf 77' lang='grc'>4067</span> <span class='ocrx_word' id='word_1_846' title='bbox 2791 4516 2849 4567; x_wconf 88' lang='lat' dir='ltr'>et</span> <span class='ocrx_word' id='word_1_847' title='bbox 2877 4512 3024 4584; x_wconf 90' lang='lat' dir='ltr'>seq.)</span> 
     </span>
    </p>
   </div>
   <div class='ocr_carea' id='block_1_107' title="bbox 2197 4598 3763 4674">
    <p class='ocr_par' dir='ltr' id='par_1_107' title="bbox 2197 4598 3763 4674">
     <span class='ocr_line' id='line_1_107' title="bbox 2197 4598 3763 4674; baseline -0.003 -18"><span class='ocrx_word' id='word_1_848' title='bbox 2197 4600 2335 4656; x_wconf 87' lang='lat' dir='ltr'>Dico</span> <span class='ocrx_word' id='word_1_849' title='bbox 2383 4601 2539 4656; x_wconf 90' lang='lat' dir='ltr'>enim</span> <span class='ocrx_word' id='word_1_850' title='bbox 2585 4601 2750 4657; x_wconf 89' lang='lat' dir='ltr'>vobis</span> <span class='ocrx_word' id='word_1_851' title='bbox 2788 4603 2944 4673; x_wconf 91' lang='lat' dir='ltr'>quod</span> <span class='ocrx_word' id='word_1_852' title='bbox 2978 4599 3171 4674; x_wconf 88' lang='lat' dir='ltr'>angeli</span> <span class='ocrx_word' id='word_1_853' title='bbox 3201 4616 3402 4656; x_wconf 90' lang='lat' dir='ltr'>eorum</span> <span class='ocrx_word' id='word_1_854' title='bbox 3445 4616 3678 4672; x_wconf 85' lang='lat' dir='ltr'>semper</span> <span class='ocrx_word' id='word_1_855' title='bbox 3710 4598 3763 4652; x_wconf 92' lang='lat' dir='ltr'>in</span> 
     </span>
    </p>
   </div>
   <div class='ocr_carea' id='block_1_108' title="bbox 2126 4687 3764 4762">
    <p class='ocr_par' dir='ltr' id='par_1_108' title="bbox 2126 4687 3764 4762">
     <span class='ocr_line' id='line_1_108' title="bbox 2126 4687 3764 4762; baseline -0.003 -17"><span class='ocrx_word' id='word_1_856' title='bbox 2126 4688 2288 4746; x_wconf 68' lang='lat' dir='ltr'>oculis</span> <span class='ocrx_word' id='word_1_857' title='bbox 2306 4690 2521 4758; x_wconf 90' lang='lat' dir='ltr'>vident,</span> <span class='ocrx_word' id='word_1_858' title='bbox 2546 4694 2682 4759; x_wconf 91' lang='lat' dir='ltr'>etc.,</span> <span class='ocrx_word' id='word_1_859' title='bbox 2704 4706 2875 4762; x_wconf 87' lang='lat' dir='ltr'>usque</span> <span class='ocrx_word' id='word_1_860' title='bbox 2897 4689 2967 4746; x_wconf 85' lang='lat' dir='ltr'>ad</span> <span class='ocrx_word' id='word_1_861' title='bbox 2988 4688 3219 4745; x_wconf 90' lang='lat' dir='ltr'>Domini</span> <span class='ocrx_word' id='word_1_862' title='bbox 3251 4687 3486 4761; x_wconf 88' lang='lat' dir='ltr'>spiritu.</span> <span class='ocrx_word' id='word_1_863' title='bbox 3520 4688 3651 4761; x_wconf 90' lang='lat' dir='ltr'>(Id.,</span> <span class='ocrx_word' id='word_1_864' title='bbox 3674 4688 3764 4742; x_wconf 81' lang='lat' dir='ltr'>tib.</span> 
     </span>
    </p>
   </div>
   <div class='ocr_carea' id='block_1_109' title="bbox 2125 4778 3519 4851">
    <p class='ocr_par' dir='ltr' id='par_1_109' title="bbox 2125 4778 3519 4851">
     <span class='ocr_line' id='line_1_109' title="bbox 2125 4778 3519 4851; baseline 0.001 -18"><span class='ocrx_word' id='word_1_865' title='bbox 2125 4794 2242 4833; x_wconf 83' lang='lat' dir='ltr'>xxu</span> <span class='ocrx_word' id='word_1_866' title='bbox 2271 4778 2336 4834; x_wconf 84' lang='lat' dir='ltr'>de</span> <span class='ocrx_word' id='word_1_867' title='bbox 2364 4782 2480 4835; x_wconf 88' lang='lat' dir='ltr'>Civ.</span> <span class='ocrx_word' id='word_1_868' title='bbox 2516 4782 2641 4846; x_wconf 86' lang='lat' dir='ltr'>Dei,</span> <span class='ocrx_word' id='word_1_869' title='bbox 2674 4783 2816 4835; x_wconf 89' lang='lat' dir='ltr'>tom.</span> <span class='ocrx_word' id='word_1_870' title='bbox 2847 4778 2972 4851; x_wconf 89' lang='lat' dir='ltr'>VII,</span> <span class='ocrx_word' id='word_1_871' title='bbox 3005 4778 3114 4835; x_wconf 91' lang='lat' dir='ltr'>col.</span> <span class='ocrx_word' id='word_1_872' title='bbox 3145 4778 3255 4833; x_wconf 86' lang='lat'>797</span> <span class='ocrx_word' id='word_1_873' title='bbox 3283 4781 3340 4834; x_wconf 88' lang='lat' dir='ltr'>et</span> <span class='ocrx_word' id='word_1_874' title='bbox 3370 4779 3519 4850; x_wconf 90' lang='lat' dir='ltr'>seq.)</span> 
     </span>
    </p>
   </div>
   <div class='ocr_carea' id='block_1_110' title="bbox 2196 4866 3769 4940">
    <p class='ocr_par' dir='ltr' id='par_1_110' title="bbox 2196 4866 3769 4940">
     <span class='ocr_line' id='line_1_110' title="bbox 2196 4866 3769 4940; baseline -0.002 -18"><span class='ocrx_word' id='word_1_875' title='bbox 2196 4867 2451 4924; x_wconf 83' lang='lat' dir='ltr'>Veritate</span> <span class='ocrx_word' id='word_1_876' title='bbox 2496 4868 2697 4939; x_wconf 91' lang='lat' dir='ltr'>itaque</span> <span class='ocrx_word' id='word_1_877' title='bbox 2743 4868 3133 4940; x_wconf 86' lang='lat' dir='ltr'>perfruentur,</span> <span class='ocrx_word' id='word_1_878' title='bbox 3167 4884 3303 4923; x_wconf 92' lang='lat' dir='ltr'>cum</span> <span class='ocrx_word' id='word_1_879' title='bbox 3347 4866 3670 4923; x_wconf 85' lang='lat' dir='ltr'>viderimus</span> <span class='ocrx_word' id='word_1_880' title='bbox 3698 4866 3769 4920; x_wconf 82' lang='lat' dir='ltr'>fa-</span> 
     </span>
    </p>
   </div>
   <div class='ocr_carea' id='block_1_111' title="bbox 2128 4954 3768 5029">
    <p class='ocr_par' dir='ltr' id='par_1_111' title="bbox 2128 4954 3768 5029">
     <span class='ocr_line' id='line_1_111' title="bbox 2128 4954 3768 5029; baseline -0.002 -17"><span class='ocrx_word' id='word_1_881' title='bbox 2128 4955 2233 5025; x_wconf 91' lang='lat' dir='ltr'>cie,</span> <span class='ocrx_word' id='word_1_882' title='bbox 2280 4962 2413 5025; x_wconf 90' lang='lat' dir='ltr'>etc.,</span> <span class='ocrx_word' id='word_1_883' title='bbox 2458 4973 2627 5029; x_wconf 86' lang='lat' dir='ltr'>usque</span> <span class='ocrx_word' id='word_1_884' title='bbox 2681 4957 2752 5012; x_wconf 90' lang='lat' dir='ltr'>ad</span> <span class='ocrx_word' id='word_1_885' title='bbox 2804 4973 3065 5029; x_wconf 89' lang='lat' dir='ltr'>sequere.</span> <span class='ocrx_word' id='word_1_886' title='bbox 3100 4957 3180 5027; x_wconf 91' lang='lat' dir='ltr'>(S.</span> <span class='ocrx_word' id='word_1_887' title='bbox 3212 4958 3387 5027; x_wconf 84' lang='lat' dir='ltr'>Aug.,</span> <span class='ocrx_word' id='word_1_888' title='bbox 3418 4972 3490 5011; x_wconf 70' lang='lat' dir='ltr'>ea:</span> <span class='ocrx_word' id='word_1_889' title='bbox 3545 4954 3768 5010; x_wconf 77' lang='lat' dir='ltr'>tractatu</span> 
     </span>
    </p>
   </div>
   <div class='ocr_carea' id='block_1_112' title="bbox 2127 5043 3699 5118">
    <p class='ocr_par' dir='ltr' id='par_1_112' title="bbox 2127 5043 3699 5118">
     <span class='ocr_line' id='line_1_112' title="bbox 2127 5043 3699 5118; baseline -0.004 -16"><span class='ocrx_word' id='word_1_890' title='bbox 2127 5047 2331 5118; x_wconf 86' lang='lat' dir='ltr'>Evang.</span> <span class='ocrx_word' id='word_1_891' title='bbox 2362 5062 2466 5102; x_wconf 89' lang='lat' dir='ltr'>sec.</span> <span class='ocrx_word' id='word_1_892' title='bbox 2497 5048 2679 5112; x_wconf 85' lang='lat' dir='ltr'>Joan.,</span> <span class='ocrx_word' id='word_1_893' title='bbox 2702 5047 2791 5112; x_wconf 81' lang='grc'>34,</span> <span class='ocrx_word' id='word_1_894' title='bbox 2825 5050 2969 5102; x_wconf 90' lang='lat' dir='ltr'>tom.</span> <span class='ocrx_word' id='word_1_895' title='bbox 2994 5045 3087 5114; x_wconf 92' lang='grc' dir='ltr'>ΙΙΙ,</span> <span class='ocrx_word' id='word_1_896' title='bbox 3112 5047 3261 5117; x_wconf 90' lang='lat' dir='ltr'>part.</span> <span class='ocrx_word' id='word_1_897' title='bbox 3295 5062 3352 5100; x_wconf 89' lang='grc' dir='ltr'>ιι.</span> <span class='ocrx_word' id='word_1_898' title='bbox 3379 5043 3489 5100; x_wconf 90' lang='lat' dir='ltr'>col.</span> <span class='ocrx_word' id='word_1_899' title='bbox 3523 5043 3699 5113; x_wconf 86' lang='lat'>1656.)</span> 
     </span>
    </p>
   </div>
   <div class='ocr_carea' id='block_1_113' title="bbox 2199 5129 3765 5209">
    <p class='ocr_par' dir='ltr' id='par_1_113' title="bbox 2199 5129 3765 5209">
     <span class='ocr_line' id='line_1_113' title="bbox 2199 5129 3765 5209; baseline -0.004 -19"><span class='ocrx_word' id='word_1_900' title='bbox 2199 5134 2544 5209; x_wconf 87' lang='lat' dir='ltr'>Unigenitus</span> <span class='ocrx_word' id='word_1_901' title='bbox 2568 5134 2750 5192; x_wconf 86' lang='lat' dir='ltr'>Filius</span> <span class='ocrx_word' id='word_1_902' title='bbox 2778 5135 3051 5208; x_wconf 89' lang='lat' dir='ltr'>idemque</span> <span class='ocrx_word' id='word_1_903' title='bbox 3073 5134 3360 5190; x_wconf 88' lang='lat' dir='ltr'>mediator</span> <span class='ocrx_word' id='word_1_904' title='bbox 3384 5133 3485 5189; x_wconf 89' lang='lat' dir='ltr'>Dei</span> <span class='ocrx_word' id='word_1_905' title='bbox 3509 5138 3568 5189; x_wconf 87' lang='lat' dir='ltr'>et</span> <span class='ocrx_word' id='word_1_906' title='bbox 3593 5129 3765 5187; x_wconf 87' lang='lat' dir='ltr'>homi-</span> 
     </span>
    </p>
   </div>
   <div class='ocr_carea' id='block_1_114' title="bbox 2128 5220 3761 5297">
    <p class='ocr_par' dir='ltr' id='par_1_114' title="bbox 2128 5220 3761 5297">
     <span class='ocr_line' id='line_1_114' title="bbox 2128 5220 3761 5297; baseline -0.004 -18"><span class='ocrx_word' id='word_1_907' title='bbox 2128 5241 2292 5293; x_wconf 91' lang='lat' dir='ltr'>num,</span> <span class='ocrx_word' id='word_1_908' title='bbox 2327 5229 2459 5293; x_wconf 89' lang='lat' dir='ltr'>etc.,</span> <span class='ocrx_word' id='word_1_909' title='bbox 2481 5241 2649 5297; x_wconf 86' lang='lat' dir='ltr'>usque</span> <span class='ocrx_word' id='word_1_910' title='bbox 2677 5224 2747 5280; x_wconf 86' lang='lat' dir='ltr'>ad</span> <span class='ocrx_word' id='word_1_911' title='bbox 2777 5223 2950 5280; x_wconf 91' lang='lat' dir='ltr'>sicuti</span> <span class='ocrx_word' id='word_1_912' title='bbox 2993 5227 3102 5280; x_wconf 88' lang='lat' dir='ltr'>est.</span> <span class='ocrx_word' id='word_1_913' title='bbox 3127 5223 3260 5295; x_wconf 89' lang='lat' dir='ltr'>(Id.,</span> <span class='ocrx_word' id='word_1_914' title='bbox 3291 5225 3448 5295; x_wconf 88' lang='lat' dir='ltr'>epist.</span> <span class='ocrx_word' id='word_1_915' title='bbox 3483 5222 3553 5279; x_wconf 87' lang='lat' dir='ltr'>ad</span> <span class='ocrx_word' id='word_1_916' title='bbox 3581 5220 3761 5276; x_wconf 85' lang='lat' dir='ltr'>Pauli-</span> 
     </span>
    </p>
   </div>
   <div class='ocr_carea' id='block_1_115' title="bbox 2127 5311 2886 5381">
    <p class='ocr_par' dir='ltr' id='par_1_115' title="bbox 2127 5311 2886 5381">
     <span class='ocr_line' id='line_1_115' title="bbox 2127 5311 2886 5381; baseline 0.005 -16"><span class='ocrx_word' id='word_1_917' title='bbox 2127 5327 2281 5380; x_wconf 88' lang='lat' dir='ltr'>num,</span> <span class='ocrx_word' id='word_1_918' title='bbox 2312 5316 2454 5367; x_wconf 86' lang='lat' dir='ltr'>tom.</span> <span class='ocrx_word' id='word_1_919' title='bbox 2490 5312 2557 5371; x_wconf 93' lang='lat' dir='ltr'>II.</span> <span class='ocrx_word' id='word_1_920' title='bbox 2591 5311 2700 5368; x_wconf 92' lang='lat' dir='ltr'>col.</span> <span class='ocrx_word' id='word_1_921' title='bbox 2733 5314 2886 5381; x_wconf 87' lang='lat'>620.)</span> 
     </span>
    </p>
   </div>
   <div class='ocr_carea' id='block_1_116' title="bbox 2198 5398 3758 5473">
    <p class='ocr_par' dir='ltr' id='par_1_116' title="bbox 2198 5398 3758 5473">
     <span class='ocr_line' id='line_1_116' title="bbox 2198 5398 3758 5473; baseline -0.004 -16"><span class='ocrx_word' id='word_1_922' title='bbox 2198 5403 2263 5457; x_wconf 88' lang='lat' dir='ltr'>Et</span> <span class='ocrx_word' id='word_1_923' title='bbox 2297 5401 2343 5456; x_wconf 91' lang='lat' dir='ltr'>si</span> <span class='ocrx_word' id='word_1_924' title='bbox 2368 5402 2618 5457; x_wconf 83' lang='lat' dir='ltr'>exterior</span> <span class='ocrx_word' id='word_1_925' title='bbox 2639 5401 2812 5457; x_wconf 91' lang='lat' dir='ltr'>homo</span> <span class='ocrx_word' id='word_1_926' title='bbox 2857 5404 3056 5457; x_wconf 89' lang='lat' dir='ltr'>noster</span> <span class='ocrx_word' id='word_1_927' title='bbox 3092 5400 3510 5473; x_wconf 89' lang='lat' dir='ltr'>corrumpitur,</span> <span class='ocrx_word' id='word_1_928' title='bbox 3536 5398 3758 5454; x_wconf 87' lang='lat' dir='ltr'>interior</span> 
     </span>
    </p>
   </div>
   <div class='ocr_carea' id='block_1_117' title="bbox 2130 5484 3754 5558">
    <p class='ocr_par' dir='ltr' id='par_1_117' title="bbox 2130 5484 3754 5558">
     <span class='ocr_line' id='line_1_117' title="bbox 2130 5484 3754 5558; baseline -0.005 -13"><span class='ocrx_word' id='word_1_929' title='bbox 2130 5494 2325 5545; x_wconf 84' lang='lat' dir='ltr'>tamen</span> <span class='ocrx_word' id='word_1_930' title='bbox 2358 5495 2669 5546; x_wconf 87' lang='lat' dir='ltr'>renovatur</span> <span class='ocrx_word' id='word_1_931' title='bbox 2690 5491 2760 5545; x_wconf 89' lang='lat' dir='ltr'>de</span> <span class='ocrx_word' id='word_1_932' title='bbox 2784 5490 2879 5545; x_wconf 91' lang='lat' dir='ltr'>die</span> <span class='ocrx_word' id='word_1_933' title='bbox 2908 5490 2965 5544; x_wconf 92' lang='lat' dir='ltr'>in</span> <span class='ocrx_word' id='word_1_934' title='bbox 2998 5489 3174 5558; x_wconf 89' lang='lat' dir='ltr'>diem,</span> <span class='ocrx_word' id='word_1_935' title='bbox 3198 5490 3278 5544; x_wconf 91' lang='lat' dir='ltr'>ita</span> <span class='ocrx_word' id='word_1_936' title='bbox 3307 5505 3449 5545; x_wconf 88' lang='lat' dir='ltr'>sane</span> <span class='ocrx_word' id='word_1_937' title='bbox 3480 5492 3544 5544; x_wconf 92' lang='lat' dir='ltr'>ut</span> <span class='ocrx_word' id='word_1_938' title='bbox 3574 5488 3626 5542; x_wconf 90' lang='lat' dir='ltr'>in</span> <span class='ocrx_word' id='word_1_939' title='bbox 3658 5484 3754 5539; x_wconf 86' lang='lat' dir='ltr'>hac</span> 
     </span>
    </p>
   </div>
   <div class='ocr_carea' id='block_1_118' title="bbox 2126 5574 3750 5651">
    <p class='ocr_par' dir='ltr' id='par_1_118' title="bbox 2126 5574 3750 5651">
     <span class='ocr_line' id='line_1_118' title="bbox 2126 5574 3750 5651; baseline -0.006 -16"><span class='ocrx_word' id='word_1_940' title='bbox 2126 5581 2266 5645; x_wconf 88' lang='lat' dir='ltr'>vita,</span> <span class='ocrx_word' id='word_1_941' title='bbox 2298 5583 2430 5648; x_wconf 88' lang='lat' dir='ltr'>etc.,</span> <span class='ocrx_word' id='word_1_942' title='bbox 2464 5595 2635 5651; x_wconf 88' lang='lat' dir='ltr'>usque</span> <span class='ocrx_word' id='word_1_943' title='bbox 2680 5578 2750 5634; x_wconf 89' lang='lat' dir='ltr'>ad</span> <span class='ocrx_word' id='word_1_944' title='bbox 2788 5578 3044 5651; x_wconf 85' lang='lat' dir='ltr'>positum</span> <span class='ocrx_word' id='word_1_945' title='bbox 3076 5581 3194 5647; x_wconf 87' lang='lat' dir='ltr'>est;</span> <span class='ocrx_word' id='word_1_946' title='bbox 3227 5578 3371 5635; x_wconf 82' lang='lat' dir='ltr'>facie</span> <span class='ocrx_word' id='word_1_947' title='bbox 3420 5577 3495 5634; x_wconf 91' lang='lat' dir='ltr'>ad</span> <span class='ocrx_word' id='word_1_948' title='bbox 3544 5574 3750 5633; x_wconf 85' lang='lat' dir='ltr'>faciem.</span> 
     </span>
    </p>
   </div>
  </div>
