3856 6200
160 382 297 453 345

975 379 1391 442 EXPOSITIO
1437 380 1513 440 IN
1560 379 1731 439 EPP.
1781 378 2143 442 PAULL—
2174 379 2292 439 EP.
2341 376 2391 438 Ι.
2443 378 2545 438 AD
2589 376 2761 438 COR.

3467 367 3590 434 348

183 511 309 580 (Id.,
339 512 492 585 epist.
526 509 599 566 ad
645 510 914 579 Italicam,
963 514 1105 566 tom.
1138 514 1214 577 II,
1263 509 1371 567 col.
1421 510 1526 566 319
1574 514 1630 567 et
1675 511 1821 584 seq.)
1852 508 1909 578 Α
2004 510 2318 583 Apostolus
2342 509 2503 565 dicit.
2536 508 2726 565 Nolite
2755 505 2919 581 pueri
2964 503 3117 563 efﬁci
3160 503 3479 562 mentibus.
3513 504 3586 562 Et

250 602 561 659 Perfectam
594 599 989 673 cognitionem
1021 599 1122 655 Dei
1153 600 1284 669 (hoc
1315 604 1423 671 est,
1447 617 1566 672 qua
1594 599 1820 655 homini

185 693 360 764 major
387 706 514 745 esse
545 706 661 744 non
694 690 901 762 possit)
932 688 993 743 in
1026 689 1221 744 futura
1240 688 1357 743 vita
1378 693 1573 761 sperat
1596 693 1823 760 aposto-

183 780 286 849 lus,
319 796 443 852 quas
474 777 599 833 sola
628 778 798 834 beata
825 777 945 833 vita
968 778 1214 833 dicenda
1246 783 1353 846 est,
1388 778 1485 833 ubi
1518 782 1575 833 et
1606 795 1819 850 corpus

183 867 612 940 incorruptibile
650 871 827 941 atque
873 865 1205 922 immortale
1248 867 1481 939 spiritui
1531 884 1659 935 suo,
1694 867 1820 923 sine

182 958 293 1015 ulla
319 956 623 1024 modestia,
657 956 748 1012 vel
779 956 1154 1013 reluctatione
1181 956 1481 1011 subdetur.
1516 956 1641 1011 Non
1682 956 1821 1028 quia

179 1047 235 1103 in
264 1046 367 1102 hac
398 1046 535 1113 vita,
565 1049 698 1111 etc.,
732 1062 901 1117 usque
930 1044 999 1101 ad
1024 1044 1296 1117 cupimus
1333 1045 1648 1117 pervenire.
1686 1046 1813 1117 (Id.,

179 1138 269 1191 lib.
301 1136 468 1200 Retr.,
502 1139 645 1189 tom.
680 1138 722 1201 I,
754 1133 864 1189 col.
898 1134 1069 1205 606.).

239 1224 397 1291 Quod
429 1222 713 1279 Dominus
744 1226 941 1279 noster
968 1222 1141 1279 Jesus
1166 1221 1433 1278 Christus
1460 1239 1689 1278 sorores
1716 1223 1818 1279 La-

174 1313 280 1369 zari
315 1314 654 1385 interrogat,
687 1316 823 1375 etc.,
853 1328 1022 1384 usque
1051 1312 1120 1367 ad
1160 1312 1303 1367 dicit
1322 1310 1653 1384 Apostolus.
1683 1313 1812 1385 (Id.,

173 1402 263 1458 lib.
296 1418 507 1456 Lxxxui
540 1404 774 1474 Quaest,
808 1405 949 1456 tom.
983 1401 1078 1468 VI,
1110 1400 1220 1456 col.
1252 1400 1367 1473 59.)

233 1490 389 1545 Nunc
416 1498 601 1545 autem
628 1498 853 1545 manent
879 1489 1031 1561 ﬁdes,
1061 1506 1201 1561 spes,
1233 1491 1491 1555 Charitas,
1525 1491 1635 1546 tria
1674 1492 1810 1559 haec,

172 1580 341 1650 major
369 1587 553 1635 autem
582 1579 667 1634 his
695 1587 773 1635 est
802 1580 1060 1634 Charitas.
1094 1578 1231 1634 Tria
1260 1578 1382 1633 haec
1418 1584 1557 1634 sunt
1597 1580 1815 1651 quibus

171 1672 223 1724 et
249 1667 496 1724 scientia
525 1667 736 1734 omnis,
759 1672 1065 1740 etc.,usque
1085 1667 1154 1722 ad
1184 1668 1393 1723 certior
1424 1670 1810 1740 permanebit.

172 1757 296 1827 (Id.,
327 1758 425 1812 lib.
458 1757 523 1812 de
553 1756 1117 1827 Doct.Chr.,tom.lll,
1135 1756 1549 1828 part.1,col.35
1580 1761 1636 1812 et
1667 1758 1810 1829 seq.)

235 1848 373 1901 Cum
398 1844 613 1917 justus“
633 1861 701 1901 ex
731 1846 844 1901 fide
874 1846 1046 1911 vivat,
1082 1845 1329 1918 ﬁnisque
1360 1847 1652 1918 praecepti,
1676 1850 1810 1918 etc.,

169 1951 331 2006 usque
357 1935 427 1989 ad
456 1934 514 1989 in
543 1933 970 2007 vaniloquium.
1006 1935 1138 2007 (Id.,
1163 1936 1261 1990 lib.
1293 1942 1464 1991 contr.
1502 1937 1684 1991 Faust.
1717 1953 1810 2004 xx,

166 2027 301 2078 tom.
334 2023 490 2094 VIII,
523 2022 630 2079 col.
659 2025 766 2080 386
796 2028 853 2079 et
883 2024 1030 2096 seq.)

229 2112 329 2168 Pia
359 2112 510 2168 ﬁdes
541 2110 666 2169 sine
696 2130 798 2186 spe
829 2117 887 2169 et
916 2114 1042 2169 sine
1073 2113 1379 2181 charitate,
1398 2118 1714 2186 etc.,usque
1742 2114 1813 2170 ad

168 2202 579 2274 conspicimus.
616 2202 746 2271 (Id.,
799 2203 897 2258 lib.
949 2203 1018 2258 ad
1071 2203 1424 2259 Consentium
1471 2203 1534 2260 de
1588 2206 1809 2274 Trinit.,

167 2294 303 2345 tom.
337 2290 437 2358 III,
466 2290 575 2346 col.
610 2291 759 2363 456.)

233 2378 375 2435 Cum
405 2380 631 2436 venerit
661 2380 817 2452 quod
849 2381 1171 2452 perfectum
1220 2385 1327 2447 est,
1362 2382 1518 2453 quod
1550 2398 1619 2436 ex
1651 2385 1812 2453 parte

169 2472 268 2535 est,
301 2473 435 2537 etc.,
470 2485 639 2541 usque
666 2470 745 2524 ad
768 2469 1148 2542 concupiscit.
1186 2470 1319 2540 (Id.,
1354 2471 1452 2525 lib.
1484 2470 1549 2525 de
1595 2472 1811 2543 Perfec-

170 2559 308 2613 tione
325 2558 568 2629 justitize
595 2558 853 2628 hominis,
885 2562 1026 2614 tom.
1061 2560 1131 2627 II,
1164 2559 1272 2615 col.
1307 2560 1413 2615 300
1442 2564 1499 2615 et
1529 2564 1678 2631 seq.)

236 2645 474 2704 Nullum
502 2646 659 2703 aliud
704 2648 998 2704 canticum
1048 2649 1218 2704 docet
1248 2666 1355 2705 nos
1385 2649 1560 2713 Deus,
1595 2649 1706 2704 nisi
1742 2649 1809 2704 ﬁ-

168 2734 274 2804 dei,
302 2739 437 2804 etc.,
472 2753 641 2809 usque
668 2737 738 2792 ad
761 2753 897 2792 cum
944 2737 1276 2794 viderimus.
1311 2738 1443 2809 (Id.,
1477 2746 1633 2794 tract.
1663 2740 1807 2811 psal.

165 2841 307 2892 xcxl,
336 2828 485 2880 tom.
517 2825 611 2892 IV,
645 2830 796 2898 part.
831 2844 911 2892 ιιι,
944 2826 1052 2882 col.
1094 2828 1221 2882 1171
1256 2831 1312 2882 et
1342 2826 1488 2898 seq.)

227 2912 437 2985 Incipit
466 2913 640 2970 homo
666 2932 702 2970 a
724 2915 1007 2987 ﬁde,quid
1040 2916 1293 2988 pertinet
1321 2916 1394 2972 ad
1428 2916 1810 2989 ﬁdem,usque

160 3000 226 3057 ad
268 3001 487 3058 borum
544 3006 634 3059 est
679 3003 956 3061 cbaritas.
992 3005 1122 3078 (Id.,
1153 3021 1316 3061 serm.
1348 3005 1413 3061 de
1454 3021 1564 3061 ver.
1598 3005 1802 3078 Evang.

159 3094 295 3147 tom.
319 3090 396 3159 V,
427 3095 575 3163 part.
610 3110 648 3160 1,
682 3092 790 3149 col.
824 3094 973 3166 865.)
1032 3155 1036 3160 ,

222 3179 546 3237 Dilectione
575 3180 917 3238 instandum
941 3185 1027 3239 est
1049 3183 1120 3238 ad
1143 3181 1375 3252 illud,et
1397 3182 1802 3239 inhaerendum

1932 592 2032 673 qu’i
2068 600 2367 668 Dominus,
2398 616 2566 671 usque
2594 598 2663 654 ad
2694 599 2793 653 sed
2828 595 3177 652 innocentia.
3213 595 3579 668 (Idem,tract.

1926 691 2069 762 psal.
2104 707 2252 759 xuv,
2287 694 2427 745 tom.
2461 688 2555 756 IV,
2590 694 2739 760 part.
2775 705 2815 754 ι,
2846 686 2955 742 col.
2990 686 3094 741 493
3124 689 3180 740 et
3211 687 3359 757 seq.)

2002 780 2351 851 Proponitur
2378 778 2534 833 enim
2567 777 2819 850 pueritia
2847 780 3084 849 propter
3113 774 3581 840 imitandam,us-

1930 885 2031 941 que
2059 869 2128 923 ad
2175 868 2413 941 perfecti
2464 867 2613 923 sitis.
2650 868 2853 939 (Idem,
2888 873 3043 921 tract.
3072 864 3220 937 psal.
3252 881 3399 931 xnvn,
3433 868 3576 919 tom.

1928 957 2020 1037 IV,
2056 963 2204 1029 part.
2237 976 2275 1022 ι,
2310 957 2419 1013 col.
2450 959 2559 1012 525
2587 962 2644 1011 et
2676 956 2823 1027 seq.)

1999 1047 2194 1103 Nostis
2226 1048 2435 1101 fratres
2467 1050 2524 1101 et
2549 1044 2873 1117 saepissime
2894 1042 3145 1099 audistis
3167 1041 3225 1096 in
3247 1041 3576 1114 Evangelia,

1925 1152 2097 1208 usque
2137 1136 2207 1191 ad
2257 1136 2422 1207 pueri
2472 1134 2809 1197 Dominum,
2844 1133 3049 1205 (Idem,
3080 1138 3238 1187 tract.
3267 1131 3411 1203 psal.
3445 1149 3576 1198 cxu,

1925 1229 2069 1280 tom.
2104 1225 2198 1289 IV,
2233 1229 2382 1297 part.
2420 1242 2477 1291 ιι,
2508 1222 2617 1278 col.
2660 1222 2837 1294 1471.)

1998 1315 2060 1369 In
2092 1315 2212 1386 lege
2240 1316 2384 1369 enim
2414 1314 2676 1385 scriptum
2700 1320 2813 1368 est:
2841 1313 3119 1383 Quoniam
3142 1312 3200 1365 in
3220 1310 3348 1365 aliis
3370 1310 3578 1381 linguis

1924 1412 1976 1459 et
2004 1404 2167 1459 labiis
2192 1405 2323 1458 aliis
2354 1404 2549 1473 loquar
2572 1402 2773 1474 populo
2802 1402 3005 1465 huic,et
3033 1416 3131 1454 nec
3157 1401 3238 1454 sic
3283 1398 3581 1455 exaudient

1926 1510 2029 1559 me,
2061 1493 2197 1548 dicit
2242 1494 2525 1548 Dominus.
2568 1493 2755 1562 Itaque
2808 1491 3016 1558 linguae
3068 1491 3130 1543 in
3174 1490 3396 1556 signum
3448 1496 3578 1543 sunt

1921 1598 2031 1636 non
2061 1581 2335 1651 fidelibus,
2365 1581 2457 1635 sed
2504 1579 2855 1651 inﬁdelibus;
2892 1577 3194 1649 prophetia:
3241 1584 3423 1631 autem
3466 1590 3578 1631 non

1923 1671 2265 1741 inﬁdelibus,
2295 1670 2386 1726 sed
2415 1670 2683 1741 ﬁdelibus.
2717 1670 2779 1724 Si
2816 1683 2944 1736 ergo
2989 1666 3275 1722 conveniat
3322 1665 3577 1720 universa

1921 1761 2161 1816 Ecclesia
2193 1762 2252 1815 in
2281 1777 2476 1825 unum,
2508 1768 2559 1815 et
2588 1775 2772 1815 omnes
2803 1758 3009 1828 linguis
3040 1756 3354 1827 loquantur,
3389 1770 3576 1825 usque

1922 1850 1995 1905 ad
2028 1854 2120 1904 Αη
2151 1867 2184 1904 a
2212 1851 2362 1904 vobis
2390 1850 2616 1904 verbum
2645 1849 2742 1903 Dei
2768 1845 3066 1919 processit?
3089 1852 3186 1900 aut
3216 1845 3275 1899 in
3298 1860 3387 1900 vos
3433 1844 3575 1898 solos

1918 1941 2212 2011 pervenit?
2238 1939 2302 1993 In
2332 1936 2478 2011 legis
2506 1936 2742 1993 nomine
2782 1935 3096 2007 aliquando
3148 1932 3327 1988 simul
3375 1931 3576 1987 omnia

1922 2028 2152 2095 veteris,
2185 2044 2352 2099 usque
2395 2027 2465 2081 ad
2519 2029 2724 2098 praeter
2783 2023 3065 2097 psalmos.
3118 2022 3325 2096 (Idem,
3370 2022 3469 2076 lib.
3508 2020 3574 2076 de

1924 2118 2118 2173 Trinit.
2150 2133 2241 2181 xv,
2276 2120 2416 2171 tom.
2448 2114 2596 2181 VIII,
2631 2113 2740 2179 col,
2776 2113 2961 2174 1881.)

1992 2208 2053 2263 Si
2081 2207 2204 2278 quis
2234 2206 2445 2261 videtur
2466 2205 2724 2277 propheta
2750 2218 2882 2269 esse,
2916 2209 3013 2257 aut
3039 2200 3332 2273 spiritalis,
3354 2215 3570 2271 cognos-

1920 2304 2008 2351 cat
2034 2311 2160 2367 quze
2182 2296 2356 2350 scribo
2388 2294 2554 2359 vobis,
2587 2295 2719 2365 quia
2764 2293 2987 2348 Domini
3025 2297 3155 2345 sunt
3192 2288 3470 2344 mandata.
3506 2289 3570 2344 Si

1920 2387 2043 2458 quis
2072 2392 2271 2449 autem,
2304 2400 2493 2455 usque
2523 2383 2594 2438 ad
2624 2381 2920 2438 secundum
2951 2379 3197 2436 ordinem
3223 2379 3362 2448 ﬁant
3387 2379 3447 2432 in
3476 2393 3567 2432 vo-

1922 2475 2025 2528 bis.
2061 2472 2168 2528 Illa
2198 2490 2325 2545 quae
2357 2471 2591 2542 scripsit
2637 2468 2954 2542 Apostolus
3000 2468 3071 2523 ad
3104 2466 3433 2522 Corinthios
3464 2465 3569 2521 ali-

1919 2567 2009 2618 ter
2037 2561 2237 2634 utique
2267 2562 2341 2617 ab
2391 2561 2537 2633 ipsis
2588 2558 2867 2632 parvulis,
2900 2574 3070 2629 usque
3097 2557 3185 2623 ad,
3220 2570 3570 2628 cognoscere

1921 2651 2153 2707 fecerat.
2184 2652 2393 2717 (Idem,
2439 2657 2598 2705 tract.
2645 2651 2856 2719 Enang.
2907 2662 3011 2702 sec.
3062 2647 3243 2712 Joan.,
3290 2649 3433 2700 tom.
3465 2645 3567 2711 III,

1919 2744 2069 2813 part.
2105 2757 2165 2806 ιι,
2197 2739 2306 2795 col.
2344 2740 2523 2811 1881.)

1990 2829 2372 2900 Nequaquam
2406 2831 2471 2882 ut
2500 2826 2729 2893 scribis,
2764 2825 2864 2897 qui
2906 2824 3135 2897 ignorat
3179 2821 3564 2895 ignorabitur,

1916 2934 2088 2990 usque
2116 2918 2186 2973 ad
2217 2917 2336 2972 sint
2383 2920 2594 2971 cuncta
2641 2914 2971 2987 perspicua.
3009 2912 3215 2980 (Idem,
3250 2911 3347 2966 lib.
3382 2912 3562 2981 Epist.

1915 3011 2059 3062 tom.
2094 3006 2163 3074 II,
2196 3009 2346 3078 part.
2379 3022 2419 3073 1,
2453 3003 2559 3060 col.
2593 3004 2697 3059 743
2728 3006 2784 3057 et
2814 3005 2961 3073 seq.)

2547 3155 2777 3211 CAPUT
2815 3153 2929 3210 XV.

156 3266 256 3337 illi,
288 3286 462 3341 usque
509 3270 584 3325 ad
631 3269 771 3327 dicit
818 3270 1149 3344 Apostolus.
1184 3272 1388 3338 (Idem,
1422 3273 1519 3327 lib.
1551 3273 1616 3328 de
1650 3274 1798 3328 Trin.
1833 3256 1876 3323 C
1984 3274 2181 3330 Notum
2208 3281 2389 3329 autem
2418 3273 2569 3329 vobis
2590 3274 2736 3345 facio
2762 3274 2960 3344 fratres
3016 3269 3377 3338 Evangelium
3423 3269 3564 3341 quod

158 3361 292 3412 tom.
328 3358 478 3424 VIII,
511 3358 620 3415 col.
648 3360 800 3428 951.)

221 3446 344 3501 Non
379 3447 538 3503 enim
569 3447 677 3503 hoc
708 3451 797 3504 est
825 3448 1037 3504 habere
1068 3447 1290 3516 oculos,
1325 3450 1481 3521 quod
1521 3449 1801 3522 aspicere,

154 3533 263 3588 Aut
291 3532 436 3591 item
464 3533 572 3591 hoc
603 3539 711 3603 est,
742 3553 913 3609 usque
943 3537 1013 3592 ad
1042 3553 1159 3592 non
1208 3538 1440 3610 poterit.
1471 3538 1673 3609 (Idem,
1704 3541 1800 3596 lib.

152 3620 601 3697 Soliloquiorum,
633 3628 775 3681 tom.
811 3624 853 3692 Ι,
888 3624 998 3681 col.
1032 3627 1138 3681 875
1166 3630 1223 3681 et
1254 3626 1402 3699 seq.)

769 3723 1001 3779 CAPUT
1039 3723 1179 3779 XIV.

215 3800 517 3858 Sectamini
543 3803 880 3859 charitatem.
915 3802 1095 3859 Dulce
1125 3808 1183 3859 et
1222 3803 1457 3861 salubre
1501 3806 1799 3863 vinculum

152 3889 460 3958 mentium,
495 3891 623 3946 sine
664 3908 781 3963 qua
827 3892 1008 3957 dives,
1041 3910 1209 3965 usque
1255 3893 1326 3949 ad
1374 3895 1445 3949 ad
1493 3894 1799 3968 ignoScen-

149 3977 306 4033 dum.
341 3979 426 4047 (S.
458 3980 633 4052 Aug.,
663 3997 910 4038 sermone
934 3982 999 4036 de
1030 3982 1191 4038 laude
1219 3984 1528 4050 charitatis,
1561 3988 1705 4040 tom.
1726 3986 1794 4055 V,

147 4069 291 4137 part.
324 4084 389 4135 ιι,
418 4067 527 4123 col.
564 4069 745 4142 1534.)

210 4157 583 4213 imulamini
608 4159 917 4230 spiritalia,
940 4162 1119 4230 magis
1149 4168 1330 4217 autem
1358 4170 1420 4216 ut
1442 4164 1791 4234 prophetetis.

145 4244 250 4312 Qui
277 4246 432 4300 enim
462 4246 704 4318 loquitur
752 4248 967 4320 lingua,
1000 4265 1107 4305 uon
1160 4250 1478 4306 hominibus
1528 4252 1792 4324 loquitur,

142 4331 386 4390 sedDeo.
417 4335 579 4391 Nemo
624 4337 774 4392 enim
820 4337 995 4393 audit.
1028 4338 1274 4410 Spiritus
1321 4348 1500 4396 autem
1552 4341 1797 4413 loquitur

140 4424 421 4493 mysteria.
438 4424 577 4479 Nam
604 4428 701 4497 qui
724 4428 1027 4499 prophetat,
1061 4444 1249 4500 usque
1278 4428 1350 4483 ad
1378 4430 1588 4502 supplet
1617 4431 1795 4486 locum

140 4509 333 4568 idiotas
350 4514 376 4567 Ρ
406 4512 507 4568 Hic
538 4512 781 4584 spiritus
803 4532 837 4570 a
858 4520 1051 4571 mente
1072 4516 1457 4590 distinguitur
1485 4519 1793 4575 evidentis-

1908 3363 2237 3435 pra’dicavit
2282 3363 2451 3427 vobis,
2484 3361 2625 3435 quod
2671 3369 2723 3417 et
2748 3361 3049 3432 accepistis,
3084 3360 3145 3414 in
3172 3375 3276 3432 quo
3303 3366 3356 3413 et
3382 3359 3560 3424 statis,

1907 3469 2009 3525 per
2055 3452 2196 3525 quod
2242 3460 2294 3507 et
2336 3452 2656 3518 salvamini,
2690 3467 2799 3523 qua
2854 3451 3069 3504 ratione
3120 3447 3560 3520 praedicaverim,

1915 3559 2101 3613 usque
2129 3542 2200 3596 ad
2241 3550 2292 3597 et
2339 3543 2472 3613 quia
2517 3542 2666 3595 visus
2711 3547 2789 3595 est
2834 3539 3046 3611 (Iephte.
3082 3536 3439 3604 Resurrexit,
3471 3535 3563 3590 in-

1913 3632 2059 3704 quit,
2092 3630 2260 3687 tertia
2291 3630 2383 3686 die
2424 3630 2753 3686 secundum
2802 3628 3156 3700 Soripturas,
3190 3630 3266 3692 et,
3291 3641 3463 3697 usque
3494 3625 3564 3680 ad

1910 3719 2219 3792 Evangelio
2250 3718 2482 3792 legitur.
2516 3718 2597 3787 (S.
2629 3719 2801 3791 Aug.,
2836 3718 2932 3773 lib.
2956 3716 3021 3773 de
3051 3716 3323 3772 Consensu
3351 3715 3559 3784 Evang.

1908 3811 2050 3864 tom.
2085 3808 2185 3874 III,
2219 3812 2368 3880 part.
2401 3823 2441 3875 ι,
2475 3806 2585 3863 col.
2622 3807 2804 3869 1215.)

1984 3898 2045 3953 Et
2093 3904 2213 3969 post
2265 3897 2382 3964 hoc,
2436 3898 2637 3968 inquit,
2687 3894 2960 3950 undecim.
2995 3896 3120 3960 Qua
3170 3891 3341 3948 libuit
3393 3892 3557 3961 hora,

1908 3986 2036 4058 ipso
2091 3990 2288 4039 tamen
2350 3983 2797 4039 resurrectionis
2855 3983 2969 4038 die.
3004 3983 3111 4037 Per
3156 3981 3557 4053 synecdochen

1907 4078 2123 4140 autem,
2170 4089 2341 4143 usque
2387 4072 2457 4127 ad
2503 4089 2620 4127 non
2670 4072 2941 4142 pertinet.
2976 4070 3182 4137 (Idem,
3215 4071 3312 4125 lib.
3347 4073 3555 4139 Quaest.

1908 4162 2092 4219 Genes.
2126 4179 2318 4231 cxvnl,
2346 4164 2487 4215 tom.
2518 4160 2616 4227 III,
2651 4164 2799 4231 part.
2834 4177 2869 4226 ι,
2904 4157 3012 4215 col.
3043 4160 3151 4213 575
3178 4162 3235 4215 et
3265 4161 3415 4230 seq.)

1976 4252 2122 4307 Nam
2154 4267 2270 4305 non
2294 4249 2623 4314 duodecim,
2650 4250 2748 4304 sed
2773 4247 3045 4304 undecim
3078 4245 3345 4304 nonnulli
3378 4247 3555 4302 etiam

1902 4341 2130 4397 codices
2162 4339 2403 4407 habent,
2434 4355 2604 4411 usque
2650 4337 2720 4393 ad
2768 4336 3129 4393 ascensionis
3173 4355 3314 4394 suae.
3350 4336 3550 4401 (Idem,

1903 4430 2000 4485 lib.
2035 4447 2095 4485 ιιι
2143 4429 2206 4485 de
2249 4429 2524 4485 Consensu
2572 4429 2802 4496 Evang.,
2852 4428 2996 4482 tom.
3046 4426 3145 4493 III,
3186 4430 3335 4498 part.
3372 4443 3411 4494 ι,
3442 4423 3550 4480 col.

1902 4520 2085 4591 1215.)

141 4596 306 4694 simo,
340 4616 512 4672 usque
566 4601 638 4657 ad
695 4603 1040 4694 cogitamus.
1092 4604 1293 4678 (Idem,
1327 4607 1424 4661 lib.
1457 4607 1523 4663 de
1562 4607 1689 4664 Gen.
1722 4608 1791 4664 ad
1821 4631 1869 4694 ι)
1970 4609 2269 4665 Novissime
2297 4608 2479 4663 autem
2510 4609 2759 4663 omnium
2805 4613 3069 4677 tanquam
3117 4603 3360 4659 abortivo
3406 4604 3553 4657 visus

141 4684 400 4743 litteram.
432 4706 533 4757 xu,
568 4694 711 4746 tom.
743 4691 839 4764 ΙΙΙ,
871 4696 1021 4765 part.
1055 4708 1095 4762 ι,
1126 4694 1235 4749 col.
1270 4696 1375 4750 460
1404 4698 1461 4751 et
1491 4698 1635 4769 seq.)

207 4776 482 4844 Quomodo
522 4779 663 4835 dicet
705 4796 866 4836 amen
910 4798 1077 4853 super
1123 4790 1276 4838 tuam
1324 4784 1790 4842 benedictionem?

138 4864 407 4933 Quoniam
431 4867 652 4941 quidem
678 4871 849 4925 nescit
876 4870 1011 4942 quid
1048 4872 1218 4927 dicas.
1250 4876 1393 4929 Nam
1439 4881 1500 4929 tu
1545 4875 1785 4946 quidem,

135 4968 323 5025 usque
356 4955 451 5025 ad,
482 4958 773 5015 verborum
804 4960 863 5014 in
895 4959 1111 5029 lingua.
1143 4962 1327 5017 Amen
1359 4952 1574 5034 quippe
1604 4963 1788 5020 inter-

135 5046 399 5112 pretatur
424 5061 830 5119 verum,usque
848 5046 920 5103 ad
936 5047 1236 5105 vilesceret
1264 5050 1782 5123 nudatum.(ldem,

136 5137 290 5188 tract.
323 5134 529 5206 Evang.
573 5151 679 5191 sec.
727 5136 891 5193 Joan.
944 5155 1056 5205 xu,
1089 5142 1230 5194 tom.
1264 5138 1363 5208 ΙΙΙ,
1394 5143 1544 5211 part.
1577 5155 1640 5207 ιι,
1675 5141 1782 5198 col.

204 5310 445 5377 Fratres,
478 5314 651 5370 noliie
702 5318 866 5386 pueri
910 5315 1064 5388 efﬁci
1107 5318 1376 5385 sensibus,
1418 5319 1521 5374 sed
1564 5320 1787 5375 malitia

132 5399 356 5468 parvuli
380 5408 563 5466 estote,
595 5406 845 5481 sensibus
872 5411 1059 5461 autem
1100 5408 1330 5478 perfecti
1375 5414 1553 5463 estote.
1588 5407 1651 5463 1n
1682 5426 1782 5481 po-

135 5484 273 5557 pulo
301 5488 442 5544 Novi
470 5489 850 5560 Testamenti,
884 5495 985 5566 qui
1014 5511 1128 5549 non
1162 5494 1499 5566 perdurant,
1524 5513 1693 5567 usque
1712 5497 1783 5553 ad

134 5575 572 5737 adlnlsiglfrum.
607 5579 809 5651 (Idem,
845 5584 941 5639 lib.
978 5587 1182 5657 Quaest.
1235 5600 1460 5650 uxxur,
1505 5588 1647 5640 tom.
1682 5585 1776 5653 VI,

134 5678 196 5719 co
226 5706 239 5719 .
351 5707 363 5720 .

133 5678 239 5719 θοι.
274 5678 363 5720 DZ.

1898 4706 1975 4755 est
2001 4706 2053 4754 et
2074 4697 2354 4753 mihi.Sed
2386 4697 2496 4752 hoc
2519 4697 2647 4767 jam
2678 4695 2749 4751 de
2779 4694 2942 4763 coelo,
2976 4696 3111 4766 post
3139 4708 3381 4766 parvum
3406 4694 3553 4746 tem-

1900 4804 2012 4860 pus
2042 4785 2406 4843 ascensionis
2437 4802 2577 4841 susa.
2607 4785 2777 4840 Pater
2806 4787 3006 4840 noster
3031 4781 3348 4846 Abraham,
3380 4780 3551 4850 cujus

1890 4875 2128 4948 justitia
2159 4875 2494 4946 ﬁdei,usque
2512 4873 2584 4929 ad
2615 4873 2974 4944 perfectique
3000 4870 3546 4937 nascamur.(ldem,

1898 4966 1997 5020 lib.
2030 4972 2200 5020 contr.
2234 4966 2437 5029 Faust,
2471 4980 2590 5034 cap.
2621 4962 2735 5024 25.)

1968 5056 2078 5125 Ego
2105 5055 2254 5110 enim
2275 5070 2397 5108 sum
2426 5053 2691 5107 minimus
2721 5051 2995 5122 apostolus
3020 5050 3118 5121 qui
3146 5064 3255 5104 non
3301 5064 3425 5102 sum
3454 5047 3547 5102 di—

1895 5159 2054 5214 gnus,
2082 5158 2270 5213 usque
2296 5141 2368 5195 ad
2416 5156 2587 5194 vacua
2634 5156 2745 5195 non
2791 5140 2921 5209 fuit.
2958 5136 3220 5193 Pluviam
3276 5134 3545 5191 volunta-

1896 5232 2045 5286 riam
2078 5246 2391 5303 segregans
2422 5228 2574 5283 Deus
2602 5227 2923 5282 haereditati
2954 5244 3095 5283 suze.
3126 5225 3354 5281 Etenim
3389 5224 3546 5279 infir-

1896 5324 2055 5374 mata
2084 5327 2191 5385 est,
2227 5324 2288 5372 tu
2321 5333 2452 5371 vero
2480 5315 2769 5386 perfecisti
2802 5332 2952 5380 eam,
2981 5315 3119 5386 quia
3158 5313 3413 5386 pluviam
3443 5329 3543 5367 vo-

1893 5406 2229 5472 luntariam,
2264 5421 2432 5477 usque
2460 5403 2528 5458 ad
2559 5403 2849 5475 perlecisti
2881 5420 3037 5459 eum.
3074 5404 3276 5475 (Idem,
3309 5400 3543 5457 serm.de

1890 5514 1999 5553 ver.
2036 5497 2239 5563 Evang.
2271 5494 2357 5559 19,
2389 5493 2527 5563 psal.
2565 5492 2757 5555 van.)

1962 5584 2255 5640 Laborant
2283 5580 2577 5652 Pelagiani
2612 5586 2898 5652 quantum
2930 5584 3179 5655 possunt
3206 5579 3534 5649 ostendere,

1887 5672 2137 5747 gratiam
2184 5670 2285 5729 Dei
2323 5668 2668 5738 secundum,
2702 5687 2871 5744 usque
2920 5671 2991 5727 ad
3041 5669 3255 5726 dicitur
3282 5667 3342 5725 in
3374 5667 3536 5725 Psal-
