3856 6200
134 418 241 483 349

929 410 1342 474 EXPOSITIO
1387 410 1465 472 IN
1509 409 1680 472 EPP.
1728 405 1987 471 PAULI.
2017 439 2095 449 —
2123 404 2243 467 ΕΡ.
2290 404 2340 466 Ῑ.
2387 402 2492 465 AD
2538 401 2713 465 COR.

3397 382 3519 454 350

197 547 433 625 Quotidie
456 547 663 605 morior
684 562 787 620 per
814 553 1047 603 vestram
1073 545 1559 617 gloriam,fratres,
1589 559 1756 615 quam
1785 543 1836 610 Α
1866 538 2178 597 nobiscum
2209 554 2377 611 agere
2426 536 2685 592 student.
2735 535 2869 597 etc.,
2902 543 3073 603 usque
3117 525 3188 584 ad
3231 525 3514 583 fruemur.

142 645 286 699 'iabeo
314 642 371 696 in
398 639 608 695 Christo
632 639 757 694 Jesu
784 638 1012 693 Domino
1042 634 1325 691 nostro.Ut
1356 634 1631 690 noveritis
1661 649 1757 688 ve-

149 748 253 787 ~um
274 730 467 802 jurare
514 743 631 782 non
670 742 799 782 esse
855 727 1182 797 peccatum,
1217 723 1568 785 invenimus,
1621 727 1758 788 etc.,

145 836 289 894 isque
316 817 382 873 ad
410 816 651 872 adhibet
677 814 883 870 Deum.
917 813 1049 883 (Id.,
1082 830 1246 869 serm.
1271 812 1336 868 de
1363 814 1519 884 epist.
1550 812 1756 878 Jacobi,

140 908 455 980 aemojuret,
487 909 630 961 tom.
660 903 728 970 V,
763 906 911 974 part.
945 919 1005 970 Il,
1040 900 1127 956 col
1158 902 1263 956 974
1295 906 1351 956 et
1383 903 1532 972 seq.)

199 996 545 1054 Jurationem
574 996 770 1049 autem
801 1008 935 1047 cave
962 994 1251 1062 quantum
1284 995 1467 1061 potes,
1501 994 1633 1055 etc.,
1668 1005 1761 1043 us-

140 1104 230 1162 que
253 1084 318 1141 ad
346 1082 644 1139 consuevit
661 1083 883 1153 jurare.
913 1080 1041 1153 (Id.,
1076 1078 1178 1134 lib.
1231 1079 1301 1134 ad
1344 1079 1500 1134 Cons.
1530 1079 1759 1144 Hilarii,

141 1184 266 1232 tom.
299 1174 363 1239 ΙΙ,
397 1171 503 1228 col.
535 1171 688 1239 693.)

200 1263 298 1328 Qui
326 1261 464 1317 dicit
487 1260 651 1316 :Ecce
681 1276 877 1315 coram
908 1257 1190 1330 Deo,quia
1212 1274 1326 1312 non
1349 1255 1761 1323 mentior,etc.,

140 1369 290 1425 usque
317 1351 385 1407 ad
414 1350 485 1405 ad
519 1350 715 1404 fidem.
743 1348 873 1421 (Id.,
908 1350 965 1403 in
998 1348 1336 1419 expositione
1364 1348 1517 1425 epist.
1554 1345 1633 1400 ad
1663 1344 1765 1399 Ga-

141 1419 283 1506 latas,
314 1444 452 1495 tom.
487 1438 584 1506 ΙΙΙ,
611 1419 763 1510 part.
794 1454 855 1502 II,
890 1435 999 1491 col.
1023 1437 1213 1504 2110.)
1463 1419 1483 1443 ⁸

201 1531 257 1586 Si
281 1528 573 1585 secundum
600 1528 875 1583 hominem
921 1526 989 1580 ab
1042 1526 1208 1581 betias
1264 1525 1509 1595 pugnavi
1545 1523 1764 1594 Ephesi,

141 1619 259 1694 quid
284 1618 420 1675 mihi
442 1616 660 1690 prodest
675 1617 725 1672 si
751 1616 956 1671 mortui
975 1631 1088 1670 non
1119 1618 1453 1683 resurgunt?
1478 1613 1771 1669 Manduce-

142 1727 265 1775 mus,
287 1713 416 1773 etc.,
447 1722 637 1778 usque
667 1706 738 1760 ad
770 1706 916 1761 vobis
948 1705 1158 1775 loquor.
1175 1701 1586 1775 Apostolorum
1615 1704 1771 1756 tem-

143 1798 364 1872 poribus
393 1795 724 1853 invenimus
772 1793 973 1860 fuisse,
1007 1797 1139 1861 etc.,
1173 1808 1342 1864 usque
1388 1791 1458 1846 ad
1506 1807 1622 1845 non
1657 1793 1768 1845 est.

142 1888 261 1958 (Id.,
292 1887 383 1942 lib.
414 1903 449 1941 v
475 1884 542 1940 de
572 1889 728 1956 Bapt.
761 1887 904 1939 tom.
938 1882 1031 1949 1Χ,
1063 1880 1170 1937 col.
1204 1881 1358 1951 210.)

206 1975 346 2031 Sunt
373 1972 643 2028 homines
674 1971 774 2044 qui
807 1971 1046 2027 dicunt:
1070 1969 1196 2025 Non
1228 1972 1315 2026 est
1343 1968 1569 2024 homini
1602 1968 1769 2031 bene,

144 2064 244 2120 nisi
263 2063 351 2119 cui
382 2066 592 2118 assunt
621 2060 816 2116 carnis
842 2059 1081 2128 deliciae,
1106 2064 1238 2126 etc.,
1272 2074 1441 2130 usque
1461 2057 1532 2113 ad
1565 2056 1775 2111 moria-

144 2157 246 2208 tur.
275 2152 404 2223 (Id.,
433 2167 598 2207 serm.
631 2149 694 2206 de
721 2166 833 2206 ver.
867 2166 1083 2218 evang,
1116 2152 1259 2203 tom.
1290 2147 1359 2213 V,
1392 2150 1542 2218 part.
1579 2163 1636 2214 ιι,
1662 2144 1770 2200 col.

146 2243 237 2297 160
262 2244 315 2297 et
338 2243 487 2312 seq.)

205 2328 729 2385 Animadvertimus
756 2343 892 2383 cum
923 2324 1171 2399 apostoli
1196 2323 1442 2397 epistola
1460 2321 1769 2395 legeretur,

146 2423 263 2487 etc.,
291 2435 458 2491 usque
487 2418 562 2473 ad
603 2416 793 2474 securi
851 2415 1195 2471 moriamur.
1229 2414 1362 2483 (Id.,
1395 2428 1557 2468 serm.
1589 2412 1655 2467 de
1678 2417 1777 2468 Re-

143 2516 373 2574 surrect.,
404 2512 551 2563 tom.
583 2506 652 2575 V,
682 2508 831 2579 part.
860 2522 918 2572 II,
949 2503 1057 2560 col.
1094 2503 1232 2559 1599
1261 2507 1318 2558 et
1342 2505 1493 2574 seq.)

204 2596 377 2677 Nolite
398 2596 608 2662 seduci,
649 2601 1005 2667 corrmnpunt
1049 2608 1225 2649 mores
1284 2593 1445 2647 bonos
1501 2590 1777 2661 colloquia

146 2687 294 2742 mala.
330 2686 561 2741 Fratres
592 2682 727 2752 mei,
762 2682 863 2755 qui
902 2679 1123 2737 timetis
1180 2680 1387 2746 Deum,
1421 2682 1777 2735 mementote

150 2774 290 2847 quod
319 2774 418 2842 ait,
447 2777 587 2837 etc.,
619 2788 786 2844 usque
815 2770 886 2826 ad
933 2770 1050 2825 Deo
1108 2774 1323 2825 vestro.
1356 2769 1489 2838 (Id.,
1522 2770 1678 2840 epist.
1709 2766 1780 2822 ad

146 2862 335 2935 plebem
360 2862 786 2932 Hipponensem,
812 2862 954 2913 tom.
989 2859 1063 2925 ΙΙ,
1097 2856 1205 2912 col.
1238 2857 1388 2928 270.)

212 2950 308 3006 Sed
334 2950 471 3005 dicet
500 2950 704 3021 aliquis
725 2946 1027 3019 :Quomodo
1059 2954 1351 3018 resurgunt
1364 2947 1568 3002 mortui
1592 2946 1783 3017 Pquali

153 3047 312 3095 autem
334 3056 555 3110 corpore
583 3039 800 3094 venient
824 3036 991 3092 PCum
1016 3036 1502 3092 resurrectionem
1526 3039 1784 3090 mortuo-

154 3146 270 3185 rum
299 3128 653 3202 persuadere
693 3125 863 3182 vellet
894 3125 1000 3191 eis,
1033 3129 1165 3192 etc.,
1200 3141 1368 3197 usque
1398 3124 1467 3179 ad
1507 3123 1781 3179 continuo

154 3217 399 3273 additum
427 3221 539 3273 est.
575 3216 705 3288 (Id.,
739 3217 895 3287 epist.
929 3213 1000 3269 ad
1030 3214 1257 3282 Coloss.,
1292 3217 1435 3269 tom.
1460 3213 1531 3283 II,
1558 3212 1645 3268 col
1676 3213 1783 3267 944

154 3309 204 3360 et
228 3309 372 3378 seq.)

214 3394 589 3450 Manifestum
638 3395 747 3459 est,
779 3391 935 3464 quod
990 3407 1093 3462 per
1140 3389 1433 3445 caelestem
1485 3387 1783 3444 hominem

154 3482 431 3539 Christum
457 3482 601 3538 velit
658 3479 867 3553 accipi,
928 3484 1063 3546 etc.,
1097 3495 1265 3550 usque
1313 3478 1383 3534 ad
1432 3477 1696 3533 ascendit
1724 3477 1784 3531 in

154 3572 365 3629 malum.
396 3574 534 3647 (Id.,
567 3588 728 3629 serm.
762 3571 825 3627 de
845 3577 1130 3626 resurrect.
1162 3572 1497 3638 mort.,tom.
1530 3567 1597 3634 V,
1632 3570 1784 3639 part.

155 3679 207 3729 ιι,
238 3663 341 3718 col.
375 3663 518 3718 1620
548 3664 605 3716 et
634 3662 786 3733 seq.)

214 3751 330 3807 Alia
353 3752 584 3808 claritas
629 3751 784 3812 solis,
813 3756 864 3805 et
911 3749 1028 3803 alia
1079 3748 1304 3803 claritas
1365 3748 1534 3813 lunae,
1563 3753 1618 3801 et
1672 3746 1790 3800 alia

154 3841 379 3909 claritas,
407 3845 544 3905 etc.,
591 3855 778 3911 usque
826 3838 898 3893 ad
942 3838 1267 3892 resurrectio
1322 3844 1683 3891 mortuorum.
1720 3834 1791 3889 Et

156 3928 198 3985 si
225 3929 369 3986 allus
398 3934 489 3986 est
521 3928 635 3985 alio
666 3926 887 3993 fortior,
913 3925 1065 3982 alius
1106 3924 1217 3981 alio
1267 3924 1604 3997 sapientior,
1639 3922 1791 3977 alius

157 4017 255 4075 alio
276 4019 515 4090 justior,
548 4021 680 4084 etc.,
712 4032 884 4088 usque
933 4015 1005 4071 ad
1060 4032 1177 4070 non
1225 4014 1304 4070 sit
1335 4013 1394 4068 in
1426 4029 1625 4085 regno.
1657 4012 1786 4079 (Id.,

157 4113 295 4162 tract.
326 4124 432 4164 sec.
462 4108 622 4164 Joan.
660 4122 828 4173 LXVII,
863 4108 1006 4160 tom.
1068 4104 1169 4170 ΙΙΙ,
1210 4107 1361 4176 part.
1414 4118 1473 4169 ιι,
1507 4100 1616 4156 col.
1651 4100 1793 4156 4812

160 4199 210 4250 et
228 4196 369 4268 seq.)

219 4284 564 4357 Comparate.
592 4285 680 4338 est
710 4279 1059 4338 resurrectio
1109 4283 1497 4346 mortuorum,
1531 4281 1665 4346 etc.,
1698 4293 1792 4332 us-

157 4391 246 4446 que
270 4375 337 4430 ad
367 4374 594 4431 Ccelum
625 4389 956 4429 commune.
990 4371 1122 4443 (Id.,
1154 4387 1317 4426 serm.
1350 4369 1415 4425 de
1444 4369 1791 4437 ver.Evang.,

160 4466 291 4520 tom.
322 4464 391 4532 V,
424 4467 578 4537 part.
614 4480 652 4531 I,
687 4461 796 4518 col.
826 4460 979 4532 736.)

218 4551 536 4609 Seminatur
563 4567 757 4623 corpus
815 4549 1077 4619 animale,
1138 4556 1326 4617 surget
1378 4563 1574 4619 corpus
1632 4546 1796 4617 spiri-

160 4641 275 4697 tale.
309 4642 641 4714 Resurgent
671 4643 1011 4696 sanctorum
1056 4654 1301 4710 corpora
1331 4637 1458 4692 sine
1490 4635 1630 4703 ullo,
1657 4639 1792 4703 etc.,
1826 4662 1873 4726 D

158 4746 310 4802 usque
365 4731 437 4787 ad
495 4729 789 4786 inimicos.
848 4729 983 4801 (Id.,
1031 4729 1128 4783 lib.
1189 4727 1440 4793 Enchir.,
1492 4730 1634 4782 tom.
1693 4725 1791 4793 VI,

161 4818 254 4874 col.
290 4820 443 4893 374.)

223 4905 382 4962 Sicut
410 4906 570 4963 enim
601 4904 842 4978 spiritus
873 4902 1033 4961 carni
1056 4901 1456 4969 serviens,non
1478 4903 1798 4975 incongrue

161 4994 398 5051 carnalis
424 5012 438 5049 :
472 4994 556 5050 ita
586 5011 741 5058 caro,
774 4998 1086 5064 etc.,usque
1125 4991 1195 5048 ad
1224 4991 1510 5063 scriptum
1542 4995 1632 5046 est
1661 4991 1795 5062 (Id.,

163 5081 248 5138 lib.
278 5101 401 5153 XIII,
434 5084 501 5140 de
531 5084 644 5140 Civ.
679 5084 796 5150 Dei,
828 5086 973 5139 tom.
1004 5082 1127 5149 VII,
1160 5080 1267 5136 col.
1302 5080 1403 5136 393
1437 5083 1494 5135 et
1523 5081 1672 5152 seq.)

223 5171 473 5257 Corpora
503 5188 638 5245 ergo
660 5172 983 5243 jnstorum,
1018 5186 1146 5243 quae
1177 5169 1237 5224 in
1260 5168 1684 5224 resurrectione
1715 5169 1801 5225 fu-

162 5262 281 5316 tura
307 5266 471 5329 sunt,
502 5278 690 5334 neque
719 5260 859 5329 ullo,
893 5264 1027 5331 etc.,
1061 5275 1232 5331 usque
1259 5258 1329 5314 ad
1358 5257 1641 5330 qualitate
1671 5275 1803 5315 con-

164 5350 361 5406 veniat.
391 5350 527 5421 (Id.,
562 5349 670 5406 col.
704 5350 812 5405 395
839 5353 896 5405 et
926 5342 1103 5420 seq.)'

226 5438 344 5495 Erit
373 5456 512 5512 ergo
543 5438 776 5512 spiritui
809 5437 1048 5494 subdita
1078 5454 1211 5493 caro
1234 5436 1540 5508 spiritalis,
1573 5440 1801 5506 etc.,us-

164 5527 344 5672 (ιιιῗῖιέ
369 5527 649 5600 spiritale.
686 5528 817 5600 (Id.,
848 5528 946 5582 lib.
970 5543 1085 5593 xw,
1118 5525 1183 5581 de
1218 5525 1330 5581 Civ.
1365 5526 1479 5594 Dei,
1512 5526 1797 5597 tom.VII,

164 5630 225 5671 co
345 5620 429 5688 8.)

229 5704 500 5778 Gentiles,
534 5706 882 5781 plerumque
918 5704 1404 5779 pnilos0phorum
1434 5704 1797 5776 argumentis

1865 630 1975 699 (Id.
2013 630 2110 684 lib.
2144 628 2209 683 de
2231 627 2405 699 Sym.,
2446 630 2587 680 tom.
2626 623 2722 678 VI.
2757 620 2868 677 col.
2905 620 3007 674 194
3036 622 3091 673 et
3121 616 3266 689 seq.)

1938 719 2000 774 Si
2028 726 2106 773 est
2134 732 2325 787 corpus
2354 715 2702 778 animale,est
2728 719 2779 766 et
2807 708 3225 782 spiritale,sicut
3254 707 3521 776 scriptum

1867 809 2162 866 est.Factus
2191 814 2287 873 est,
2321 808 2455 871 etc.,
2489 818 2678 874 usque
2735 800 2804 854 ad
2856 798 3241 868 viviﬁcantem.
3286 793 3518 847 Primus

1868 898 2044 953 homo
2076 897 2147 951 de
2176 900 2328 950 terra
2360 899 2627 949 terrenus
2657 890 2717 944 in
2742 889 3000 945 animam
3021 885 3308 940 viventem
3330 882 3520 937 factus

1870 990 1977 1043 est.
2012 990 2143 1052 etc.,
2174 1000 2343 1056 usque
2372 982 2441 1037 ad
2470 981 2701 1036 Christo
2747 976 3090 1033 viviﬁcatur.
3124 973 3254 1043 (Id.,
3290 973 3385 1027 lib.
3417 984 3522 1027 XIII

1872 1075 1935 1132 de
1966 1075 2079 1131 Civ.
2115 1076 2235 1141 Dei,
2270 1079 2414 1128 tom.
2447 1070 2571 1136 VII,
2605 1066 2713 1123 col.
2746 1067 2851 1122 396
2883 1070 2939 1121 et
2969 1065 3115 1135 seq.)

1945 1164 2199 1219 Pristina
2222 1159 2511 1217 stabilitas
2530 1155 2787 1229 corporis
2811 1171 2987 1227 quam
3010 1151 3302 1225 peccando
3322 1148 3521 1205 amisi-

1875 1271 2029 1320 mus,
2064 1252 2317 1307 habebat
2345 1252 2569 1303 tantam
2602 1243 3033 1308 felicitatem,in
3067 1242 3520 1305 defectum,eto.,

1876 1359 2042 1413 usque
2088 1341 2158 1396 ad
2185 1338 2460 1411 spiritum
2490 1335 2901 1392 vivificantem.
2937 1331 3066 1403 (Id.,
3101 1331 3199 1385 lib.
3234 1346 3273 1397 ι,
3299 1335 3455 1383 tract.
3488 1344 3526 1381 x

1876 1434 1935 1488 in
1963 1433 2145 1496 Joan.,
2180 1431 2277 1484 lib.
2311 1435 2502 1483 contra
2531 1423 2787 1495 Manich.)
3220 1463 3225 1467 .

1946 1522 2172 1577 Primus
2202 1519 2267 1574 de
2319 1526 2466 1572 terra
2525 1524 2793 1578 terrenus,
2825 1509 3094 1567 secundus
3150 1507 3215 1562 de
3271 1506 3402 1561 coelo
3431 1521 3528 1559 cce-

1879 1612 2047 1667 lestis.
2078 1608 2311 1665 Primus
2343 1606 2519 1661 homo
2570 1605 2641 1659 de
2689 1606 2845 1657 terra
2892 1604 3182 1664 terrenus,
3215 1594 3314 1650 ille
3343 1594 3528 1649 Adam

1881 1700 1951 1755 de
1979 1698 2120 1753 limo
2154 1698 2462 1761 formatus,
2492 1698 2626 1759 etc.,
2651 1707 2818 1763 usque
2838 1690 2908 1744 ad
2931 1686 3127 1743 refecti
3159 1683 3527 1756 sumus.(Id.,

1881 1789 1979 1845 lib.
2005 1795 2176 1845 contr.
2210 1789 2391 1842 Faust.
2422 1802 2483 1851 ιι,
2516 1788 2659 1839 tom.
2684 1780 2837 1847 VIII,
2873 1777 2981 1833 col.
3013 1775 3165 1847 211.)

1954 1878 2186 1932 Primus
2217 1876 2393 1931 homo
2423 1874 2608 1928 Adam
2640 1870 2725 1926 sic
2755 1868 2896 1925 olim
2929 1866 3240 1922 defunctus
3270 1865 3528 1931 est,etc.,

1882 1983 2054 2039 usque
2077 1967 2145 2021 ad
2166 1969 2222 2020 et
2244 1964 2558 2019 secundus.
2592 1961 2723 2031 (Id.,
2760 1958 2854 2014 lib.
2889 1960 3036 2014 Sent.
3068 1954 3529 2025 Prosperi.,tom.

1882 2058 1947 2126 X,
1983 2059 2131 2128 part.
2166 2072 2229 2119 II,
2262 2052 2370 2109 col.
2398 2052 2581 2119 1885.)

1954 2147 2060 2201 Hoc
2089 2152 2272 2199 autem
2300 2142 2419 2197 dico
2460 2142 2682 2211 fratres,
2739 2138 3001 2209 quoniam
3027 2148 3155 2189 caro
3212 2139 3261 2187 et
3307 2130 3535 2199 sanguis

1883 2252 2116 2305 regnum
2148 2235 2251 2289 Dei
2275 2230 2551 2304 possidere
2571 2244 2682 2283 non
2728 2232 2953 2297 possunt
2973 2243 2991 2279 :
3011 2239 3182 2294 neque
3237 2220 3533 2291 corruptio,

1885 2325 2352 2395 incorruptionem
2378 2318 2696 2391 possidebit.
2729 2313 2974 2370 Nolebat
3004 2329 3101 2368 eos
3123 2311 3195 2366 ad
3227 2309 3336 2364 hoc
3356 2307 3533 2362 aediﬁ-

1885 2415 2002 2469 cari
2029 2416 2114 2467 :ut
2129 2409 2571 2469 arbitrarentur,
2604 2409 2714 2460 etc.
2725 2418 2916 2474 ,usque
2926 2401 2995 2456 ad
3009 2401 3078 2455 de
3090 2395 3533 2455 resurrectione.

1887 2503 2015 2575 (Id.,
2046 2517 2207 2557 serm.
2244 2499 2310 2554 de
2358 2498 2548 2552 Rcsur.
2597 2501 2780 2561 mort.,
2828 2496 2971 2546 tom.
3020 2488 3090 2557 V,
3154 2490 3303 2560 part.
3336 2503 3396 2555 Il,
3425 2483 3535 2540 col.

1889 2590 2071 2662 1623)
2931 2584 2939 2592 ·

1959 2679 2263 2735 Credimus
2293 2680 2350 2731 et
2394 2673 2588 2731 carnis
2626 2668 3133 2735 resurrectionem,
3167 2682 3283 2721 non
3306 2666 3538 2720 tantum

1889 2787 2026 2842 qua,
2058 2773 2190 2835 etc.,
2222 2781 2392 2837 usque
2422 2764 2493 2819 ad
2525 2762 2679 2833 quod
2711 2759 2996 2831 scriptum
3027 2755 3274 2827 est.(Id.,
3305 2751 3540 2809 serm.de

1886 2876 2050 2931 sym.,
2083 2861 2227 2912 tom.
2249 2854 2346 2921 VI,
2379 2852 2488 2909 col.
2525 2850 2669 2921 194.)

1960 2946 2116 3003 Dixit
2142 2943 2477 3017 Apostolus,
2505 2958 2639 2995 cum
2673 2938 2806 2993 inde
2838 2936 3195 3007 loqueretur,
3229 2936 3540 3001 etc.,usque

1862 3020 1958 3093 ad
1989 3035 2265 3093 continuo
2299 3029 2654 3088 subdidisse.
2688 3029 2819 3098 (Id.,
2851 3028 2948 3081 lib.
2984 3042 2998 3081 I
3032 3026 3289 3088 Retract.,
3313 3024 3455 3076 tom.
3491 3022 3537 3086 Ι,

1891 3126 2143 3281 00163313
2152 3125 2297 3285 .grgo
2330 3211 2410 3267 ait
2441 3206 2754 3281 Apostolus
2778 3205 2942 3262 :Caro
2955 3208 3011 3260 et
3031 3200 3271 3274 sanguis
3293 3214 3539 3270 regnum

1817 3290 1859 3357 C
1894 3305 1996 3361 Dei
2026 3321 2143 3360 non
2174 3300 2578 3375 possidebunt,
2611 3300 2745 3363 etc.,
2770 3309 2939 3366 usque
2968 3292 3037 3347 ad
3067 3292 3183 3347 ista
3210 3286 3538 3345 dilexerint.

1896 3395 2023 3468 (Id.,
2057 3394 2152 3449 lib.
2187 3409 2226 3446 II
2262 3396 2515 3456 Retract.,
2552 3391 2697 3442 tom.
2735 3385 2779 3450 Ι,
2813 3381 2919 3440 col.
2948 3380 3098 3453 63L)

1968 3488 2098 3540 Ecce
2126 3481 2448 3553 mysterium
2475 3478 2626 3532 vobis
2683 3475 2821 3530 dico.
2878 3472 3070 3528 Omnes
3116 3466 3335 3540 quidem
3364 3481 3545 3521 resur-

1894 3589 2100 3643 gemus,
2133 3571 2225 3627 sed
2252 3585 2363 3625 non
2392 3582 2575 3623 omnes
2624 3564 3057 3620 immulabimur.
3092 3557 3377 3628 Resurget
3406 3569 3543 3626 ergo

1896 3642 2030 3735 pius
2061 3660 2335 3733 populus,
2369 3661 2676 3727 etc.,usque
2704 3652 2774 3709 ad
2805 3644 3458 3725 praecipitetur.(ld.,lib.
3482 3642 3547 3698 de

1896 3769 2025 3807 vera
2054 3751 2226 3818 Relig.
2261 3753 2404 3803 tom.
2438 3744 2537 3811 ΙΙΙ,
2571 3747 2722 3816 part.
2758 3759 2796 3809 ι,
2823 3740 2933 3797 col.
2971 3736 3117 3808 144.)

1967 3839 2123 3896 Dixit
2153 3835 2480 3909 Apostolus,
2516 3849 2651 3889 cum
2683 3832 2753 3886 de
2784 3826 3205 3885 resurrectione
3236 3836 3545 3895 corporum

1898 3929 2251 4001 loqueretur,
2285 3929 2418 3989 etc.,
2446 3936 2616 3992 usque
2636 3920 2707 3975 ad
2735 3934 2907 3974 nosse
2934 3914 3250 3986 possimus.
3289 3911 3419 3982 (Id.,
3446 3910 3542 3963 lib.

1898 4035 1972 4072 xx
2001 4018 2065 4071 dc
2093 4017 2209 4072 Civ.
2244 4015 2362 4077 Dei,
2385 4015 2527 4066 tom.
2562 4010 2715 4073 VlII,
2749 4005 2858 4061 col.
2888 4006 2997 4058 688
3026 4006 3083 4057 et
3114 4003 3263 4072 seq.)

1971 4105 2319 4174 Priusquam
2351 4098 2701 4155 miserarum
2733 4090 3271 4156 delectationum,et
3289 4085 3549 4157 volupta-

1900 4200 2048 4261 tum,
2106 4195 2238 4257 eto.,
2299 4204 2469 4260 usque
2515 4185 2585 4240 ad
2634 4182 2962 4238 finirentur.
3028 4180 3153 4251 (Id.,
3215 4183 3371 4232 tract.
3400 4176 3544 4247 psal.

1903 4301 2033 4352 LVII,
2066 4286 2207 4337 tom.
2236 4278 2328 4347 IV,
2362 4280 2511 4350 part.
2543 4292 2582 4340 ι,
2618 4272 2725 4330 col.
2758 4271 2909 4337 689.)

1972 4375 2035 4428 In
2057 4369 2412 4435 momento,in
2444 4368 2553 4421 ictu
2582 4363 2747 4429 oculi,
2781 4361 2839 4416 in
2872 4359 3170 4413 novissima
3200 4356 3348 4411 tuba.
3376 4354 3550 4409 Canct

1902 4463 2051 4517 enim
2080 4460 2209 4516 tuba
2231 4477 2250 4514 :
2269 4456 2473 4512 mortui
2492 4458 2774 4524 resurgant
2793 4448 3118 4519 incorrupti,
3150 4454 3201 4501 et
3230 4460 3325 4501 nos
3356 4445 3542 4498 immw

1905 4550 2166 4607 tabimur.
2201 4546 2348 4611 Quid
2379 4545 2457 4600 sit
2504 4546 2760 4606 atomus,
2788 4536 2961 4594 multi
2998 4539 3259 4591 vestrum
3292 4548 3407 4586 non
3441 4548 3551 4586 no-

1907 4644 2062 4695 runt.
2094 4640 2339 4693 Atomus
2388 4634 2602 4697 dictus,
2652 4634 2789 4698 etc.,
2827 4643 2996 4699 usque
3051 4624 3122 4679 ad
3168 4618 3551 4677 novissimam

1905 4728 2067 4785 dicit.
2099 4727 2229 4799 (Id.,
2263 4741 2427 4781 serm.
2459 4722 2524 4779 de
2554 4723 2742 4777 Resur.
2790 4725 2974 4784 mort.,
3022 4719 3163 4771 tom.
3200 4711 3268 4777 V,
3301 4712 3453 4782 part.
3488 4724 3549 4775 II,

1905 4818 2013 4874 col.
2048 4817 2186 4873 4624
2216 4819 2272 4870 et
2297 4817 2441 4884 seq.)

1976 4905 2137 4972 Quod
2168 4901 2382 4958 Christi
2405 4916 2618 4972 corpus
2660 4914 2776 4953 non
2817 4892 3170 4951 dissolutum
3190 4888 3346 4958 tabe,
3378 4888 3555 4956 atque

1906 4994 2213 5068 putredine
2243 4991 2355 5057 die,
2391 4993 2526 5055 etc.,
2560 5003 2731 5060 usque
2762 4985 2831 5041 ad
2860 4982 3251 5068 redditurum.
3278 4975 3416 5068 (Id.,
3455 4974 3551 5029 lib.

1905 5066 1961 5141 vI
1991 5088 2197 5154 Quwst.
2232 5088 2418 5136 contra
2450 5080 2684 5153 Pagan.,
2719 5080 2863 5131 tom.
2896 5072 2966 5137 ΙΙ,
3000 5069 3107 5126 col.
3143 5066 3293 5138 372.)

1978 5153 2123 5229 Cum
2155 5168 2333 5227 solem
2367 5168 2667 5223 intuemur
2695 5161 3156 5226 orientem,certe
3179 5153 3556 5210 manifestum

1909 5265 2016 5329 est,
2049 5265 2178 5326 etc.,
2208 5273 2377 5329 usque
2406 5257 2476 5312 ad
2507 5253 2752 5310 celerius
2792 5247 3060 5305 inveniri.
3112 5245 3243 5318 (Id.,
3278 5243 3374 5298 lib.
3410 5259 3467 5297 Iv
3494 5240 3558 5296 de

1909 5356 2041 5407 Gen.
2068 5348 2139 5404 ad
2170 5349 2278 5413 lit.,
2310 5352 2452 5400 tom.
2487 5344 2585 5409 Ill,
2611 5345 2763 5413 part.
2797 5357 2836 5405 ι,
2869 5336 2980 5393 col.
3004 5336 3110 5393 319
3143 5339 3198 5390 et
3231 5334 3381 5404 seq.)

1981 5434 2399 5493 lmmortalitas
2430 5431 2620 5487 carnis
2652 5428 2750 5484 illo
2781 5426 3118 5499 perficietur
3148 5424 3444 5479 momento
3474 5434 3560 5473 re-

1909 5525 2627 5591 surrectionis,etc.,usque
2657 5519 2726 5573 ad
2751 5516 2963 5573 misisti
2994 5516 3198 5570 Jesum
3232 5510 3557 5566 Christum.

1910 5619 2041 5691 (Id.,
2074 5634 2144 5674 ex
2173 5615 2269 5671 lib.
2305 5613 2369 5668 de
2403 5612 2635 5677 Trinit.,
2664 5612 2808 5665 tom.
2843 5606 2989 5673 VIII,
3024 5603 3131 5660 col.
3162 5601 3345 5691 1056.)

1981 5708 2099 5765 Ista
2129 5722 2286 5763 mors
2317 5719 2467 5776 saepe
2488 5701 2548 5759 in
2570 5695 2887 5772 Scripturis
2904 5692 3175 5754 dormitio
3199 5689 3412 5748 dicitur
3432 5702 3561 5760 pro-
