3856 6200
294 318 409 384 351

1510 320 1739 383 FLOR]
1781 317 2093 381 DIACONI
2137 317 2517 380 MONACHI.

3583 317 3694 377 352

295 459 444 529 pter,
477 472 646 530 usque
672 455 742 512 ad
771 454 994 512 ratione
1023 454 1318 530 cogitabit.
1354 455 1484 529 (Id.,
1516 456 1613 512 lib.
1655 456 1719 511 de
1751 454 1939 511 Gratia
1966 453 2022 520 Α
2049 453 2158 509 vici
2192 453 2503 520 mundum,
2536 452 2906 508 confiderunt
2935 454 2991 509 et
3013 449 3295 508 vicerunt.
3328 451 3393 508 In
3440 468 3561 524 quo
3589 451 3694 507 nisi

294 548 439 603 Novi
473 548 814 614 Testamenti,
848 551 991 601 tom.
1017 546 1086 613 II,
1124 543 1233 601 col.
1265 547 1372 601 572
1403 551 1455 600 et
1479 549 1629 617 seq.)

369 636 502 691 Cum
531 644 713 691 autem
741 637 969 691 mortale
1008 635 1109 691 hoc
1158 635 1401 691 induerit
1453 636 1938 705 immortalitatem,

295 732 425 780 tunc
451 725 544 795 ﬁet
568 741 742 781 sermo
773 727 871 796 qui
916 727 1150 796 scriptus
1181 733 1278 780 est.
1312 726 1569 795 Absorpta
1600 732 1678 780 est
1704 741 1848 780 mors
1881 725 1940 779 in

291 814 542 880 victoria,
574 815 671 869 ubi
699 821 772 869 est
804 830 947 869 mors
978 815 1203 869 victoria
1234 814 1376 869 tua?
1405 815 1501 868 ubi
1530 821 1607 868 est
1638 830 1782 868 mors
1812 829 1940 867 acu-

296 902 411 957 leus
444 906 617 957 tuus?
662 906 794 971 etc.,
829 919 998 975 usque
1047 903 1115 957 ad
1166 905 1351 958 inanis
1406 905 1463 957 in
1515 904 1763 958 Domino.
1797 901 1942 965 Quia

295 991 451 1046 sicut
481 991 728 1063 apostoli
746 991 1117 1065 apertissima
1135 992 1312 1047 verba
1327 991 1716 1059 dcclarant,eo
1742 992 1941 1046 absor-

295 1078 550 1146 bebitur,
583 1085 716 1149 etc.,
750 1098 918 1152 usque
947 1081 1017 1136 ad
1039 1080 1544 1151 justilicationem.
1583 1081 1712 1150 (Id.,
1747 1082 1843 1135 lib.
1878 1096 1941 1135 ιιι

296 1167 367 1223 ad
394 1168 792 1235 Marcellinum,
827 1174 969 1225 tom.
1004 1170 1094 1238 IX,
1130 1173 1278 1242 part.
1303 1188 1342 1238 1,
1377 1169 1484 1224 col.
1522 1171 1621 1223 197
1640 1173 1695 1224 ct
1725 1169 1870 1240 seq.)

365 1256 654 1328 Absorpta
686 1264 770 1313 est
807 1276 963 1313 mors
994 1259 1053 1313 in
1083 1258 1465 1314 victoria.Ubi
1498 1262 1586 1313 est
1615 1275 1774 1313 mors
1804 1274 1940 1313 con-

298 1344 481 1400 tentio
514 1351 614 1401 tua
632 1346 771 1402 ‘lUbi
801 1352 891 1402 est
921 1364 1077 1404 mors
1110 1347 1348 1403 aculeus
1380 1351 1519 1402 tuus
1535 1346 1815 1402 ?Aculeus
1837 1365 1942 1402 au-

297 1436 417 1488 tem
450 1435 678 1504 mortis,
740 1439 1082 1508 peccatum:
1130 1437 1313 1492 virtus
1370 1452 1504 1492 vero
1559 1437 1779 1508 peccati
1828 1435 1938 1491 lex.

300 1521 547 1578 Mortem
569 1523 883 1596 significari
908 1525 1156 1580 arbitror
1185 1526 1293 1581 hoc
1324 1524 1939 1593 loco,carnalem,elc.,

303 1627 469 1683 usque
489 1612 560 1667 ad
589 1612 837 1669 carnalis
898 1613 1199 1670 obruetur.
1231 1614 1361 1693 ((Id.,
1412 1616 1506 1670 lib.
1542 1632 1748 1670 manu
1780 1615 1939 1683 Quae-

298 1701 538 1755 stionum
570 1702 717 1758 Rom.
752 1704 841 1772 13,
871 1706 1013 1759 tom.
1037 1704 1131 1773 VI,
1165 1704 1275 1760 col.
1305 1705 1377 1758 79
1406 1708 1462 1760 et
1493 1708 1639 1775 seq.)

2052 543 2111 597 in
2145 542 2263 598 illo.
2296 542 2420 597 Non
2456 542 2610 597 enim
2635 541 2869 597 vicisset
2897 540 2995 597 ille
3025 541 3335 611 mundum,
3362 545 3506 606 etc.,
3536 557 3700 613 usque

2050 632 2119 687 ad
2141 648 2244 704 ego
2274 631 2385 686 vici
2415 631 2705 689 mundum
2731 630 2862 699 (Id.,
2914 631 3013 699 lib,
3063 630 3127 686 de
3173 632 3400 702 Perfert.
3435 632 3587 704 justi
3614 633 3700 686 ho-

2050 723 2240 790 minis,
2273 728 2430 776 tract.
2463 737 2654 789 evang.
2685 737 2789 775 ssc.
2821 722 2980 776 Joan.
3015 720 3074 792 1.)

2663 817 2893 875 CAPUT
2929 818 3071 873 XVI.

2124 904 2206 955 De
2233 900 2469 955 collectis
2492 907 2671 954 autem
2703 914 2828 970 quae
2853 900 2995 971 ﬁunt
3025 900 3085 954 in
3114 908 3345 967 sanctos,
3375 901 3524 955 sicut
3550 900 3696 955 ordi-

2048 991 2180 1044 navi
2208 989 2449 1045 ecclesiis
2464 987 2795 1055 Galatize,ita
2825 995 2876 1043 et
2907 1004 2997 1044 vos
3025 990 3190 1059 facite
3210 1006 3229 1043 :
3244 1004 3345 1060 per
3372 1005 3553 1044 unam
3578 988 3698 1044 sab-

2053 1080 2165 1133 bati
2192 1079 2567 1149 unusquisque
2589 1086 2823 1133 vestrum
2852 1078 2997 1149 apud
3011 1094 3068 1132 se
3080 1080 3608 1150 ponat,etc.,usque
3629 1079 3698 1133 ad

2049 1171 2102 1224 si
2128 1169 2390 1223 Dominus
2417 1169 2745 1239 permiserit.
2778 1167 2848 1221 Et
2904 1166 3206 1238 apostolus
3265 1166 3486 1222 Paulus
3512 1171 3700 1241 potest

2050 1256 2232 1313 videri
2266 1258 2337 1311 de
2368 1256 2623 1311 crastino
2655 1255 3069 1328 cogitare,etc.,
3099 1272 3269 1329 usque
3289 1255 3359 1311 ad
3388 1260 3485 1312 est
3510 1256 3695 1312 nobis.

2052 1348 2132 1419 (S.
2165 1342 2343 1419 Aug..'
2361 1346 2456 1401 lib.
2483 1346 2548 1400 dc
2577 1345 2749 1401 Serm.
2804 1345 3025 1400 Domini
3083 1346 3143 1400 in
3189 1352 3386 1414 monte,
3421 1349 3571 1400 tom.
3600 1345 3696 1412 Ill,

2051 1441 2199 1509 part.
2229 1453 2269 1501 1,
2302 1434 2411 1490 col.
2447 1435 2628 1507 I295.)

2121 1524 2454 1580 Permanebo
2500 1533 2681 1579 autem
2730 1524 2929 1596 Ephesi
2974 1540 3146 1595 usque
3191 1523 3261 1579 ad
3306 1524 3695 1581 Pentecostem.

2053 1614 2260 1670 Ostium
2288 1616 2438 1669 enim
2464 1615 2607 1669 mihi
2653 1622 2901 1685 apertum
2945 1621 3025 1669 est
3051 1630 3333 1685 magnum,
3361 1621 3415 1669 et
3442 1614 3661 1669 evidens
3679 1632 3698 1670 :

2049 1711 2100 1760 et
2128 1703 2436 1759 adversarii
2463 1703 2644 1758 multi.
2674 1703 2735 1758 Si
2765 1709 2947 1757 autem
2974 1704 3182 1757 venerit
3211 1703 3547 1769 Timotheus,
3571 1707 3694 1770 etc.,

369 1789 656 1863 Absorpla
684 1797 774 1847 cst
804 1809 962 1849 mors
992 1793 1051 1848 in
1084 1792 1342 1849 victoria.
1367 1793 1473 1849 Ubi
1508 1799 1595 1849 est
1625 1810 1782 1849 mors
1814 1810 1944 1850 con-
1975 1825 2022 1890 B
2050 1807 2238 1863 usque
2270 1792 2342 1845 ad
2371 1807 2494 1845 cum
2512 1791 2566 1844 ei
2595 1806 2827 1845 vacuum
2842 1790 3188 1861 [ueriLQuid
3211 1789 3305 1845 hic
3328 1789 3493 1845 aliud
3517 1796 3698 1863 potest

297 1878 480 1935 tentio
510 1882 632 1947 tua,
664 1885 796 1950 etc.,
829 1898 999 1954 usque
1026 1883 1096 1938 ad
1126 1883 1478 1938 sacriﬁcium
1508 1883 1774 1939 Domino.
1809 1884 1938 1953 (Id.,

301 1973 457 2023 tract.
486 1970 629 2039 psal.
658 1987 804 2037 Lx1v,
836 1976 980 2026 tom.
1015 1972 1110 2037 IV,
1144 1976 1293 2043 part.
1337 1989 1377 2037 1,
1423 1971 1532 2026 col.
1571 1975 1678 2028 775
1709 1977 1765 2028 et
1794 1972 1940 2045 seq.)

372 2056 536 2112 Tunc
550 2057 647 2113 fiet
666 2058 811 2114 :Non
826 2061 998 2116 modo
1014 2060 1207 2128 ﬁt,sed
1220 2064 1360 2115 tunc
1379 2060 1647 2125 ﬁet.Quid
1660 2064 1799 2117 tune
1819 2062 1943 2117 ﬁet?

301 2144 524 2214 Sermo,
555 2150 689 2212 etc.,
720 2164 892 2220 usque
919 2148 987 2204 ad
1015 2149 1295 2204 victorem
1325 2150 1939 2221 coronavit.(ld.,serm.

300 2232 365 2289 de
394 2250 504 2289 ver.
542 2237 789 2307 Apostoli
815 2238 1053 2305 68,tom.
1091 2237 1154 2306 V,
1179 2242 1329 2310 part.
1364 2255 1424 2307 11,
1459 2238 1679 2294 001.893
1709 2244 1765 2295 et
1795 2239 1940 2313 seq.)

2053 1878 2322 1952 intelligi,
2355 1882 2489 1948 etc.,
2521 1895 2689 1951 usque
2730 1879 2801 1934 ad
2824 1896 2939 1934 non
2970 1882 3060 1934 est
3087 1879 3311 1934 datum.
3347 1880 3481 1952 (Id.,
3515 1881 3611 1935 lib.
3638 1880 3696 1935 de

2049 1969 2287 2025 Prwdes.
2316 1978 2487 2025 sanct.
2519 1972 2664 2023 tom.
2696 1967 2762 2036 X,
2796 1972 2944 2040 part.
2977 1986 3018 2035 1,
3041 1967 3150 2024 col.
3182 1970 3290 2024 989
3317 1972 3377 2024 et
3410 1973 3560 2041 seq.)

2126 2058 2403 2127 Vigilitate
2431 2066 2480 2113 et
2508 2065 2646 2113 state
2668 2058 2727 2112 in
2746 2056 2852 2129 ﬁde
2878 2058 3118 2114 viriliter
3146 2059 3313 2127 agite,
3342 2066 3397 2114 et
3426 2060 3694 2129 conforta-

2050 2149 2212 2203 mini.
2243 2146 2502 2201 Viriliter
2533 2163 2669 2219 age:
2705 2146 2823 2202 noli
2871 2146 3146 2203 dissolvi:
3182 2163 3254 2202 ne
3300 2147 3385 2202 sis
3418 2146 3577 2203 inter
3602 2163 3694 2203 eos

2053 2237 2268 2308 quibus
2299 2236 2515 2292 dicitur
2541 2252 2553 2291 :
2589 2236 2683 2290 Vw
2714 2235 2786 2292 iis
2812 2236 2910 2308 qui
2938 2235 3335 2308 perdiderunt,
3370 2240 3509 2304 etc.,
3533 2252 3695 2308 usque

372 2322 640 2379 Stimulus
680 2333 863 2382 autem
906 2327 1097 2382 mortis
1151 2336 1432 2398 peccatum
1476 2337 1578 2395 est,
1615 2330 1790 2385 virtus
1819 2346 1943 2386 vero
2051 2326 2121 2382 ad
2150 2326 2368 2381 femina
2396 2329 2502 2381 est.
2537 2325 2666 2397 (Id.,
2699 2333 2855 2381 tract.
2875 2327 3019 2398 psal.
3053 2343 3242 2393 xxxw,
3277 2327 3477 2382 eceles.
3511 2330 3595 2395 11.)

296 2414 508 2484 peccati
537 2414 644 2469 lex.
695 2414 950 2471 Aculeus
998 2415 1203 2473 mortis
1251 2420 1555 2489 peccatum
1605 2422 1712 2473 est.
1765 2419 1943 2489 Cujus

302 2501 616 2573 punctione
645 2503 798 2559 facta
828 2508 917 2559 est
947 2521 1127 2561 mors.
1160 2506 1466 2562 Peccatum
1496 2507 1824 2579 quasi,etc.,
1857 2526 1944 2563 us-

2126 2416 2323 2471 Omnia
2352 2423 2529 2471 vestra
2578 2417 2634 2470 in
2684 2416 2950 2471 charitcte
2976 2417 3129 2486 ﬁant,
3153 2418 3369 2472 obsecro
3400 2424 3585 2471 autem
3614 2431 3694 2470 vos

2050 2507 2269 2576 fratres,
2319 2507 2492 2561 nostis
2541 2504 2761 2560 domum
2815 2504 3123 2578 Stephants,
3181 2514 3234 2561 et
3284 2507 3595 2571 Fortunati,
3648 2512 3694 2559 et

302 2606 405 2662 que
451 2591 522 2646 ad
552 2609 657 2648 nec
687 2594 933 2666 possint.
968 2595 1100 2667 (Id.,
1130 2611 1293 2651 serm.
1324 2594 1389 2650 de
1430 2598 1576 2651 verb.
1610 2599 1856 2669 Apostoli
1888 2600 1947 2653 in
2053 2596 2298 2662 Achaici,
2333 2595 2593 2666 quoniam
2621 2602 2749 2650 sunt
2773 2596 3053 2666 primitur
3099 2595 3351 2651 Achaicae
3372 2613 3390 2649 :
3423 2603 3477 2650 et
3508 2596 3569 2649 in
3595 2595 3694 2648 mi-

298 2695 420 2753 cap.
450 2681 487 2736 5
507 2684 744 2754 positis.)

371 2769 684 2841 Apostolus
713 2789 847 2829 cum
881 2772 1049 2830 vellet
1077 2775 1383 2830 ostendere
1424 2778 1711 2848 quantum
1744 2793 1946 2849 pecca-

302 2858 428 2912 tum
458 2859 665 2932 gratia,
699 2865 832 2930 etc.,
864 2880 1036 2936 usque
1073 2864 1142 2919 ad
1189 2864 1317 2937 ipsa
1365 2865 1776 2920 contemnitur'
1809 2866 1943 2937 (Id.,

304 2944 402 3001 lib.
434 2965 533 3004 x111
564 2950 630 3005 dc
655 2953 773 3008 Civ.
806 2954 929 3021 Dei,
964 2957 1105 3009 tom.
1132 2953 1252 3022 VII,
1287 2953 1397 3010 col.
1430 2954 1578 3026 380.)

371 3036 631 3109 Augetur
658 3039 815 3094 enim
864 3040 1357 3113 concupiscentia,
1397 3045 1454 3097 et
1506 3043 1779 3114 majores,
1812 3045 1946 3111 etc.,

301 3139 471 3196 usque
499 3126 569 3181 ad
596 3128 949 3199 adjuvantis.
977 3130 1110 3201 (Id.,
1142 3131 1217 3185 lib
1244 3131 1309 3186 de
1357 3131 1538 3187 Gratia
1571 3140 1624 3187 et
1654 3134 1824 3190 libero
1853 3150 1944 3188 ar-

304 3213 486 3269 bitrio.
523 3219 664 3270 tom.
693 3217 759 3287 X,
794 3221 942 3289 part.
978 3236 1016 3287 1,
1049 3218 1158 3274 col.
1192 3219 1340 3291 887.)

2053 2686 2346 2741 nisterium
2372 2691 2706 2747 sanctorum,
2748 2687 2881 2750 etc.,
2917 2700 3106 2755 usque
3153 2684 3225 2741 ad
3274 2684 3554 2740 Salutatio
3582 2699 3697 2736 mea

2053 2791 2224 2829 manu
2252 2774 2438 2829 Pauli.
2476 2772 2621 2828 Cum
2666 2771 2842 2828 dicit:
2877 2772 3087 2828 Omnia
3133 2776 3326 2829 vestra
3376 2789 3519 2828 cum
3567 2771 3696 2826 cha-

2056 2862 2225 2918 ritate
2256 2863 2418 2927 ﬁant,
2453 2867 2586 2930 etc.,
2634 2879 2806 2933 usque
2862 2862 2932 2917 ad
2976 2865 3269 2933 operatur.
3304 2861 3438 2933 (Id.,
3487 2860 3585 2916 lib.
3640 2859 3698 2913 de

2058 2953 2250 3010 Gratia
2278 2960 2329 3007 et
2360 2952 2456 3007 lib.
2489 2952 2676 3021 arbit.,
2710 2955 2852 3007 tom.
2887 2951 2953 3019 X,
2985 2955 3134 3024 part.
3168 2968 3207 3019 1,
3232 2950 3340 3006 col.
3374 2950 3531 3021 902.)

2128 3044 2190 3100 Si
2218 3044 2340 3115 quis
2371 3058 2482 3097 non
2512 3050 2661 3096 amat
2712 3042 3015 3097 Dominum
3056 3048 3304 3095 nostrum
3329 3044 3529 3097 Iesum
3557 3037 3699 3093 Chri-

2055 3141 2240 3188 stum:
2287 3133 2360 3187 sit
2405 3131 2715 3197 anathema,
2768 3133 2902 3196 etc.,
2956 3145 3143 3200 usque
3190 3127 3262 3183 ad
3322 3129 3536 3184 Christo
3561 3126 3694 3191 Iesu,

1976 3196 2019 3263 (ἶ
2057 3222 2244 3277 Amen.
2280 3218 2467 3276 Simul
2491 3220 2686 3275 Graeco
2704 3196 2763 3273 et
2795 3219 2937 3291 Syro
2968 3196 3153 3275 utitur
3171 3217 3364 3283 verbo,
3396 3222 3699 3287 etc.,usque

370 3302 475 3359 Deo
494 3312 677 3360 autem
721 3308 933 3374 gratias
979 3309 1076 3378 qui
1121 3308 1268 3364 dedit
1321 3309 1475 3365 nobis
1528 3313 1813 3367 victoriam
1844 3328 1945 3383 per
2051 3312 2122 3367 ad
2152 3309 2440 3366 Dominus
2470 3308 2685 3364 redeat.
2710 3308 2840 3379 (Id.,
2871 3308 3426 3363 serm.altercationis
3456 3322 3581 3363 cum
3597 3305 3693 3359 Pa-

298 3389 479 3445 lesum
509 3390 848 3449 Christinum
878 3398 1176 3453 Dominum
1203 3405 1472 3454 nostrum.
1507 3399 1789 3456 Confidite
1815 3416 1941 3473 :ego

2050 3400 2251 3456 scentio
2281 3400 2507 3469 Ariano,
2540 3401 2683 3451 tom.
2720 3396 2789 3463 II,
2823 3394 2932 3451 col.
2959 3395 3140 3467 Il6l.)

1042 3626 1145 3710 ΙΝ
1208 3625 1851 3716 EPISTOLAM
1903 3627 1977 3712 ll
2032 3628 2175 3713 AD
2235 3622 2962 3714 CORINTHIOS.

1794 3754 2206 3771 ᾙ

857 3829 1379 3886 ABGUMENTUM.

367 3912 505 3969 Post
533 3918 723 3971 actam
755 3932 789 3971 a
818 3916 1131 3976 Corinthiis
1178 3920 1582 3993 paenitentiam
1615 3920 1939 3977 consolato-

2120 3828 2482 3887 Exultabunt
2536 3827 2724 3884 sancti
2772 3825 2833 3882 in
2885 3828 3093 3901 gloria,
3152 3827 3534 3896 laetabuntur,
3591 3829 3688 3880 etc.

2048 3920 2173 3976 Non
2205 3920 2266 3974 in
2296 3918 2566 3985 theatris,
2596 3922 2727 3985 etc.,
2761 3934 2927 3990 usque
2957 3917 3027 3972 ad
3054 3915 3368 3974 inchoavit.
3398 3916 3685 3988 (Id.,tract.

297 4000 443 4056 riam
475 4002 679 4059 scribit
708 4004 792 4061 eis
821 4006 1129 4079 epistolam
1180 4008 1478 4081 apostolus
1525 4027 1559 4064 a
1583 4010 1806 4066 Troade
1839 4027 1942 4083 per
2042 4010 2187 4081 psal.
2222 4025 2404 4075 CXLIX,
2438 4010 2582 4063 tom.
2616 4006 2680 4073 V,
2714 4011 2865 4078 part.
2901 4024 2939 4075 1,
2971 4004 3081 4062 col.
3117 4005 3299 4072 1955.)

297 4090 624 4159 Titum;et
666 4093 1011 4153 collaudans
1058 4114 1178 4163 eos,
1230 4098 1500 4154 hortatur
1556 4098 1627 4153 ad
1674 4098 1938 4167 meliora,

296 4178 669 4235 contristatos
700 4181 938 4253 quidem
966 4186 1195 4253 eos,scd
1227 4187 1569 4242 emendatos
1601 4188 1936 4242 ostendens.

825 4281 1054 4338 CAPUT
1094 4283 1404 4340 PRIMUM.

2118 4096 2416 4164 Nemo'est
2438 4094 2670 4150 diabolo
2700 4094 2950 4150 astutior
2995 4095 3065 4149 ad
3114 4094 3435 4167 ﬁgendum.
3466 4094 3610 4149 Nam
3637 4095 3687 4146 et

2049 4202 2206 4241 nunc
2230 4185 2429 4241 omnia
2459 4182 2606 4240 falsa
2627 4183 2873 4239 crimina
2893 4184 2965 4239 de
2986 4183 3210 4238 sanctis
3240 4183 3363 4255 ipse
3394 4181 3682 4255 conﬁngit,

2049 4274 2160 4330 scit
2188 4291 2328 4330 suas
2359 4272 2822 4338 criminationes,
2854 4276 2988 4339 etc.,
3035 4289 3203 4344 usque
3251 4272 3322 4327 ad
3369 4271 3682 4345 adimplete

368 4358 576 4436 Paulus
605 4360 876 4430 apostolus
908 4361 1111 4419 Christi
1154 4366 1278 4420 Jesu
1314 4380 1414 4436 per
1457 4364 1791 4419 voluntatem
1817 4364 1935 4433 Dei,
1967 4365 2015 4429 D
2046 4367 2203 4419 sunt.
2237 4363 2370 4431 (Id.,
2402 4378 2510 4418 ser.
2543 4362 2609 4418 de
2636 4378 2752 4418 ver.
2786 4362 3015 4433 Evang.,
3050 4362 3146 4418 lib.
3178 4370 3352 4418 contr.
3380 4363 3589 4430 Faust.)

294 4454 346 4502 et
378 4429 679 4504 Timotheus
700 4450 876 4520 frater
918 4453 1161 4509 ecclesiae
1209 4429 1331 4519 Dei,
1374 4467 1498 4523 quae
1544 4460 1621 4507 est
1666 4429 1936 4519 Corinthi,

294 4552 417 4592 cum
441 4538 687 4595 omnibus
714 4542 939 4612 sanctis,
972 4542 1070 4613 qui
1121 4549 1251 4596 sunt
1286 4543 1346 4596 in
1402 4541 1659 4596 universa
1707 4542 1934 4597 Achaia.

297 4625 484 4682 Gratia
515 4628 663 4683 vobis
692 4636 744 4684 et
767 4645 901 4700 pax,
945 4646 979 4685 a
1021 4631 1128 4685 Deo
1170 4636 1328 4702 patre
1380 4637 1580 4696 nostro,
1610 4637 1663 4685 et
1713 4631 1938 4687 Domino

293 4718 423 4772 Jesu
453 4716 682 4773 Christo.
726 4718 1042 4775 Benedictus
1070 4719 1232 4785 Deus,
1282 4726 1335 4775 et
1372 4727 1550 4791 pater,
1583 4722 1717 4787 etc.,
1751 4736 1938 4791 usque

295 4821 361 4859 ae
390 4813 448 4860 ut
472 4823 542 4861 ex
568 4807 873 4863 multarum
899 4810 1146 4880 personis
1165 4810 1435 4880 faeierum
1466 4808 1583 4879 ejus
1612 4823 1739 4879 qum
1768 4810 1823 4864 in
1844 4825 1938 4865 no-

296 4893 379 4948 bis
409 4902 490 4950 est
535 4895 847 4952 donationis
897 4912 998 4968 per
1041 4898 1241 4953 multos
1296 4898 1505 4970 gratia:
1560 4904 1799 4967 agantur
1835 4914 1936 4969 pro

293 4984 470 5039 nobis.
502 4984 673 5040 Amat
710 4984 926 5040 Paulus
974 4984 1088 5040 dici
1119 5002 1153 5040 a
1207 4984 1376 5040 nobis
1437 4988 1673 5057 peccata
1694 5001 1837 5040 sua:
1873 4989 1939 5041 ut

292 5070 649 5143 gloriﬁcetur
674 5072 792 5144 ille,
826 5090 995 5145 usque
1023 5074 1093 5129 ad
1122 5077 1326 5130 sanata
1356 5078 1464 5129 est.
1491 5074 1572 5144 (S.
1603 5075 1933 5146 Aug.,tract.

291 5163 445 5232 epist.
475 5164 632 5218 Joan.
664 5167 804 5218 tom.
841 5163 941 5231 Ill,
976 5166 1124 5235 part.
1158 5178 1220 5231 11,
1256 5163 1363 5217 col.
1394 5162 1579 5233 2037.)

363 5252 497 5306 Nam
524 5252 783 5319 gloriatio
814 5260 1001 5307 nostra
1025 5252 1144 5308 haec
1163 5259 1240 5307 est
1268 5254 1637 5308 testimonium
1663 5255 1936 5310 conscien-

294 5342 391 5396 tiae
419 5348 641 5407 nostrae,
676 5340 815 5411 quod
843 5341 904 5394 in
940 5341 1288 5411 simplicitate
1326 5340 1504 5396 cordis
1547 5349 1599 5397 et
1626 5344 1938 5399 sinceritate

293 5429 409 5493 Dei,
443 5432 769 5500 etc.,usque
801 5427 874 5482 ad
898 5427 991 5482 sed
1019 5436 1093 5484 est
1122 5430 1182 5483 in
1212 5430 1309 5485 illo
1339 5438 1432 5485 est.
1450 5431 1709 5502 Superba
1741 5432 1939 5488 anima

291 5516 350 5570 in
366 5523 677 5588 conspectu
690 5514 1331 5591 hominum,etc.,usque
1342 5520 1543 5593 adipsa
1555 5521 1931 5577 conscientia.

296 5604 427 5674 (Id.,
461 5612 615 5661 tract.
645 5605 1041 5679 psal_xx,tom.
1065 5604 1156 5679 IV,
1190 5612 1336 5681 part.
1370 5627 1411 5682 1,
1444 5609 1553 5666 col.
1585 5610 1688 5665 164
1712 5613 1767 5665 et
1788 5612 1937 5682 seq.)

2118 4453 2232 4508 Nec
2260 4469 2360 4508 eos
2390 4450 2701 4508 audiamus
2732 4450 2831 4523 qui
2861 4468 2976 4507 non
3005 4468 3207 4507 verum
3241 4451 3567 4517 hominem,
3582 4452 3676 4504 etc.

2047 4558 2219 4613 usque
2264 4541 2336 4596 ad
2381 4540 2762 4597 mentiantur.
2795 4541 2925 4611 (Id.,
2960 4542 3057 4597 lib.
3119 4540 3183 4597 de
3230 4542 3413 4611 Agone
3470 4540 3677 4596 Christ.

2047 4634 2192 4686 tom.
2221 4629 2316 4697 VI,
2350 4629 2460 4686 col.
2494 4631 2599 4686 300
2630 4635 2688 4686 et
2718 4633 2862 4704 seq.)

2116 4718 2332 4775 Omnes
2363 4717 2520 4774 enim
2550 4719 2972 4792 promissiones
3002 4717 3125 4788 Dei,
3160 4720 3219 4776 in
3253 4717 3353 4775 illo
3385 4722 3477 4774 est
3501 4718 3575 4775 :id
3602 4717 3682 4771 est

2047 4806 2107 4861 in
2140 4805 2263 4873 illo,
2297 4810 2429 4875 etc.,
2470 4824 2642 4880 usque
2691 4808 2760 4863 ad
2790 4807 2861 4864 ad
2884 4811 2941 4863 te
2968 4807 3143 4864 Deus.
3173 4808 3369 4878 (Ibid.,
3402 4805 3515 4863 col.
3545 4803 3679 4874 296.)

2115 4895 2330 4951 Notum
2352 4912 2489 4969 ergo
2520 4897 2729 4952 fratres
2760 4896 3117 4953 desiderium
3146 4901 3420 4953 nostrum
3450 4912 3564 4952 non
3594 4892 3678 4961 sit,

2047 4983 2159 5038 nisi
2193 4985 2266 5039 ad
2286 4984 2466 5040 vitam
2500 4989 3125 5058 aeternam,etc.,usque
3144 4986 3215 5042 ad
3245 4985 3362 5042 alet
3391 4985 3452 5040 in
3483 4982 3675 5057 patria.

2045 5072 2177 5142 (Id.,
2210 5090 2372 5129 serm.
2405 5072 2471 5129 de
2497 5091 2605 5130 ver.
2642 5076 2850 5147 Apost.)

2703 5172 2932 5229 CAPUT
2968 5173 3038 5229 II.

2112 5252 2298 5308 Statui
2341 5258 2521 5306 autem
2572 5252 2670 5309 hoc
2716 5255 2897 5325 ipsum
2932 5253 3079 5325 apud
3119 5269 3240 5309 me:
3269 5269 3338 5309 ne
3385 5254 3582 5309 iterum
3624 5252 3676 5306 in

2046 5342 2274 5398 tristitia
2300 5342 2543 5396 venirem
2573 5341 2643 5396 ad
2671 5359 2781 5410 vos,
2813 5344 2865 5397 si
2892 5345 3041 5398 enim
3068 5359 3165 5412 ego
3213 5344 3474 5399 contristo
3502 5358 3606 5407 vos,
3633 5346 3676 5395 et

2044 5432 2167 5502 quis
2196 5438 2274 5485 est
2306 5431 2401 5502 qui
2418 5446 2503 5486 me
2535 5430 2787 5502 laetiﬁcat,
2820 5433 2933 5487 nisi
2958 5434 3057 5504 qui
3082 5434 3444 5488 contristatur
3470 5449 3540 5488 ea:
3561 5431 3676 5486 me?

2043 5521 2108 5576 Et
2137 5520 2234 5575 hoc
2264 5521 2443 5590 ipsum
2460 5521 2658 5591 scripsi
2682 5521 2851 5589 vobis,
2888 5525 3020 5591 etc.,
3054 5537 3243 5594 usque
3273 5521 3346 5577 ad
3370 5521 3464 5577 sed
3491 5520 3675 5591 valefa-

2043 5624 2191 5665 ciens
2219 5609 2317 5678 eis,
2345 5610 2622 5680 profectus
2650 5626 2774 5666 sum
2813 5612 2874 5667 in
2918 5610 3306 5669 Macedoniam.
3340 5610 3564 5680 Quibus
3588 5623 3673 5665 va-
