3856 6200
139 331 253 394 353

917 326 1333 389 EXPOSITIO
1382 324 1458 387 ΙΝ
1504 325 1676 387 ΕΡΡ.
1723 324 1766 385 P

1968 371 1981 385 .
2015 359 2093 369 —
2130 324 2252 386 ΕΡ.
2299 325 2378 385 ΙΙ.
2427 326 2528 386 AD
2575 325 2750 387 CQR.

3413 328 3532 390 354

139 460 351 518 lefecit?
370 462 509 530 etc.,
530 473 703 530 usque
730 457 801 513 ad
829 461 1096 529 apertum
1128 462 1217 513 est
1239 456 1477 513 ostium.
1500 458 1770 530 (S.Aug.,
1801 459 1855 524 Α
1885 460 2093 523 teram,
2138 462 2273 519 etc.,
2323 472 2491 527 usque
2546 456 2617 512 ad
2668 456 2787 511 sint
2845 455 3020 515 mala.
3056 458 3186 531 (Id.,
3218 458 3321 515 lib.
3356 470 3529 519 contr.

138 553 226 606 lib.
255 549 316 604 de
342 547 529 605 Praed.
562 554 757 614 sanct.,
792 549 931 602 tom.
966 546 1033 614 X,
1066 551 1218 618 part.
1247 563 1287 614 1,
1319 546 1427 602 col.
1457 546 1606 613 990.)

196 640 294 694 Deo
321 644 507 692 autem
536 638 770 706 gratias,
801 637 898 708 qui
941 652 1151 707 semper
1204 635 1513 707 triumphat
1570 651 1668 690 nos
1716 637 1775 690 in

136 728 344 785 Christo
382 728 513 782 Jesu
542 744 562 780 :
593 732 644 781 et
697 725 914 781 odorem
971 726 1208 791 notitiae,
1259 729 1393 793 etc.,
1453 741 1642 796 usque
1700 724 1773 778 ad

132 817 332 874 Christo
361 815 662 887 loquimur.
682 815 826 869 Ecce
859 814 1012 870 unde
1033 813 1255 886 gratias
1277 813 1396 886 agit
1418 812 1586 869 miles
1617 830 1775 868 acer-

134 906 328 971 rimus,
361 908 500 975 etc.,
532 919 704 975 usque
746 903 817 958 ad
859 903 1124 958 idoneus.
1162 903 1292 975 (Id.,
1328 903 1486 970 ibid.,
1521 906 1663 958 tom.
1700 907 1772 969 X,

135 998 271 1069 part.
301 1010 341 1061 1,
375 992 484 1050 col.
521 993 674 1063 990.)

198 1084 412 1139 Domus
434 1086 633 1138 autem
660 1081 879 1153 repleta
900 1084 989 1137 est
1010 1081 1206 1148 odore,
1230 1086 1363 1149 etc.,
1385 1098 1554 1155 usque
1585 1082 1654 1136 ad
1674 1098 1773 1136 oc-

137 1173 265 1230 cidit
292 1172 485 1228 honus
516 1171 678 1227 odor.
713 1170 846 1243 (Id.,
871 1178 1025 1226 tract.
1060 1187 1112 1228 L1
1140 1172 1199 1226 in
1229 1187 1422 1241 evang.
1454 1188 1558 1227 sec.
1589 1172 1771 1237 Joan.,

136 1269 267 1318 tom.
298 1264 398 1327 ΙΙΙ,
430 1264 584 1333 part.
615 1277 676 1330 11,
708 1259 817 1315 col.
856 1261 993 1314 1760
1023 1263 1079 1315 et
1109 1263 1258 1332 seq.)

202 1351 415 1407 Habeat
444 1349 662 1422 aliquis
694 1365 906 1405 sanum
936 1348 1237 1418 olfactum,
1273 1348 1597 1405 consentiat
1628 1366 1773 1422 quo-

140 1440 320 1508 modo,
353 1443 487 1506 etc.,
520 1455 691 1510 usque
737 1438 808 1493 ad
858 1438 1237 1511 respiramus.
1275 1439 1403 1511 (Id.,
1440 1447 1597 1495 tract.
1624 1440 1769 1511 psal.

135 1546 331 1594 xxxv",
364 1533 510 1583 tom.
543 1527 638 1594 IV,
674 1531 822 1600 part.
856 1544 918 1596 11,
950 1526 1057 1583 col.
1092 1529 1240 1597 401.)

202 1618 334 1674 Inde
362 1617 555 1673 bonus
585 1616 728 1672 odor
757 1616 856 1688 qui
883 1615 1251 1689 signiﬁcatur
1280 1616 1603 1673 nominatis
1643 1617 1771 1689 qui-

137 1707 393 1777 busdam,
427 1711 566 1772 etc.,
600 1722 769 1778 usque
797 1706 867 1761 ad
900 1706 1050 1761 bono
1081 1707 1276 1762 odore.
1300 1707 1607 1775 (Id.,tract.
1627 1708 1769 1779 psal.

139 1813 255 1863 xm,
286 1800 427 1851 tom.
464 1794 558 1864 IV,
593 1798 743 1867 part.
777 1812 856 1862 1v,
889 1794 999 1850 col.
1026 1796 1133 1850 507
1161 1799 1219 1850 et
1248 1799 1399 1867 seq.)

201 1885 344 1940 Dicit
394 1883 525 1957 ipsa
583 1883 882 1939 dominica
937 1900 1154 1955 sponsa
1186 1900 1199 1938 :
1233 1884 1369 1940 Post
1397 1884 1634 1940 odorem
1664 1902 1776 1939 un-

142 1979 494 2048 guentorum,
529 1977 665 2042 etc.,
688 1990 857 2045 usque
888 1974 957 2029 ad
978 1973 1437 2028 diffundebatur.
1462 1974 1770 2043 (Id.,serm.

143 2067 193 2120 in
221 2063 395 2118 natali
420 2070 611 2130 mart.,
645 2066 785 2119 tom.
820 2067 889 2130 V,
924 2067 1075 2135 part.
1110 2080 1149 2127 1,
1184 2062 1293 2118 col.
1330 2062 1511 2135 1250.)

206 2153 391 2208 Bonus
421 2151 567 2207 odor
596 2150 808 2208 Christi
841 2156 932 2208 est
962 2152 1315 2224 praedicatio,
1342 2156 1478 2218 etc.,
1508 2168 1676 2225 usque
1704 2152 1774 2207 ad

147 2242 196 2296 in
227 2240 488 2299 salutem.
525 2240 654 2312 (Id.,
690 2240 787 2295 lib.
821 2241 966 2296 Sent.
999 2242 1273 2313 Prosperi,
1308 2241 1770 2313 tom.X,part.11,

149 2330 242 2386 col.
273 2329 450 2401 1891.)

765 2417 998 2474 CAPUT
1038 2419 1132 2474 III.

208 2508 494 2579 Ineipimus
552 2508 752 2562 iterum
806 2509 1158 2580 nosmetipsos
1214 2508 1588 2564 commendare
1609 2510 1635 2563 '?
1670 2510 1776 2565 Aut

146 2597 375 2669 nunquid
397 2613 619 2666 egemus
647 2598 790 2651 sicut
808 2596 1033 2667 quidam
1063 2598 1518 2653 commendatitiis
1539 2600 1775 2670 epistolis

146 2686 204 2741 ad
231 2702 332 2753 vos,
365 2694 459 2741 aut
487 2702 561 2742 ex
590 2687 739 2742 vobis
757 2689 784 2739 ?
813 2686 1055 2757 Epistola
1098 2694 1289 2741 nostra
1337 2704 1429 2742 vos
1457 2690 1607 2757 estis,
1639 2693 1773 2753 etc.,

150 2792 314 2847 usque
325 2775 395 2830 ad
407 2775 586 2831 cordis
598 2774 1047 2830 carnalibus.Per
1063 2774 1415 2831 Ezechielem
1430 2776 1775 2849 prophetam

148 2864 406 2919 Dominus
428 2864 597 2929 dixit,
622 2868 679 2920 et
699 2864 870 2931 dabo,
889 2868 1022 2930 etc.,
1045 2880 1215 2935 usque
1236 2865 1306 2919 ad
1331 2864 1773 2923 medicinaliter.

150 2954 399 3025 (S.Aug.,
423 2954 524 3008 lib.
550 2970 610 3008 111
633 2953 698 3008 de
718 2953 1085 3019 Doct.christ.,
1110 2957 1152 3008 t.
1178 2953 1270 3023 III,
1294 2958 1442 3025 part.
1467 2971 1506 3020 1,
1530 2953 1638 3010 col.
1661 2956 1777 3023 85.)

211 3041 450 3114 Spiritus
480 3040 587 3098 Dei
618 3042 788 3113 cujus
818 3041 971 3097 dono
991 3041 1412 3113 justificamur,
1444 3046 1578 3107 etc.,
1609 3059 1779 3115 usque

151 3130 210 3185 ad
227 3129 342 3186 sine
362 3147 540 3187 sensu
567 3134 675 3186 est.
701 3129 1209 3203 (Id.,tom.X,part.
1225 3147 1265 3195 1,
1289 3128 1399 3186 col.
1422 3133 1528 3186 218
1549 3135 1605 3187 et
1626 3135 1777 3203 seq.)

213 3219 344 3274 Novi
374 3219 737 3275 Testamenti
766 3218 1024 3274 charitas
1055 3218 1241 3291 legem
1275 3218 1430 3287 facit,
1455 3223 1587 3286 etc.,
1610 3238 1778 3293 usque

153 3308 212 3363 ad
238 3308 473 3382 gratiam
511 3307 632 3364 Dei.
664 3308 796 3377 (Id.,
849 3309 947 3362 lib.
998 3309 1198 3376 Quaest.
1254 3310 1397 3365 Fxo.
1460 3310 1544 3365 tit.
1594 3327 1774 3378 cxnw,

157 3402 281 3452 tom.
312 3401 409 3466 ΙΙΙ,
442 3400 596 3470 part.
628 3414 667 3464 1,
701 3396 810 3452 col.
843 3397 949 3451 653
978 3399 1036 3451 et
1060 3396 1207 3468 seq.)

216 3486 481 3542 Auferam
512 3486 585 3541 ab
616 3486 701 3545 eis
750 3502 849 3541 cor
892 3484 1211 3557 lapideum,
1244 3489 1302 3540 et
1331 3487 1481 3542 dabo
1506 3487 1610 3556 eis,
1642 3493 1775 3555 etc.,

156 3591 302 3646 usque
330 3575 398 3631 ad
418 3574 819 3632 inﬂexibilem.
846 3575 1153 3645 (Id.,lib.de
1171 3575 1378 3632 Grat.et
1396 3576 1565 3633 libero
1587 3579 1775 3650 arbit.,

128 3666 278 3719 .tom.
309 3665 370 3731 X,
402 3669 555 3738 part.
588 3680 629 3733 1,
663 3664 771 3720 col.
804 3664 952 3735 898.)

212 3754 487 3810 Fiduciam
541 3761 723 3809 autem
767 3753 933 3809 talem
979 3753 1238 3809 habemus
1273 3770 1375 3826 per
1411 3755 1685 3811 Christum
1710 3756 1780 3811 ad

152 3842 320 3911 Deum,
350 3860 460 3900 non
491 3844 652 3916 quod,
687 3847 820 3910 etc.,
857 3859 1041 3914 usque
1069 3843 1141 3897 ad
1173 3844 1278 3899 Deo
1308 3852 1405 3900 est.
1437 3844 1776 3917 Vigilantis-

154 3930 282 3987 sime
310 3950 440 3989 cum
472 3932 740 3998 dixisset,
773 3931 1189 3987 confidentiam
1222 3931 1420 4003 talem,
1456 3938 1586 4001 etc.,
1610 3951 1780 4007 usque

153 4020 212 4073 ad
236 4020 343 4078 Dco
373 4026 484 4078 est.
520 4022 650 4090 (Id.,
683 4022 779 4077 lib.
811 4021 875 4076 de
906 4022 1068 4092 Bapt.
1098 4020 1244 4092 par.)

213 4109 635 4167 Commendans
666 4110 840 4166 istam
863 4109 1109 4181 gratiam
1136 4127 1263 4181 quae
1286 4127 1401 4165 non
1427 4112 1617 4177 datur,
1643 4115 1774 4179 etc.,

153 4213 300 4270 usque
327 4199 395 4254 ad
422 4217 494 4255 ex
526 4200 662 4254 Deo.
702 4199 831 4270 (Id.,
867 4199 964 4255 lib.
989 4198 1053 4254 de
1089 4199 1272 4255 Praed.
1305 4208 1475 4255 sanet.
1511 4204 1676 4267 tom.,
1710 4201 1775 4270 X,

155 4292 284 4356 part.
320 4306 353 4355 1,
387 4288 498 4345 col.
530 4288 637 4343 962
663 4291 719 4343 et
744 4289 893 4358 seq.)

213 4378 535 4449 Cogitantes
564 4376 880 4444 credimus,
922 4376 1245 4449 cogitantes
1291 4377 1608 4450 loquimur,
1642 4383 1778 4448 etc.,

154 4480 300 4536 usque
326 4467 395 4522 ad
419 4466 826 4540 cogitationes.
844 4466 974 4539 (Id.,
990 4465 1089 4521 lib.
1105 4466 1168 4523 de
1186 4468 1331 4524 Bono
1344 4483 1539 4540 perse,
1554 4468 1776 4538 tom.X,

156 4558 285 4623 part.
312 4570 371 4620 11,
402 4555 513 4612 col.
550 4555 709 4621 1023,
741 4571 901 4611 sensu
929 4554 1201 4627 mystico.)

216 4642 313 4710 Qui
337 4653 385 4700 et
413 4645 634 4701 idoneos
679 4660 777 4700 nos
825 4645 955 4716 fecit
998 4645 1301 4712 ministros,
1334 4653 1455 4713 etc.,
1487 4663 1675 4719 usque
1706 4648 1777 4704 ad

156 4738 320 4787 autem
347 4731 614 4805 viviﬁcat.
630 4732 960 4789 Cavendum
984 4736 1071 4787 est
1097 4748 1170 4788 ne
1202 4733 1507 4805 figuratam
1542 4734 1779 4793 locutio-

156 4833 272 4875 nem
303 4823 392 4889 ad,
427 4826 561 4889 etc.,
606 4837 778 4894 usque
823 4820 895 4876 ad
942 4819 1274 4893 religarent.
1327 4822 1459 4894 (Id.,
1492 4824 1590 4878 lib.
1623 4842 1683 4880 111
1715 4825 1780 4881 de

159 4911 316 4965 Doctr.
350 4912 578 4980 Christ.,
608 4915 753 4967 tom.
782 4913 883 4978 ΙΙΙ,
919 4912 1067 4982 part.
1097 4927 1137 4976 1,
1166 4909 1274 4966 col.
1305 4910 1420 4983 69.)

216 4996 312 5053 Ubi
342 5001 422 5056 ait
449 4999 761 5072 Apostolus
786 5016 798 5055 :
824 4999 1042 5055 Littera
1071 4998 1302 5065 occidit,
1318 4998 1564 5071 spiritus
1581 5004 1777 5057 autem

158 5084 418 5146 viviﬁcat:
455 5105 568 5145 non
628 5088 803 5145 aliam
852 5087 978 5144 vult
1033 5086 1281 5160 intelligi
1337 5088 1614 5161 litteram,
1644 5093 1775 5157 etc.,

159 5188 303 5246 usque
329 5178 396 5234 ad
428 5178 754 5235 revelanda.
787 5178 920 5248 (Id.,
957 5177 1053 5232 lib.
1086 5176 1151 5232 de
1196 5178 1404 5234 Littera
1450 5181 1507 5233 et
1550 5180 1776 5250 spiritu,

162 5263 282 5319 tom.
312 5265 375 5335 X,
407 5271 554 5340 part.
591 5285 627 5336 1,
661 5268 768 5324 215
801 5272 856 5322 et
888 5266 1036 5337 seq.)

221 5352 341 5410 Cum
366 5358 530 5426 enim,
552 5358 751 5428 inquit,
768 5356 1052 5412 transierit
1071 5354 1141 5409 ad
1162 5357 1778 5429 Christ-um,etc.,usque

164 5438 225 5494 ad
243 5442 314 5498 ibi
330 5444 568 5503 libertas.
593 5445 775 5501 Nemo
795 5460 929 5517 ergo
953 5442 1429 5514 Christianorum,
1451 5449 1585 5515 etc.,
1609 5462 1780 5518 usque

163 5527 223 5583 ad
247 5529 477 5591 faciebat
508 5534 726 5592 timeri.
758 5535 884 5604 (1b.,
918 5531 1028 5590 col.
1060 5532 1212 5605 220.)

221 5617 357 5680 Vera
383 5640 600 5700 sponsa
619 5621 832 5681 Christi
851 5619 1126 5697 intelligit
1154 5620 1292 5696 quid
1327 5620 1502 5679 distet
1522 5621 1673 5679 inter
1692 5622 1781 5681 lit-

1810 4571 1857 4635 D

1881 548 2066 601 lv'aust.
2099 544 2165 600 l5
2194 550 2335 601 tom.
2368 544 2516 612 VIII,
2550 543 2658 600 col.
2694 544 2795 601 311
2830 550 2887 601 et
2916 547 3065 619 seq.)

1953 642 2306 715 Decalogum
2339 642 2556 715 quippe
2580 642 2749 716 legis,
2769 648 3087 718 etc.,usque
3118 646 3187 701 ad
3217 648 3318 703 sed
3341 647 3531 721 gratia

1884 730 2219 788 Salvatoris.
2276 732 2405 804 (Id.,
2466 740 2623 787 tract.
2690 738 2892 805 Evang.
2953 751 3057 790 sec.
3116 736 3273 792 Joan.
3335 754 3528 809 cxxm,

1883 825 2024 877 tom.
2058 822 2152 889 ΙΙΙ,
2187 824 2334 893 part.
2365 839 2425 889 11,
2461 821 2568 877 col.
2602 823 2784 891 1963.)

1954 911 2070 966 Nos
2100 910 2255 966 enim
2295 910 2547 965 dicimus
2580 909 2902 968 humanam
2933 912 3289 969 voluntatem
3324 914 3407 971 sic
3438 914 3531 971 di-

1881 999 2123 1068 vinitus,
2158 1003 2290 1066 etc.,
2323 1016 2492 1071 usque
2525 998 2595 1053 ad
2643 999 2847 1055 littera:
2903 1019 3135 1057 sonum.
3172 1004 3301 1074 (Id.,
3334 1003 3435 1060 lib.
3468 1004 3532 1060 de

1882 1087 2029 1160 Spir.
2063 1095 2113 1143 et
2142 1090 2275 1154 litt.,
2308 1092 2451 1143 tom.
2478 1088 2542 1154 Χ,
2578 1092 2727 1160 part.
2762 1097 2800 1156 1',
2835 1088 2944 1144 col.
2976 1092 3101 1147 303.

1955 1187 2179 1251 Quanto
2203 1189 2339 1241 sunt
2361 1184 2633 1240 charitati
2661 1185 2859 1241 futura
2890 1187 3153 1255 meliora,
3178 1192 3339 1245 tanto
3370 1193 3527 1259 sunt,

1883 1278 2015 1343 etc.,
2047 1291 2218 1346 usque
2244 1275 2313 1329 ad
2342 1274 2588 1329 scientia
2617 1274 2881 1331 aedificat.
2916 1277 3049 1346 (Id.,
3082 1279 3235 1349 epist.
3277 1279 3348 1334 ad
3379 1284 3528 1335 Ana-

1882 1365 2134 1429 stasium,
2168 1367 2311 1418 tom.
2344 1363 2412 1432 II,
2448 1362 2557 1418 col.
2589 1365 2743 1434 593.)

1955 1461 2239 1516 Dominus
2260 1465 2454 1516 autem
2481 1460 2606 1533 ipse
2635 1479 2751 1516 non
2785 1460 3000 1530 solum,
3024 1468 3158 1531 etc.,
3182 1482 3353 1537 usque
3382 1466 3451 1521 ad
3476 1468 3534 1521 et

1884 1550 2027 1622 ipse.
2055 1549 2364 1621 (Id.,lib.de
2380 1550 2501 1605 Cor.
2527 1559 2577 1606 et
2601 1550 2930 1619 Grat.,tom.
2950 1552 3014 1619 Χ,
3032 1558 3180 1624 part.
3198 1555 3357 1619 1,001.
3381 1554 3530 1626 917.)

1958 1639 2106 1707 Quod
2116 1641 2169 1694 si
2180 1640 2513 1695 ministratio
2524 1643 2714 1696 mortis
2727 1642 2926 1696 litteris
2938 1641 3249 1714 deformata
3263 1645 3323 1698 in
3335 1643 3533 1715 lapidi-

1885 1728 2007 1794 bus,
2029 1737 2153 1793 etc.,
2176 1745 2363 1800 usque
2386 1730 2457 1784 ad
2481 1738 2799 1795 evacuatur,
2814 1738 2910 1785 etc.
2928 1731 3088 1796 Quod
3112 1730 3159 1786 si
3180 1731 3531 1788 ministratio

1806 1830 1853 1895 Β
1883 1817 2091 1873 mortis
2123 1816 2333 1872 litteris
2366 1818 2706 1884 deformata,
2740 1822 2875 1885 etc.,
2904 1835 3075 1892 usque
3104 1819 3174 1874 ad
3205 1820 3530 1876 damnatio-

1884 1922 2039 1961 nem.
2068 1906 2317 1975 (Id.,lib.
2343 1914 2531 1962 contra
2562 1908 2849 1962 inimicum
2879 1908 3015 1977 legis
3043 1916 3095 1964 et
3121 1908 3528 1980 prophetarum,

1881 1999 2002 2050 tom
2028 1994 2179 2061 VIII,
2211 1994 2318 2050 col.
2351 1996 2452 2049 651
2487 1999 2543 2050 et
2573 1994 2720 2067 seq.)

1956 2084 2115 2152 Quod
2140 2086 2193 2139 si
2222 2085 2559 2139 ministratio
2615 2086 2809 2140 mortis
2865 2083 3068 2141 litteris
3114 2085 3437 2157 deformata,
3472 2088 3534 2141 in

1884 2173 2159 2245 lapidibus
2204 2174 2315 2245 fuit
2362 2174 2421 2228 in
2468 2173 2670 2241 gloria,
2704 2182 2755 2229 et
2783 2182 2999 2230 caetera.
3033 2174 3149 2231 Cur
3179 2174 3532 2231 ministratio

1884 2262 2089 2317 mortis
2117 2261 2333 2317 dicitur
2363 2261 2411 2318 si
2444 2262 2619 2329 bona,
2654 2266 2973 2335 etc.,usque
3004 2263 3074 2318 ad
3105 2264 3390 2336 scriptum
3421 2268 3529 2320 est.

1883 2349 2014 2423 (Id.,
2048 2350 2148 2405 lib.
2181 2350 2251 2405 ad
2280 2350 2725 2422 Simplicianum,
2760 2351 3145 2422 tom.Vl,col.
3182 2352 3285 2408 109
3310 2357 3367 2409 et
3385 2352 3530 2425 seq.)

1957 2450 2039 2503 Ita
2065 2456 2126 2503 ut
2150 2464 2262 2503 non
2285 2456 2505 2520 possent
2553 2449 2666 2518 ﬁlii
2712 2450 2903 2519 Israel,
2932 2458 3056 2518 etc.,
3088 2468 3274 2523 usque
3304 2452 3376 2507 ad
3404 2468 3533 2507 eva-

1881 2546 2097 2593 cuatur.
2133 2538 2294 2602 Quod
2327 2554 2442 2615 non
2484 2540 2753 2608 poterant
2797 2537 3101 2594 intendere
3129 2539 3234 2594 filii
3262 2540 3441 2596 Israel
3472 2541 3533 2596 in

1884 2627 2112 2691 faciem,
2145 2628 2281 2693 etc.,
2314 2642 2479 2697 usque
2516 2625 2586 2680 ad
2636 2625 2969 2682 ministrata
3025 2628 3210 2682 sunt?
3240 2630 3348 2698 Id.,
3383 2630 3478 2685 lib.
3514 2647 3532 2684 1

1882 2723 2074 2770 contra
2104 2716 2395 2769 inimicum
2424 2716 2558 2786 legis
2586 2722 2637 2769 et
2658 2716 3069 2786 prophetarum,
3091 2721 3233 2772 tom.
3257 2718 3528 2787 VllI,col.

1882 2804 1988 2858 652
2019 2808 2075 2858 et
2103 2804 2249 2874 seq.)

1955 2892 2108 2948 Dicit
2128 2892 2282 2947 Deus
2305 2892 2377 2947 ad
2399 2890 2566 2947 Cain:
2590 2893 2657 2947 Et
2680 2909 2835 2948 nunc
2858 2891 3207 2949 maledictus
3220 2898 3283 2949 tu
3302 2911 3336 2950 a
3358 2898 3529 2965 terra,

1885 2985 2016 3051 etc.,
2042 2997 2212 3053 usque
2235 2980 2305 3036 ad
2330 2981 2794 3037 transeuntibus.
2820 2982 2957 3051 (Id.,
2979 2981 3288 3038 lib.contra
3316 2989 3529 3053 Faust.,

1886 3075 2029 3127 tom.
2060 3070 2210 3137 Vill,
2242 3069 2350 3125 col.
2383 3070 2531 3141 259.)

1806 3200 1848 3266 α
1957 3168 2285 3224 Evacuatur
2324 3183 2580 3239 namque
2617 3166 2677 3223 in
2710 3167 2941 3223 Christo
2972 3186 3088 3224 non
3118 3169 3300 3226 Vetus
3331 3171 3533 3227 Testa-

1887 3261 2173 3323 mentum,
2206 3262 2338 3325 ctc.,
2371 3274 2543 3328 usque
2572 3257 2641 3311 ad
2673 3257 3036 3330 tegebantur.
3071 3258 3313 3327 (Id.,lib.
3341 3261 3405 3316 de
3426 3260 3530 3317 Uti.

1886 3346 2159 3414 credendi,
2190 3349 2334 3401 tom.
2367 3345 2519 3412 Vill,
2553 3345 2661 3401 col.
2689 3347 2802 3418 71.)

1959 3446 2095 3500 Erat
2125 3442 2431 3516 prophetia
2460 3444 2719 3516 antiquis
2747 3445 3199 3517 temporibus,et
3230 3463 3263 3501 a
3295 3446 3537 3519 prophe-

1888 3533 2001 3602 tiae,
2036 3538 2170 3601 etc.,
2202 3549 2372 3606 usque
2399 3532 2469 3587 ad
2499 3533 2846 3589 extendaris.
2881 3535 3013 3606 (Id.,
3046 3543 3202 3591 tract.
3237 3537 3295 3591 in
3325 3536 3530 3605 Evang.

1886 3639 1991 3679 sec.
2022 3624 2178 3679 Joan.
2211 3626 2354 3677 tom.
2388 3622 2481 3691 IlI,
2512 3627 2659 3694 part.
2693 3639 2755 3693 11,
2787 3621 2896 3678 col.
2932 3624 3113 3695 1459.)

1960 3718 2116 3775 Nihil
2145 3719 2302 3776 enim
2335 3720 2573 3792 prodest
2601 3721 3045 3777 Testamentum
3072 3722 3253 3779 Vetus
3284 3724 3374 3792 de,
3399 3729 3533 3796 etc.,

1888 3824 2059 3883 usque
2089 3809 2159 3864 ad
2187 3807 2495 3864 verissima
2527 3808 3216 3883 Spiritualis.(ld.,lib.de
3247 3813 3405 3869 Civit.
3422 3815 3537 3881 Dei,

1889 3900 1977 3965 17,
2011 3902 2151 3953 tom.
2184 3897 2307 3962 VII,
2342 3896 2451 3952 col.
2478 3897 2629 3967 539.)

1961 3986 2262 4053 Quomodo
2284 4000 2420 4055 ergo
2442 3984 2669 4038 tollitur
2697 3985 2960 4040 velamen
2995 3987 3139 4042 dicit
3160 3987 3284 4060 ipse
3300 3990 3541 4061 Aposto-

1889 4074 2002 4130 lus.
2037 4077 2179 4128 Cum
2211 4076 2407 4128 autem
2438 4072 2743 4127 transieris
2771 4074 2843 4128 ad
2875 4073 3210 4145 Dominum,
3243 4078 3542 4132 auferetur

1886 4163 2171 4219 velamen.
2199 4162 2439 4216 Judmus
2461 4177 2596 4233 ergo
2621 4178 2733 4215 non
2762 4162 3073 4232 transiens,
3101 4168 3247 4234 etc.,
3271 4182 3441 4238 usque
3470 4166 3540 4221 ad

1887 4254 2191 4308 transeant
2230 4250 2303 4305 ad
2335 4248 2670 4305 Dominum.
2708 4250 2841 4322 (Id.,
2875 4267 3038 4307 serm.
3070 4252 3134 4308 de
3164 4270 3273 4310 ver.
3308 4256 3536 4325 Evang.,

1887 4359 2021 4408 xvu,
2050 4341 2193 4413 psal.
2228 4356 2371 4405 Lx1v,
2404 4336 2512 4394 col.
2546 4341 2700 4408 778.)

1961 4439 2249 4512 Splendor
2275 4436 2336 4492 in
2369 4436 2513 4493 facie
2544 4436 2727 4510 Moysi
2770 4442 3075 4510 tanquam,
3109 4444 3243 4507 etc.,
3276 4457 3444 4513 usque
3469 4442 3540 4497 ad

1887 4529 2061 4586 Jesus
2091 4527 2378 4583 Christus.
2406 4526 2534 4596 (Id.,
2565 4534 2721 4583 tract.
2750 4528 2893 4600 psal.
2922 4545 3068 4595 LXIV,
3099 4529 3353 4596 tom.IV,
3384 4536 3535 4602 part.

1889 4637 1927 4688 1,
1962 4618 2070 4675 col.
2101 4617 2253 4689 778.)

1960 4708 2271 4764 Personam
2290 4707 2419 4777 ejus
2439 4707 2677 4778 gerebat
2692 4707 2939 4781 Moyses,
2962 4712 3017 4763 et
3039 4707 3167 4764 ideo
3191 4707 3383 4769 velum
3404 4713 3539 4764 ante

1888 4814 1951 4854 se
1980 4796 2252 4869 ponebat,
2268 4795 2502 4867 quando
2534 4794 2884 4867 loquebatur
2912 4797 3161 4868 populo:
3196 4797 3335 4869 quia
3360 4814 3538 4869 quan-

1889 4887 1989 4942 diu
2022 4884 2104 4939 illi
2149 4884 2209 4938 in
2253 4883 2399 4956 lege,
2431 4884 2769 4940 carnalibus
2820 4886 3052 4956 gaudiis
3112 4900 3169 4941 et.
3226 4885 3539 4958 voluptati-

1887 4976 2018 5041 bus,
2042 4977 2175 5039 etc.,
2198 4989 2366 5044 usque
2395 4972 2463 5026 ad
2493 4973 2681 5043 possit
2709 4973 2913 5028 videri.
2949 4975 3080 5045 (Id.,
3112 4975 3339 5044 Joan.v,
3372 4991 3534 5030 serm.

1887 5064 1951 5119 de
1982 5080 2090 5119 ver.
2123 5063 2354 5130 Evang.,
2387 5061 2486 5116 lib.
2519 5069 2709 5117 contra
2741 5064 2985 5117 Manich.
3020 5067 3087 5132 1.)

1958 5153 2220 5208 Dominus
2250 5158 2431 5204 autem
2460 5151 2691 5220 spiritus
2722 5156 2823 5205 est.
2862 5152 2961 5207 Ubi
2989 5158 3171 5207 autem
3197 5153 3424 5223 spiritus
3440 5152 3539 5207 Do-

1800 5258 1811 5267 '
1885 5250 2047 5315 mini,
2092 5248 2173 5302 ibi
2219 5247 2462 5301 libertas.
2496 5247 2797 5317 Tanquam
2843 5248 3074 5319 proprie
3105 5248 3332 5304 videtur
3358 5247 3539 5303 Filius

1886 5339 2174 5394 Dominus
2198 5333 2414 5399 vocari,
2438 5338 2756 5406 etc.,usque
2784 5336 2854 5391 ad
2877 5324 3276 5393 sedcharitas.
3294 5335 3535 5407 (Id.,lib.

1886 5427 1951 5483 de
1982 5427 2141 5483 Trin.
2175 5440 2239 5491 11,
2271 5427 2414 5478 tom.
2450 5423 2600 5489 VIII,
2634 5423 2744 5479 col.
2774 5426 2879 5481 857
2909 5430 2966 5481 et
2996 5427 3144 5498 seq.)

1959 5529 2068 5583 Nos
2118 5538 2240 5579 vero
2298 5537 2481 5577 omnes
2532 5522 2770 5578 revelata
2817 5524 2965 5595 facie
3012 5524 3083 5579 ad
3123 5525 3380 5593 gloriam,
3412 5530 3534 5594 etc.,

1887 5630 2077 5690 usque
2107 5612 2182 5669 ad
2211 5612 2425 5687 Spiritu
2452 5612 2693 5669 Domini.
2727 5611 2883 5673 Satis
2912 5618 3154 5689 apparet
3193 5613 3537 5689 Apostolum
