3856 6200
284 304 403 367 355

1475 300 1705 363 FLOR]
1749 299 2065 362 DIACONI
2111 296 2494 362 MONACHI.

3577 305 3696 364 356

286 440 359 498 ab
391 436 626 511 speculo
655 454 769 492 non
801 436 873 491 ab
902 433 1160 506 specula,
1191 439 1326 501 etc.,
1361 451 1529 505 usque
1559 435 1630 489 ad
1652 440 1936 506 tauquam
1971 439 2017 501 Α
2052 450 2217 506 usque
2270 434 2341 490 ad
2394 434 2532 490 audi
2588 435 2898 490 dicentem.
2951 436 3082 507 (Id.,
3133 444 3289 492 tract.
3341 438 3549 510 Evang.
3591 455 3699 495 sec.

286 545 321 584 θ.
348 526 579 583 Domini
629 524 869 598 Spiritu.
905 524 1037 592 (Id.,
1069 522 1170 577 lib.
1205 526 1356 579 Sent.
1408 525 1705 594 Prosperi.,
1742 524 1836 578 lib.
1869 523 1933 578 de

287 618 435 673 Trin.
473 635 564 682 xv,
600 620 737 670 tom.
770 613 922 679 VIII,
957 612 1064 669 col.
1101 613 1281 681 1068.)

355 704 498 759 Cum
528 720 664 776 ergo
695 702 805 757 hac
826 701 1448 767 transformatione,ad
1473 702 1793 773 perfectum
1818 700 1934 755 fue-

282 792 358 848 rit
388 792 507 848 heec
546 792 740 864 imago
786 794 1080 862 renovata,
1116 789 1338 845 similes
1369 790 1485 845 Deo
1511 790 1752 856 erimus,
1787 805 1932 861 quo-

281 882 442 938 niam
472 881 803 937 videbimus
834 896 969 936 eum
1002 896 1115 935 non
1145 896 1248 951 per
1277 878 1603 951 speculum,
1626 878 1727 934 sed
1758 877 1930 933 sicuti

282 973 393 1037 est,
418 971 572 1042 quod
594 969 734 1025 dicit
766 967 978 1024 Paulus
1009 967 1491 1040 apostolus,facie
1523 968 1595 1022 ad
1620 966 1930 1022 faciem.In

282 1077 400 1132 qua
439 1075 573 1114 eum
625 1058 767 1113 facie
815 1056 1100 1124 velamen,
1132 1061 1268 1119 etc.,
1299 1073 1468 1128 usque
1497 1056 1565 1111 ad
1598 1057 1669 1111 ad
1701 1055 1928 1111 faciem.

282 1149 413 1219 (Id.,
445 1150 542 1204 lib.
575 1147 646 1203 ad
673 1148 978 1203 Paulinam
1004 1146 1069 1201 de
1098 1145 1206 1200 vid.
1244 1148 1366 1213 Deo,
1398 1150 1539 1201 tom.
1572 1144 1928 1215 11,001.620.)

922 1243 1154 1299 CAPUT
1195 1242 1287 1297 IV.

353 1328 473 1385 Ideo
495 1328 752 1382 habentes
769 1325 911 1380 hane
931 1324 1482 1389 administrationem,
1501 1330 1625 1390 etc.,
1648 1338 1835 1395 usque
1857 1322 1928 1376 ad

281 1435 395 1476 non
422 1418 766 1474 ambulantes
805 1416 865 1469 in
896 1415 1117 1469 astutia.
1150 1412 1310 1468 Hanc
1359 1411 1929 1468 administrationem

284 1525 401 1564 non
432 1524 503 1564 ex
532 1504 759 1561 meritis
790 1502 1027 1574 nostris,
1043 1503 1143 1557 sed
1162 1518 1229 1557 ex
1247 1502 1347 1557 Dei
1373 1500 1774 1557 misericordia
1802 1516 1929 1555 esse

282 1593 863 1667 dixit.Propterquod
887 1592 1168 1648 habentes
1194 1589 1926 1656 administrationem,etc.,

280 1702 450 1757 usque
466 1684 536 1739 ad
557 1700 685 1739 esse
708 1682 863 1753 quod
887 1699 1001 1737 non
1027 1685 1184 1737 sunt.
1212 1680 1340 1752 (Id.,
1364 1680 1461 1734 lib.
1486 1679 1550 1733 de
1574 1677 1927 1750 Baptispar.)

350 1774 529 1846 Neque
560 1772 923 1826 adulterantes
955 1770 1179 1826 Verbum
1213 1770 1350 1824 Dei:
1370 1768 1462 1823 sed
1491 1769 1571 1832 in,
1604 1774 1929 1837 etc.,usque

281 1863 353 1919 ad
386 1878 571 1918 coram
601 1861 723 1916 Deo.
757 1860 903 1923 Quid
938 1858 1109 1914 faciet
1146 1858 1382 1915 animus
1434 1860 1669 1923 nutans,
1699 1872 1832 1910 cum
1866 1871 1929 1909 se

281 1950 705 2021 obtemperare,
741 1952 874 2015 etc.,
907 1963 1077 2019 usque
1123 1947 1194 2002 ad
1240 1950 1330 2002 est
1378 1944 1768 2001 manifestius.
1796 1944 1927 2016 (Id.,

278 2056 443 2095 serm.
494 2038 558 2094 de
605 2055 714 2093 ver.
767 2039 974 2104 Evang.
1010 2054 1070 2104 ιι,
1103 2040 1244 2091 tom.
1280 2035 1349 2104 V,
1381 2038 1532 2107 part.
1566 2050 1605 2099 1,
1638 2033 1747 2088 col.
1778 2033 1929 2100 372.)

352 2126 507 2197 Quod
533 2128 585 2182 si
611 2127 781 2181 etiam
810 2132 1055 2196 opertum
1083 2132 1161 2179 est
1188 2124 1545 2193 Evangelium
1572 2130 1836 2187 nostrum,
1870 2122 1931 2175 in

282 2217 366 2271 his
394 2217 491 2289 qui
515 2222 744 2286 pereunt
791 2221 869 2269 est
917 2220 1181 2284 opertum.
1215 2212 1284 2266 Et
1313 2228 1447 2266 cum
1502 2211 1763 2278 dixisset,
1796 2209 1928 2267 aliis

283 2305 517 2377 quidem
548 2320 756 2359 sumus
779 2303 943 2370 odor,
964 2305 1099 2366 etc.,
1118 2317 1283 2372 usque
1306 2301 1375 2355 ad
1396 2299 1479 2354 illi
1502 2300 1660 2354 fuit?
1691 2300 1927 2369 (Id.,lib.

279 2393 345 2450 de
377 2395 649 2450 Conse-nsu
680 2393 885 2460 Evang.
920 2407 1002 2457 111,
1038 2394 1177 2445 tom.
1212 2394 1311 2457 III,
1346 2394 1494 2461 part.
1527 2406 1566 2455 1,
1600 2388 1707 2444 col.
1744 2388 1928 2458 1188.)

352 2485 416 2538 1η
462 2483 657 2556 quibus
707 2483 847 2537 Deus
907 2481 1073 2551 hujus
1127 2480 1323 2535 szeculi
1376 2480 1672 2534 excwcavit
1726 2486 1927 2532 mentes

280 2572 609 2643 inﬁdelium,
640 2580 763 2637 etc.,
788 2586 977 2641 usque
1006 2569 1079 2622 ad
1110 2570 1207 2641 qui
1228 2576 1307 2624 est
1334 2570 1513 2638 imago
1544 2568 1658 2623 Dei.
1694 2566 1926 2622 Utinam

281 2666 339 2718 et
358 2660 453 2717 isti
475 2659 609 2716 caeci
639 2661 1070 2732 oppugnatores
1102 2656 1267 2730 legis,
1297 2661 1353 2712 et
1380 2656 1928 2729 prophetarumzsic

279 2754 582 2807 transeant
610 2749 681 2803 ad
721 2747 1038 2815 Christum,
1074 2750 1140 2801 ut
1170 2763 1284 2801 non
1317 2744 1454 2812 sint,
1496 2750 1628 2813 etc.,
1662 2761 1832 2816 usque
1858 2744 1928 2799 ad

281 2839 669 2912 pertinebant.
705 2837 836 2909 (Id.,
858 2837 953 2892 lib.
988 2853 1005 2891 1
1036 2843 1209 2891 contr.
1244 2837 1537 2891 inimicum
1571 2836 1705 2906 legis
1734 2842 1787 2889 et
1803 2850 1927 2905 pro-

273 2930 588 3002 phetarum,
621 2933 764 2983 tom.
799 2931 951 2994 VIII,
984 2926 1092 2981 col.
1124 2925 1274 2998 655.)

350 3019 509 3074 Hanc
534 3017 884 3073 sententiam
911 3014 1173 3088 plerique
1205 3017 1471 3069 nostrum
1496 3014 1929 3084 ita,etc.,usque

279 3107 667 3164 adexclamat.
686 3106 812 3179 (Id.,
831 3105 926 3160 lib.
942 3112 1115 3159 contr.
1131 3108 1317 3159 Faust.
1331 3146 1347 3168 ,
1360 3101 1925 3172 tom.VIlI,col.389.)

2038 529 2203 580 Joan.
2234 542 2360 590 XLV,
2394 527 2533 579 tom.
2566 524 2663 592 Ill,
2699 528 2847 597 part.
2882 542 2944 593 11,
2978 522 3087 580 col.
3123 526 3263 581 1722
3291 530 3349 581 et
3379 529 3534 599 seq.)

2112 612 2373 669 Habentes
2404 622 2583 669 autem
2614 613 2860 669 eumdem
2884 616 3142 686 spiritum
3170 613 3325 686 ﬁdei,
3349 623 3475 682 etc.,
3508 631 3706 687 usque

2042 701 2114 755 ad
2138 702 2435 773 loquimur.
2452 702 2576 758 Non
2591 702 2809 758 diceret
2825 703 3101 759 eumdem
3119 703 3392 776 spiritum
3408 704 3566 771 ﬁdei,
3583 705 3706 760 nisi

2042 791 2365 847 admonens
2396 792 2569 846 etiam
2604 792 3231 866 antiquos,etc.,usque
3251 793 3323 849 ad
3351 794 3706 850 servitutem

2041 884 2297 951 generat.
2326 881 2568 949 (Id.,lib.
2597 881 2666 937 ad
2698 881 2851 938 Cons.
2884 883 3064 937 Hilar.
3084 883 3266 954 epist.,
3300 883 3370 938 ad
3403 883 3708 939 Valerium

2044 969 2357 1038 Comitem.)

2110 1058 2397 1129 Antiquos
2422 1059 2618 1129 justas
2649 1076 2764 1115 non
2798 1060 2989 1115 salvos
3016 1060 3151 1116 fecit
3194 1059 3309 1115 nisi
3360 1060 3531 1129 ﬁdes,
3561 1065 3702 1129 etc.,

2040 1162 2210 1217 usque
2238 1147 2308 1202 ad
2338 1146 2558 1203 dictum
2586 1153 2697 1204 est.
2740 1150 2981 1221 (Id.,Ex
3010 1149 3106 1205 lib.
3142 1148 3213 1204 ad
3239 1150 3707 1221 Bonifaciumpa-

2036 1250 2167 1305 pam
2194 1244 2385 1291 contra
2409 1237 2759 1306 Pelagianos,
2796 1240 2937 1293 tom.
2971 1236 3037 1303 X,
3071 1240 3219 1308 part.
3252 1253 3293 1307 1,
3326 1235 3437 1291 col.
3471 1235 3631 1307 569.)

2112 1322 2362 1391 Credidi,
2395 1329 2632 1397 propter
2660 1326 2816 1397 quod
2840 1325 3071 1381 locutus
3102 1342 3257 1393 sum,
3281 1329 3416 1392 etc.,
3442 1325 3704 1398 usquead

2041 1413 2113 1467 ad
2130 1411 2417 1468 salutem.
2453 1414 2586 1482 (Id.,
2620 1422 2777 1471 tract.
2807 1415 2950 1488 psal.
2988 1431 3113 1484 cxv,
3145 1418 3290 1470 tom.
3325 1414 3421 1483 IV,
3456 1418 3615 1486 part.
3640 1432 3699 1487 11,

2043 1501 2152 1557 col.
2185 1503 2315 1557 1491
2351 1508 2408 1558 et
2437 1504 2585 1575 seq.)

2109 1591 2340 1662 Propter
2414 1592 2554 1665 quod
2629 1609 2741 1649 non
2811 1592 3110 1665 deﬁcimus,
3168 1593 3260 1650 sed
3313 1594 3441 1650 licet
3498 1596 3550 1648 is
3608 1595 3705 1667 qui

2036 1679 2175 1750 foris
2204 1688 2282 1735 est
2304 1689 2486 1736 noster
2514 1683 2671 1738 homo
2700 1691 3103 1755 corrumpatur,
3138 1691 3319 1738 tamen
3359 1686 3409 1739 is
3427 1685 3529 1757 qui
3551 1684 3701 1738 intus

2036 1777 2131 1839 est,
2160 1777 2479 1835 renovatur,
2510 1778 2631 1837 etc.,
2666 1788 2857 1843 usque
2905 1772 2976 1826 ad
3024 1781 3236 1828 aeterna
3278 1781 3428 1827 sunt.
3462 1771 3698 1826 Nemini

2039 1856 2284 1913 dubium
2315 1862 2424 1924 est,
2457 1859 2609 1915 sicut
2636 1860 2977 1916 interiorem
3015 1861 3317 1917 hominem
3361 1859 3699 1932 intelligen-

2002 2006 2007 2013 ι
2036 1946 2136 2013 tia,
2165 1949 2296 2013 etc.,
2331 1962 2498 2020 usque
2529 1948 2598 2003 ad
2630 1947 2974 2006 similitudo.
3010 1950 3143 2020 (Id.,
3176 1950 3275 2006 lib.
3306 1950 3372 2006 de
3404 1951 3694 2018 Trinitate,

2036 2038 2179 2090 tom.
2206 2036 2355 2104 VIII,
2389 2035 2498 2092 col.
2528 2038 2634 2091 983
2664 2042 2721 2092 et
2751 2042 2899 2110 seq.)

2106 2126 2225 2197 Age
2255 2142 2429 2191 nunc,
2453 2126 2757 2181 videamus
2791 2126 2888 2183 ubi
2914 2128 2990 2183 sit
3021 2127 3192 2200 quasi
3225 2128 3696 2200 quoddam,etc.,

2036 2230 2202 2285 usque
2231 2213 2300 2268 ad
2331 2231 2495 2269 mens
2526 2215 2706 2269 novit.
2740 2216 2873 2284 (Id.,
2907 2216 3003 2271 lib.
3037 2234 3138 2282 x11,
3171 2215 3278 2272 col.
3314 2216 3421 2270 997
3451 2220 3512 2272 et
3544 2216 3696 2288 seq.)

2106 2302 2322 2358 Paulus
2346 2302 2993 2375 apostolusinteriorem
3008 2305 3308 2361 hominem
3324 2322 3429 2378 pro
3454 2304 3694 2379 spiritu,

2036 2395 2168 2458 etc.,
2204 2408 2371 2466 usque
2398 2392 2468 2447 ad
2499 2392 2596 2464 qui
2631 2393 2784 2448 fecit.
2815 2394 3060 2465 (Id.,lib.
3095 2403 3267 2450 contr.
3302 2396 3510 2462 Faust.,
3546 2399 3691 2450 tom.

2034 2479 2186 2548 VIII,
2216 2478 2319 2534 lib.
2353 2497 2501 2547 xx1v,
2537 2479 2645 2536 col.
2680 2482 2784 2535 475
2810 2486 2867 2537 et
2898 2481 3045 2554 seq.)

2108 2569 2172 2624 In
2194 2586 2431 2641 corpore
2454 2569 2645 2626 adhuc
2666 2570 2897 2626 mortali
2923 2571 3237 2638 renovatio,
3261 2576 3395 2639 etc.,
3422 2588 3600 2644 usque
3627 2571 3696 2627 ad

2035 2655 2094 2711 in
2108 2658 2299 2713 nobis.
2315 2658 2448 2728 (Id.,
2468 2657 2569 2713 lib.
2603 2658 2666 2714 de
2703 2661 2968 2715 Trinitate
2988 2661 3382 2729 Iv,tom.VIII,
3403 2659 3516 2716 col.
3540 2660 3692 2731 890.)

2107 2745 2227 2800 Ista
2247 2746 2541 2804 renovatio
2563 2764 2677 2802 non
2703 2752 3000 2804 momento
3020 2766 3135 2804 uno
3154 2749 3218 2804 fit
3238 2748 3427 2821 ipsius
3445 2765 3694 2804 conver-

2035 2834 2236 2902 sionis,
2267 2838 2398 2903 etc.,
2431 2852 2604 2910 usque
2628 2836 2697 2892 ad
2725 2837 3028 2893 visionem.
3060 2838 3193 2909 (Id.,
3216 2838 3312 2893 lib.
3340 2837 3407 2894 de
3430 2839 3690 2893 Trinitat.

2033 2941 2147 2993 x1v,
2181 2927 2323 2980 tom.
2354 2924 2504 2993 VIII,
2537 2926 2646 2982 col.
2678 2926 2818 2983 4054
2844 2931 2900 2983 et
2929 2932 3077 3000 seq.)

2104 3014 2486 3086 In,baptismo
2519 3015 2788 3087 quamvis
2817 3019 2941 3072 tota
2961 3020 3018 3072 et
3040 3016 3210 3088 plena
3231 3017 3351 3085 fiat,
3377 3021 3693 3090 etc.,usque

2035 3102 2105 3157 ad
2128 3103 2347 3158 factum
2371 3108 2480 3160 est.
2505 3105 2636 3177 (Id.,
2659 3106 2760 3162 lib.
2784 3106 2849 3164 de
2867 3111 3022 3179 Bapt.
3042 3122 3190 3178 par.,
3217 3110 3359 3162 tom.
3382 3106 3449 3175 Χ,
3476 3112 3635 3179 part.
3650 3123 3690 3175 1,

349 3197 687 3252 Illuminatio
715 3193 1009 3266 Evangelii
1035 3194 1231 3263 glorise
1263 3193 1496 3258 Christi,
1516 3193 1614 3262 qui
1641 3199 1718 3245 est
1748 3192 1924 3261 imago
1957 3180 1998 3247 C
2037 3191 2145 3248 col.
2180 3193 2283 3249 156
2312 3198 2369 3248 et
2397 3196 2545 3266 seq.)

277 3287 393 3341 Dei.
414 3289 612 3357 Imago
645 3287 702 3339 et
732 3281 1123 3354 asqualitas,et
1154 3280 1480 3335 similitudo
1512 3279 1927 3352 distinguenda

280 3377 459 3431 sunt:
496 3373 654 3445 quia,
689 3375 823 3438 etc.,
855 3386 1026 3441 usque
1074 3369 1142 3424 ad
1192 3368 1612 3441 impedimento
1663 3368 1758 3423 sit.
1794 3369 1923 3440 (Id.,

281 3465 379 3519 lib.
415 3480 618 3518 1.xxx111
655 3460 882 3528 Quaest,
911 3463 1051 3513 tom.
1084 3457 1180 3526 VI,
1214 3457 1322 3512 col.
1355 3460 1425 3512 85
1454 3462 1510 3512 et
1539 3457 1684 3529 seq.)

351 3555 471 3609 Non
525 3552 674 3605 enim
729 3550 1077 3619 nosmetipsos
1128 3547 1546 3619 praedicamus:
1591 3546 1683 3601 sed
1737 3550 1927 3603 Jesum

283 3641 560 3697 Christum
606 3639 898 3693 Dominum
940 3645 1207 3693 nostrum.
1241 3637 1348 3691 Nos
1391 3643 1576 3691 autem
1622 3652 1801 3691 servos
1832 3652 1926 3690 ve-

278 3737 436 3795 stros,
461 3736 583 3794 etc.,
610 3743 797 3797 usque
828 3726 898 3781 ad
925 3728 985 3780 in
1014 3727 1154 3797 facie
1175 3730 1309 3782 Jesu
1340 3724 1561 3780 Christi.
1579 3724 1724 3790 Quin
1747 3723 1923 3779 etiam

281 3815 545 3874 stultitia:
576 3814 889 3871 scribentis
920 3815 1203 3887 assignat,
1238 3814 1391 3885 quod
1426 3810 1653 3879 dixerit,
1685 3817 1818 3879 etc.,
1842 3830 1927 3869 us-

280 3922 384 3978 que
411 3904 482 3960 ad
511 3904 756 3961 affectio.
790 3905 920 3975 (Id.,
973 3905 1070 3959 lib.
1121 3912 1291 3959 contr.
1342 3905 1634 3959 inimicum
1690 3904 1822 3974 legis
1876 3911 1930 3958 et

274 3996 685 4069 prophetarum,
717 3998 860 4049 tom.
894 3994 1041 4061 VIII,
1077 3993 1186 4049 col.
1218 3993 1368 4064 609.)

350 4085 527 4140 Porro
574 4084 621 4140 si
670 4082 808 4138 huic
856 4081 1145 4154 displicet,
1179 4086 1314 4149 etc.,
1346 4097 1515 4154 usque
1543 4081 1615 4137 ad
1644 4080 1925 4154 expressit

281 4174 501 4231 dicens.
538 4173 724 4244 (lbid.,
758 4172 871 4228 col.
906 4173 1055 4239 611.)

352 4261 439 4317 Ad
471 4260 981 4328 illuminationem,
1015 4265 1148 4328 etc.,
1181 4276 1351 4333 usque
1379 4261 1448 4315 ad
1485 4258 1757 4314 inculcet.
1793 4259 1925 4331 (Id.,

280 4351 384 4409 lib.
415 4350 481 4406 de
508 4351 664 4423 Bapt.
693 4367 842 4423 par.,
875 4353 1017 4404 tom.
1051 4349 1117 4415 X,
1151 4354 1300 4420 part.
1334 4367 1376 4417 1,
1404 4348 1512 4404 col.
1549 4349 1695 4415 129.)

351 4439 620 4496 Habemus
647 4448 831 4495 autem
860 4441 1177 4494 thesaurum
1205 4440 1370 4493 istum
1391 4440 1450 4492 in
1465 4439 1610 4492 vasis
1640 4437 1925 4507 ﬁctilibus,

2107 3282 2300 3336 Novus
2331 3281 2506 3337 homo
2538 3286 2595 3338 et
2626 3282 2869 3339 interior
2907 3287 2963 3339 et
3011 3283 3261 3342 caelestis
3319 3284 3517 3351 habet,
3547 3288 3687 3350 etc.,

2033 3388 2203 3444 usque
2232 3371 2302 3426 ad
2332 3371 2655 3444 pollicetur.
2689 3373 2819 3441 (Id.,
2853 3374 2951 3428 tib.
2974 3372 3039 3430 de
3069 3391 3195 3431 vera
3222 3375 3522 3446 Religione,
3537 3378 3685 3428 tom.

2036 3460 2134 3527 III,
2167 3464 2317 3532 part.
2352 3478 2391 3528 1,
2428 3459 2538 3516 col.
2574 3462 2678 3516 145
2707 3465 2763 3517 et
2795 3462 2941 3535 seq.)

2104 3550 2349 3605 Attende
2362 3554 2416 3604 te
2430 3549 2524 3605 hic
2535 3550 2747 3606 habere
2769 3549 3049 3620 laborem,
3066 3552 3167 3608 sed
3190 3552 3428 3608 attende
3448 3549 3685 3623 qualem

2034 3636 2129 3693 ille
2143 3638 2565 3710 requiem,etc.,
2582 3656 2747 3711 usque
2758 3641 2826 3695 ad
2842 3640 3684 3713 requiem,incredibilem.(ld.,

2035 3733 2188 3782 tract.
2210 3728 2350 3798 psal.
2377 3744 2532 3794 xcm,
2566 3731 2709 3783 tom.
2736 3729 2828 3794 1V,
2860 3734 3009 3801 part.
3042 3747 3104 3800 11,
3135 3728 3246 3785 col.
3278 3731 3416 3785 1211
3444 3733 3504 3786 et
3532 3731 3684 3802 seq.)

2105 3814 2433 3871 Christiano
2470 3834 2648 3872 causa
2696 3821 2850 3872 recte
2902 3817 3216 3890 gaudendi,
3250 3821 3383 3885 etc.,
3418 3833 3589 3890 usque
3618 3814 3687 3873 ad

2034 3905 2107 3960 ad
2137 3904 2409 3976 patriam.
2446 3905 2580 3977 (Id.,
2612 3907 2710 3962 lib.
2741 3908 2890 3963 Sent.
2914 3908 3188 3979 Prosperi,
3214 3906 3431 3975 tom.X,
3447 3913 3597 3978 part.
3612 3924 3674 3976 ιι,

2035 3991 2142 4050 col.
2182 3993 2363 4066 1868.)

2693 4083 2922 4141 CAPUT
2958 4085 3025 4140 V.

2102 4174 2319 4228 Scimus
2374 4174 2523 4229 enim
2581 4176 2842 4245 quoniam
2890 4176 2942 4230 si
2981 4175 3252 4230 terrestris
3281 4173 3474 4230 domus
3501 4182 3685 4231 nostra

2035 4260 2200 4331 hujus
2244 4261 2602 4317 habitationis
2645 4262 2998 4329 dissolvatur,
3048 4263 3189 4335 quod
3242 4263 3682 4333 aediﬁcationem,

2036 4353 2168 4417 etc.,
2202 4365 2372 4423 usque
2426 4351 2495 4406 ad
2550 4368 2662 4406 non
2718 4352 2859 4407 nudi
2914 4354 3291 4408 inveniamur.
3327 4352 3491 4408 Prior
3530 4352 3679 4408 enim

2036 4438 2303 4494 omnium
2335 4442 2529 4496 creata
2557 4444 2647 4495 est
2692 4440 2960 4512 quaedam
3009 4440 3322 4513 sapientia,
3354 4445 3490 4510 etc.,
3524 4457 3683 4513 usque

282 4537 343 4585 ut
369 4530 681 4585 sublimitas
708 4531 780 4584 sit
808 4530 1027 4584 virtutis
1055 4528 1243 4593 Dei,et
1257 4543 1369 4582 non
1398 4527 1930 4596 exnobianjomni-
1958 4548 2007 4614 D
2038 4527 2106 4583 ad
2137 4528 2357 4583 bonum
2407 4532 2516 4584 est.
2562 4529 2691 4601 (Id.,
2724 4530 2823 4585 lib.
2858 4529 3019 4605 Conf.
3050 4548 3154 4599 x11,
3186 4535 3330 4586 tom.
3364 4534 3411 4598 Ι,
3446 4530 3557 4588 col.
3585 4531 3682 4586 833

286 4620 381 4675 bus
411 4619 822 4675 tribulationem
846 4618 1110 4689 patimur,
1133 4616 1223 4670 sed
1244 4631 1353 4671 non
1374 4616 1771 4684 angustia-mus.
1791 4614 1929 4687 Apo-

288 4709 525 4776 riamur,
550 4714 672 4773 etc.,
694 4722 886 4777 usque
916 4705 988 4760 ad
1021 4706 1081 4759 in
1110 4706 1279 4759 vobis.
1302 4702 1619 4758 Adhzerens
1640 4702 1775 4771 Deo,
1793 4707 1925 4773 etc.,

285 4812 455 4868 usque
480 4795 549 4851 ad
580 4796 880 4868 probatur.
912 4794 1043 4867 (Id.,
1078 4793 1175 4848 lib.
1208 4791 1271 4848 de
1299 4791 1447 4847 Sent.
1477 4792 1930 4863 Prosp.,t01n.X,

285 4890 435 4958 part.
469 4902 531 4956 11,
565 4884 673 4940 col.
712 4885 895 4952 1867.)

354 4975 617 5030 Habentes
665 4982 849 5029 autem
892 4971 1139 5028 eumdem
1184 4972 1441 5043 spiritum
1469 4969 1598 5041 ﬁdei
1624 4971 1763 5025 sicut
1790 4972 1931 5026 scri-

280 5072 436 5136 ptum
463 5071 542 5119 est
576 5080 589 5117 :
623 5062 859 5130 Credidi,
889 5068 1110 5133 propter
1139 5060 1279 5130 quod
1324 5060 1533 5114 loeutus
1574 5074 1713 5113 sum.
1746 5060 1810 5113 Et
1837 5076 1933 5115 nos

284 5153 572 5220 credimus,
606 5159 727 5217 etc.,
759 5166 949 5222 usque
981 5148 1054 5203 ad
1106 5149 1164 5202 in
1208 5148 1449 5216 gloriam
1494 5148 1608 5202 Dei.
1643 5146 1933 5203 Habentes

286 5247 482 5297 autem
512 5240 785 5296 eumdem
819 5238 1092 5309 spiritum
1125 5236 1276 5292 ﬁdei.
1313 5236 1438 5291 Non
1465 5235 1621 5291 enim
1653 5236 1734 5291 ait
1754 5237 1937 5293 scien-

284 5329 428 5386 tiam
459 5327 617 5392 fidei,
641 5327 741 5381 sed
774 5326 1046 5399 spiritum
1071 5324 1224 5379 ﬁdei.
1250 5325 1410 5390 Quod
1434 5328 1739 5397 propterea
1767 5326 1931 5395 dixit,

287 5417 828 5490 utintelligeremus
846 5414 985 5487 quia
1008 5413 1173 5482 ﬁdes,
1189 5418 1320 5482 etc.,
1346 5430 1514 5489 usque
1527 5415 1595 5470 ad
1616 5414 1931 5489 loquimur.

286 5508 419 5578 (Id.,
453 5508 550 5561 lib.
583 5505 648 5561 de
677 5504 863 5560 Gratia
887 5508 939 5559 et
974 5502 1142 5559 libero
1166 5504 1355 5573 arbit.)

357 5594 504 5656 Ante
528 5593 843 5652 adventum
887 5590 1117 5650 Domini
1150 5593 1334 5652 nostri
1362 5594 1503 5655 Jesu
1529 5594 1764 5669 Christi,
1798 5599 1932 5670 etc.,

2039 4620 2094 4671 et
2125 4617 2272 4689 seq.)

2112 4705 2169 4761 Si
2201 4722 2509 4777 possemus
2541 4706 2712 4763 aliter
2759 4708 3060 4781 pervenire
3092 4709 3166 4765 ad
3198 4708 3524 4778 Christum,
3552 4712 3681 4773 etc.,

2038 4811 2207 4865 usque
2235 4794 2305 4850 ad
2354 4800 2513 4852 aceto
2562 4800 2926 4868 potaverunt.
2962 4798 3096 4869 (Id.,
3127 4806 3288 4854 tract.
3312 4799 3461 4870 psal.
3496 4814 3682 4863 vam,

2039 4886 2182 4938 tom.
2217 4883 2309 4950 IV,
2344 4889 2494 4956 part.
2529 4903 2569 4952 1,
2602 4885 2710 4941 col.
2745 4887 2852 4941 842
2881 4890 2939 4941 et
2969 4889 3119 4959 seq.)

2111 4973 2248 5029 Nam
2276 4981 2328 5028 et
2355 4975 2451 5045 qui
2477 4990 2666 5029 sumus
2696 4976 2757 5030 in
2777 4976 2874 5031 hoc
2904 4976 3255 5032 tabernaculo
3280 4978 3680 5046 ingemiscimus

2039 5063 2274 5130 gravati,
2308 5066 2442 5131 etc.,
2470 5079 2656 5135 usque
2689 5064 2763 5119 ad
2790 5065 3019 5120 mortale
3070 5074 3153 5121 est
3201 5082 3235 5120 a
3284 5067 3418 5121 vita.
3473 5067 3677 5138 Aggra-

2041 5167 2249 5206 vamur
2277 5167 2413 5224 ergo
2461 5152 2823 5225 corruptibili
2878 5170 3118 5226 corpore
3148 5158 3223 5221 et,
3255 5158 3391 5221 etc.,
3422 5170 3590 5227 usque
3613 5150 3678 5207 ad

2043 5256 2233 5295 errore
2293 5244 2450 5296 sunt.
2504 5241 2636 5312 (Id.,
2668 5242 2765 5297 lib.
2799 5242 2864 5298 de
2890 5244 3055 5300 Civit.
3086 5245 3187 5300 Dei
3214 5260 3330 5313 x1v,
3363 5260 3416 5299 c.
3451 5260 3490 5299 11
3520 5251 3572 5300 et
3597 5258 3672 5310 111,

2042 5334 2184 5385 tom.
2218 5327 2340 5395 VII,
2375 5328 2482 5384 col.
2515 5330 2661 5402 l106.)

2114 5417 2563 5490 Ingemiscimus
2595 5419 2819 5491 gravati
2852 5436 2864 5476 :
2897 5420 3007 5477 sub
3040 5421 3271 5477 sarcina
3300 5419 3675 5488 scilicet,etc..

2041 5522 2210 5581 usque
2235 5506 2303 5562 ad
2334 5523 2450 5562 non
2481 5511 2662 5564 extra.
2697 5509 2828 5582 (Id.,
2858 5526 3023 5566 serm.
3056 5509 3121 5567 de
3147 5510 3332 5567 natali
3371 5509 3682 5586 apostolor.,.

2041 5598 2183 5657 tom.
2218 5594 2284 5669 V,
2318 5599 2468 5672 part.
2502 5612 2542 5671 1,
2576 5595 2685 5655 col.
2718 5598 2859 5658 1374
2887 5602 2945 5659 et
2973 5601 3123 5677 seq.)
