  <div class='ocr_page' id='page_1' title='image "/cluster/home/n/w/nwhite01/storage/ocr_20150623/119/uva.x000827049/188.png"; bbox 0 0 3856 6200; ppageno 0'>
   <div class='ocr_carea' id='block_1_1' title="bbox 79 360 189 443">
    <p class='ocr_par' dir='ltr' id='par_1_1' title="bbox 79 360 189 443">
     <span class='ocr_line' id='line_1_1' title="bbox 79 360 189 443; baseline 0 -22"><span class='ocrx_word' id='word_1_1' title='bbox 79 360 189 443; x_wconf 55' lang='lat' dir='ltr'><strong><em>rei.</em></strong></span> 
     </span>
    </p>
   </div>
   <div class='ocr_carea' id='block_1_2' title="bbox 883 349 2611 433">
    <p class='ocr_par' dir='ltr' id='par_1_2' title="bbox 883 349 2611 433">
     <span class='ocr_line' id='line_1_2' title="bbox 883 349 2611 433; baseline -0.003 -18"><span class='ocrx_word' id='word_1_2' title='bbox 883 353 1303 425; x_wconf 84' lang='lat' dir='ltr'><strong><em>EXPOSI&#39;I‘IO.</em></strong></span> <span class='ocrx_word' id='word_1_3' title='bbox 1338 353 1423 431; x_wconf 81' lang='lat' dir='ltr'><strong><em>IN.</em></strong></span> <span class='ocrx_word' id='word_1_4' title='bbox 1460 351 1631 431; x_wconf 78' lang='lat' dir='ltr'><strong><em>EPP.</em></strong></span> <span class='ocrx_word' id='word_1_5' title='bbox 1664 349 2156 433; x_wconf 70' lang='lat' dir='ltr'><strong><em>PAULI,.-—-EP.</em></strong></span> <span class='ocrx_word' id='word_1_6' title='bbox 2189 349 2244 431; x_wconf 77' lang='grc' dir='ltr'><strong><em>ιι</em></strong></span> <span class='ocrx_word' id='word_1_7' title='bbox 2287 350 2390 411; x_wconf 84' lang='lat' dir='ltr'><strong><em>AD</em></strong></span> <span class='ocrx_word' id='word_1_8' title='bbox 2433 350 2611 414; x_wconf 76' lang='lat' dir='ltr'><strong><em>con.</em></strong></span> 
     </span>
    </p>
   </div>
   <div class='ocr_carea' id='block_1_3' title="bbox 3337 354 3458 431">
    <p class='ocr_par' dir='ltr' id='par_1_3' title="bbox 3337 354 3458 431">
     <span class='ocr_line' id='line_1_3' title="bbox 3337 354 3458 431; baseline 0.017 -2"><span class='ocrx_word' id='word_1_9' title='bbox 3337 354 3458 431; x_wconf 67' lang='lat'><strong><em>3.62.</em></strong></span> 
     </span>
    </p>
   </div>
   <div class='ocr_carea' id='block_1_4' title="bbox 82 482 3455 569">
    <p class='ocr_par' dir='ltr' id='par_1_4' title="bbox 82 482 3455 569">
     <span class='ocr_line' id='line_1_4' title="bbox 82 482 3455 569; baseline -0.002 -23"><span class='ocrx_word' id='word_1_10' title='bbox 82 485 1692 569; x_wconf 65' lang='lat' dir='ltr'><strong><em>usqueadetenobis.Ipsatristitiareperiturinbono,etc.,</em></strong></span> <span class='ocrx_word' id='word_1_11' title='bbox 1724 485 1777 550; x_wconf 79' lang='grc' dir='ltr'><strong>Α</strong></span> <span class='ocrx_word' id='word_1_12' title='bbox 1879 488 1996 538; x_wconf 85' lang='lat' dir='ltr'><strong><em>Iste</em></strong></span> <span class='ocrx_word' id='word_1_13' title='bbox 2043 486 2133 538; x_wconf 87' lang='lat' dir='ltr'><strong><em>est</em></strong></span> <span class='ocrx_word' id='word_1_14' title='bbox 2196 484 2364 550; x_wconf 87' lang='lat' dir='ltr'><strong><em>Deus,</em></strong></span> <span class='ocrx_word' id='word_1_15' title='bbox 2422 486 2556 549; x_wconf 88' lang='lat' dir='ltr'><strong><em>etc.,</em></strong></span> <span class='ocrx_word' id='word_1_16' title='bbox 2606 499 2776 554; x_wconf 86' lang='lat' dir='ltr'><strong><em>usque</em></strong></span> <span class='ocrx_word' id='word_1_17' title='bbox 2807 484 2876 539; x_wconf 89' lang='lat' dir='ltr'><strong><em>ad</em></strong></span> <span class='ocrx_word' id='word_1_18' title='bbox 2906 482 3286 541; x_wconf 84' lang='lat' dir='ltr'><strong><em>Christianos.</em></strong></span> <span class='ocrx_word' id='word_1_19' title='bbox 3320 486 3455 554; x_wconf 63' lang='lat' dir='ltr'><strong><em>(Id.,</em></strong></span> 
     </span>
    </p>
   </div>
   <div class='ocr_carea' id='block_1_5' title="bbox 78 573 1689 655">
    <p class='ocr_par' dir='ltr' id='par_1_5' title="bbox 78 573 1689 655">
     <span class='ocr_line' id='line_1_5' title="bbox 78 573 1689 655; baseline -0.008 -16"><span class='ocrx_word' id='word_1_20' title='bbox 78 596 225 655; x_wconf 81' lang='lat' dir='ltr'><strong><em>usque</em></strong></span> <span class='ocrx_word' id='word_1_21' title='bbox 251 578 317 634; x_wconf 87' lang='lat' dir='ltr'><strong><em>ad</em></strong></span> <span class='ocrx_word' id='word_1_22' title='bbox 345 595 378 634; x_wconf 90' lang='lat' dir='ltr'><strong><em>a</em></strong></span> <span class='ocrx_word' id='word_1_23' title='bbox 406 576 573 632; x_wconf 88' lang='lat' dir='ltr'><strong><em>nobis</em></strong></span> <span class='ocrx_word' id='word_1_24' title='bbox 608 575 934 649; x_wconf 76' lang='lat' dir='ltr'><strong><em>(Id.,lib.de</em></strong></span> <span class='ocrx_word' id='word_1_25' title='bbox 966 578 1080 633; x_wconf 85' lang='lat' dir='ltr'><strong><em>Civ.</em></strong></span> <span class='ocrx_word' id='word_1_26' title='bbox 1114 578 1217 632; x_wconf 89' lang='lat' dir='ltr'><strong><em>Dei</em></strong></span> <span class='ocrx_word' id='word_1_27' title='bbox 1244 593 1358 644; x_wconf 80' lang='lat' dir='ltr'><strong>xw,</strong></span> <span class='ocrx_word' id='word_1_28' title='bbox 1390 578 1533 631; x_wconf 90' lang='lat' dir='ltr'><strong><em>tom.</em></strong></span> <span class='ocrx_word' id='word_1_29' title='bbox 1565 573 1689 641; x_wconf 85' lang='lat' dir='ltr'><strong><em>VII,</em></strong></span> 
     </span>
    </p>
   </div>
   <div class='ocr_carea' id='block_1_6' title="bbox 79 666 339 734">
    <p class='ocr_par' dir='ltr' id='par_1_6' title="bbox 79 666 339 734">
     <span class='ocr_line' id='line_1_6' title="bbox 79 666 339 734; baseline -0.027 -8"><span class='ocrx_word' id='word_1_30' title='bbox 79 668 173 727; x_wconf 86' lang='lat' dir='ltr'><strong><em>col.</em></strong></span> <span class='ocrx_word' id='word_1_31' title='bbox 203 666 339 734; x_wconf 65' lang='grc'>413).</span> 
     </span>
    </p>
   </div>
   <div class='ocr_carea' id='block_1_7' title="bbox 137 752 1695 828">
    <p class='ocr_par' dir='ltr' id='par_1_7' title="bbox 137 752 1695 828">
     <span class='ocr_line' id='line_1_7' title="bbox 137 752 1695 828; baseline -0.003 -17"><span class='ocrx_word' id='word_1_32' title='bbox 137 758 259 828; x_wconf 63' lang='lat'><strong><em>011,2</em></strong></span> <span class='ocrx_word' id='word_1_33' title='bbox 283 755 426 811; x_wconf 89' lang='lat' dir='ltr'><strong><em>enim</em></strong></span> <span class='ocrx_word' id='word_1_34' title='bbox 442 752 740 808; x_wconf 86' lang='lat' dir='ltr'><strong><em>secundum</em></strong></span> <span class='ocrx_word' id='word_1_35' title='bbox 758 755 930 809; x_wconf 87' lang='lat' dir='ltr'><strong><em>Deum</em></strong></span> <span class='ocrx_word' id='word_1_36' title='bbox 949 755 1180 809; x_wconf 89' lang='lat' dir='ltr'><strong><em>tristitia</em></strong></span> <span class='ocrx_word' id='word_1_37' title='bbox 1198 760 1294 821; x_wconf 90' lang='lat' dir='ltr'><strong><em>est,</em></strong></span> <span class='ocrx_word' id='word_1_38' title='bbox 1313 753 1695 825; x_wconf 72' lang='lat' dir='ltr'><strong><em>paenitentiam</em></strong></span> 
     </span>
    </p>
   </div>
   <div class='ocr_carea' id='block_1_8' title="bbox 78 842 1694 917">
    <p class='ocr_par' dir='ltr' id='par_1_8' title="bbox 78 842 1694 917">
     <span class='ocr_line' id='line_1_8' title="bbox 78 842 1694 917; baseline -0.005 -14"><span class='ocrx_word' id='word_1_39' title='bbox 78 849 128 903; x_wconf 87' lang='lat' dir='ltr'><strong><em>in</em></strong></span> <span class='ocrx_word' id='word_1_40' title='bbox 154 844 366 901; x_wconf 85' lang='lat' dir='ltr'><strong><em>salutem</em></strong></span> <span class='ocrx_word' id='word_1_41' title='bbox 408 842 661 903; x_wconf 75' lang='lat' dir='ltr'><strong><em>stabilem</em></strong></span> <span class='ocrx_word' id='word_1_42' title='bbox 711 849 987 917; x_wconf 84' lang='lat' dir='ltr'><strong><em>operatur,</em></strong></span> <span class='ocrx_word' id='word_1_43' title='bbox 1012 842 1209 900; x_wconf 52' lang='lat' dir='ltr'><strong><em>saeculi</em></strong></span> <span class='ocrx_word' id='word_1_44' title='bbox 1255 849 1435 897; x_wconf 87' lang='lat' dir='ltr'><strong><em>autem</em></strong></span> <span class='ocrx_word' id='word_1_45' title='bbox 1466 842 1694 897; x_wconf 82' lang='lat' dir='ltr'><strong><em>tristitia</em></strong></span> 
     </span>
    </p>
   </div>
   <div class='ocr_carea' id='block_1_9' title="bbox 78 929 1689 1004">
    <p class='ocr_par' dir='ltr' id='par_1_9' title="bbox 78 929 1689 1004">
     <span class='ocr_line' id='line_1_9' title="bbox 78 929 1689 1004; baseline -0.003 -16"><span class='ocrx_word' id='word_1_46' title='bbox 78 941 274 997; x_wconf 82' lang='lat' dir='ltr'><strong><em>mortem</em></strong></span> <span class='ocrx_word' id='word_1_47' title='bbox 289 938 559 1003; x_wconf 80' lang='lat' dir='ltr'><strong><em>operatur.</em></strong></span> <span class='ocrx_word' id='word_1_48' title='bbox 583 931 711 986; x_wconf 83' lang='lat' dir='ltr'><em>Ecce</em></span> <span class='ocrx_word' id='word_1_49' title='bbox 731 932 878 987; x_wconf 88' lang='lat' dir='ltr'><strong><em>enim</em></strong></span> <span class='ocrx_word' id='word_1_50' title='bbox 895 931 994 993; x_wconf 83' lang='lat' dir='ltr'><strong><em>hoc</em></strong></span> <span class='ocrx_word' id='word_1_51' title='bbox 1014 933 1196 1004; x_wconf 88' lang='lat' dir='ltr'><strong><em>ipsum</em></strong></span> <span class='ocrx_word' id='word_1_52' title='bbox 1214 929 1530 999; x_wconf 81' lang='lat' dir='ltr'><strong><em>secundum,</em></strong></span> <span class='ocrx_word' id='word_1_53' title='bbox 1554 932 1689 995; x_wconf 85' lang='lat' dir='ltr'><strong><em>etc.,</em></strong></span> 
     </span>
    </p>
   </div>
   <div class='ocr_carea' id='block_1_10' title="bbox 78 1018 1688 1094">
    <p class='ocr_par' dir='ltr' id='par_1_10' title="bbox 78 1018 1688 1094">
     <span class='ocr_line' id='line_1_10' title="bbox 78 1018 1688 1094; baseline -0.004 -15"><span class='ocrx_word' id='word_1_54' title='bbox 78 1038 238 1094; x_wconf 88' lang='lat' dir='ltr'><strong><em>usque</em></strong></span> <span class='ocrx_word' id='word_1_55' title='bbox 265 1020 332 1075; x_wconf 89' lang='lat' dir='ltr'><strong><em>ad</em></strong></span> <span class='ocrx_word' id='word_1_56' title='bbox 366 1020 578 1076; x_wconf 85' lang='lat' dir='ltr'><strong><em>Gaudeo</em></strong></span> <span class='ocrx_word' id='word_1_57' title='bbox 623 1018 764 1092; x_wconf 89' lang='lat' dir='ltr'><strong><em>quod</em></strong></span> <span class='ocrx_word' id='word_1_58' title='bbox 810 1022 869 1074; x_wconf 88' lang='lat' dir='ltr'><strong><em>in</em></strong></span> <span class='ocrx_word' id='word_1_59' title='bbox 911 1019 1164 1076; x_wconf 86' lang='lat' dir='ltr'><strong><em>omnibus</em></strong></span> <span class='ocrx_word' id='word_1_60' title='bbox 1191 1019 1398 1091; x_wconf 83' lang='lat' dir='ltr'><strong><em>conﬁdo</em></strong></span> <span class='ocrx_word' id='word_1_61' title='bbox 1429 1020 1485 1073; x_wconf 90' lang='lat' dir='ltr'><strong><em>in</em></strong></span> <span class='ocrx_word' id='word_1_62' title='bbox 1520 1018 1688 1075; x_wconf 91' lang='lat' dir='ltr'><strong><em>vobis.</em></strong></span> 
     </span>
    </p>
   </div>
   <div class='ocr_carea' id='block_1_11' title="bbox 79 1105 1688 1185">
    <p class='ocr_par' dir='ltr' id='par_1_11' title="bbox 79 1105 1688 1185">
     <span class='ocr_line' id='line_1_11' title="bbox 79 1105 1688 1185; baseline -0.003 -19"><span class='ocrx_word' id='word_1_63' title='bbox 79 1113 197 1166; x_wconf 83' lang='lat' dir='ltr'><em>Ecce</em></span> <span class='ocrx_word' id='word_1_64' title='bbox 222 1108 368 1164; x_wconf 90' lang='lat' dir='ltr'><strong><em>enim</em></strong></span> <span class='ocrx_word' id='word_1_65' title='bbox 399 1106 457 1161; x_wconf 91' lang='lat' dir='ltr'><strong><em>id</em></strong></span> <span class='ocrx_word' id='word_1_66' title='bbox 488 1107 684 1185; x_wconf 76' lang='lat' dir='ltr'><strong><em>ipsum</em></strong></span> <span class='ocrx_word' id='word_1_67' title='bbox 729 1108 1056 1169; x_wconf 87' lang='lat' dir='ltr'><strong><em>secundum</em></strong></span> <span class='ocrx_word' id='word_1_68' title='bbox 1088 1108 1273 1164; x_wconf 91' lang='lat' dir='ltr'><strong><em>Deum</em></strong></span> <span class='ocrx_word' id='word_1_69' title='bbox 1304 1105 1688 1174; x_wconf 87' lang='lat' dir='ltr'><strong><em>constristari,</em></strong></span> 
     </span>
    </p>
   </div>
   <div class='ocr_carea' id='block_1_12' title="bbox 78 1190 1688 1270">
    <p class='ocr_par' dir='ltr' id='par_1_12' title="bbox 78 1190 1688 1270">
     <span class='ocr_line' id='line_1_12' title="bbox 78 1190 1688 1270; baseline -0.002 -16"><span class='ocrx_word' id='word_1_70' title='bbox 78 1203 191 1266; x_wconf 87' lang='lat' dir='ltr'><strong><em>etc.,</em></strong></span> <span class='ocrx_word' id='word_1_71' title='bbox 218 1212 378 1270; x_wconf 83' lang='lat' dir='ltr'><strong><em>usque</em></strong></span> <span class='ocrx_word' id='word_1_72' title='bbox 422 1196 495 1252; x_wconf 85' lang='lat' dir='ltr'><strong><em>ad</em></strong></span> <span class='ocrx_word' id='word_1_73' title='bbox 520 1190 523 1195; x_wconf 78' lang='grc'><em>’</em></span> <span class='ocrx_word' id='word_1_74' title='bbox 544 1200 735 1255; x_wconf 85' lang='lat' dir='ltr'><strong><em>rectas</em></strong></span> <span class='ocrx_word' id='word_1_75' title='bbox 780 1195 1000 1253; x_wconf 84' lang='lat' dir='ltr'><strong><em>habent</em></strong></span> <span class='ocrx_word' id='word_1_76' title='bbox 1028 1197 1161 1269; x_wconf 91' lang='lat' dir='ltr'><strong><em>(Id.,</em></strong></span> <span class='ocrx_word' id='word_1_77' title='bbox 1194 1197 1292 1253; x_wconf 89' lang='lat' dir='ltr'><strong><em>lib.</em></strong></span> <span class='ocrx_word' id='word_1_78' title='bbox 1325 1197 1389 1252; x_wconf 88' lang='lat' dir='ltr'><strong><em>de</em></strong></span> <span class='ocrx_word' id='word_1_79' title='bbox 1419 1196 1533 1252; x_wconf 84' lang='lat' dir='ltr'><strong><em>Civ.</em></strong></span> <span class='ocrx_word' id='word_1_80' title='bbox 1567 1197 1688 1263; x_wconf 87' lang='lat' dir='ltr'><strong><em>Dei,</em></strong></span> 
     </span>
    </p>
   </div>
   <div class='ocr_carea' id='block_1_13' title="bbox 76 1283 667 1357">
    <p class='ocr_par' dir='ltr' id='par_1_13' title="bbox 76 1283 667 1357">
     <span class='ocr_line' id='line_1_13' title="bbox 76 1283 667 1357; baseline -0.007 -14"><span class='ocrx_word' id='word_1_81' title='bbox 76 1291 198 1343; x_wconf 89' lang='lat' dir='ltr'><strong><em>tom.</em></strong></span> <span class='ocrx_word' id='word_1_82' title='bbox 226 1286 346 1354; x_wconf 90' lang='lat' dir='ltr'><strong>VII,</strong></span> <span class='ocrx_word' id='word_1_83' title='bbox 375 1283 486 1340; x_wconf 91' lang='lat' dir='ltr'><strong><em>col.</em></strong></span> <span class='ocrx_word' id='word_1_84' title='bbox 522 1284 667 1357; x_wconf 79' lang='grc'>413).</span> 
     </span>
    </p>
   </div>
   <div class='ocr_carea' id='block_1_14' title="bbox 662 1372 1082 1429">
    <p class='ocr_par' dir='ltr' id='par_1_14' title="bbox 662 1372 1082 1429">
     <span class='ocr_line' id='line_1_14' title="bbox 662 1372 1082 1429; baseline -0.005 0"><span class='ocrx_word' id='word_1_85' title='bbox 662 1372 895 1429; x_wconf 82' lang='lat' dir='ltr'><strong><em>CAPUT</em></strong></span> <span class='ocrx_word' id='word_1_86' title='bbox 930 1373 1082 1429; x_wconf 86' lang='lat' dir='ltr'><strong>VIII.</strong></span> 
     </span>
    </p>
   </div>
   <div class='ocr_carea' id='block_1_15' title="bbox 131 1462 1695 1536">
    <p class='ocr_par' dir='ltr' id='par_1_15' title="bbox 131 1462 1695 1536">
     <span class='ocr_line' id='line_1_15' title="bbox 131 1462 1695 1536; baseline -0.001 -17"><span class='ocrx_word' id='word_1_87' title='bbox 131 1463 307 1529; x_wconf 83' lang='lat' dir='ltr'><strong><em>Notam</em></strong></span> <span class='ocrx_word' id='word_1_88' title='bbox 352 1467 541 1529; x_wconf 87' lang='lat' dir='ltr'><strong><em>autem</em></strong></span> <span class='ocrx_word' id='word_1_89' title='bbox 588 1463 828 1534; x_wconf 80' lang='lat' dir='ltr'><strong><em>facimus</em></strong></span> <span class='ocrx_word' id='word_1_90' title='bbox 872 1464 1043 1534; x_wconf 90' lang='lat' dir='ltr'><strong><em>vobis,</em></strong></span> <span class='ocrx_word' id='word_1_91' title='bbox 1073 1465 1294 1536; x_wconf 76' lang='lat' dir='ltr'><strong><em>fratres,</em></strong></span> <span class='ocrx_word' id='word_1_92' title='bbox 1327 1463 1567 1531; x_wconf 78' lang='lat' dir='ltr'><strong><em>gratiam</em></strong></span> <span class='ocrx_word' id='word_1_93' title='bbox 1595 1462 1695 1517; x_wconf 86' lang='lat' dir='ltr'><strong><em>Dei</em></strong></span> 
     </span>
    </p>
   </div>
   <div class='ocr_carea' id='block_1_16' title="bbox 74 1550 1693 1624">
    <p class='ocr_par' dir='ltr' id='par_1_16' title="bbox 74 1550 1693 1624">
     <span class='ocr_line' id='line_1_16' title="bbox 74 1550 1693 1624; baseline -0.001 -17"><span class='ocrx_word' id='word_1_94' title='bbox 74 1566 180 1624; x_wconf 59' lang='lat' dir='ltr'><strong><em>quae</em></strong></span> <span class='ocrx_word' id='word_1_95' title='bbox 202 1551 321 1606; x_wconf 87' lang='lat' dir='ltr'><strong><em>data</em></strong></span> <span class='ocrx_word' id='word_1_96' title='bbox 349 1559 428 1606; x_wconf 86' lang='lat' dir='ltr'><strong><em>est</em></strong></span> <span class='ocrx_word' id='word_1_97' title='bbox 457 1552 519 1605; x_wconf 87' lang='lat' dir='ltr'><strong><em>in</em></strong></span> <span class='ocrx_word' id='word_1_98' title='bbox 546 1551 786 1606; x_wconf 86' lang='lat' dir='ltr'><strong><em>ecclesiis</em></strong></span> <span class='ocrx_word' id='word_1_99' title='bbox 816 1550 1164 1619; x_wconf 68' lang='lat' dir='ltr'><strong><em>Macedoniae,</em></strong></span> <span class='ocrx_word' id='word_1_100' title='bbox 1182 1560 1233 1606; x_wconf 92' lang='lat' dir='ltr'><strong><em>et</em></strong></span> <span class='ocrx_word' id='word_1_101' title='bbox 1262 1550 1402 1622; x_wconf 90' lang='lat' dir='ltr'><strong><em>quod</em></strong></span> <span class='ocrx_word' id='word_1_102' title='bbox 1431 1552 1488 1606; x_wconf 90' lang='lat' dir='ltr'><strong><em>in</em></strong></span> <span class='ocrx_word' id='word_1_103' title='bbox 1520 1551 1693 1606; x_wconf 89' lang='lat' dir='ltr'><strong><em>multo</em></strong></span> 
     </span>
    </p>
   </div>
   <div class='ocr_carea' id='block_1_17' title="bbox 73 1639 1694 1713">
    <p class='ocr_par' dir='ltr' id='par_1_17' title="bbox 73 1639 1694 1713">
     <span class='ocr_line' id='line_1_17' title="bbox 73 1639 1694 1713; baseline -0.002 -17"><span class='ocrx_word' id='word_1_104' title='bbox 73 1640 406 1713; x_wconf 69' lang='lat' dir='ltr'><strong><em>experimento</em></strong></span> <span class='ocrx_word' id='word_1_105' title='bbox 433 1639 837 1706; x_wconf 80' lang='lat' dir='ltr'><strong><em>tribulationis,</em></strong></span> <span class='ocrx_word' id='word_1_106' title='bbox 874 1643 1008 1707; x_wconf 89' lang='lat' dir='ltr'><strong><em>etc.,</em></strong></span> <span class='ocrx_word' id='word_1_107' title='bbox 1033 1656 1220 1713; x_wconf 88' lang='lat' dir='ltr'><strong><em>usque</em></strong></span> <span class='ocrx_word' id='word_1_108' title='bbox 1242 1639 1313 1695; x_wconf 91' lang='lat' dir='ltr'><strong><em>ad</em></strong></span> <span class='ocrx_word' id='word_1_109' title='bbox 1331 1639 1445 1695; x_wconf 87' lang='lat' dir='ltr'><strong><em>Non</em></strong></span> <span class='ocrx_word' id='word_1_110' title='bbox 1469 1641 1616 1695; x_wconf 87' lang='lat' dir='ltr'><strong><em>enim</em></strong></span> <span class='ocrx_word' id='word_1_111' title='bbox 1633 1647 1694 1694; x_wconf 86' lang='lat' dir='ltr'><strong><em>ut</em></strong></span> 
     </span>
    </p>
   </div>
   <div class='ocr_carea' id='block_1_18' title="bbox 73 1719 1693 1807">
    <p class='ocr_par' dir='ltr' id='par_1_18' title="bbox 73 1719 1693 1807">
     <span class='ocr_line' id='line_1_18' title="bbox 73 1719 1693 1807; baseline 0 -24"><span class='ocrx_word' id='word_1_112' title='bbox 73 1729 183 1783; x_wconf 84' lang='lat' dir='ltr'><strong><em>aliis</em></strong></span> <span class='ocrx_word' id='word_1_113' title='bbox 207 1730 276 1786; x_wconf 85' lang='lat' dir='ltr'><strong><em>sit</em></strong></span> <span class='ocrx_word' id='word_1_114' title='bbox 303 1728 569 1792; x_wconf 80' lang='lat' dir='ltr'><strong><em>remissio,</em></strong></span> <span class='ocrx_word' id='word_1_115' title='bbox 586 1727 735 1791; x_wconf 82' lang='lat' dir='ltr'><strong><em>vobis</em></strong></span> <span class='ocrx_word' id='word_1_116' title='bbox 761 1734 944 1783; x_wconf 85' lang='lat' dir='ltr'><strong><em>autem</em></strong></span> <span class='ocrx_word' id='word_1_117' title='bbox 976 1719 1283 1795; x_wconf 74' lang='lat' dir='ltr'><strong><em>tribulatio.</em></strong></span> <span class='ocrx_word' id='word_1_118' title='bbox 1310 1729 1547 1800; x_wconf 84' lang='lat' dir='ltr'><strong><em>Propter</em></strong></span> <span class='ocrx_word' id='word_1_119' title='bbox 1562 1744 1693 1807; x_wconf 78' lang='lat' dir='ltr'><strong><em>nos,</em></strong></span> 
     </span>
    </p>
   </div>
   <div class='ocr_carea' id='block_1_19' title="bbox 75 1816 1695 1891">
    <p class='ocr_par' dir='ltr' id='par_1_19' title="bbox 75 1816 1695 1891">
     <span class='ocr_line' id='line_1_19' title="bbox 75 1816 1695 1891; baseline 0 -19"><span class='ocrx_word' id='word_1_120' title='bbox 75 1816 258 1889; x_wconf 89' lang='lat' dir='ltr'><strong><em>inquit,</em></strong></span> <span class='ocrx_word' id='word_1_121' title='bbox 272 1832 493 1891; x_wconf 77' lang='lat' dir='ltr'><strong><em>pauper</em></strong></span> <span class='ocrx_word' id='word_1_122' title='bbox 523 1816 712 1872; x_wconf 83' lang='lat' dir='ltr'><strong><em>factus</em></strong></span> <span class='ocrx_word' id='word_1_123' title='bbox 735 1821 823 1873; x_wconf 90' lang='lat' dir='ltr'><strong><em>est</em></strong></span> <span class='ocrx_word' id='word_1_124' title='bbox 843 1834 975 1873; x_wconf 91' lang='lat' dir='ltr'><strong><em>cum</em></strong></span> <span class='ocrx_word' id='word_1_125' title='bbox 1011 1822 1166 1879; x_wconf 82' lang='lat' dir='ltr'><strong><em>esset</em></strong></span> <span class='ocrx_word' id='word_1_126' title='bbox 1188 1817 1369 1883; x_wconf 85' lang='lat' dir='ltr'><strong><em>dives,</em></strong></span> <span class='ocrx_word' id='word_1_127' title='bbox 1385 1822 1695 1890; x_wconf 86' lang='lat' dir='ltr'><strong><em>etc.,usque</em></strong></span> 
     </span>
    </p>
   </div>
   <div class='ocr_carea' id='block_1_20' title="bbox 74 1904 1690 1979">
    <p class='ocr_par' dir='ltr' id='par_1_20' title="bbox 74 1904 1690 1979">
     <span class='ocr_line' id='line_1_20' title="bbox 74 1904 1690 1979; baseline -0.001 -18"><span class='ocrx_word' id='word_1_128' title='bbox 74 1906 132 1961; x_wconf 85' lang='lat' dir='ltr'><strong><em>ad</em></strong></span> <span class='ocrx_word' id='word_1_129' title='bbox 156 1922 251 1961; x_wconf 92' lang='lat' dir='ltr'><strong><em>nos</em></strong></span> <span class='ocrx_word' id='word_1_130' title='bbox 282 1904 485 1961; x_wconf 79' lang='lat' dir='ltr'><strong><em>ditavit</em></strong></span> <span class='ocrx_word' id='word_1_131' title='bbox 515 1905 596 1977; x_wconf 92' lang='lat' dir='ltr'><strong><em>(S.</em></strong></span> <span class='ocrx_word' id='word_1_132' title='bbox 623 1906 799 1979; x_wconf 88' lang='lat' dir='ltr'><strong><em>Aug.,</em></strong></span> <span class='ocrx_word' id='word_1_133' title='bbox 822 1906 1442 1976; x_wconf 82' lang='lat' dir='ltr'><strong><em>tract.Psal.,tom.lV,</em></strong></span> <span class='ocrx_word' id='word_1_134' title='bbox 1466 1910 1690 1979; x_wconf 85' lang='lat' dir='ltr'><strong><em>part.n,</em></strong></span> 
     </span>
    </p>
   </div>
   <div class='ocr_carea' id='block_1_21' title="bbox 75 1992 368 2062">
    <p class='ocr_par' dir='ltr' id='par_1_21' title="bbox 75 1992 368 2062">
     <span class='ocr_line' id='line_1_21' title="bbox 75 1992 368 2062; baseline 0 -14"><span class='ocrx_word' id='word_1_135' title='bbox 75 1992 164 2049; x_wconf 89' lang='lat' dir='ltr'><strong><em>col.</em></strong></span> <span class='ocrx_word' id='word_1_136' title='bbox 198 1992 368 2062; x_wconf 87' lang='lat'><strong><em>1293).</em></strong></span> 
     </span>
    </p>
   </div>
   <div class='ocr_carea' id='block_1_22' title="bbox 133 2082 1692 2158">
    <p class='ocr_par' dir='ltr' id='par_1_22' title="bbox 133 2082 1692 2158">
     <span class='ocr_line' id='line_1_22' title="bbox 133 2082 1692 2158; baseline 0.001 -21"><span class='ocrx_word' id='word_1_137' title='bbox 133 2083 256 2149; x_wconf 86' lang='lat' dir='ltr'><strong><em>Quis</em></strong></span> <span class='ocrx_word' id='word_1_138' title='bbox 284 2082 437 2149; x_wconf 84' lang='lat' dir='ltr'><strong><em>enim</em></strong></span> <span class='ocrx_word' id='word_1_139' title='bbox 469 2082 777 2138; x_wconf 85' lang='lat' dir='ltr'><strong><em>hominum</em></strong></span> <span class='ocrx_word' id='word_1_140' title='bbox 805 2099 1011 2149; x_wconf 86' lang='lat' dir='ltr'><strong><em>omnes</em></strong></span> <span class='ocrx_word' id='word_1_141' title='bbox 1033 2084 1692 2158; x_wconf 80' lang='lat' dir='ltr'><strong><em>thesauros,etc.,usque</em></strong></span> 
     </span>
    </p>
   </div>
   <div class='ocr_carea' id='block_1_23' title="bbox 76 2160 1539 2258">
    <p class='ocr_par' dir='ltr' id='par_1_23' title="bbox 76 2160 1539 2258">
     <span class='ocr_line' id='line_1_23' title="bbox 76 2160 1539 2258; baseline 0.001 -33"><span class='ocrx_word' id='word_1_142' title='bbox 76 2171 133 2225; x_wconf 87' lang='lat' dir='ltr'><strong><em>ad</em></strong></span> <span class='ocrx_word' id='word_1_143' title='bbox 160 2160 369 2227; x_wconf 81' lang='lat' dir='ltr'><strong><em>ablatas</em></strong></span> <span class='ocrx_word' id='word_1_144' title='bbox 401 2170 621 2242; x_wconf 79' lang='lat' dir='ltr'><strong><em>amisit.</em></strong></span> <span class='ocrx_word' id='word_1_145' title='bbox 657 2171 862 2244; x_wconf 87' lang='lat' dir='ltr'><strong><em>(Idem,</em></strong></span> <span class='ocrx_word' id='word_1_146' title='bbox 891 2188 1054 2228; x_wconf 88' lang='lat' dir='ltr'><strong><em>serm.</em></strong></span> <span class='ocrx_word' id='word_1_147' title='bbox 1087 2172 1152 2228; x_wconf 92' lang='lat' dir='ltr'><strong><em>de</em></strong></span> <span class='ocrx_word' id='word_1_148' title='bbox 1180 2173 1539 2258; x_wconf 54' lang='lat' dir='ltr'><strong><em>Epiphania.)</em></strong></span> 
     </span>
    </p>
   </div>
   <div class='ocr_carea' id='block_1_24' title="bbox 131 2260 1692 2339">
    <p class='ocr_par' dir='ltr' id='par_1_24' title="bbox 131 2260 1692 2339">
     <span class='ocr_line' id='line_1_24' title="bbox 131 2260 1692 2339; baseline -0.001 -22"><span class='ocrx_word' id='word_1_149' title='bbox 131 2260 242 2317; x_wconf 86' lang='lat' dir='ltr'><strong><em>Non</em></strong></span> <span class='ocrx_word' id='word_1_150' title='bbox 270 2260 348 2331; x_wconf 82' lang='lat' dir='ltr'><strong><em>ait</em></strong></span> <span class='ocrx_word' id='word_1_151' title='bbox 372 2276 597 2339; x_wconf 80' lang='lat' dir='ltr'><strong><em>pauper</em></strong></span> <span class='ocrx_word' id='word_1_152' title='bbox 627 2261 815 2317; x_wconf 80' lang='lat' dir='ltr'><strong><em>Iactus</em></strong></span> <span class='ocrx_word' id='word_1_153' title='bbox 841 2266 929 2333; x_wconf 87' lang='lat' dir='ltr'><strong><em>est</em></strong></span> <span class='ocrx_word' id='word_1_154' title='bbox 960 2278 974 2317; x_wconf 76' lang='grc' dir='ltr'>ε</span> <span class='ocrx_word' id='word_1_155' title='bbox 1006 2278 1142 2317; x_wconf 91' lang='lat' dir='ltr'><strong><em>cum</em></strong></span> <span class='ocrx_word' id='word_1_156' title='bbox 1177 2262 1692 2335; x_wconf 83' lang='lat' dir='ltr'><strong><em>dives,etc.,usque</em></strong></span> 
     </span>
    </p>
   </div>
   <div class='ocr_carea' id='block_1_25' title="bbox 73 2348 1687 2422">
    <p class='ocr_par' dir='ltr' id='par_1_25' title="bbox 73 2348 1687 2422">
     <span class='ocr_line' id='line_1_25' title="bbox 73 2348 1687 2422; baseline 0 -18"><span class='ocrx_word' id='word_1_157' title='bbox 73 2349 131 2404; x_wconf 85' lang='lat' dir='ltr'><strong><em>ad</em></strong></span> <span class='ocrx_word' id='word_1_158' title='bbox 148 2349 234 2421; x_wconf 88' lang='lat' dir='ltr'><strong><em>qui</em></strong></span> <span class='ocrx_word' id='word_1_159' title='bbox 257 2348 428 2405; x_wconf 80' lang='lat' dir='ltr'><strong><em>dedit.</em></strong></span> <span class='ocrx_word' id='word_1_160' title='bbox 458 2349 664 2422; x_wconf 85' lang='lat' dir='ltr'><strong><em>(Idem,</em></strong></span> <span class='ocrx_word' id='word_1_161' title='bbox 686 2367 850 2407; x_wconf 84' lang='lat' dir='ltr'><strong><em>serm.</em></strong></span> <span class='ocrx_word' id='word_1_162' title='bbox 870 2350 934 2407; x_wconf 89' lang='lat' dir='ltr'><strong><em>de</em></strong></span> <span class='ocrx_word' id='word_1_163' title='bbox 949 2351 1095 2407; x_wconf 89' lang='lat' dir='ltr'><strong><em>verb.</em></strong></span> <span class='ocrx_word' id='word_1_164' title='bbox 1120 2351 1253 2407; x_wconf 89' lang='lat' dir='ltr'><strong><em>libri</em></strong></span> <span class='ocrx_word' id='word_1_165' title='bbox 1269 2350 1687 2421; x_wconf 79' lang='lat' dir='ltr'><strong><em>salmno.,tom.</em></strong></span> 
     </span>
    </p>
   </div>
   <div class='ocr_carea' id='block_1_26' title="bbox 73 2437 682 2512">
    <p class='ocr_par' dir='ltr' id='par_1_26' title="bbox 73 2437 682 2512">
     <span class='ocr_line' id='line_1_26' title="bbox 73 2437 682 2512; baseline 0.005 -22"><span class='ocrx_word' id='word_1_166' title='bbox 73 2437 128 2502; x_wconf 86' lang='lat' dir='ltr'><strong>V,</strong></span> <span class='ocrx_word' id='word_1_167' title='bbox 157 2440 291 2509; x_wconf 85' lang='lat' dir='ltr'><strong><em>part.</em></strong></span> <span class='ocrx_word' id='word_1_168' title='bbox 325 2455 363 2504; x_wconf 88' lang='grc' dir='ltr'><strong><em>ι,</em></strong></span> <span class='ocrx_word' id='word_1_169' title='bbox 396 2437 505 2494; x_wconf 93' lang='lat' dir='ltr'><strong><em>col.</em></strong></span> <span class='ocrx_word' id='word_1_170' title='bbox 532 2438 682 2512; x_wconf 87' lang='lat'><strong><em>2|6.)</em></strong></span> 
     </span>
    </p>
   </div>
   <div class='ocr_carea' id='block_1_27' title="bbox 128 2516 1690 2602">
    <p class='ocr_par' dir='ltr' id='par_1_27' title="bbox 128 2516 1690 2602">
     <span class='ocr_line' id='line_1_27' title="bbox 128 2516 1690 2602; baseline 0.001 -20"><span class='ocrx_word' id='word_1_171' title='bbox 128 2516 219 2582; x_wconf 73' lang='lat' dir='ltr'><strong><em>sed</em></strong></span> <span class='ocrx_word' id='word_1_172' title='bbox 238 2542 304 2581; x_wconf 73' lang='lat' dir='ltr'><strong><em>ex</em></strong></span> <span class='ocrx_word' id='word_1_173' title='bbox 328 2527 646 2599; x_wconf 67' lang='lat' dir='ltr'><strong><em>aequalitate</em></strong></span> <span class='ocrx_word' id='word_1_174' title='bbox 674 2529 737 2590; x_wconf 83' lang='lat' dir='ltr'><strong><em>in</em></strong></span> <span class='ocrx_word' id='word_1_175' title='bbox 762 2531 1030 2599; x_wconf 66' lang='lat' dir='ltr'><strong><em>praesenti</em></strong></span> <span class='ocrx_word' id='word_1_176' title='bbox 1057 2536 1310 2602; x_wconf 67' lang='lat' dir='ltr'><strong><em>ternpore,</em></strong></span> <span class='ocrx_word' id='word_1_177' title='bbox 1343 2532 1477 2594; x_wconf 91' lang='lat' dir='ltr'><strong><em>etc.,</em></strong></span> <span class='ocrx_word' id='word_1_178' title='bbox 1505 2544 1690 2600; x_wconf 88' lang='lat' dir='ltr'><strong><em>usque</em></strong></span> 
     </span>
    </p>
   </div>
   <div class='ocr_carea' id='block_1_28' title="bbox 78 2613 1688 2693">
    <p class='ocr_par' dir='ltr' id='par_1_28' title="bbox 78 2613 1688 2693">
     <span class='ocr_line' id='line_1_28' title="bbox 78 2613 1688 2693; baseline 0.001 -25"><span class='ocrx_word' id='word_1_179' title='bbox 78 2613 133 2673; x_wconf 87' lang='lat' dir='ltr'><strong><em>ad</em></strong></span> <span class='ocrx_word' id='word_1_180' title='bbox 163 2630 260 2670; x_wconf 85' lang='lat' dir='ltr'><strong><em>non</em></strong></span> <span class='ocrx_word' id='word_1_181' title='bbox 280 2616 599 2681; x_wconf 82' lang='lat' dir='ltr'><strong><em>minoravit.</em></strong></span> <span class='ocrx_word' id='word_1_182' title='bbox 629 2613 721 2679; x_wconf 85' lang='lat' dir='ltr'><strong><em>Illi</em></strong></span> <span class='ocrx_word' id='word_1_183' title='bbox 736 2616 1093 2687; x_wconf 86' lang='lat' dir='ltr'><strong><em>judicabunt</em></strong></span> <span class='ocrx_word' id='word_1_184' title='bbox 1118 2615 1187 2671; x_wconf 89' lang='lat' dir='ltr'><strong><em>de</em></strong></span> <span class='ocrx_word' id='word_1_185' title='bbox 1219 2615 1435 2693; x_wconf 86' lang='lat' dir='ltr'><strong><em>quibus</em></strong></span> <span class='ocrx_word' id='word_1_186' title='bbox 1465 2616 1688 2671; x_wconf 91' lang='lat' dir='ltr'><strong><em>dictum</em></strong></span> 
     </span>
    </p>
   </div>
   <div class='ocr_carea' id='block_1_29' title="bbox 78 2704 1689 2777">
    <p class='ocr_par' dir='ltr' id='par_1_29' title="bbox 78 2704 1689 2777">
     <span class='ocr_line' id='line_1_29' title="bbox 78 2704 1689 2777; baseline 0.001 -20"><span class='ocrx_word' id='word_1_187' title='bbox 78 2706 167 2769; x_wconf 86' lang='lat' dir='ltr'><strong><em>est,</em></strong></span> <span class='ocrx_word' id='word_1_188' title='bbox 195 2719 353 2775; x_wconf 84' lang='lat' dir='ltr'><strong><em>usque</em></strong></span> <span class='ocrx_word' id='word_1_189' title='bbox 386 2704 459 2759; x_wconf 90' lang='lat' dir='ltr'><strong><em>ad</em></strong></span> <span class='ocrx_word' id='word_1_190' title='bbox 505 2704 720 2771; x_wconf 90' lang='lat' dir='ltr'><strong><em>virtute</em></strong></span> <span class='ocrx_word' id='word_1_191' title='bbox 775 2708 898 2766; x_wconf 87' lang='lat' dir='ltr'><strong><em>tua.</em></strong></span> <span class='ocrx_word' id='word_1_192' title='bbox 944 2705 1150 2774; x_wconf 88' lang='lat' dir='ltr'><strong><em>(Idem,</em></strong></span> <span class='ocrx_word' id='word_1_193' title='bbox 1180 2713 1335 2761; x_wconf 86' lang='lat' dir='ltr'><strong><em>tract.</em></strong></span> <span class='ocrx_word' id='word_1_194' title='bbox 1366 2705 1507 2777; x_wconf 86' lang='lat' dir='ltr'><strong><em>psal.</em></strong></span> <span class='ocrx_word' id='word_1_195' title='bbox 1540 2721 1689 2776; x_wconf 65' lang='lat' dir='ltr'><strong><em>cxxu,</em></strong></span> 
     </span>
    </p>
   </div>
   <div class='ocr_carea' id='block_1_30' title="bbox 80 2791 1197 2866">
    <p class='ocr_par' dir='ltr' id='par_1_30' title="bbox 80 2791 1197 2866">
     <span class='ocr_line' id='line_1_30' title="bbox 80 2791 1197 2866; baseline 0.004 -21"><span class='ocrx_word' id='word_1_196' title='bbox 80 2794 197 2846; x_wconf 88' lang='lat' dir='ltr'><strong><em>tom.</em></strong></span> <span class='ocrx_word' id='word_1_197' title='bbox 229 2791 317 2860; x_wconf 86' lang='lat' dir='ltr'><strong>IV,</strong></span> <span class='ocrx_word' id='word_1_198' title='bbox 344 2798 497 2865; x_wconf 83' lang='lat' dir='ltr'><strong><em>part.</em></strong></span> <span class='ocrx_word' id='word_1_199' title='bbox 534 2809 615 2864; x_wconf 85' lang='grc' dir='ltr'><strong><em>ιιι,</em></strong></span> <span class='ocrx_word' id='word_1_200' title='bbox 649 2792 758 2849; x_wconf 93' lang='lat' dir='ltr'><strong><em>col.</em></strong></span> <span class='ocrx_word' id='word_1_201' title='bbox 794 2795 930 2849; x_wconf 81' lang='lat'><strong><em>1626</em></strong></span> <span class='ocrx_word' id='word_1_202' title='bbox 957 2798 1014 2850; x_wconf 90' lang='lat' dir='ltr'><strong><em>et</em></strong></span> <span class='ocrx_word' id='word_1_203' title='bbox 1043 2795 1197 2866; x_wconf 86' lang='lat' dir='ltr'><strong><em>seq.)</em></strong></span> 
     </span>
    </p>
   </div>
   <div class='ocr_carea' id='block_1_31' title="bbox 136 2880 1689 2955">
    <p class='ocr_par' dir='ltr' id='par_1_31' title="bbox 136 2880 1689 2955">
     <span class='ocr_line' id='line_1_31' title="bbox 136 2880 1689 2955; baseline 0.002 -20"><span class='ocrx_word' id='word_1_204' title='bbox 136 2880 331 2937; x_wconf 82' lang='lat' dir='ltr'><strong><em>Gratias</em></strong></span> <span class='ocrx_word' id='word_1_205' title='bbox 349 2889 534 2938; x_wconf 86' lang='lat' dir='ltr'><strong><em>autem</em></strong></span> <span class='ocrx_word' id='word_1_206' title='bbox 568 2899 665 2952; x_wconf 86' lang='lat' dir='ltr'><strong><em>ego</em></strong></span> <span class='ocrx_word' id='word_1_207' title='bbox 702 2884 828 2951; x_wconf 85' lang='lat' dir='ltr'><strong><em>Deo,</em></strong></span> <span class='ocrx_word' id='word_1_208' title='bbox 852 2884 950 2955; x_wconf 87' lang='lat' dir='ltr'><strong><em>qui</em></strong></span> <span class='ocrx_word' id='word_1_209' title='bbox 976 2882 1123 2938; x_wconf 83' lang='lat' dir='ltr'><strong><em>dedit</em></strong></span> <span class='ocrx_word' id='word_1_210' title='bbox 1150 2882 1393 2945; x_wconf 85' lang='lat' dir='ltr'><strong><em>eamdem</em></strong></span> <span class='ocrx_word' id='word_1_211' title='bbox 1421 2883 1689 2938; x_wconf 85' lang='lat' dir='ltr'><strong><em>sollicitu-</em></strong></span> 
     </span>
    </p>
   </div>
   <div class='ocr_carea' id='block_1_32' title="bbox 80 2968 1686 3045">
    <p class='ocr_par' dir='ltr' id='par_1_32' title="bbox 80 2968 1686 3045">
     <span class='ocr_line' id='line_1_32' title="bbox 80 2968 1686 3045; baseline 0.002 -22"><span class='ocrx_word' id='word_1_212' title='bbox 80 2968 235 3025; x_wconf 81' lang='lat' dir='ltr'><strong><em>dinem</em></strong></span> <span class='ocrx_word' id='word_1_213' title='bbox 258 2987 355 3042; x_wconf 90' lang='lat' dir='ltr'><strong><em>pro</em></strong></span> <span class='ocrx_word' id='word_1_214' title='bbox 370 2970 526 3027; x_wconf 88' lang='lat' dir='ltr'><strong><em>vobis</em></strong></span> <span class='ocrx_word' id='word_1_215' title='bbox 542 2973 599 3026; x_wconf 91' lang='lat' dir='ltr'><strong><em>in</em></strong></span> <span class='ocrx_word' id='word_1_216' title='bbox 612 2971 770 3028; x_wconf 88' lang='lat' dir='ltr'><strong><em>corde</em></strong></span> <span class='ocrx_word' id='word_1_217' title='bbox 802 2972 907 3027; x_wconf 89' lang='lat' dir='ltr'><strong><em>Titi</em></strong></span> <span class='ocrx_word' id='word_1_218' title='bbox 918 2973 1209 3045; x_wconf 87' lang='lat' dir='ltr'><strong><em>:quoniam</em></strong></span> <span class='ocrx_word' id='word_1_219' title='bbox 1237 2973 1686 3042; x_wconf 75' lang='lat' dir='ltr'><strong><em>exhortationem,</em></strong></span> 
     </span>
    </p>
   </div>
   <div class='ocr_carea' id='block_1_33' title="bbox 81 3060 1688 3133">
    <p class='ocr_par' dir='ltr' id='par_1_33' title="bbox 81 3060 1688 3133">
     <span class='ocr_line' id='line_1_33' title="bbox 81 3060 1688 3133; baseline 0.003 -22"><span class='ocrx_word' id='word_1_220' title='bbox 81 3062 192 3126; x_wconf 85' lang='lat' dir='ltr'><strong><em>etc.,</em></strong></span> <span class='ocrx_word' id='word_1_221' title='bbox 222 3076 399 3131; x_wconf 89' lang='lat' dir='ltr'><strong><em>usque</em></strong></span> <span class='ocrx_word' id='word_1_222' title='bbox 430 3060 504 3115; x_wconf 90' lang='lat' dir='ltr'><strong><em>ad</em></strong></span> <span class='ocrx_word' id='word_1_223' title='bbox 530 3061 864 3117; x_wconf 78' lang='lat' dir='ltr'><strong><em>voluntatem</em></strong></span> <span class='ocrx_word' id='word_1_224' title='bbox 890 3069 1153 3116; x_wconf 89' lang='lat' dir='ltr'><strong><em>nostram.</em></strong></span> <span class='ocrx_word' id='word_1_225' title='bbox 1170 3060 1232 3115; x_wconf 92' lang='lat' dir='ltr'><strong><em>In</em></strong></span> <span class='ocrx_word' id='word_1_226' title='bbox 1264 3060 1358 3116; x_wconf 85' lang='lat' dir='ltr'><strong><em>his</em></strong></span> <span class='ocrx_word' id='word_1_227' title='bbox 1378 3060 1568 3117; x_wconf 87' lang='lat' dir='ltr'><strong><em>verbis</em></strong></span> <span class='ocrx_word' id='word_1_228' title='bbox 1588 3077 1688 3133; x_wconf 87' lang='lat' dir='ltr'><strong><em>ap-</em></strong></span> 
     </span>
    </p>
   </div>
   <div class='ocr_carea' id='block_1_34' title="bbox 82 3148 1688 3229">
    <p class='ocr_par' dir='ltr' id='par_1_34' title="bbox 82 3148 1688 3229">
     <span class='ocr_line' id='line_1_34' title="bbox 82 3148 1688 3229; baseline 0.002 -28"><span class='ocrx_word' id='word_1_229' title='bbox 82 3151 221 3217; x_wconf 84' lang='lat' dir='ltr'><strong><em>paret</em></strong></span> <span class='ocrx_word' id='word_1_230' title='bbox 248 3152 549 3219; x_wconf 89' lang='lat' dir='ltr'><strong><em>quautam,</em></strong></span> <span class='ocrx_word' id='word_1_231' title='bbox 582 3153 717 3217; x_wconf 89' lang='lat' dir='ltr'><strong><em>etc.,</em></strong></span> <span class='ocrx_word' id='word_1_232' title='bbox 748 3166 916 3229; x_wconf 79' lang='lat' dir='ltr'><strong><em>usque</em></strong></span> <span class='ocrx_word' id='word_1_233' title='bbox 961 3149 1032 3205; x_wconf 85' lang='lat' dir='ltr'><strong><em>ad</em></strong></span> <span class='ocrx_word' id='word_1_234' title='bbox 1058 3148 1688 3222; x_wconf 84' lang='lat' dir='ltr'><strong><em>indigentibus.(ldem,</em></strong></span> 
     </span>
    </p>
   </div>
   <div class='ocr_carea' id='block_1_35' title="bbox 81 3233 1501 3310">
    <p class='ocr_par' dir='ltr' id='par_1_35' title="bbox 81 3233 1501 3310">
     <span class='ocr_line' id='line_1_35' title="bbox 81 3233 1501 3310; baseline 0.004 -23"><span class='ocrx_word' id='word_1_235' title='bbox 81 3233 164 3290; x_wconf 88' lang='lat' dir='ltr'><strong><em>lib.</em></strong></span> <span class='ocrx_word' id='word_1_236' title='bbox 188 3236 246 3291; x_wconf 89' lang='lat' dir='ltr'><strong><em>de</em></strong></span> <span class='ocrx_word' id='word_1_237' title='bbox 273 3236 436 3308; x_wconf 86' lang='lat' dir='ltr'><strong><em>Opere</em></strong></span> <span class='ocrx_word' id='word_1_238' title='bbox 467 3237 874 3305; x_wconf 78' lang='lat' dir='ltr'><strong><em>Monachorum,</em></strong></span> <span class='ocrx_word' id='word_1_239' title='bbox 904 3242 1049 3293; x_wconf 90' lang='lat' dir='ltr'><strong><em>tom.</em></strong></span> <span class='ocrx_word' id='word_1_240' title='bbox 1081 3237 1177 3309; x_wconf 90' lang='lat' dir='ltr'><strong>VI,</strong></span> <span class='ocrx_word' id='word_1_241' title='bbox 1209 3237 1317 3293; x_wconf 91' lang='lat' dir='ltr'><strong><em>col.</em></strong></span> <span class='ocrx_word' id='word_1_242' title='bbox 1350 3239 1501 3310; x_wconf 89' lang='lat'><strong><em>563.)</em></strong></span> 
     </span>
    </p>
   </div>
   <div class='ocr_carea' id='block_1_36' title="bbox 137 3325 1693 3401">
    <p class='ocr_par' dir='ltr' id='par_1_36' title="bbox 137 3325 1693 3401">
     <span class='ocr_line' id='line_1_36' title="bbox 137 3325 1693 3401; baseline 0.004 -23"><span class='ocrx_word' id='word_1_243' title='bbox 137 3325 421 3385; x_wconf 84' lang='lat' dir='ltr'><strong><em>Devilantes</em></strong></span> <span class='ocrx_word' id='word_1_244' title='bbox 450 3327 553 3383; x_wconf 87' lang='lat' dir='ltr'><strong><em>hoc</em></strong></span> <span class='ocrx_word' id='word_1_245' title='bbox 574 3343 643 3385; x_wconf 85' lang='lat' dir='ltr'><strong><em>ne</em></strong></span> <span class='ocrx_word' id='word_1_246' title='bbox 670 3328 793 3401; x_wconf 85' lang='lat' dir='ltr'><strong><em>quis</em></strong></span> <span class='ocrx_word' id='word_1_247' title='bbox 822 3344 920 3382; x_wconf 85' lang='lat' dir='ltr'><strong><em>nos</em></strong></span> <span class='ocrx_word' id='word_1_248' title='bbox 949 3329 1216 3398; x_wconf 85' lang='lat' dir='ltr'><strong><em>vituperet</em></strong></span> <span class='ocrx_word' id='word_1_249' title='bbox 1241 3329 1300 3383; x_wconf 89' lang='lat' dir='ltr'><strong><em>in</em></strong></span> <span class='ocrx_word' id='word_1_250' title='bbox 1328 3328 1431 3395; x_wconf 80' lang='lat' dir='ltr'><strong><em>hac</em></strong></span> <span class='ocrx_word' id='word_1_251' title='bbox 1450 3329 1693 3400; x_wconf 85' lang='lat' dir='ltr'><strong><em>plenitu-</em></strong></span> 
     </span>
    </p>
   </div>
   <div class='ocr_carea' id='block_1_37' title="bbox 80 3410 1688 3485">
    <p class='ocr_par' dir='ltr' id='par_1_37' title="bbox 80 3410 1688 3485">
     <span class='ocr_line' id='line_1_37' title="bbox 80 3410 1688 3485; baseline 0.004 -19"><span class='ocrx_word' id='word_1_252' title='bbox 80 3410 201 3480; x_wconf 81' lang='lat' dir='ltr'><strong><em>dine,</em></strong></span> <span class='ocrx_word' id='word_1_253' title='bbox 225 3429 343 3485; x_wconf 66' lang='lat' dir='ltr'><strong><em>quae</em></strong></span> <span class='ocrx_word' id='word_1_254' title='bbox 370 3416 724 3471; x_wconf 84' lang='lat' dir='ltr'><strong><em>ministratur</em></strong></span> <span class='ocrx_word' id='word_1_255' title='bbox 752 3433 786 3470; x_wconf 90' lang='lat' dir='ltr'><strong><em>a</em></strong></span> <span class='ocrx_word' id='word_1_256' title='bbox 830 3417 986 3471; x_wconf 87' lang='lat' dir='ltr'><strong><em>nobis</em></strong></span> <span class='ocrx_word' id='word_1_257' title='bbox 1043 3416 1101 3469; x_wconf 88' lang='lat' dir='ltr'><strong><em>in</em></strong></span> <span class='ocrx_word' id='word_1_258' title='bbox 1159 3416 1381 3471; x_wconf 83' lang='lat' dir='ltr'><strong><em>Domini</em></strong></span> <span class='ocrx_word' id='word_1_259' title='bbox 1431 3418 1688 3485; x_wconf 87' lang='lat' dir='ltr'><strong><em>gloriam.</em></strong></span> 
     </span>
    </p>
   </div>
   <div class='ocr_carea' id='block_1_38' title="bbox 77 3501 1690 3576">
    <p class='ocr_par' dir='ltr' id='par_1_38' title="bbox 77 3501 1690 3576">
     <span class='ocr_line' id='line_1_38' title="bbox 77 3501 1690 3576; baseline 0.005 -22"><span class='ocrx_word' id='word_1_260' title='bbox 77 3501 394 3565; x_wconf 82' lang='lat' dir='ltr'><strong><em>Providemus</em></strong></span> <span class='ocrx_word' id='word_1_261' title='bbox 428 3504 581 3559; x_wconf 86' lang='lat' dir='ltr'><strong><em>enim</em></strong></span> <span class='ocrx_word' id='word_1_262' title='bbox 610 3503 769 3573; x_wconf 80' lang='lat' dir='ltr'><strong><em>bona,</em></strong></span> <span class='ocrx_word' id='word_1_263' title='bbox 800 3508 933 3569; x_wconf 88' lang='lat' dir='ltr'><strong><em>etc.,</em></strong></span> <span class='ocrx_word' id='word_1_264' title='bbox 967 3519 1156 3576; x_wconf 87' lang='lat' dir='ltr'><strong><em>usque</em></strong></span> <span class='ocrx_word' id='word_1_265' title='bbox 1186 3504 1257 3559; x_wconf 90' lang='lat' dir='ltr'><strong><em>ad</em></strong></span> <span class='ocrx_word' id='word_1_266' title='bbox 1291 3506 1348 3560; x_wconf 91' lang='lat' dir='ltr'><strong><em>in</em></strong></span> <span class='ocrx_word' id='word_1_267' title='bbox 1378 3506 1577 3576; x_wconf 82' lang='lat' dir='ltr'><strong><em>faciem</em></strong></span> <span class='ocrx_word' id='word_1_268' title='bbox 1606 3522 1690 3562; x_wconf 91' lang='lat' dir='ltr'><strong><em>ec-</em></strong></span> 
     </span>
    </p>
   </div>
   <div class='ocr_carea' id='block_1_39' title="bbox 78 3590 1691 3665">
    <p class='ocr_par' dir='ltr' id='par_1_39' title="bbox 78 3590 1691 3665">
     <span class='ocr_line' id='line_1_39' title="bbox 78 3590 1691 3665; baseline 0.004 -23"><span class='ocrx_word' id='word_1_269' title='bbox 78 3591 349 3647; x_wconf 84' lang='lat' dir='ltr'><strong><em>clesiarum.</em></strong></span> <span class='ocrx_word' id='word_1_270' title='bbox 381 3590 702 3647; x_wconf 87' lang='lat' dir='ltr'><strong><em>Vobiscum</em></strong></span> <span class='ocrx_word' id='word_1_271' title='bbox 723 3591 819 3647; x_wconf 90' lang='lat' dir='ltr'><strong><em>hic</em></strong></span> <span class='ocrx_word' id='word_1_272' title='bbox 846 3592 1118 3659; x_wconf 83' lang='lat' dir='ltr'><strong><em>vivimus,</em></strong></span> <span class='ocrx_word' id='word_1_273' title='bbox 1144 3596 1201 3647; x_wconf 91' lang='lat' dir='ltr'><strong><em>et</em></strong></span> <span class='ocrx_word' id='word_1_274' title='bbox 1222 3597 1457 3665; x_wconf 87' lang='lat' dir='ltr'><strong><em>propter</em></strong></span> <span class='ocrx_word' id='word_1_275' title='bbox 1484 3610 1584 3649; x_wconf 86' lang='lat' dir='ltr'><strong><em>vos</em></strong></span> <span class='ocrx_word' id='word_1_276' title='bbox 1612 3593 1691 3649; x_wconf 86' lang='lat' dir='ltr'><strong><em>vi-</em></strong></span> 
     </span>
    </p>
   </div>
   <div class='ocr_carea' id='block_1_40' title="bbox 80 3675 1694 3753">
    <p class='ocr_par' dir='ltr' id='par_1_40' title="bbox 80 3675 1694 3753">
     <span class='ocr_line' id='line_1_40' title="bbox 80 3675 1694 3753; baseline 0.006 -24"><span class='ocrx_word' id='word_1_277' title='bbox 80 3675 263 3748; x_wconf 79' lang='lat' dir='ltr'><strong><em>vimus,</em></strong></span> <span class='ocrx_word' id='word_1_278' title='bbox 294 3682 424 3747; x_wconf 89' lang='lat' dir='ltr'><strong><em>etc.,</em></strong></span> <span class='ocrx_word' id='word_1_279' title='bbox 458 3696 630 3752; x_wconf 86' lang='lat' dir='ltr'><strong><em>usque</em></strong></span> <span class='ocrx_word' id='word_1_280' title='bbox 684 3680 755 3737; x_wconf 85' lang='lat' dir='ltr'><strong><em>ad</em></strong></span> <span class='ocrx_word' id='word_1_281' title='bbox 811 3680 1163 3753; x_wconf 84' lang='lat' dir='ltr'><strong><em>exemplum.</em></strong></span> <span class='ocrx_word' id='word_1_282' title='bbox 1196 3681 1404 3749; x_wconf 88' lang='lat' dir='ltr'><strong><em>(Idem,</em></strong></span> <span class='ocrx_word' id='word_1_283' title='bbox 1435 3698 1595 3747; x_wconf 83' lang='lat' dir='ltr'><strong><em>serm.</em></strong></span> <span class='ocrx_word' id='word_1_284' title='bbox 1628 3681 1694 3738; x_wconf 86' lang='lat' dir='ltr'><strong><em>de</em></strong></span> 
     </span>
    </p>
   </div>
   <div class='ocr_carea' id='block_1_41' title="bbox 84 3767 1694 3846">
    <p class='ocr_par' dir='ltr' id='par_1_41' title="bbox 84 3767 1694 3846">
     <span class='ocr_line' id='line_1_41' title="bbox 84 3767 1694 3846; baseline 0.005 -27"><span class='ocrx_word' id='word_1_285' title='bbox 84 3767 186 3846; x_wconf 73' lang='lat' dir='ltr'><strong><em>Vita</em></strong></span> <span class='ocrx_word' id='word_1_286' title='bbox 209 3776 257 3824; x_wconf 89' lang='lat' dir='ltr'><strong><em>et</em></strong></span> <span class='ocrx_word' id='word_1_287' title='bbox 280 3784 418 3825; x_wconf 88' lang='lat' dir='ltr'><strong><em>mor.</em></strong></span> <span class='ocrx_word' id='word_1_288' title='bbox 446 3768 794 3839; x_wconf 87' lang='lat' dir='ltr'><strong><em>clericorum,</em></strong></span> <span class='ocrx_word' id='word_1_289' title='bbox 827 3773 970 3826; x_wconf 90' lang='lat' dir='ltr'><strong><em>tom.</em></strong></span> <span class='ocrx_word' id='word_1_290' title='bbox 992 3768 1224 3841; x_wconf 89' lang='lat' dir='ltr'><strong><em>V,part.</em></strong></span> <span class='ocrx_word' id='word_1_291' title='bbox 1250 3787 1308 3839; x_wconf 90' lang='grc' dir='ltr'><strong><em>ιι,</em></strong></span> <span class='ocrx_word' id='word_1_292' title='bbox 1341 3768 1447 3825; x_wconf 91' lang='lat' dir='ltr'><strong><em>col.</em></strong></span> <span class='ocrx_word' id='word_1_293' title='bbox 1485 3771 1621 3836; x_wconf 85' lang='lat'><strong><em>1568</em></strong></span> <span class='ocrx_word' id='word_1_294' title='bbox 1636 3775 1694 3827; x_wconf 89' lang='lat' dir='ltr'><strong><em>et</em></strong></span> 
     </span>
    </p>
   </div>
   <div class='ocr_carea' id='block_1_42' title="bbox 86 3858 213 3926">
    <p class='ocr_par' dir='ltr' id='par_1_42' title="bbox 86 3858 213 3926">
     <span class='ocr_line' id='line_1_42' title="bbox 86 3858 213 3926; baseline 0 -17"><span class='ocrx_word' id='word_1_295' title='bbox 86 3858 213 3926; x_wconf 84' lang='lat' dir='ltr'><strong><em>seq.)</em></strong></span> 
     </span>
    </p>
   </div>
   <div class='ocr_carea' id='block_1_43' title="bbox 688 3945 1051 4013">
    <p class='ocr_par' dir='ltr' id='par_1_43' title="bbox 688 3945 1051 4013">
     <span class='ocr_line' id='line_1_43' title="bbox 688 3945 1051 4013; baseline -0.003 -11"><span class='ocrx_word' id='word_1_296' title='bbox 688 3945 920 4013; x_wconf 83' lang='lat' dir='ltr'><strong><em>CAPUT</em></strong></span> <span class='ocrx_word' id='word_1_297' title='bbox 960 3948 1051 4003; x_wconf 85' lang='lat' dir='ltr'><strong><em>IX.</em></strong></span> 
     </span>
    </p>
   </div>
   <div class='ocr_carea' id='block_1_44' title="bbox 136 4033 1695 4108">
    <p class='ocr_par' dir='ltr' id='par_1_44' title="bbox 136 4033 1695 4108">
     <span class='ocr_line' id='line_1_44' title="bbox 136 4033 1695 4108; baseline 0.002 -20"><span class='ocrx_word' id='word_1_298' title='bbox 136 4033 259 4105; x_wconf 76' lang='lat' dir='ltr'><strong><em>Nam</em></strong></span> <span class='ocrx_word' id='word_1_299' title='bbox 284 4034 348 4101; x_wconf 83' lang='lat' dir='ltr'><strong><em>de</em></strong></span> <span class='ocrx_word' id='word_1_300' title='bbox 375 4037 689 4092; x_wconf 86' lang='lat' dir='ltr'><strong><em>ministerio</em></strong></span> <span class='ocrx_word' id='word_1_301' title='bbox 720 4035 859 4108; x_wconf 87' lang='lat' dir='ltr'><strong><em>quod</em></strong></span> <span class='ocrx_word' id='word_1_302' title='bbox 883 4037 945 4106; x_wconf 74' lang='lat' dir='ltr'><strong><em>fit</em></strong></span> <span class='ocrx_word' id='word_1_303' title='bbox 988 4037 1049 4090; x_wconf 86' lang='lat' dir='ltr'><strong><em>in</em></strong></span> <span class='ocrx_word' id='word_1_304' title='bbox 1082 4043 1312 4103; x_wconf 87' lang='lat' dir='ltr'><strong><em>sanctos,</em></strong></span> <span class='ocrx_word' id='word_1_305' title='bbox 1342 4040 1474 4106; x_wconf 85' lang='lat' dir='ltr'><strong><em>etc.,</em></strong></span> <span class='ocrx_word' id='word_1_306' title='bbox 1507 4052 1695 4108; x_wconf 90' lang='lat' dir='ltr'><strong><em>usque</em></strong></span> 
     </span>
    </p>
   </div>
   <div class='ocr_carea' id='block_1_45' title="bbox 82 4120 1697 4198">
    <p class='ocr_par' dir='ltr' id='par_1_45' title="bbox 82 4120 1697 4198">
     <span class='ocr_line' id='line_1_45' title="bbox 82 4120 1697 4198; baseline 0.002 -23"><span class='ocrx_word' id='word_1_307' title='bbox 82 4120 138 4175; x_wconf 84' lang='lat' dir='ltr'><strong><em>ad</em></strong></span> <span class='ocrx_word' id='word_1_308' title='bbox 165 4124 218 4178; x_wconf 84' lang='lat' dir='ltr'><strong><em>in</em></strong></span> <span class='ocrx_word' id='word_1_309' title='bbox 243 4140 398 4181; x_wconf 85' lang='lat' dir='ltr'><strong><em>omne</em></strong></span> <span class='ocrx_word' id='word_1_310' title='bbox 416 4141 551 4198; x_wconf 88' lang='lat' dir='ltr'><strong><em>opus</em></strong></span> <span class='ocrx_word' id='word_1_311' title='bbox 579 4125 796 4181; x_wconf 86' lang='lat' dir='ltr'><strong><em>bonum.</em></strong></span> <span class='ocrx_word' id='word_1_312' title='bbox 813 4128 901 4179; x_wconf 90' lang='lat' dir='ltr'><strong><em>Ita</em></strong></span> <span class='ocrx_word' id='word_1_313' title='bbox 912 4124 1139 4195; x_wconf 86' lang='lat' dir='ltr'><strong><em>jejuna,</em></strong></span> <span class='ocrx_word' id='word_1_314' title='bbox 1156 4129 1220 4180; x_wconf 92' lang='lat' dir='ltr'><strong><em>ut</em></strong></span> <span class='ocrx_word' id='word_1_315' title='bbox 1238 4124 1297 4179; x_wconf 91' lang='lat' dir='ltr'><strong><em>in</em></strong></span> <span class='ocrx_word' id='word_1_316' title='bbox 1322 4123 1434 4180; x_wconf 90' lang='lat' dir='ltr'><strong><em>alio</em></strong></span> <span class='ocrx_word' id='word_1_317' title='bbox 1456 4128 1511 4179; x_wconf 91' lang='lat' dir='ltr'><strong><em>te</em></strong></span> <span class='ocrx_word' id='word_1_318' title='bbox 1528 4141 1697 4196; x_wconf 86' lang='lat' dir='ltr'><strong><em>pran-</em></strong></span> 
     </span>
    </p>
   </div>
   <div class='ocr_carea' id='block_1_46' title="bbox 81 4208 1695 4287">
    <p class='ocr_par' dir='ltr' id='par_1_46' title="bbox 81 4208 1695 4287">
     <span class='ocr_line' id='line_1_46' title="bbox 81 4208 1695 4287; baseline 0.003 -25"><span class='ocrx_word' id='word_1_319' title='bbox 81 4208 268 4269; x_wconf 88' lang='lat' dir='ltr'><strong><em>didisse</em></strong></span> <span class='ocrx_word' id='word_1_320' title='bbox 310 4214 592 4287; x_wconf 81' lang='lat' dir='ltr'><strong><em>gaudeas,</em></strong></span> <span class='ocrx_word' id='word_1_321' title='bbox 640 4220 775 4284; x_wconf 81' lang='lat' dir='ltr'><strong><em>etc.,</em></strong></span> <span class='ocrx_word' id='word_1_322' title='bbox 806 4227 979 4285; x_wconf 86' lang='lat' dir='ltr'><strong><em>usque</em></strong></span> <span class='ocrx_word' id='word_1_323' title='bbox 1006 4213 1076 4268; x_wconf 87' lang='lat' dir='ltr'><strong><em>ad</em></strong></span> <span class='ocrx_word' id='word_1_324' title='bbox 1104 4218 1159 4269; x_wconf 88' lang='lat' dir='ltr'><strong><em>te</em></strong></span> <span class='ocrx_word' id='word_1_325' title='bbox 1186 4213 1341 4269; x_wconf 84' lang='lat' dir='ltr'><strong><em>dicat</em></strong></span> <span class='ocrx_word' id='word_1_326' title='bbox 1374 4229 1386 4268; x_wconf 91' lang='lat'><strong>:</strong></span> <span class='ocrx_word' id='word_1_327' title='bbox 1421 4214 1563 4269; x_wconf 87' lang='lat' dir='ltr'><strong><em>Ecce</em></strong></span> <span class='ocrx_word' id='word_1_328' title='bbox 1594 4213 1695 4268; x_wconf 89' lang='lat' dir='ltr'><strong><em>ad-</em></strong></span> 
     </span>
    </p>
   </div>
   <div class='ocr_carea' id='block_1_47' title="bbox 81 4301 1695 4375">
    <p class='ocr_par' dir='ltr' id='par_1_47' title="bbox 81 4301 1695 4375">
     <span class='ocr_line' id='line_1_47' title="bbox 81 4301 1695 4375; baseline 0.003 -24"><span class='ocrx_word' id='word_1_329' title='bbox 81 4312 190 4354; x_wconf 87' lang='lat' dir='ltr'><strong><em>sum</em></strong></span> <span class='ocrx_word' id='word_1_330' title='bbox 219 4301 345 4373; x_wconf 91' lang='lat' dir='ltr'><strong><em>(Id.,</em></strong></span> <span class='ocrx_word' id='word_1_331' title='bbox 378 4310 536 4371; x_wconf 76' lang='lat' dir='ltr'><strong><em>tract.</em></strong></span> <span class='ocrx_word' id='word_1_332' title='bbox 564 4303 709 4375; x_wconf 86' lang='lat' dir='ltr'><strong><em>psal.</em></strong></span> <span class='ocrx_word' id='word_1_333' title='bbox 735 4318 873 4368; x_wconf 74' lang='lat' dir='ltr'><strong><em>xui,</em></strong></span> <span class='ocrx_word' id='word_1_334' title='bbox 904 4304 1046 4357; x_wconf 89' lang='lat' dir='ltr'><strong><em>tom.</em></strong></span> <span class='ocrx_word' id='word_1_335' title='bbox 1081 4301 1178 4370; x_wconf 91' lang='lat' dir='ltr'><strong>1V,</strong></span> <span class='ocrx_word' id='word_1_336' title='bbox 1203 4301 1695 4374; x_wconf 68' lang='lat' dir='ltr'><strong><em>part.1,col.b82.)</em></strong></span> 
     </span>
    </p>
   </div>
   <div class='ocr_carea' id='block_1_48' title="bbox 137 4385 1700 4473">
    <p class='ocr_par' dir='ltr' id='par_1_48' title="bbox 137 4385 1700 4473">
     <span class='ocr_line' id='line_1_48' title="bbox 137 4385 1700 4473; baseline 0.002 -32"><span class='ocrx_word' id='word_1_337' title='bbox 137 4385 304 4445; x_wconf 84' lang='lat' dir='ltr'><strong><em>Habet</em></strong></span> <span class='ocrx_word' id='word_1_338' title='bbox 331 4390 657 4473; x_wconf 86' lang='lat' dir='ltr'><strong><em>quamdam</em></strong></span> <span class='ocrx_word' id='word_1_339' title='bbox 681 4389 1122 4473; x_wconf 83' lang='lat' dir='ltr'><strong><em>pinguedinem,</em></strong></span> <span class='ocrx_word' id='word_1_340' title='bbox 1142 4394 1250 4446; x_wconf 89' lang='lat' dir='ltr'><strong><em>etc.</em></strong></span> <span class='ocrx_word' id='word_1_341' title='bbox 1258 4432 1277 4462; x_wconf 92' lang='lat'><strong>,</strong></span> <span class='ocrx_word' id='word_1_342' title='bbox 1292 4406 1461 4463; x_wconf 84' lang='lat' dir='ltr'><strong><em>usque</em></strong></span> <span class='ocrx_word' id='word_1_343' title='bbox 1480 4389 1551 4445; x_wconf 89' lang='lat' dir='ltr'><strong><em>ad</em></strong></span> <span class='ocrx_word' id='word_1_344' title='bbox 1570 4389 1700 4446; x_wconf 88' lang='lat' dir='ltr'><strong><em>dili-</em></strong></span> 
     </span>
    </p>
   </div>
   <div class='ocr_carea' id='block_1_49' title="bbox 82 4468 880 4550">
    <p class='ocr_par' dir='ltr' id='par_1_49' title="bbox 82 4468 880 4550">
     <span class='ocr_line' id='line_1_49' title="bbox 82 4468 880 4550; baseline -0.004 -16"><span class='ocrx_word' id='word_1_345' title='bbox 82 4473 149 4547; x_wconf 78' lang='lat' dir='ltr'><strong><em>git</em></strong></span> <span class='ocrx_word' id='word_1_346' title='bbox 171 4475 332 4534; x_wconf 85' lang='lat' dir='ltr'><strong><em>Deus.</em></strong></span> <span class='ocrx_word' id='word_1_347' title='bbox 358 4468 553 4549; x_wconf 43' lang='lat' dir='ltr'><strong><em>&#39;(Ibid.,</em></strong></span> <span class='ocrx_word' id='word_1_348' title='bbox 586 4478 695 4536; x_wconf 91' lang='lat' dir='ltr'><strong><em>col.</em></strong></span> <span class='ocrx_word' id='word_1_349' title='bbox 728 4468 880 4550; x_wconf 86' lang='lat'><strong><em>756.)</em></strong></span> 
     </span>
    </p>
   </div>
   <div class='ocr_carea' id='block_1_50' title="bbox 137 4563 1780 4652">
    <p class='ocr_par' dir='ltr' id='par_1_50' title="bbox 137 4563 1780 4652">
     <span class='ocr_line' id='line_1_50' title="bbox 137 4563 1780 4652; baseline 0.004 -33"><span class='ocrx_word' id='word_1_350' title='bbox 137 4563 411 4639; x_wconf 85' lang='lat' dir='ltr'><strong><em>Quidquid</em></strong></span> <span class='ocrx_word' id='word_1_351' title='bbox 442 4566 606 4634; x_wconf 84' lang='lat' dir='ltr'><strong><em>facis,</em></strong></span> <span class='ocrx_word' id='word_1_352' title='bbox 639 4570 774 4634; x_wconf 87' lang='lat' dir='ltr'><strong><em>etc.,</em></strong></span> <span class='ocrx_word' id='word_1_353' title='bbox 801 4582 972 4640; x_wconf 84' lang='lat' dir='ltr'><strong><em>usque</em></strong></span> <span class='ocrx_word' id='word_1_354' title='bbox 1009 4566 1080 4622; x_wconf 91' lang='lat' dir='ltr'><strong><em>ad</em></strong></span> <span class='ocrx_word' id='word_1_355' title='bbox 1129 4584 1246 4623; x_wconf 91' lang='lat' dir='ltr'><strong><em>non</em></strong></span> <span class='ocrx_word' id='word_1_356' title='bbox 1297 4567 1462 4624; x_wconf 88' lang='lat' dir='ltr'><strong><em>facis.</em></strong></span> <span class='ocrx_word' id='word_1_357' title='bbox 1498 4569 1700 4641; x_wconf 86' lang='lat' dir='ltr'><strong><em>(Idem,</em></strong></span> <span class='ocrx_word' id='word_1_358' title='bbox 1732 4587 1780 4652; x_wconf 70' lang='grc' dir='ltr'>Ι)</span> 
     </span>
    </p>
   </div>
   <div class='ocr_carea' id='block_1_51' title="bbox 84 4654 1618 4731">
    <p class='ocr_par' dir='ltr' id='par_1_51' title="bbox 84 4654 1618 4731">
     <span class='ocr_line' id='line_1_51' title="bbox 84 4654 1618 4731; baseline 0.004 -24"><span class='ocrx_word' id='word_1_359' title='bbox 84 4656 220 4707; x_wconf 79' lang='lat' dir='ltr'><strong><em>tract.</em></strong></span> <span class='ocrx_word' id='word_1_360' title='bbox 244 4656 385 4727; x_wconf 86' lang='lat' dir='ltr'><strong><em>psal.</em></strong></span> <span class='ocrx_word' id='word_1_361' title='bbox 417 4667 527 4721; x_wconf 71' lang='lat' dir='ltr'><strong><em>xui,</em></strong></span> <span class='ocrx_word' id='word_1_362' title='bbox 560 4658 702 4713; x_wconf 85' lang='lat' dir='ltr'><strong><em>tom.</em></strong></span> <span class='ocrx_word' id='word_1_363' title='bbox 736 4654 830 4722; x_wconf 89' lang='lat' dir='ltr'><strong>IV,</strong></span> <span class='ocrx_word' id='word_1_364' title='bbox 862 4660 1014 4728; x_wconf 87' lang='lat' dir='ltr'><strong><em>part.</em></strong></span> <span class='ocrx_word' id='word_1_365' title='bbox 1049 4673 1109 4727; x_wconf 90' lang='grc' dir='ltr'><strong><em>ιι,</em></strong></span> <span class='ocrx_word' id='word_1_366' title='bbox 1145 4655 1256 4711; x_wconf 92' lang='lat' dir='ltr'><strong><em>col.</em></strong></span> <span class='ocrx_word' id='word_1_367' title='bbox 1287 4658 1361 4727; x_wconf 79' lang='grc'><strong><em>74</em></strong></span> <span class='ocrx_word' id='word_1_368' title='bbox 1388 4661 1447 4721; x_wconf 85' lang='lat' dir='ltr'><strong><em>et</em></strong></span> <span class='ocrx_word' id='word_1_369' title='bbox 1471 4659 1618 4731; x_wconf 90' lang='lat' dir='ltr'><strong><em>seq.)</em></strong></span> 
     </span>
    </p>
   </div>
   <div class='ocr_carea' id='block_1_52' title="bbox 138 4738 1702 4816">
    <p class='ocr_par' dir='ltr' id='par_1_52' title="bbox 138 4738 1702 4816">
     <span class='ocr_line' id='line_1_52' title="bbox 138 4738 1702 4816; baseline 0.011 -22"><span class='ocrx_word' id='word_1_370' title='bbox 138 4738 274 4797; x_wconf 82' lang='lat' dir='ltr'><strong><em>Sicut</em></strong></span> <span class='ocrx_word' id='word_1_371' title='bbox 300 4745 570 4815; x_wconf 84' lang='lat' dir='ltr'><strong><em>scriptum</em></strong></span> <span class='ocrx_word' id='word_1_372' title='bbox 596 4751 690 4800; x_wconf 87' lang='lat' dir='ltr'><strong><em>est.</em></strong></span> <span class='ocrx_word' id='word_1_373' title='bbox 722 4743 1017 4816; x_wconf 78' lang='lat' dir='ltr'><strong><em>Dispersit,</em></strong></span> <span class='ocrx_word' id='word_1_374' title='bbox 1052 4747 1187 4811; x_wconf 80' lang='lat' dir='ltr'><strong><em>etc.,</em></strong></span> <span class='ocrx_word' id='word_1_375' title='bbox 1223 4761 1411 4816; x_wconf 85' lang='lat' dir='ltr'><strong><em>usque</em></strong></span> <span class='ocrx_word' id='word_1_376' title='bbox 1439 4745 1511 4801; x_wconf 83' lang='lat' dir='ltr'><strong><em>ad</em></strong></span> <span class='ocrx_word' id='word_1_377' title='bbox 1534 4738 1702 4815; x_wconf 76' lang='lat' dir='ltr'><strong><em>actio,-</em></strong></span> 
     </span>
    </p>
   </div>
   <div class='ocr_carea' id='block_1_53' title="bbox 84 4830 1705 4908">
    <p class='ocr_par' dir='ltr' id='par_1_53' title="bbox 84 4830 1705 4908">
     <span class='ocr_line' id='line_1_53' title="bbox 84 4830 1705 4908; baseline 0.006 -27"><span class='ocrx_word' id='word_1_378' title='bbox 84 4841 183 4881; x_wconf 84' lang='lat' dir='ltr'><strong><em>nem</em></strong></span> <span class='ocrx_word' id='word_1_379' title='bbox 208 4831 328 4886; x_wconf 87' lang='lat' dir='ltr'><strong><em>Deo.</em></strong></span> <span class='ocrx_word' id='word_1_380' title='bbox 361 4832 526 4897; x_wconf 87' lang='lat' dir='ltr'><strong><em>Quod</em></strong></span> <span class='ocrx_word' id='word_1_381' title='bbox 557 4830 762 4889; x_wconf 88' lang='lat' dir='ltr'><strong><em>oculus</em></strong></span> <span class='ocrx_word' id='word_1_382' title='bbox 792 4849 907 4887; x_wconf 89' lang='lat' dir='ltr'><strong><em>non</em></strong></span> <span class='ocrx_word' id='word_1_383' title='bbox 938 4831 1105 4899; x_wconf 91' lang='lat' dir='ltr'><strong><em>vidit,</em></strong></span> <span class='ocrx_word' id='word_1_384' title='bbox 1139 4836 1275 4901; x_wconf 90' lang='lat' dir='ltr'><strong><em>etc.,</em></strong></span> <span class='ocrx_word' id='word_1_385' title='bbox 1306 4850 1480 4906; x_wconf 87' lang='lat' dir='ltr'><strong><em>usque</em></strong></span> <span class='ocrx_word' id='word_1_386' title='bbox 1507 4834 1577 4889; x_wconf 88' lang='lat' dir='ltr'><strong><em>ad</em></strong></span> <span class='ocrx_word' id='word_1_387' title='bbox 1605 4836 1705 4908; x_wconf 93' lang='lat' dir='ltr'><strong><em>qui</em></strong></span> 
     </span>
    </p>
   </div>
   <div class='ocr_carea' id='block_1_54' title="bbox 86 4916 1704 4996">
    <p class='ocr_par' dir='ltr' id='par_1_54' title="bbox 86 4916 1704 4996">
     <span class='ocr_line' id='line_1_54' title="bbox 86 4916 1704 4996; baseline 0.006 -28"><span class='ocrx_word' id='word_1_388' title='bbox 86 4916 315 4975; x_wconf 81' lang='lat' dir='ltr'><strong><em>condidit</em></strong></span> <span class='ocrx_word' id='word_1_389' title='bbox 342 4919 577 4976; x_wconf 67' lang='lat' dir='ltr'><strong><em>saecula.</em></strong></span> <span class='ocrx_word' id='word_1_390' title='bbox 613 4921 816 4994; x_wconf 87' lang='lat' dir='ltr'><strong><em>(Idem,</em></strong></span> <span class='ocrx_word' id='word_1_391' title='bbox 839 4921 980 4993; x_wconf 87' lang='lat' dir='ltr'><strong><em>psal.</em></strong></span> <span class='ocrx_word' id='word_1_392' title='bbox 1014 4937 1128 4990; x_wconf 73' lang='lat' dir='ltr'><strong><em>CXI,</em></strong></span> <span class='ocrx_word' id='word_1_393' title='bbox 1161 4926 1303 4976; x_wconf 91' lang='lat' dir='ltr'><strong><em>tom.</em></strong></span> <span class='ocrx_word' id='word_1_394' title='bbox 1340 4921 1432 4990; x_wconf 85' lang='grc' dir='ltr'>ιν,</span> <span class='ocrx_word' id='word_1_395' title='bbox 1468 4928 1618 4996; x_wconf 84' lang='lat' dir='ltr'><strong><em>part.</em></strong></span> <span class='ocrx_word' id='word_1_396' title='bbox 1644 4940 1704 4992; x_wconf 91' lang='grc' dir='ltr'>ιι,</span> 
     </span>
    </p>
   </div>
   <div class='ocr_carea' id='block_1_55' title="bbox 88 5003 379 5078">
    <p class='ocr_par' dir='ltr' id='par_1_55' title="bbox 88 5003 379 5078">
     <span class='ocr_line' id='line_1_55' title="bbox 88 5003 379 5078; baseline 0.024 -23"><span class='ocrx_word' id='word_1_397' title='bbox 88 5003 176 5058; x_wconf 90' lang='lat' dir='ltr'><strong><em>col.</em></strong></span> <span class='ocrx_word' id='word_1_398' title='bbox 200 5004 379 5078; x_wconf 64' lang='lat'><strong><em>11.70.)</em></strong></span> 
     </span>
    </p>
   </div>
   <div class='ocr_carea' id='block_1_56' title="bbox 1772 571 3451 648">
    <p class='ocr_par' dir='ltr' id='par_1_56' title="bbox 1772 571 3451 648">
     <span class='ocr_line' id='line_1_56' title="bbox 1772 571 3451 648; baseline 0.002 -22"><span class='ocrx_word' id='word_1_399' title='bbox 1772 573 1902 627; x_wconf 47' lang='lat' dir='ltr'><strong><em>’lib.</em></strong></span> <span class='ocrx_word' id='word_1_400' title='bbox 1929 572 1993 627; x_wconf 90' lang='lat' dir='ltr'><strong><em>de</em></strong></span> <span class='ocrx_word' id='word_1_401' title='bbox 2023 573 2305 628; x_wconf 80' lang='lat' dir='ltr'><strong><em>Consensu</em></strong></span> <span class='ocrx_word' id='word_1_402' title='bbox 2331 571 2744 641; x_wconf 87' lang='lat' dir='ltr'><strong><em>evangelistar.,</em></strong></span> <span class='ocrx_word' id='word_1_403' title='bbox 2776 575 2919 628; x_wconf 89' lang='lat' dir='ltr'><strong><em>tom.</em></strong></span> <span class='ocrx_word' id='word_1_404' title='bbox 2955 573 3055 639; x_wconf 87' lang='lat' dir='ltr'><strong><em>III,</em></strong></span> <span class='ocrx_word' id='word_1_405' title='bbox 3088 578 3237 648; x_wconf 83' lang='lat' dir='ltr'><strong><em>part.</em></strong></span> <span class='ocrx_word' id='word_1_406' title='bbox 3271 592 3305 642; x_wconf 92' lang='grc' dir='ltr'><strong><em>ι,</em></strong></span> <span class='ocrx_word' id='word_1_407' title='bbox 3341 575 3451 630; x_wconf 84' lang='lat' dir='ltr'><strong><em>col.</em></strong></span> 
     </span>
    </p>
   </div>
   <div class='ocr_carea' id='block_1_57' title="bbox 1805 661 2206 733">
    <p class='ocr_par' dir='ltr' id='par_1_57' title="bbox 1805 661 2206 733">
     <span class='ocr_line' id='line_1_57' title="bbox 1805 661 2206 733; baseline 0.002 -18"><span class='ocrx_word' id='word_1_408' title='bbox 1805 662 1943 716; x_wconf 88' lang='lat'><strong><em>1053</em></strong></span> <span class='ocrx_word' id='word_1_409' title='bbox 1975 664 2032 716; x_wconf 88' lang='lat' dir='ltr'><strong><em>et</em></strong></span> <span class='ocrx_word' id='word_1_410' title='bbox 2061 661 2206 733; x_wconf 86' lang='lat' dir='ltr'><strong><em>seq.)</em></strong></span> 
     </span>
    </p>
   </div>
   <div class='ocr_carea' id='block_1_58' title="bbox 2443 749 2808 808">
    <p class='ocr_par' dir='ltr' id='par_1_58' title="bbox 2443 749 2808 808">
     <span class='ocr_line' id='line_1_58' title="bbox 2443 749 2808 808; baseline -0.008 -2"><span class='ocrx_word' id='word_1_411' title='bbox 2443 749 2677 808; x_wconf 77' lang='lat' dir='ltr'><strong><em>CAPUT</em></strong></span> <span class='ocrx_word' id='word_1_412' title='bbox 2712 749 2808 804; x_wconf 84' lang='lat' dir='ltr'><strong><em>XI.</em></strong></span> 
     </span>
    </p>
   </div>
   <div class='ocr_carea' id='block_1_59' title="bbox 1878 840 3450 911">
    <p class='ocr_par' dir='ltr' id='par_1_59' title="bbox 1878 840 3450 911">
     <span class='ocr_line' id='line_1_59' title="bbox 1878 840 3450 911; baseline 0.001 -17"><span class='ocrx_word' id='word_1_413' title='bbox 1878 840 2093 895; x_wconf 87' lang='lat' dir='ltr'><strong><em>Utinam</em></strong></span> <span class='ocrx_word' id='word_1_414' title='bbox 2151 840 2505 905; x_wconf 87' lang='lat' dir='ltr'><strong><em>sustineretis,</em></strong></span> <span class='ocrx_word' id='word_1_415' title='bbox 2539 843 2673 904; x_wconf 87' lang='lat' dir='ltr'><strong><em>etc.,</em></strong></span> <span class='ocrx_word' id='word_1_416' title='bbox 2708 855 2895 911; x_wconf 90' lang='lat' dir='ltr'><strong><em>usque</em></strong></span> <span class='ocrx_word' id='word_1_417' title='bbox 2952 840 3021 894; x_wconf 89' lang='lat' dir='ltr'><strong><em>ad</em></strong></span> <span class='ocrx_word' id='word_1_418' title='bbox 3081 841 3450 897; x_wconf 65' lang='lat' dir='ltr'><strong><em>aemulatione.</em></strong></span> 
     </span>
    </p>
   </div>
   <div class='ocr_carea' id='block_1_60' title="bbox 1802 926 3451 1001">
    <p class='ocr_par' dir='ltr' id='par_1_60' title="bbox 1802 926 3451 1001">
     <span class='ocr_line' id='line_1_60' title="bbox 1802 926 3451 1001; baseline 0.001 -19"><span class='ocrx_word' id='word_1_419' title='bbox 1802 927 2057 983; x_wconf 91' lang='lat' dir='ltr'><strong><em>Dicendo</em></strong></span> <span class='ocrx_word' id='word_1_420' title='bbox 2088 926 2334 983; x_wconf 66' lang='lat' dir='ltr'><strong><em>mmulor</em></strong></span> <span class='ocrx_word' id='word_1_421' title='bbox 2361 944 2485 995; x_wconf 91' lang='lat' dir='ltr'><strong><em>vos,</em></strong></span> <span class='ocrx_word' id='word_1_422' title='bbox 2522 926 2661 999; x_wconf 90' lang='lat' dir='ltr'><strong><em>quid</em></strong></span> <span class='ocrx_word' id='word_1_423' title='bbox 2693 927 2806 984; x_wconf 86' lang='lat' dir='ltr'><strong><em>nisi</em></strong></span> <span class='ocrx_word' id='word_1_424' title='bbox 2840 927 3293 1001; x_wconf 68' lang='lat' dir='ltr'><strong><em>aemulationem,</em></strong></span> <span class='ocrx_word' id='word_1_425' title='bbox 3317 933 3451 994; x_wconf 87' lang='lat' dir='ltr'><strong><em>etc.,</em></strong></span> 
     </span>
    </p>
   </div>
   <div class='ocr_carea' id='block_1_61' title="bbox 1801 1015 3451 1097">
    <p class='ocr_par' dir='ltr' id='par_1_61' title="bbox 1801 1015 3451 1097">
     <span class='ocr_line' id='line_1_61' title="bbox 1801 1015 3451 1097; baseline 0.001 -27"><span class='ocrx_word' id='word_1_426' title='bbox 1801 1032 1989 1088; x_wconf 89' lang='lat' dir='ltr'><strong><em>usque</em></strong></span> <span class='ocrx_word' id='word_1_427' title='bbox 2021 1017 2091 1071; x_wconf 87' lang='lat' dir='ltr'><strong><em>ad</em></strong></span> <span class='ocrx_word' id='word_1_428' title='bbox 2124 1024 2177 1072; x_wconf 87' lang='lat' dir='ltr'><strong><em>et</em></strong></span> <span class='ocrx_word' id='word_1_429' title='bbox 2204 1033 2314 1073; x_wconf 87' lang='lat' dir='ltr'><strong><em>non</em></strong></span> <span class='ocrx_word' id='word_1_430' title='bbox 2341 1018 2567 1072; x_wconf 86' lang='lat' dir='ltr'><strong><em>mirum.</em></strong></span> <span class='ocrx_word' id='word_1_431' title='bbox 2604 1015 2682 1088; x_wconf 89' lang='lat' dir='ltr'><strong><em>(S.</em></strong></span> <span class='ocrx_word' id='word_1_432' title='bbox 2716 1017 2888 1089; x_wconf 88' lang='lat' dir='ltr'><strong><em>Aug.,</em></strong></span> <span class='ocrx_word' id='word_1_433' title='bbox 2923 1025 3079 1072; x_wconf 88' lang='lat' dir='ltr'><strong><em>tract.</em></strong></span> <span class='ocrx_word' id='word_1_434' title='bbox 3109 1018 3451 1097; x_wconf 75' lang='lat' dir='ltr'><strong><em>psal.cxv1u,</em></strong></span> 
     </span>
    </p>
   </div>
   <div class='ocr_carea' id='block_1_62' title="bbox 1801 1105 2930 1177">
    <p class='ocr_par' dir='ltr' id='par_1_62' title="bbox 1801 1105 2930 1177">
     <span class='ocr_line' id='line_1_62' title="bbox 1801 1105 2930 1177; baseline 0.001 -18"><span class='ocrx_word' id='word_1_435' title='bbox 1801 1108 1943 1170; x_wconf 85' lang='lat' dir='ltr'><strong><em>tom.</em></strong></span> <span class='ocrx_word' id='word_1_436' title='bbox 1980 1105 2072 1171; x_wconf 89' lang='lat' dir='ltr'><strong><em>IV,</em></strong></span> <span class='ocrx_word' id='word_1_437' title='bbox 2102 1109 2254 1177; x_wconf 88' lang='lat' dir='ltr'><strong><em>part.</em></strong></span> <span class='ocrx_word' id='word_1_438' title='bbox 2288 1122 2350 1173; x_wconf 87' lang='grc' dir='ltr'><strong><em>ιι,</em></strong></span> <span class='ocrx_word' id='word_1_439' title='bbox 2383 1105 2492 1160; x_wconf 83' lang='lat' dir='ltr'><strong><em>col.</em></strong></span> <span class='ocrx_word' id='word_1_440' title='bbox 2528 1105 2667 1160; x_wconf 77' lang='lat'><strong><em>1583</em></strong></span> <span class='ocrx_word' id='word_1_441' title='bbox 2695 1109 2752 1160; x_wconf 84' lang='lat' dir='ltr'><strong><em>et</em></strong></span> <span class='ocrx_word' id='word_1_442' title='bbox 2782 1108 2930 1177; x_wconf 89' lang='lat' dir='ltr'><strong><em>seq.)</em></strong></span> 
     </span>
    </p>
   </div>
   <div class='ocr_carea' id='block_1_63' title="bbox 1869 1191 3452 1267">
    <p class='ocr_par' dir='ltr' id='par_1_63' title="bbox 1869 1191 3452 1267">
     <span class='ocr_line' id='line_1_63' title="bbox 1869 1191 3452 1267; baseline 0.002 -20"><span class='ocrx_word' id='word_1_443' title='bbox 1869 1193 2018 1249; x_wconf 86' lang='lat' dir='ltr'><strong><em>Audi</em></strong></span> <span class='ocrx_word' id='word_1_444' title='bbox 2052 1209 2249 1248; x_wconf 91' lang='lat' dir='ltr'><strong><em>vocem</em></strong></span> <span class='ocrx_word' id='word_1_445' title='bbox 2282 1191 2544 1248; x_wconf 89' lang='lat' dir='ltr'><strong><em>zelantis.</em></strong></span> <span class='ocrx_word' id='word_1_446' title='bbox 2576 1191 2706 1248; x_wconf 89' lang='lat' dir='ltr'><strong><em>Zelo</em></strong></span> <span class='ocrx_word' id='word_1_447' title='bbox 2745 1193 2844 1248; x_wconf 90' lang='lat' dir='ltr'><strong><em>Dei</em></strong></span> <span class='ocrx_word' id='word_1_448' title='bbox 2875 1210 2998 1261; x_wconf 90' lang='lat' dir='ltr'><strong><em>vos,</em></strong></span> <span class='ocrx_word' id='word_1_449' title='bbox 3024 1198 3157 1261; x_wconf 90' lang='lat' dir='ltr'><strong><em>etc.,</em></strong></span> <span class='ocrx_word' id='word_1_450' title='bbox 3186 1211 3356 1267; x_wconf 85' lang='lat' dir='ltr'><strong><em>usque</em></strong></span> <span class='ocrx_word' id='word_1_451' title='bbox 3381 1195 3452 1250; x_wconf 90' lang='lat' dir='ltr'><strong><em>ad</em></strong></span> 
     </span>
    </p>
   </div>
   <div class='ocr_carea' id='block_1_64' title="bbox 1801 1281 3446 1359">
    <p class='ocr_par' dir='ltr' id='par_1_64' title="bbox 1801 1281 3446 1359">
     <span class='ocr_line' id='line_1_64' title="bbox 1801 1281 3446 1359; baseline 0 -21"><span class='ocrx_word' id='word_1_452' title='bbox 1801 1298 1981 1354; x_wconf 85' lang='lat' dir='ltr'><strong><em>quare</em></strong></span> <span class='ocrx_word' id='word_1_453' title='bbox 2010 1281 2163 1337; x_wconf 87' lang='lat' dir='ltr'><strong><em>zelas</em></strong></span> <span class='ocrx_word' id='word_1_454' title='bbox 2187 1282 2217 1336; x_wconf 86' lang='lat'><strong>?</strong></span> <span class='ocrx_word' id='word_1_455' title='bbox 2246 1281 2377 1353; x_wconf 87' lang='lat' dir='ltr'><strong><em>(Id.,</em></strong></span> <span class='ocrx_word' id='word_1_456' title='bbox 2409 1289 2565 1337; x_wconf 86' lang='lat' dir='ltr'><strong><em>tract.</em></strong></span> <span class='ocrx_word' id='word_1_457' title='bbox 2599 1282 2924 1353; x_wconf 86' lang='lat' dir='ltr'><strong><em>Evang.sec.</em></strong></span> <span class='ocrx_word' id='word_1_458' title='bbox 2955 1283 3114 1338; x_wconf 83' lang='lat' dir='ltr'><strong><em>Joan.</em></strong></span> <span class='ocrx_word' id='word_1_459' title='bbox 3145 1301 3273 1359; x_wconf 78' lang='lat' dir='ltr'><strong><em>xm,</em></strong></span> <span class='ocrx_word' id='word_1_460' title='bbox 3303 1287 3446 1339; x_wconf 87' lang='lat' dir='ltr'><strong><em>tom.</em></strong></span> 
     </span>
    </p>
   </div>
   <div class='ocr_carea' id='block_1_65' title="bbox 1802 1369 2520 1443">
    <p class='ocr_par' dir='ltr' id='par_1_65' title="bbox 1802 1369 2520 1443">
     <span class='ocr_line' id='line_1_65' title="bbox 1802 1369 2520 1443; baseline -0.001 -18"><span class='ocrx_word' id='word_1_461' title='bbox 1802 1371 1901 1438; x_wconf 93' lang='lat' dir='ltr'><strong><em>III,</em></strong></span> <span class='ocrx_word' id='word_1_462' title='bbox 1935 1375 2086 1443; x_wconf 90' lang='lat' dir='ltr'><strong><em>part.</em></strong></span> <span class='ocrx_word' id='word_1_463' title='bbox 2118 1387 2157 1437; x_wconf 86' lang='grc' dir='ltr'><strong><em>ι,</em></strong></span> <span class='ocrx_word' id='word_1_464' title='bbox 2192 1369 2302 1425; x_wconf 92' lang='lat' dir='ltr'><strong><em>col.</em></strong></span> <span class='ocrx_word' id='word_1_465' title='bbox 2337 1369 2520 1442; x_wconf 78' lang='grc'>1498.)</span> 
     </span>
    </p>
   </div>
   <div class='ocr_carea' id='block_1_66' title="bbox 1873 1460 3450 1533">
    <p class='ocr_par' dir='ltr' id='par_1_66' title="bbox 1873 1460 3450 1533">
     <span class='ocr_line' id='line_1_66' title="bbox 1873 1460 3450 1533; baseline -0.001 -17"><span class='ocrx_word' id='word_1_466' title='bbox 1873 1462 2080 1529; x_wconf 87' lang='lat' dir='ltr'><strong><em>Timeo,</em></strong></span> <span class='ocrx_word' id='word_1_467' title='bbox 2116 1461 2316 1532; x_wconf 87' lang='lat' dir='ltr'><strong><em>inquit,</em></strong></span> <span class='ocrx_word' id='word_1_468' title='bbox 2348 1475 2418 1514; x_wconf 89' lang='lat' dir='ltr'><strong><em>ne</em></strong></span> <span class='ocrx_word' id='word_1_469' title='bbox 2444 1460 2586 1514; x_wconf 83' lang='lat' dir='ltr'><strong><em>sicut</em></strong></span> <span class='ocrx_word' id='word_1_470' title='bbox 2611 1475 2830 1531; x_wconf 87' lang='lat' dir='ltr'><strong><em>serpens</em></strong></span> <span class='ocrx_word' id='word_1_471' title='bbox 2870 1463 3058 1527; x_wconf 86' lang='lat' dir='ltr'><strong><em>Evam,</em></strong></span> <span class='ocrx_word' id='word_1_472' title='bbox 3094 1464 3228 1528; x_wconf 90' lang='lat' dir='ltr'><strong><em>etc.,</em></strong></span> <span class='ocrx_word' id='word_1_473' title='bbox 3262 1476 3450 1533; x_wconf 84' lang='lat' dir='ltr'><strong><em>usque</em></strong></span> 
     </span>
    </p>
   </div>
   <div class='ocr_carea' id='block_1_67' title="bbox 1802 1544 3446 1621">
    <p class='ocr_par' dir='ltr' id='par_1_67' title="bbox 1802 1544 3446 1621">
     <span class='ocr_line' id='line_1_67' title="bbox 1802 1544 3446 1621; baseline 0 -17"><span class='ocrx_word' id='word_1_474' title='bbox 1802 1551 1875 1605; x_wconf 88' lang='lat' dir='ltr'><strong><em>ad</em></strong></span> <span class='ocrx_word' id='word_1_475' title='bbox 1904 1550 2158 1617; x_wconf 76' lang='lat' dir='ltr'><strong><em>exhibere</em></strong></span> <span class='ocrx_word' id='word_1_476' title='bbox 2189 1544 2421 1603; x_wconf 75' lang='lat' dir='ltr'><strong><em>Christo.</em></strong></span> <span class='ocrx_word' id='word_1_477' title='bbox 2441 1548 2625 1619; x_wconf 87' lang='lat' dir='ltr'><strong><em>Habet</em></strong></span> <span class='ocrx_word' id='word_1_478' title='bbox 2654 1564 2791 1620; x_wconf 86' lang='lat' dir='ltr'><strong><em>ergo</em></strong></span> <span class='ocrx_word' id='word_1_479' title='bbox 2820 1548 2915 1603; x_wconf 90' lang='lat' dir='ltr'><strong><em>hic</em></strong></span> <span class='ocrx_word' id='word_1_480' title='bbox 2944 1565 3225 1620; x_wconf 85' lang='lat' dir='ltr'><strong><em>sponsam</em></strong></span> <span class='ocrx_word' id='word_1_481' title='bbox 3247 1565 3446 1621; x_wconf 90' lang='lat' dir='ltr'><strong><em>quam,</em></strong></span> 
     </span>
    </p>
   </div>
   <div class='ocr_carea' id='block_1_68' title="bbox 1802 1636 3446 1711">
    <p class='ocr_par' dir='ltr' id='par_1_68' title="bbox 1802 1636 3446 1711">
     <span class='ocr_line' id='line_1_68' title="bbox 1802 1636 3446 1711; baseline -0.001 -18"><span class='ocrx_word' id='word_1_482' title='bbox 1802 1643 1933 1708; x_wconf 90' lang='lat' dir='ltr'><strong><em>etc.,</em></strong></span> <span class='ocrx_word' id='word_1_483' title='bbox 1967 1654 2138 1711; x_wconf 86' lang='lat' dir='ltr'><strong><em>usque</em></strong></span> <span class='ocrx_word' id='word_1_484' title='bbox 2166 1636 2237 1693; x_wconf 86' lang='lat' dir='ltr'><strong><em>ad</em></strong></span> <span class='ocrx_word' id='word_1_485' title='bbox 2267 1637 2554 1709; x_wconf 72' lang='lat' dir='ltr'><strong><em>praedixit.</em></strong></span> <span class='ocrx_word' id='word_1_486' title='bbox 2591 1637 2724 1710; x_wconf 91' lang='lat' dir='ltr'><strong><em>(Id.,</em></strong></span> <span class='ocrx_word' id='word_1_487' title='bbox 2757 1644 2912 1693; x_wconf 86' lang='lat' dir='ltr'><strong><em>tract.</em></strong></span> <span class='ocrx_word' id='word_1_488' title='bbox 2929 1639 3253 1707; x_wconf 67' lang='lat' dir='ltr'><strong><em>Evangsec.</em></strong></span> <span class='ocrx_word' id='word_1_489' title='bbox 3281 1643 3446 1709; x_wconf 68' lang='lat' dir='ltr'><strong><em>10cm.</em></strong></span> 
     </span>
    </p>
   </div>
   <div class='ocr_carea' id='block_1_69' title="bbox 1801 1725 2866 1797">
    <p class='ocr_par' dir='ltr' id='par_1_69' title="bbox 1801 1725 2866 1797">
     <span class='ocr_line' id='line_1_69' title="bbox 1801 1725 2866 1797; baseline -0.003 -14"><span class='ocrx_word' id='word_1_490' title='bbox 1801 1744 1922 1796; x_wconf 85' lang='lat' dir='ltr'><strong><em>vm,</em></strong></span> <span class='ocrx_word' id='word_1_491' title='bbox 1954 1731 2098 1781; x_wconf 88' lang='lat' dir='ltr'><strong><em>tom.</em></strong></span> <span class='ocrx_word' id='word_1_492' title='bbox 2129 1725 2224 1794; x_wconf 86' lang='lat' dir='ltr'><strong>III,</strong></span> <span class='ocrx_word' id='word_1_493' title='bbox 2259 1729 2407 1797; x_wconf 88' lang='lat' dir='ltr'><strong><em>part.</em></strong></span> <span class='ocrx_word' id='word_1_494' title='bbox 2442 1743 2501 1794; x_wconf 89' lang='grc' dir='ltr'><strong><em>ιι,</em></strong></span> <span class='ocrx_word' id='word_1_495' title='bbox 2538 1725 2646 1781; x_wconf 91' lang='lat' dir='ltr'><strong><em>col.</em></strong></span> <span class='ocrx_word' id='word_1_496' title='bbox 2681 1726 2866 1796; x_wconf 74' lang='lat' dir='ltr'><strong><em>M52.)</em></strong></span> 
     </span>
    </p>
   </div>
   <div class='ocr_carea' id='block_1_70' title="bbox 1722 1813 3453 1959">
    <p class='ocr_par' dir='ltr' id='par_1_70' title="bbox 1722 1813 3453 1959">
     <span class='ocr_line' id='line_1_70' title="bbox 1722 1813 3453 1931; baseline 0 -60"><span class='ocrx_word' id='word_1_497' title='bbox 1722 1855 1769 1931; x_wconf 76' lang='grc' dir='ltr'>Β</span> <span class='ocrx_word' id='word_1_498' title='bbox 1872 1814 2075 1871; x_wconf 88' lang='lat' dir='ltr'><strong><em>Omnis</em></strong></span> <span class='ocrx_word' id='word_1_499' title='bbox 2107 1814 2367 1870; x_wconf 85' lang='lat' dir='ltr'><strong><em>Ecclesia</em></strong></span> <span class='ocrx_word' id='word_1_500' title='bbox 2391 1815 2551 1887; x_wconf 85' lang='lat' dir='ltr'><strong><em>virgo</em></strong></span> <span class='ocrx_word' id='word_1_501' title='bbox 2579 1813 2871 1889; x_wconf 85' lang='lat' dir='ltr'><strong><em>appellata</em></strong></span> <span class='ocrx_word' id='word_1_502' title='bbox 2899 1814 3256 1871; x_wconf 83' lang='lat' dir='ltr'><strong><em>est.Diversa</em></strong></span> <span class='ocrx_word' id='word_1_503' title='bbox 3275 1832 3453 1872; x_wconf 89' lang='lat' dir='ltr'><strong><em>mem-</em></strong></span> 
     </span>
     <span class='ocr_line' id='line_1_71' title="bbox 1762 1902 3447 1959; baseline 0 0"><span class='ocrx_word' id='word_1_504' title='bbox 1762 1918 1770 1931; x_wconf 61' lang='grc' dir='ltr'><strong>ν</strong></span> <span class='ocrx_word' id='word_1_505' title='bbox 1803 1906 1922 1959; x_wconf 89' lang='lat' dir='ltr'><strong><em>bra.</em></strong></span> <span class='ocrx_word' id='word_1_506' title='bbox 1959 1907 2091 1959; x_wconf 89' lang='lat' dir='ltr'><strong><em>etc..</em></strong></span> <span class='ocrx_word' id='word_1_507' title='bbox 2120 1920 2288 1959; x_wconf 78' lang='lat' dir='ltr'><strong><em>usque</em></strong></span> <span class='ocrx_word' id='word_1_508' title='bbox 2316 1903 2387 1958; x_wconf 93' lang='lat' dir='ltr'><strong><em>ad</em></strong></span> <span class='ocrx_word' id='word_1_509' title='bbox 2430 1902 2847 1959; x_wconf 75' lang='lat' dir='ltr'><strong><em>virginitatem.</em></strong></span> <span class='ocrx_word' id='word_1_510' title='bbox 2882 1904 3018 1959; x_wconf 89' lang='lat' dir='ltr'><strong><em>(Id..</em></strong></span> <span class='ocrx_word' id='word_1_511' title='bbox 3051 1912 3208 1959; x_wconf 88' lang='lat' dir='ltr'><strong><em>tract.</em></strong></span> <span class='ocrx_word' id='word_1_512' title='bbox 3241 1906 3447 1959; x_wconf 87' lang='lat' dir='ltr'><strong><em>Evano.</em></strong></span> 
     </span>
    </p>
   </div>
   <div class='ocr_carea' id='block_1_71' title="bbox 1841 1902 3447 1978">
    <p class='ocr_par' dir='ltr' id='par_1_71' title="bbox 1841 1902 3447 1978">
     <span class='ocr_line' id='line_1_72' title="bbox 1841 1902 3447 1978; baseline 0.001 -20"><span class='ocrx_word' id='word_1_513' title='bbox 1841 1920 1922 1973; x_wconf 89' lang='lat' dir='ltr'><strong><em>ra,</em></strong></span> <span class='ocrx_word' id='word_1_514' title='bbox 1959 1907 2091 1972; x_wconf 90' lang='lat' dir='ltr'><strong><em>etc.,</em></strong></span> <span class='ocrx_word' id='word_1_515' title='bbox 2120 1920 2288 1976; x_wconf 86' lang='lat' dir='ltr'><strong><em>usque</em></strong></span> <span class='ocrx_word' id='word_1_516' title='bbox 2316 1903 2387 1958; x_wconf 93' lang='lat' dir='ltr'><strong><em>ad</em></strong></span> <span class='ocrx_word' id='word_1_517' title='bbox 2430 1902 2847 1978; x_wconf 84' lang='lat' dir='ltr'><strong><em>virginitatem.</em></strong></span> <span class='ocrx_word' id='word_1_518' title='bbox 2882 1904 3018 1973; x_wconf 88' lang='lat' dir='ltr'><strong><em>(Id.,</em></strong></span> <span class='ocrx_word' id='word_1_519' title='bbox 3051 1912 3208 1960; x_wconf 88' lang='lat' dir='ltr'><strong><em>tract.</em></strong></span> <span class='ocrx_word' id='word_1_520' title='bbox 3241 1906 3447 1973; x_wconf 86' lang='lat' dir='ltr'><strong><em>Evang.</em></strong></span> 
     </span>
    </p>
   </div>
   <div class='ocr_carea' id='block_1_72' title="bbox 1798 1990 3151 2065">
    <p class='ocr_par' dir='ltr' id='par_1_72' title="bbox 1798 1990 3151 2065">
     <span class='ocr_line' id='line_1_73' title="bbox 1798 1990 3151 2065; baseline -0.001 -17"><span class='ocrx_word' id='word_1_521' title='bbox 1798 2009 1901 2048; x_wconf 83' lang='lat' dir='ltr'><strong><em>sec.</em></strong></span> <span class='ocrx_word' id='word_1_522' title='bbox 1931 1997 2096 2050; x_wconf 84' lang='lat' dir='ltr'><strong><em>Joan.</em></strong></span> <span class='ocrx_word' id='word_1_523' title='bbox 2133 1993 2220 2060; x_wconf 91' lang='grc'><strong><em>13,</em></strong></span> <span class='ocrx_word' id='word_1_524' title='bbox 2250 1995 2394 2047; x_wconf 89' lang='lat' dir='ltr'><strong><em>tom.</em></strong></span> <span class='ocrx_word' id='word_1_525' title='bbox 2430 1992 2529 2057; x_wconf 91' lang='lat' dir='ltr'><strong>III,</strong></span> <span class='ocrx_word' id='word_1_526' title='bbox 2563 1996 2713 2065; x_wconf 86' lang='lat' dir='ltr'><strong><em>part.</em></strong></span> <span class='ocrx_word' id='word_1_527' title='bbox 2747 2009 2787 2057; x_wconf 88' lang='grc' dir='ltr'><strong><em>ι,</em></strong></span> <span class='ocrx_word' id='word_1_528' title='bbox 2825 1990 2934 2048; x_wconf 90' lang='lat' dir='ltr'><strong><em>col.</em></strong></span> <span class='ocrx_word' id='word_1_529' title='bbox 2968 1992 3151 2062; x_wconf 78' lang='grc'>1499.)</span> 
     </span>
    </p>
   </div>
   <div class='ocr_carea' id='block_1_73' title="bbox 1872 2080 3455 2153">
    <p class='ocr_par' dir='ltr' id='par_1_73' title="bbox 1872 2080 3455 2153">
     <span class='ocr_line' id='line_1_74' title="bbox 1872 2080 3455 2153; baseline 0 -17"><span class='ocrx_word' id='word_1_530' title='bbox 1872 2082 2197 2137; x_wconf 87' lang='lat' dir='ltr'><strong><em>Paucarum</em></strong></span> <span class='ocrx_word' id='word_1_531' title='bbox 2230 2086 2320 2136; x_wconf 89' lang='lat' dir='ltr'><strong><em>est</em></strong></span> <span class='ocrx_word' id='word_1_532' title='bbox 2356 2080 2659 2152; x_wconf 87' lang='lat' dir='ltr'><strong><em>virginitas</em></strong></span> <span class='ocrx_word' id='word_1_533' title='bbox 2691 2080 2748 2135; x_wconf 91' lang='lat' dir='ltr'><strong><em>in</em></strong></span> <span class='ocrx_word' id='word_1_534' title='bbox 2784 2096 2978 2149; x_wconf 88' lang='lat' dir='ltr'><strong><em>carne,</em></strong></span> <span class='ocrx_word' id='word_1_535' title='bbox 3013 2085 3150 2150; x_wconf 90' lang='lat' dir='ltr'><strong><em>etc.,</em></strong></span> <span class='ocrx_word' id='word_1_536' title='bbox 3182 2097 3353 2153; x_wconf 84' lang='lat' dir='ltr'><strong><em>usque</em></strong></span> <span class='ocrx_word' id='word_1_537' title='bbox 3380 2082 3455 2136; x_wconf 78' lang='lat' dir='ltr'><strong><em>ad</em></strong></span> 
     </span>
    </p>
   </div>
   <div class='ocr_carea' id='block_1_74' title="bbox 1800 2167 3449 2243">
    <p class='ocr_par' dir='ltr' id='par_1_74' title="bbox 1800 2167 3449 2243">
     <span class='ocr_line' id='line_1_75' title="bbox 1800 2167 3449 2243; baseline 0 -18"><span class='ocrx_word' id='word_1_538' title='bbox 1800 2169 2075 2225; x_wconf 81' lang='lat' dir='ltr'><strong><em>Ecclesia.</em></strong></span> <span class='ocrx_word' id='word_1_539' title='bbox 2110 2170 2241 2243; x_wconf 92' lang='lat' dir='ltr'><strong><em>(Id.,</em></strong></span> <span class='ocrx_word' id='word_1_540' title='bbox 2276 2177 2435 2225; x_wconf 84' lang='lat' dir='ltr'><strong><em>tract.</em></strong></span> <span class='ocrx_word' id='word_1_541' title='bbox 2465 2170 2608 2242; x_wconf 88' lang='lat' dir='ltr'><strong><em>psal.</em></strong></span> <span class='ocrx_word' id='word_1_542' title='bbox 2644 2172 2785 2224; x_wconf 89' lang='lat' dir='ltr'><strong><em>tom.</em></strong></span> <span class='ocrx_word' id='word_1_543' title='bbox 2817 2168 2911 2241; x_wconf 93' lang='lat' dir='ltr'><strong>IV,</strong></span> <span class='ocrx_word' id='word_1_544' title='bbox 2943 2186 3001 2242; x_wconf 90' lang='lat' dir='ltr'><strong><em>p.</em></strong></span> <span class='ocrx_word' id='word_1_545' title='bbox 3032 2186 3090 2236; x_wconf 87' lang='grc' dir='ltr'><strong><em>ιι,</em></strong></span> <span class='ocrx_word' id='word_1_546' title='bbox 3125 2167 3235 2225; x_wconf 86' lang='lat' dir='ltr'><strong><em>col.</em></strong></span> <span class='ocrx_word' id='word_1_547' title='bbox 3266 2170 3449 2242; x_wconf 84' lang='lat'><strong><em>1920.)</em></strong></span> 
     </span>
    </p>
   </div>
   <div class='ocr_carea' id='block_1_75' title="bbox 1869 2256 3447 2331">
    <p class='ocr_par' dir='ltr' id='par_1_75' title="bbox 1869 2256 3447 2331">
     <span class='ocr_line' id='line_1_76' title="bbox 1869 2256 3447 2331; baseline 0 -18"><span class='ocrx_word' id='word_1_548' title='bbox 1869 2259 2035 2313; x_wconf 91' lang='lat' dir='ltr'><strong><em>Nunc</em></strong></span> <span class='ocrx_word' id='word_1_549' title='bbox 2094 2258 2450 2330; x_wconf 87' lang='lat' dir='ltr'><strong><em>desponsata</em></strong></span> <span class='ocrx_word' id='word_1_550' title='bbox 2507 2262 2595 2314; x_wconf 92' lang='lat' dir='ltr'><strong><em>est</em></strong></span> <span class='ocrx_word' id='word_1_551' title='bbox 2650 2256 2926 2323; x_wconf 85' lang='lat' dir='ltr'><strong><em>Ecclesia,</em></strong></span> <span class='ocrx_word' id='word_1_552' title='bbox 2977 2260 3035 2313; x_wconf 89' lang='lat' dir='ltr'><strong><em>et</em></strong></span> <span class='ocrx_word' id='word_1_553' title='bbox 3088 2258 3275 2331; x_wconf 88' lang='lat' dir='ltr'><strong><em>virgo,</em></strong></span> <span class='ocrx_word' id='word_1_554' title='bbox 3311 2262 3447 2329; x_wconf 90' lang='lat' dir='ltr'><strong><em>etc.,</em></strong></span> 
     </span>
    </p>
   </div>
   <div class='ocr_carea' id='block_1_76' title="bbox 1798 2345 3446 2420">
    <p class='ocr_par' dir='ltr' id='par_1_76' title="bbox 1798 2345 3446 2420">
     <span class='ocr_line' id='line_1_77' title="bbox 1798 2345 3446 2420; baseline 0 -18"><span class='ocrx_word' id='word_1_555' title='bbox 1798 2363 1968 2419; x_wconf 86' lang='lat' dir='ltr'><strong><em>usque</em></strong></span> <span class='ocrx_word' id='word_1_556' title='bbox 1996 2347 2066 2403; x_wconf 87' lang='lat' dir='ltr'><strong><em>ad</em></strong></span> <span class='ocrx_word' id='word_1_557' title='bbox 2093 2347 2429 2420; x_wconf 89' lang='lat' dir='ltr'><strong><em>Apostolus.</em></strong></span> <span class='ocrx_word' id='word_1_558' title='bbox 2481 2347 2617 2417; x_wconf 88' lang='lat' dir='ltr'><strong><em>(Id.,</em></strong></span> <span class='ocrx_word' id='word_1_559' title='bbox 2670 2346 2766 2402; x_wconf 90' lang='lat' dir='ltr'><strong><em>lib.</em></strong></span> <span class='ocrx_word' id='word_1_560' title='bbox 2801 2349 3005 2417; x_wconf 74' lang='lat' dir='ltr'><strong><em>Quaest.</em></strong></span> <span class='ocrx_word' id='word_1_561' title='bbox 3038 2350 3181 2403; x_wconf 87' lang='lat' dir='ltr'><strong><em>tom.</em></strong></span> <span class='ocrx_word' id='word_1_562' title='bbox 3212 2346 3309 2417; x_wconf 85' lang='lat' dir='ltr'><strong><em>VI,</em></strong></span> <span class='ocrx_word' id='word_1_563' title='bbox 3337 2345 3446 2402; x_wconf 91' lang='lat' dir='ltr'><strong><em>col.</em></strong></span> 
     </span>
    </p>
   </div>
   <div class='ocr_carea' id='block_1_77' title="bbox 1798 2436 2131 2509">
    <p class='ocr_par' dir='ltr' id='par_1_77' title="bbox 1798 2436 2131 2509">
     <span class='ocr_line' id='line_1_78' title="bbox 1798 2436 2131 2509; baseline 0 -19"><span class='ocrx_word' id='word_1_564' title='bbox 1798 2438 1866 2490; x_wconf 82' lang='grc'><strong><em>47</em></strong></span> <span class='ocrx_word' id='word_1_565' title='bbox 1897 2440 1954 2491; x_wconf 87' lang='lat' dir='ltr'><strong><em>et</em></strong></span> <span class='ocrx_word' id='word_1_566' title='bbox 1983 2436 2131 2509; x_wconf 86' lang='lat' dir='ltr'><strong><em>seq.)</em></strong></span> 
     </span>
    </p>
   </div>
   <div class='ocr_carea' id='block_1_78' title="bbox 1870 2524 3453 2597">
    <p class='ocr_par' dir='ltr' id='par_1_78' title="bbox 1870 2524 3453 2597">
     <span class='ocr_line' id='line_1_79' title="bbox 1870 2524 3453 2597; baseline 0 -17"><span class='ocrx_word' id='word_1_567' title='bbox 1870 2525 2135 2597; x_wconf 88' lang='lat' dir='ltr'><strong><em>Sponsus</em></strong></span> <span class='ocrx_word' id='word_1_568' title='bbox 2184 2524 2398 2589; x_wconf 88' lang='lat' dir='ltr'><strong><em>infans,</em></strong></span> <span class='ocrx_word' id='word_1_569' title='bbox 2431 2525 2502 2581; x_wconf 86' lang='lat' dir='ltr'><strong><em>de</em></strong></span> <span class='ocrx_word' id='word_1_570' title='bbox 2551 2524 2812 2580; x_wconf 87' lang='lat' dir='ltr'><strong><em>thalamo</em></strong></span> <span class='ocrx_word' id='word_1_571' title='bbox 2861 2542 2988 2592; x_wconf 91' lang='lat' dir='ltr'><strong><em>suo,</em></strong></span> <span class='ocrx_word' id='word_1_572' title='bbox 3021 2529 3155 2591; x_wconf 89' lang='lat' dir='ltr'><strong><em>etc.,</em></strong></span> <span class='ocrx_word' id='word_1_573' title='bbox 3181 2539 3351 2596; x_wconf 87' lang='lat' dir='ltr'><strong><em>usque</em></strong></span> <span class='ocrx_word' id='word_1_574' title='bbox 3378 2525 3453 2580; x_wconf 85' lang='lat' dir='ltr'><strong><em>ad</em></strong></span> 
     </span>
    </p>
   </div>
   <div class='ocr_carea' id='block_1_79' title="bbox 1799 2612 3448 2686">
    <p class='ocr_par' dir='ltr' id='par_1_79' title="bbox 1799 2612 3448 2686">
     <span class='ocr_line' id='line_1_80' title="bbox 1799 2612 3448 2686; baseline -0.001 -16"><span class='ocrx_word' id='word_1_575' title='bbox 1799 2619 2044 2670; x_wconf 88' lang='lat' dir='ltr'><strong><em>mentes.</em></strong></span> <span class='ocrx_word' id='word_1_576' title='bbox 2070 2614 2204 2682; x_wconf 80' lang='lat' dir='ltr'><strong><em>(Id.,</em></strong></span> <span class='ocrx_word' id='word_1_577' title='bbox 2227 2630 2389 2669; x_wconf 87' lang='lat' dir='ltr'><strong><em>serm.</em></strong></span> <span class='ocrx_word' id='word_1_578' title='bbox 2415 2613 2479 2669; x_wconf 90' lang='lat' dir='ltr'><strong><em>de</em></strong></span> <span class='ocrx_word' id='word_1_579' title='bbox 2508 2616 2728 2669; x_wconf 87' lang='lat' dir='ltr'><strong><em>nativit.</em></strong></span> <span class='ocrx_word' id='word_1_580' title='bbox 2764 2619 2950 2680; x_wconf 89' lang='lat' dir='ltr'><strong><em>Dom.,</em></strong></span> <span class='ocrx_word' id='word_1_581' title='bbox 2981 2616 3123 2669; x_wconf 88' lang='lat' dir='ltr'><strong><em>tom.</em></strong></span> <span class='ocrx_word' id='word_1_582' title='bbox 3155 2612 3225 2683; x_wconf 85' lang='lat' dir='ltr'><strong>V,</strong></span> <span class='ocrx_word' id='word_1_583' title='bbox 3240 2617 3387 2686; x_wconf 88' lang='lat' dir='ltr'><strong><em>part.</em></strong></span> <span class='ocrx_word' id='word_1_584' title='bbox 3407 2631 3448 2683; x_wconf 90' lang='grc' dir='ltr'><strong><em>ι,</em></strong></span> 
     </span>
    </p>
   </div>
   <div class='ocr_carea' id='block_1_80' title="bbox 1799 2702 2128 2770">
    <p class='ocr_par' dir='ltr' id='par_1_80' title="bbox 1799 2702 2128 2770">
     <span class='ocr_line' id='line_1_81' title="bbox 1799 2702 2128 2770; baseline -0.012 -11"><span class='ocrx_word' id='word_1_585' title='bbox 1799 2702 1908 2760; x_wconf 91' lang='lat' dir='ltr'><strong><em>col.</em></strong></span> <span class='ocrx_word' id='word_1_586' title='bbox 1942 2703 2128 2770; x_wconf 79' lang='lat'><strong><em>1013.)</em></strong></span> 
     </span>
    </p>
   </div>
   <div class='ocr_carea' id='block_1_81' title="bbox 1874 2792 3450 2863">
    <p class='ocr_par' dir='ltr' id='par_1_81' title="bbox 1874 2792 3450 2863">
     <span class='ocr_line' id='line_1_82' title="bbox 1874 2792 3450 2863; baseline -0.001 -16"><span class='ocrx_word' id='word_1_587' title='bbox 1874 2793 2050 2847; x_wconf 89' lang='lat' dir='ltr'><strong><em>Timeo</em></strong></span> <span class='ocrx_word' id='word_1_588' title='bbox 2107 2798 2291 2847; x_wconf 87' lang='lat' dir='ltr'><strong><em>autem</em></strong></span> <span class='ocrx_word' id='word_1_589' title='bbox 2338 2807 2406 2846; x_wconf 88' lang='lat' dir='ltr'><strong><em>ne</em></strong></span> <span class='ocrx_word' id='word_1_590' title='bbox 2451 2793 2594 2846; x_wconf 86' lang='lat' dir='ltr'><strong><em>sicut</em></strong></span> <span class='ocrx_word' id='word_1_591' title='bbox 2622 2807 2843 2863; x_wconf 88' lang='lat' dir='ltr'><strong><em>serpens</em></strong></span> <span class='ocrx_word' id='word_1_592' title='bbox 2873 2792 3060 2858; x_wconf 86' lang='lat' dir='ltr'><strong><em>Evam,</em></strong></span> <span class='ocrx_word' id='word_1_593' title='bbox 3094 2794 3228 2857; x_wconf 89' lang='lat' dir='ltr'><strong><em>etc.,</em></strong></span> <span class='ocrx_word' id='word_1_594' title='bbox 3262 2805 3450 2863; x_wconf 84' lang='lat' dir='ltr'><strong><em>usque</em></strong></span> 
     </span>
    </p>
   </div>
   <div class='ocr_carea' id='block_1_82' title="bbox 1799 2877 3449 2952">
    <p class='ocr_par' dir='ltr' id='par_1_82' title="bbox 1799 2877 3449 2952">
     <span class='ocr_line' id='line_1_83' title="bbox 1799 2877 3449 2952; baseline -0.003 -15"><span class='ocrx_word' id='word_1_595' title='bbox 1799 2881 1875 2937; x_wconf 85' lang='lat' dir='ltr'><strong><em>ad</em></strong></span> <span class='ocrx_word' id='word_1_596' title='bbox 1896 2882 1956 2936; x_wconf 91' lang='lat' dir='ltr'><strong><em>in</em></strong></span> <span class='ocrx_word' id='word_1_597' title='bbox 1978 2879 2189 2947; x_wconf 82' lang='lat' dir='ltr'><strong><em>Christo</em></strong></span> <span class='ocrx_word' id='word_1_598' title='bbox 2205 2885 2359 2938; x_wconf 70' lang='lat' dir='ltr'><strong><em>Iesu.</em></strong></span> <span class='ocrx_word' id='word_1_599' title='bbox 2384 2877 2532 2945; x_wconf 89' lang='lat' dir='ltr'><strong><em>Quid</em></strong></span> <span class='ocrx_word' id='word_1_600' title='bbox 2556 2883 2645 2935; x_wconf 88' lang='lat' dir='ltr'><strong><em>est</em></strong></span> <span class='ocrx_word' id='word_1_601' title='bbox 2674 2880 2829 2952; x_wconf 89' lang='lat' dir='ltr'><strong><em>quod</em></strong></span> <span class='ocrx_word' id='word_1_602' title='bbox 2866 2878 3077 2933; x_wconf 83' lang='lat' dir='ltr'><strong><em>timet?</em></strong></span> <span class='ocrx_word' id='word_1_603' title='bbox 3098 2878 3180 2934; x_wconf 91' lang='lat' dir='ltr'><strong><em>Ne</em></strong></span> <span class='ocrx_word' id='word_1_604' title='bbox 3208 2878 3449 2950; x_wconf 88' lang='lat' dir='ltr'><strong><em>virgini-</em></strong></span> 
     </span>
    </p>
   </div>
   <div class='ocr_carea' id='block_1_83' title="bbox 1797 2966 3452 3043">
    <p class='ocr_par' dir='ltr' id='par_1_83' title="bbox 1797 2966 3452 3043">
     <span class='ocr_line' id='line_1_84' title="bbox 1797 2966 3452 3043; baseline -0.002 -19"><span class='ocrx_word' id='word_1_605' title='bbox 1797 2974 1888 3025; x_wconf 86' lang='lat' dir='ltr'><strong><em>tas</em></strong></span> <span class='ocrx_word' id='word_1_606' title='bbox 1910 2985 2138 3041; x_wconf 69' lang='lat' dir='ltr'><strong><em>sponsaa</em></strong></span> <span class='ocrx_word' id='word_1_607' title='bbox 2167 2966 2403 3035; x_wconf 84' lang='lat' dir='ltr'><strong><em>Christi,</em></strong></span> <span class='ocrx_word' id='word_1_608' title='bbox 2430 2983 2533 3040; x_wconf 88' lang='lat' dir='ltr'><strong><em>per</em></strong></span> <span class='ocrx_word' id='word_1_609' title='bbox 2562 2966 2843 3022; x_wconf 85' lang='lat' dir='ltr'><strong><em>astutiam</em></strong></span> <span class='ocrx_word' id='word_1_610' title='bbox 2869 2966 3084 3021; x_wconf 87' lang='lat' dir='ltr'><strong><em>diaboli</em></strong></span> <span class='ocrx_word' id='word_1_611' title='bbox 3113 2982 3452 3043; x_wconf 77' lang='lat' dir='ltr'><strong><em>corrumpa—</em></strong></span> 
     </span>
    </p>
   </div>
   <div class='ocr_carea' id='block_1_84' title="bbox 1798 3053 3448 3128">
    <p class='ocr_par' dir='ltr' id='par_1_84' title="bbox 1798 3053 3448 3128">
     <span class='ocr_line' id='line_1_85' title="bbox 1798 3053 3448 3128; baseline -0.003 -14"><span class='ocrx_word' id='word_1_612' title='bbox 1798 3064 1915 3115; x_wconf 79' lang='lat' dir='ltr'><strong><em>tur.</em></strong></span> <span class='ocrx_word' id='word_1_613' title='bbox 1949 3058 2171 3124; x_wconf 88' lang='lat' dir='ltr'><strong><em>Timeo,</em></strong></span> <span class='ocrx_word' id='word_1_614' title='bbox 2205 3056 2418 3127; x_wconf 87' lang='lat' dir='ltr'><strong><em>inquit,</em></strong></span> <span class='ocrx_word' id='word_1_615' title='bbox 2451 3072 2521 3111; x_wconf 91' lang='lat' dir='ltr'><strong><em>ne</em></strong></span> <span class='ocrx_word' id='word_1_616' title='bbox 2553 3056 3055 3128; x_wconf 83' lang='lat' dir='ltr'><strong><em>sicut,etc.,usque</em></strong></span> <span class='ocrx_word' id='word_1_617' title='bbox 3082 3053 3152 3110; x_wconf 89' lang='lat' dir='ltr'><strong><em>ad</em></strong></span> <span class='ocrx_word' id='word_1_618' title='bbox 3184 3069 3448 3109; x_wconf 86' lang='lat' dir='ltr'><strong><em>remane-</em></strong></span> 
     </span>
    </p>
   </div>
   <div class='ocr_carea' id='block_1_85' title="bbox 1800 3141 3447 3219">
    <p class='ocr_par' dir='ltr' id='par_1_85' title="bbox 1800 3141 3447 3219">
     <span class='ocr_line' id='line_1_86' title="bbox 1800 3141 3447 3219; baseline -0.004 -16"><span class='ocrx_word' id='word_1_619' title='bbox 1800 3148 1903 3203; x_wconf 89' lang='lat' dir='ltr'><strong><em>bit.</em></strong></span> <span class='ocrx_word' id='word_1_620' title='bbox 1927 3147 2061 3219; x_wconf 90' lang='lat' dir='ltr'><strong><em>(Id.,</em></strong></span> <span class='ocrx_word' id='word_1_621' title='bbox 2084 3152 2236 3201; x_wconf 84' lang='lat' dir='ltr'><strong><em>tract.</em></strong></span> <span class='ocrx_word' id='word_1_622' title='bbox 2269 3146 2475 3214; x_wconf 85' lang='lat' dir='ltr'><strong><em>Evang.</em></strong></span> <span class='ocrx_word' id='word_1_623' title='bbox 2507 3160 2612 3200; x_wconf 90' lang='lat' dir='ltr'><strong><em>sec.</em></strong></span> <span class='ocrx_word' id='word_1_624' title='bbox 2643 3146 2799 3201; x_wconf 83' lang='lat' dir='ltr'><strong><em>Joan.</em></strong></span> <span class='ocrx_word' id='word_1_625' title='bbox 2832 3141 3447 3214; x_wconf 85' lang='lat' dir='ltr'><strong><em>vm,tom.1V,part.u,</em></strong></span> 
     </span>
    </p>
   </div>
   <div class='ocr_carea' id='block_1_86' title="bbox 1724 3221 2350 3306">
    <p class='ocr_par' dir='ltr' id='par_1_86' title="bbox 1724 3221 2350 3306">
     <span class='ocr_line' id='line_1_87' title="bbox 1724 3221 2350 3306; baseline -0.005 -15"><span class='ocrx_word' id='word_1_626' title='bbox 1724 3221 1766 3291; x_wconf 84' lang='lat' dir='ltr'>C</span> <span class='ocrx_word' id='word_1_627' title='bbox 1801 3235 1910 3293; x_wconf 91' lang='lat' dir='ltr'><strong><em>col.</em></strong></span> <span class='ocrx_word' id='word_1_628' title='bbox 1947 3237 2086 3291; x_wconf 77' lang='grc'>1452</span> <span class='ocrx_word' id='word_1_629' title='bbox 2115 3239 2172 3290; x_wconf 91' lang='lat' dir='ltr'><strong><em>et</em></strong></span> <span class='ocrx_word' id='word_1_630' title='bbox 2203 3236 2350 3306; x_wconf 89' lang='lat' dir='ltr'><strong><em>seq.)</em></strong></span> 
     </span>
    </p>
   </div>
   <div class='ocr_carea' id='block_1_87' title="bbox 1873 3318 3449 3397">
    <p class='ocr_par' dir='ltr' id='par_1_87' title="bbox 1873 3318 3449 3397">
     <span class='ocr_line' id='line_1_88' title="bbox 1873 3318 3449 3397; baseline -0.004 -17"><span class='ocrx_word' id='word_1_631' title='bbox 1873 3325 2125 3397; x_wconf 86' lang='lat' dir='ltr'><strong><em>Serpens</em></strong></span> <span class='ocrx_word' id='word_1_632' title='bbox 2157 3338 2292 3395; x_wconf 88' lang='lat' dir='ltr'><strong><em>ergo</em></strong></span> <span class='ocrx_word' id='word_1_633' title='bbox 2324 3321 2433 3377; x_wconf 86' lang='lat' dir='ltr'><strong><em>iste</em></strong></span> <span class='ocrx_word' id='word_1_634' title='bbox 2465 3320 2825 3388; x_wconf 86' lang='lat' dir='ltr'><strong><em>adulterans,</em></strong></span> <span class='ocrx_word' id='word_1_635' title='bbox 2857 3324 3178 3394; x_wconf 85' lang='lat' dir='ltr'><strong><em>etc.,usque</em></strong></span> <span class='ocrx_word' id='word_1_636' title='bbox 3207 3319 3277 3376; x_wconf 89' lang='lat' dir='ltr'><strong><em>ad</em></strong></span> <span class='ocrx_word' id='word_1_637' title='bbox 3298 3318 3449 3375; x_wconf 78' lang='lat' dir='ltr'><strong><em>difﬁ-</em></strong></span> 
     </span>
    </p>
   </div>
   <div class='ocr_carea' id='block_1_88' title="bbox 1801 3411 3001 3483">
    <p class='ocr_par' dir='ltr' id='par_1_88' title="bbox 1801 3411 3001 3483">
     <span class='ocr_line' id='line_1_89' title="bbox 1801 3411 3001 3483; baseline -0.003 -14"><span class='ocrx_word' id='word_1_638' title='bbox 1801 3413 1909 3470; x_wconf 90' lang='lat' dir='ltr'><strong><em>cile</em></strong></span> <span class='ocrx_word' id='word_1_639' title='bbox 1937 3413 2183 3469; x_wconf 82' lang='lat' dir='ltr'><strong><em>videtur.</em></strong></span> <span class='ocrx_word' id='word_1_640' title='bbox 2220 3411 2350 3483; x_wconf 91' lang='lat' dir='ltr'><strong><em>(Id.,</em></strong></span> <span class='ocrx_word' id='word_1_641' title='bbox 2381 3418 2540 3466; x_wconf 88' lang='lat' dir='ltr'><strong><em>tract.</em></strong></span> <span class='ocrx_word' id='word_1_642' title='bbox 2569 3412 2715 3482; x_wconf 86' lang='lat' dir='ltr'><strong><em>psal.</em></strong></span> <span class='ocrx_word' id='word_1_643' title='bbox 2745 3411 3001 3482; x_wconf 82' lang='lat' dir='ltr'><strong><em>xxxvm.)</em></strong></span> 
     </span>
    </p>
   </div>
   <div class='ocr_carea' id='block_1_89' title="bbox 1870 3497 3489 3571">
    <p class='ocr_par' dir='ltr' id='par_1_89' title="bbox 1870 3497 3489 3571">
     <span class='ocr_line' id='line_1_90' title="bbox 1870 3497 3489 3571; baseline -0.004 -12"><span class='ocrx_word' id='word_1_644' title='bbox 1870 3503 1979 3559; x_wconf 90' lang='lat' dir='ltr'><strong><em>Per</em></strong></span> <span class='ocrx_word' id='word_1_645' title='bbox 1999 3499 2302 3556; x_wconf 65' lang='lat' dir='ltr'><strong><em>haereticos</em></strong></span> <span class='ocrx_word' id='word_1_646' title='bbox 2319 3498 2536 3555; x_wconf 86' lang='lat' dir='ltr'><strong><em>timens</em></strong></span> <span class='ocrx_word' id='word_1_647' title='bbox 2556 3497 2774 3555; x_wconf 89' lang='lat' dir='ltr'><strong><em>Paulus</em></strong></span> <span class='ocrx_word' id='word_1_648' title='bbox 2795 3516 2867 3555; x_wconf 90' lang='lat' dir='ltr'><strong><em>ne</em></strong></span> <span class='ocrx_word' id='word_1_649' title='bbox 2888 3498 2961 3554; x_wconf 87' lang='lat' dir='ltr'><strong><em>ab</em></strong></span> <span class='ocrx_word' id='word_1_650' title='bbox 2982 3498 3088 3571; x_wconf 84' lang='lat' dir='ltr'><strong><em>eis,</em></strong></span> <span class='ocrx_word' id='word_1_651' title='bbox 3122 3501 3254 3567; x_wconf 90' lang='lat' dir='ltr'><strong><em>etc.,</em></strong></span> <span class='ocrx_word' id='word_1_652' title='bbox 3278 3511 3450 3570; x_wconf 82' lang='lat' dir='ltr'><strong><em>usque</em></strong></span> <span class='ocrx_word' id='word_1_653' title='bbox 3484 3510 3489 3515; x_wconf 77' lang='lat'><em>‘</em></span> 
     </span>
    </p>
   </div>
   <div class='ocr_carea' id='block_1_90' title="bbox 1799 3586 3452 3660">
    <p class='ocr_par' dir='ltr' id='par_1_90' title="bbox 1799 3586 3452 3660">
     <span class='ocr_line' id='line_1_91' title="bbox 1799 3586 3452 3660; baseline -0.004 -12"><span class='ocrx_word' id='word_1_654' title='bbox 1799 3591 1869 3648; x_wconf 91' lang='lat' dir='ltr'><strong><em>ad</em></strong></span> <span class='ocrx_word' id='word_1_655' title='bbox 1900 3587 2246 3647; x_wconf 85' lang='lat' dir='ltr'><strong><em>ambulabit.</em></strong></span> <span class='ocrx_word' id='word_1_656' title='bbox 2280 3588 2410 3660; x_wconf 93' lang='lat' dir='ltr'><strong><em>(Id.,</em></strong></span> <span class='ocrx_word' id='word_1_657' title='bbox 2446 3596 2605 3644; x_wconf 84' lang='lat' dir='ltr'><strong><em>tract.</em></strong></span> <span class='ocrx_word' id='word_1_658' title='bbox 2634 3588 2778 3660; x_wconf 90' lang='lat' dir='ltr'><strong><em>psal.</em></strong></span> <span class='ocrx_word' id='word_1_659' title='bbox 2801 3603 2891 3660; x_wconf 83' lang='lat' dir='ltr'><strong><em>xc,</em></strong></span> <span class='ocrx_word' id='word_1_660' title='bbox 2923 3590 3062 3644; x_wconf 88' lang='lat' dir='ltr'><strong><em>tom.</em></strong></span> <span class='ocrx_word' id='word_1_661' title='bbox 3101 3586 3194 3656; x_wconf 89' lang='lat' dir='ltr'><strong><em>IV,</em></strong></span> <span class='ocrx_word' id='word_1_662' title='bbox 3223 3590 3372 3660; x_wconf 90' lang='lat' dir='ltr'><strong><em>part.</em></strong></span> <span class='ocrx_word' id='word_1_663' title='bbox 3391 3602 3452 3653; x_wconf 83' lang='grc' dir='ltr'><strong><em>ιι,</em></strong></span> 
     </span>
    </p>
   </div>
   <div class='ocr_carea' id='block_1_91' title="bbox 1801 3678 2129 3751">
    <p class='ocr_par' dir='ltr' id='par_1_91' title="bbox 1801 3678 2129 3751">
     <span class='ocr_line' id='line_1_92' title="bbox 1801 3678 2129 3751; baseline -0.015 -14"><span class='ocrx_word' id='word_1_664' title='bbox 1801 3680 1911 3737; x_wconf 89' lang='lat' dir='ltr'><strong><em>col.</em></strong></span> <span class='ocrx_word' id='word_1_665' title='bbox 1946 3678 2129 3751; x_wconf 88' lang='grc'>1168.)</span> 
     </span>
    </p>
   </div>
   <div class='ocr_carea' id='block_1_92' title="bbox 1871 3764 3454 3839">
    <p class='ocr_par' dir='ltr' id='par_1_92' title="bbox 1871 3764 3454 3839">
     <span class='ocr_line' id='line_1_93' title="bbox 1871 3764 3454 3839; baseline -0.003 -16"><span class='ocrx_word' id='word_1_666' title='bbox 1871 3766 2059 3824; x_wconf 89' lang='lat' dir='ltr'><strong><em>Nolite</em></strong></span> <span class='ocrx_word' id='word_1_667' title='bbox 2083 3764 2439 3839; x_wconf 70' lang='lat' dir='ltr'><strong><em>quaestiones</em></strong></span> <span class='ocrx_word' id='word_1_668' title='bbox 2461 3764 2659 3821; x_wconf 88' lang='lat' dir='ltr'><strong><em>mirari</em></strong></span> <span class='ocrx_word' id='word_1_669' title='bbox 2680 3765 3012 3835; x_wconf 87' lang='lat' dir='ltr'><strong><em>hominum,</em></strong></span> <span class='ocrx_word' id='word_1_670' title='bbox 3033 3782 3163 3837; x_wconf 67' lang='lat' dir='ltr'><strong><em>qua;</em></strong></span> <span class='ocrx_word' id='word_1_671' title='bbox 3185 3767 3454 3836; x_wconf 89' lang='lat' dir='ltr'><strong><em>serpunt,</em></strong></span> 
     </span>
    </p>
   </div>
   <div class='ocr_carea' id='block_1_93' title="bbox 1802 3854 3457 3928">
    <p class='ocr_par' dir='ltr' id='par_1_93' title="bbox 1802 3854 3457 3928">
     <span class='ocr_line' id='line_1_94' title="bbox 1802 3854 3457 3928; baseline -0.004 -15"><span class='ocrx_word' id='word_1_672' title='bbox 1802 3862 1937 3924; x_wconf 91' lang='lat' dir='ltr'><strong><em>etc.,</em></strong></span> <span class='ocrx_word' id='word_1_673' title='bbox 1968 3871 2140 3928; x_wconf 86' lang='lat' dir='ltr'><strong><em>usque</em></strong></span> <span class='ocrx_word' id='word_1_674' title='bbox 2190 3855 2260 3911; x_wconf 90' lang='lat' dir='ltr'><strong><em>ad</em></strong></span> <span class='ocrx_word' id='word_1_675' title='bbox 2316 3858 2405 3910; x_wconf 87' lang='lat' dir='ltr'><strong><em>est</em></strong></span> <span class='ocrx_word' id='word_1_676' title='bbox 2456 3854 2632 3910; x_wconf 89' lang='lat' dir='ltr'><strong><em>Deus.</em></strong></span> <span class='ocrx_word' id='word_1_677' title='bbox 2694 3854 2887 3927; x_wconf 88' lang='lat' dir='ltr'><strong><em>(Ibid.,</em></strong></span> <span class='ocrx_word' id='word_1_678' title='bbox 2918 3855 3059 3926; x_wconf 85' lang='lat' dir='ltr'><strong><em>psal.</em></strong></span> <span class='ocrx_word' id='word_1_679' title='bbox 3092 3870 3184 3921; x_wconf 86' lang='lat' dir='ltr'><strong><em>xc,</em></strong></span> <span class='ocrx_word' id='word_1_680' title='bbox 3216 3856 3274 3907; x_wconf 85' lang='lat' dir='ltr'><strong><em>S.</em></strong></span> <span class='ocrx_word' id='word_1_681' title='bbox 3300 3854 3457 3924; x_wconf 83' lang='lat' dir='ltr'><strong><em>Aug.</em></strong></span> 
     </span>
    </p>
   </div>
   <div class='ocr_carea' id='block_1_94' title="bbox 1801 3941 3459 4015">
    <p class='ocr_par' dir='ltr' id='par_1_94' title="bbox 1801 3941 3459 4015">
     <span class='ocr_line' id='line_1_95' title="bbox 1801 3941 3459 4015; baseline -0.003 -13"><span class='ocrx_word' id='word_1_682' title='bbox 1801 3949 1886 4002; x_wconf 74' lang='lat' dir='ltr'><strong><em>Ex</em></strong></span> <span class='ocrx_word' id='word_1_683' title='bbox 1906 3962 2011 4002; x_wconf 89' lang='lat' dir='ltr'><strong><em>ser.</em></strong></span> <span class='ocrx_word' id='word_1_684' title='bbox 2044 3943 2185 4015; x_wconf 89' lang='lat' dir='ltr'><strong><em>quod</em></strong></span> <span class='ocrx_word' id='word_1_685' title='bbox 2216 3943 2392 3998; x_wconf 88' lang='lat' dir='ltr'><strong><em>tribus</em></strong></span> <span class='ocrx_word' id='word_1_686' title='bbox 2428 3941 2603 3998; x_wconf 86' lang='lat' dir='ltr'><strong><em>modis</em></strong></span> <span class='ocrx_word' id='word_1_687' title='bbox 2637 3942 2885 4000; x_wconf 83' lang='lat' dir='ltr'><strong><em>Christus</em></strong></span> <span class='ocrx_word' id='word_1_688' title='bbox 2915 3942 3282 4012; x_wconf 83' lang='lat' dir='ltr'><strong><em>intelligatur,</em></strong></span> <span class='ocrx_word' id='word_1_689' title='bbox 3315 3944 3459 3997; x_wconf 88' lang='lat' dir='ltr'><strong><em>tom.</em></strong></span> 
     </span>
    </p>
   </div>
   <div class='ocr_carea' id='block_1_95' title="bbox 1801 4028 2519 4104">
    <p class='ocr_par' dir='ltr' id='par_1_95' title="bbox 1801 4028 2519 4104">
     <span class='ocr_line' id='line_1_96' title="bbox 1801 4028 2519 4104; baseline -0.008 -16"><span class='ocrx_word' id='word_1_690' title='bbox 1801 4033 1872 4102; x_wconf 85' lang='lat' dir='ltr'><strong>V,</strong></span> <span class='ocrx_word' id='word_1_691' title='bbox 1906 4036 2057 4104; x_wconf 89' lang='lat' dir='ltr'><strong><em>part.</em></strong></span> <span class='ocrx_word' id='word_1_692' title='bbox 2091 4048 2154 4095; x_wconf 91' lang='grc' dir='ltr'><strong><em>ιι,</em></strong></span> <span class='ocrx_word' id='word_1_693' title='bbox 2190 4028 2301 4085; x_wconf 91' lang='lat' dir='ltr'><strong><em>col.</em></strong></span> <span class='ocrx_word' id='word_1_694' title='bbox 2338 4030 2519 4100; x_wconf 82' lang='grc'>1496.)</span> 
     </span>
    </p>
   </div>
   <div class='ocr_carea' id='block_1_96' title="bbox 1875 4115 3465 4190">
    <p class='ocr_par' dir='ltr' id='par_1_96' title="bbox 1875 4115 3465 4190">
     <span class='ocr_line' id='line_1_97' title="bbox 1875 4115 3465 4190; baseline -0.002 -15"><span class='ocrx_word' id='word_1_695' title='bbox 1875 4119 1979 4176; x_wconf 89' lang='lat' dir='ltr'><strong><em>Ille</em></strong></span> <span class='ocrx_word' id='word_1_696' title='bbox 2010 4118 2253 4190; x_wconf 88' lang='lat' dir='ltr'><strong><em>quidem</em></strong></span> <span class='ocrx_word' id='word_1_697' title='bbox 2288 4133 2552 4189; x_wconf 87' lang='lat' dir='ltr'><strong><em>serpens,</em></strong></span> <span class='ocrx_word' id='word_1_698' title='bbox 2586 4116 2643 4171; x_wconf 92' lang='lat' dir='ltr'><strong><em>id</em></strong></span> <span class='ocrx_word' id='word_1_699' title='bbox 2677 4120 2765 4173; x_wconf 87' lang='lat' dir='ltr'><strong><em>est</em></strong></span> <span class='ocrx_word' id='word_1_700' title='bbox 2788 4115 2885 4190; x_wconf 87' lang='lat' dir='ltr'><strong><em>ille</em></strong></span> <span class='ocrx_word' id='word_1_701' title='bbox 2911 4133 3091 4186; x_wconf 87' lang='lat' dir='ltr'><strong><em>error,</em></strong></span> <span class='ocrx_word' id='word_1_702' title='bbox 3124 4120 3259 4183; x_wconf 82' lang='lat' dir='ltr'><strong><em>etc.,</em></strong></span> <span class='ocrx_word' id='word_1_703' title='bbox 3291 4131 3465 4189; x_wconf 74' lang='lat' dir='ltr'><strong><em>usque</em></strong></span> 
     </span>
    </p>
   </div>
   <div class='ocr_carea' id='block_1_97' title="bbox 1805 4204 3391 4281">
    <p class='ocr_par' dir='ltr' id='par_1_97' title="bbox 1805 4204 3391 4281">
     <span class='ocr_line' id='line_1_98' title="bbox 1805 4204 3391 4281; baseline -0.004 -14"><span class='ocrx_word' id='word_1_704' title='bbox 1805 4210 1876 4266; x_wconf 87' lang='lat' dir='ltr'><strong><em>ad</em></strong></span> <span class='ocrx_word' id='word_1_705' title='bbox 1904 4206 2178 4281; x_wconf 86' lang='lat' dir='ltr'><strong><em>angelum</em></strong></span> <span class='ocrx_word' id='word_1_706' title='bbox 2211 4204 2385 4260; x_wconf 91' lang='lat' dir='ltr'><strong><em>lucis.</em></strong></span> <span class='ocrx_word' id='word_1_707' title='bbox 2416 4205 2546 4276; x_wconf 94' lang='lat' dir='ltr'><strong><em>(Id.,</em></strong></span> <span class='ocrx_word' id='word_1_708' title='bbox 2580 4205 2677 4260; x_wconf 90' lang='lat' dir='ltr'><strong><em>lib.</em></strong></span> <span class='ocrx_word' id='word_1_709' title='bbox 2710 4214 2899 4261; x_wconf 82' lang='lat' dir='ltr'><strong><em>contra</em></strong></span> <span class='ocrx_word' id='word_1_710' title='bbox 2929 4206 3277 4270; x_wconf 69' lang='lat' dir='ltr'><strong><em>Manicheeos,</em></strong></span> <span class='ocrx_word' id='word_1_711' title='bbox 3308 4207 3391 4275; x_wconf 85' lang='lat'><strong><em>2.)</em></strong></span> 
     </span>
    </p>
   </div>
   <div class='ocr_carea' id='block_1_98' title="bbox 1878 4293 3465 4383">
    <p class='ocr_par' dir='ltr' id='par_1_98' title="bbox 1878 4293 3465 4383">
     <span class='ocr_line' id='line_1_99' title="bbox 1878 4293 3465 4383; baseline -0.003 -28"><span class='ocrx_word' id='word_1_712' title='bbox 1878 4300 1941 4355; x_wconf 90' lang='lat' dir='ltr'><strong>In</strong></span> <span class='ocrx_word' id='word_1_713' title='bbox 1973 4295 2248 4354; x_wconf 88' lang='lat' dir='ltr'><strong><em>societate</em></strong></span> <span class='ocrx_word' id='word_1_714' title='bbox 2279 4296 2617 4349; x_wconf 85' lang='lat' dir='ltr'><strong><em>sanctorum</em></strong></span> <span class='ocrx_word' id='word_1_715' title='bbox 2651 4293 3018 4365; x_wconf 86' lang='lat' dir='ltr'><strong><em>angelorum,</em></strong></span> <span class='ocrx_word' id='word_1_716' title='bbox 3037 4300 3170 4362; x_wconf 90' lang='lat' dir='ltr'><strong><em>etc.,</em></strong></span> <span class='ocrx_word' id='word_1_717' title='bbox 3202 4311 3376 4383; x_wconf 83' lang='lat' dir='ltr'><strong><em>usque</em></strong></span> <span class='ocrx_word' id='word_1_718' title='bbox 3393 4294 3465 4350; x_wconf 87' lang='lat' dir='ltr'><strong><em>ad</em></strong></span> 
     </span>
    </p>
   </div>
   <div class='ocr_carea' id='block_1_99' title="bbox 1810 4382 3468 4462">
    <p class='ocr_par' dir='ltr' id='par_1_99' title="bbox 1810 4382 3468 4462">
     <span class='ocr_line' id='line_1_100' title="bbox 1810 4382 3468 4462; baseline -0.004 -16"><span class='ocrx_word' id='word_1_719' title='bbox 1810 4390 2124 4462; x_wconf 72' lang='lat' dir='ltr'><strong><em>quaeratur.</em></strong></span> <span class='ocrx_word' id='word_1_720' title='bbox 2164 4384 2297 4457; x_wconf 89' lang='lat' dir='ltr'><strong><em>(Id.,</em></strong></span> <span class='ocrx_word' id='word_1_721' title='bbox 2330 4383 2427 4438; x_wconf 88' lang='lat' dir='ltr'><strong><em>lib.</em></strong></span> <span class='ocrx_word' id='word_1_722' title='bbox 2456 4382 2522 4438; x_wconf 87' lang='lat' dir='ltr'><strong><em>de</em></strong></span> <span class='ocrx_word' id='word_1_723' title='bbox 2551 4382 2785 4440; x_wconf 82' lang='lat' dir='ltr'><strong><em>Civ.Dei</em></strong></span> <span class='ocrx_word' id='word_1_724' title='bbox 2814 4382 2899 4453; x_wconf 90' lang='lat'><strong><em>19,</em></strong></span> <span class='ocrx_word' id='word_1_725' title='bbox 2932 4383 3211 4452; x_wconf 88' lang='lat' dir='ltr'><strong><em>tom.VII,</em></strong></span> <span class='ocrx_word' id='word_1_726' title='bbox 3246 4382 3468 4439; x_wconf 86' lang='lat' dir='ltr'><strong><em>col.635</em></strong></span> 
     </span>
    </p>
   </div>
   <div class='ocr_carea' id='block_1_100' title="bbox 1809 4476 2497 4549">
    <p class='ocr_par' dir='ltr' id='par_1_100' title="bbox 1809 4476 2497 4549">
     <span class='ocr_line' id='line_1_101' title="bbox 1809 4476 2497 4549; baseline -0.007 -13"><span class='ocrx_word' id='word_1_727' title='bbox 1809 4483 1867 4536; x_wconf 86' lang='lat' dir='ltr'><strong><em>et</em></strong></span> <span class='ocrx_word' id='word_1_728' title='bbox 1897 4476 2046 4549; x_wconf 89' lang='lat' dir='ltr'><strong><em>seq.)</em></strong></span> <span class='ocrx_word' id='word_1_729' title='bbox 2490 4478 2497 4483; x_wconf 83' lang='grc'><em>’</em></span> 
     </span>
    </p>
   </div>
   <div class='ocr_carea' id='block_1_101' title="bbox 1882 4560 3465 4639">
    <p class='ocr_par' dir='ltr' id='par_1_101' title="bbox 1882 4560 3465 4639">
     <span class='ocr_line' id='line_1_102' title="bbox 1882 4560 3465 4639; baseline -0.006 -17"><span class='ocrx_word' id='word_1_730' title='bbox 1882 4566 2068 4639; x_wconf 86' lang='lat' dir='ltr'><strong><em>Magis</em></strong></span> <span class='ocrx_word' id='word_1_731' title='bbox 2099 4581 2250 4638; x_wconf 90' lang='lat' dir='ltr'><strong><em>opus</em></strong></span> <span class='ocrx_word' id='word_1_732' title='bbox 2283 4566 2375 4619; x_wconf 84' lang='lat' dir='ltr'><strong><em>est</em></strong></span> <span class='ocrx_word' id='word_1_733' title='bbox 2422 4561 2714 4633; x_wconf 86' lang='lat' dir='ltr'><strong><em>judicare,</em></strong></span> <span class='ocrx_word' id='word_1_734' title='bbox 2747 4565 2923 4633; x_wconf 89' lang='lat' dir='ltr'><strong><em>atque</em></strong></span> <span class='ocrx_word' id='word_1_735' title='bbox 2953 4560 3300 4634; x_wconf 84' lang='lat' dir='ltr'><strong><em>dignoscere</em></strong></span> <span class='ocrx_word' id='word_1_736' title='bbox 3330 4562 3465 4627; x_wconf 89' lang='lat' dir='ltr'><strong><em>etc.,</em></strong></span> 
     </span>
    </p>
   </div>
   <div class='ocr_carea' id='block_1_102' title="bbox 1813 4645 3467 4733">
    <p class='ocr_par' dir='ltr' id='par_1_102' title="bbox 1813 4645 3467 4733">
     <span class='ocr_line' id='line_1_103' title="bbox 1813 4645 3467 4733; baseline -0.007 -20"><span class='ocrx_word' id='word_1_737' title='bbox 1813 4672 1984 4733; x_wconf 85' lang='lat' dir='ltr'><strong><em>usque</em></strong></span> <span class='ocrx_word' id='word_1_738' title='bbox 2011 4654 2085 4710; x_wconf 89' lang='lat' dir='ltr'><strong><em>ad</em></strong></span> <span class='ocrx_word' id='word_1_739' title='bbox 2114 4650 2365 4726; x_wconf 86' lang='lat' dir='ltr'><strong><em>ambigit</em></strong></span> <span class='ocrx_word' id='word_1_740' title='bbox 2395 4666 2567 4707; x_wconf 89' lang='lat' dir='ltr'><strong><em>nemo</em></strong></span> <span class='ocrx_word' id='word_1_741' title='bbox 2592 4650 2724 4723; x_wconf 90' lang='lat' dir='ltr'><strong><em>(Id.,</em></strong></span> <span class='ocrx_word' id='word_1_742' title='bbox 2755 4650 2853 4706; x_wconf 89' lang='lat' dir='ltr'><strong><em>lib.</em></strong></span> <span class='ocrx_word' id='word_1_743' title='bbox 2885 4645 3467 4717; x_wconf 79' lang='lat' dir='ltr'><strong><em>Enchirid.,tom.VI,</em></strong></span> 
     </span>
    </p>
   </div>
   <div class='ocr_carea' id='block_1_103' title="bbox 1812 4744 2103 4815">
    <p class='ocr_par' dir='ltr' id='par_1_103' title="bbox 1812 4744 2103 4815">
     <span class='ocr_line' id='line_1_104' title="bbox 1812 4744 2103 4815; baseline -0.01 -14"><span class='ocrx_word' id='word_1_744' title='bbox 1812 4744 1920 4801; x_wconf 91' lang='lat' dir='ltr'><strong><em>col.</em></strong></span> <span class='ocrx_word' id='word_1_745' title='bbox 1951 4744 2103 4815; x_wconf 87' lang='lat'><strong><em>260.)</em></strong></span> 
     </span>
    </p>
   </div>
   <div class='ocr_carea' id='block_1_104' title="bbox 1889 4828 3469 4902">
    <p class='ocr_par' dir='ltr' id='par_1_104' title="bbox 1889 4828 3469 4902">
     <span class='ocr_line' id='line_1_105' title="bbox 1889 4828 3469 4902; baseline -0.008 -12"><span class='ocrx_word' id='word_1_746' title='bbox 1889 4832 2154 4891; x_wconf 77' lang='lat' dir='ltr'><strong><em>l’ericulis</em></strong></span> <span class='ocrx_word' id='word_1_747' title='bbox 2184 4833 2247 4887; x_wconf 86' lang='lat' dir='ltr'><strong><em>in</em></strong></span> <span class='ocrx_word' id='word_1_748' title='bbox 2275 4830 2436 4902; x_wconf 85' lang='lat' dir='ltr'><strong><em>falsis</em></strong></span> <span class='ocrx_word' id='word_1_749' title='bbox 2464 4828 2733 4900; x_wconf 85' lang='lat' dir='ltr'><strong><em>fratribus</em></strong></span> <span class='ocrx_word' id='word_1_750' title='bbox 2764 4844 2783 4884; x_wconf 88' lang='lat'><em>:</em></span> <span class='ocrx_word' id='word_1_751' title='bbox 2813 4829 2872 4882; x_wconf 89' lang='lat' dir='ltr'><strong><em>in</em></strong></span> <span class='ocrx_word' id='word_1_752' title='bbox 2905 4828 3089 4882; x_wconf 87' lang='lat' dir='ltr'><strong><em>labore</em></strong></span> <span class='ocrx_word' id='word_1_753' title='bbox 3115 4832 3166 4880; x_wconf 91' lang='lat' dir='ltr'><strong><em>et</em></strong></span> <span class='ocrx_word' id='word_1_754' title='bbox 3192 4838 3469 4891; x_wconf 69' lang='lat' dir='ltr'><strong><em>aerumna,</em></strong></span> 
     </span>
    </p>
   </div>
   <div class='ocr_carea' id='block_1_105' title="bbox 1818 4911 3475 4993">
    <p class='ocr_par' dir='ltr' id='par_1_105' title="bbox 1818 4911 3475 4993">
     <span class='ocr_line' id='line_1_106' title="bbox 1818 4911 3475 4993; baseline -0.008 -15"><span class='ocrx_word' id='word_1_755' title='bbox 1818 4926 1875 4979; x_wconf 88' lang='lat' dir='ltr'><strong><em>in</em></strong></span> <span class='ocrx_word' id='word_1_756' title='bbox 1906 4922 2120 4993; x_wconf 87' lang='lat' dir='ltr'><strong><em>vigiliis</em></strong></span> <span class='ocrx_word' id='word_1_757' title='bbox 2144 4920 2358 4974; x_wconf 88' lang='lat' dir='ltr'><strong><em>multis.</em></strong></span> <span class='ocrx_word' id='word_1_758' title='bbox 2376 4916 2831 4990; x_wconf 87' lang='lat' dir='ltr'><strong><em>Intelligendum</em></strong></span> <span class='ocrx_word' id='word_1_759' title='bbox 2852 4920 2940 4971; x_wconf 88' lang='lat' dir='ltr'><strong><em>est</em></strong></span> <span class='ocrx_word' id='word_1_760' title='bbox 2962 4914 3142 4970; x_wconf 83' lang='lat' dir='ltr'><strong><em>fuisse</em></strong></span> <span class='ocrx_word' id='word_1_761' title='bbox 3165 4911 3475 4985; x_wconf 89' lang='lat' dir='ltr'><strong><em>quosdam,</em></strong></span> 
     </span>
    </p>
   </div>
   <div class='ocr_carea' id='block_1_106' title="bbox 1816 5000 3473 5084">
    <p class='ocr_par' dir='ltr' id='par_1_106' title="bbox 1816 5000 3473 5084">
     <span class='ocr_line' id='line_1_107' title="bbox 1816 5000 3473 5084; baseline -0.008 -18"><span class='ocrx_word' id='word_1_762' title='bbox 1816 5011 1918 5084; x_wconf 83' lang='lat' dir='ltr'><strong><em>qui</em></strong></span> <span class='ocrx_word' id='word_1_763' title='bbox 1949 5025 2083 5069; x_wconf 89' lang='lat' dir='ltr'><strong><em>cum</em></strong></span> <span class='ocrx_word' id='word_1_764' title='bbox 2114 5006 2348 5074; x_wconf 85' lang='lat' dir='ltr'><strong><em>vellent,</em></strong></span> <span class='ocrx_word' id='word_1_765' title='bbox 2383 5010 2518 5072; x_wconf 90' lang='lat' dir='ltr'><strong><em>etc.,</em></strong></span> <span class='ocrx_word' id='word_1_766' title='bbox 2552 5022 2719 5079; x_wconf 83' lang='lat' dir='ltr'><strong><em>usque</em></strong></span> <span class='ocrx_word' id='word_1_767' title='bbox 2766 5004 2838 5061; x_wconf 90' lang='lat' dir='ltr'><strong><em>ad</em></strong></span> <span class='ocrx_word' id='word_1_768' title='bbox 2881 5003 3233 5075; x_wconf 87' lang='lat' dir='ltr'><strong><em>redigerent.</em></strong></span> <span class='ocrx_word' id='word_1_769' title='bbox 3270 5000 3376 5072; x_wconf 92' lang='lat' dir='ltr'><strong><em>(Id.</em></strong></span> <span class='ocrx_word' id='word_1_770' title='bbox 3410 5001 3473 5055; x_wconf 85' lang='lat' dir='ltr'><strong><em>In</em></strong></span> 
     </span>
    </p>
   </div>
   <div class='ocr_carea' id='block_1_107' title="bbox 144 5086 3473 5172">
    <p class='ocr_par' dir='ltr' id='par_1_107' title="bbox 144 5086 3473 5172">
     <span class='ocr_line' id='line_1_108' title="bbox 144 5086 3473 5172; baseline -0.002 -21"><span class='ocrx_word' id='word_1_771' title='bbox 144 5096 406 5166; x_wconf 84' lang='lat' dir='ltr'><strong><em>Quoniam</em></strong></span> <span class='ocrx_word' id='word_1_772' title='bbox 436 5098 814 5155; x_wconf 84' lang='lat' dir='ltr'><strong><em>ministerium</em></strong></span> <span class='ocrx_word' id='word_1_773' title='bbox 842 5099 1026 5172; x_wconf 82' lang='lat' dir='ltr'><strong><em>hujus,</em></strong></span> <span class='ocrx_word' id='word_1_774' title='bbox 1062 5103 1198 5171; x_wconf 89' lang='lat' dir='ltr'><strong><em>etc.,</em></strong></span> <span class='ocrx_word' id='word_1_775' title='bbox 1246 5115 1438 5172; x_wconf 88' lang='lat' dir='ltr'><strong><em>usque</em></strong></span> <span class='ocrx_word' id='word_1_776' title='bbox 1469 5100 1540 5155; x_wconf 90' lang='lat' dir='ltr'><strong><em>ad</em></strong></span> <span class='ocrx_word' id='word_1_777' title='bbox 1571 5100 1710 5157; x_wconf 83' lang='lat' dir='ltr'><strong><em>dono</em></strong></span> <span class='ocrx_word' id='word_1_778' title='bbox 1816 5100 2153 5172; x_wconf 67' lang='lat' dir='ltr'><strong><em>expositione</em></strong></span> <span class='ocrx_word' id='word_1_779' title='bbox 2203 5096 2375 5167; x_wconf 82' lang='lat' dir='ltr'><strong><em>Epist.</em></strong></span> <span class='ocrx_word' id='word_1_780' title='bbox 2433 5093 2505 5148; x_wconf 84' lang='lat' dir='ltr'><strong><em>ad</em></strong></span> <span class='ocrx_word' id='word_1_781' title='bbox 2547 5094 2723 5150; x_wconf 79' lang='lat' dir='ltr'><strong><em>Galat.</em></strong></span> <span class='ocrx_word' id='word_1_782' title='bbox 2771 5098 2910 5150; x_wconf 91' lang='lat' dir='ltr'><strong><em>tom.</em></strong></span> <span class='ocrx_word' id='word_1_783' title='bbox 2946 5092 3045 5161; x_wconf 91' lang='lat' dir='ltr'><strong><em>IlI,</em></strong></span> <span class='ocrx_word' id='word_1_784' title='bbox 3080 5093 3230 5163; x_wconf 86' lang='lat' dir='ltr'><strong><em>part.</em></strong></span> <span class='ocrx_word' id='word_1_785' title='bbox 3265 5106 3325 5155; x_wconf 86' lang='grc' dir='ltr'><strong><em>ιι,</em></strong></span> <span class='ocrx_word' id='word_1_786' title='bbox 3361 5086 3473 5144; x_wconf 93' lang='lat' dir='ltr'><strong><em>col.</em></strong></span> 
     </span>
    </p>
   </div>
   <div class='ocr_carea' id='block_1_108' title="bbox 87 5179 1998 5262">
    <p class='ocr_par' dir='ltr' id='par_1_108' title="bbox 87 5179 1998 5262">
     <span class='ocr_line' id='line_1_109' title="bbox 87 5179 1998 5262; baseline 0.005 -28"><span class='ocrx_word' id='word_1_787' title='bbox 87 5179 200 5249; x_wconf 81' lang='lat' dir='ltr'><strong><em>ejus.</em></strong></span> <span class='ocrx_word' id='word_1_788' title='bbox 230 5184 456 5249; x_wconf 86' lang='lat' dir='ltr'><strong><em>Quanta</em></strong></span> <span class='ocrx_word' id='word_1_789' title='bbox 484 5185 843 5260; x_wconf 88' lang='lat' dir='ltr'><strong><em>pinguedine</em></strong></span> <span class='ocrx_word' id='word_1_790' title='bbox 873 5192 1090 5244; x_wconf 65' lang='lat' dir='ltr'><strong><em>sanctae</em></strong></span> <span class='ocrx_word' id='word_1_791' title='bbox 1121 5187 1357 5255; x_wconf 70' lang='lat' dir='ltr'><strong><em>lzetitiae,</em></strong></span> <span class='ocrx_word' id='word_1_792' title='bbox 1390 5192 1729 5262; x_wconf 84' lang='lat' dir='ltr'><strong><em>etc.,usque-</em></strong></span> <span class='ocrx_word' id='word_1_793' title='bbox 1812 5188 1998 5259; x_wconf 83' lang='lat'><strong><em>2135.)</em></strong></span> 
     </span>
    </p>
   </div>
   <div class='ocr_carea' id='block_1_109' title="bbox 86 5267 1706 5361">
    <p class='ocr_par' dir='ltr' id='par_1_109' title="bbox 86 5267 1706 5361">
     <span class='ocr_line' id='line_1_110' title="bbox 86 5267 1706 5361; baseline 0.007 -31"><span class='ocrx_word' id='word_1_794' title='bbox 86 5267 512 5361; x_wconf 68' lang='lat' dir='ltr'><strong><em>addeclicarent.</em></strong></span> <span class='ocrx_word' id='word_1_795' title='bbox 545 5276 750 5351; x_wconf 76' lang='lat' dir='ltr'><strong><em>(Idem,</em></strong></span> <span class='ocrx_word' id='word_1_796' title='bbox 784 5276 888 5335; x_wconf 86' lang='lat' dir='ltr'><strong><em>lib.</em></strong></span> <span class='ocrx_word' id='word_1_797' title='bbox 910 5277 981 5335; x_wconf 82' lang='lat' dir='ltr'><strong><em>de</em></strong></span> <span class='ocrx_word' id='word_1_798' title='bbox 1009 5275 1178 5361; x_wconf 76' lang='lat' dir='ltr'><strong><em>Opere</em></strong></span> <span class='ocrx_word' id='word_1_799' title='bbox 1199 5278 1706 5352; x_wconf 73' lang='lat' dir='ltr'><strong><em>Monac.,tom.VI,</em></strong></span> 
     </span>
    </p>
   </div>
   <div class='ocr_carea' id='block_1_110' title="bbox 96 5354 359 5434">
    <p class='ocr_par' dir='ltr' id='par_1_110' title="bbox 96 5354 359 5434">
     <span class='ocr_line' id='line_1_111' title="bbox 96 5354 359 5434; baseline 0.019 -23"><span class='ocrx_word' id='word_1_800' title='bbox 96 5354 186 5412; x_wconf 87' lang='lat' dir='ltr'><strong><em>col.</em></strong></span> <span class='ocrx_word' id='word_1_801' title='bbox 212 5360 359 5434; x_wconf 73' lang='grc'>564.)</span> 
     </span>
    </p>
   </div>
   <div class='ocr_carea' id='block_1_111' title="bbox 715 5455 1056 5513">
    <p class='ocr_par' dir='ltr' id='par_1_111' title="bbox 715 5455 1056 5513">
     <span class='ocr_line' id='line_1_112' title="bbox 715 5455 1056 5513; baseline -0.006 -1"><span class='ocrx_word' id='word_1_802' title='bbox 715 5455 953 5513; x_wconf 88' lang='lat' dir='ltr'><strong><em>CAPUT</em></strong></span> <span class='ocrx_word' id='word_1_803' title='bbox 990 5455 1056 5512; x_wconf 88' lang='grc' dir='ltr'>Χ.</span> 
     </span>
    </p>
   </div>
   <div class='ocr_carea' id='block_1_112' title="bbox 1888 5269 3475 5348">
    <p class='ocr_par' dir='ltr' id='par_1_112' title="bbox 1888 5269 3475 5348">
     <span class='ocr_line' id='line_1_113' title="bbox 1888 5269 3475 5348; baseline -0.007 -16"><span class='ocrx_word' id='word_1_804' title='bbox 1888 5278 1947 5332; x_wconf 91' lang='lat' dir='ltr'><strong><em>In</em></strong></span> <span class='ocrx_word' id='word_1_805' title='bbox 1975 5279 2122 5348; x_wconf 91' lang='lat' dir='ltr'><strong><em>fame</em></strong></span> <span class='ocrx_word' id='word_1_806' title='bbox 2150 5281 2203 5329; x_wconf 91' lang='lat' dir='ltr'><strong><em>et</em></strong></span> <span class='ocrx_word' id='word_1_807' title='bbox 2229 5273 2325 5328; x_wconf 85' lang='lat' dir='ltr'><strong><em>siti</em></strong></span> <span class='ocrx_word' id='word_1_808' title='bbox 2356 5287 2369 5325; x_wconf 89' lang='lat'><strong>:</strong></span> <span class='ocrx_word' id='word_1_809' title='bbox 2404 5272 2466 5325; x_wconf 86' lang='lat' dir='ltr'><strong><em>in</em></strong></span> <span class='ocrx_word' id='word_1_810' title='bbox 2513 5270 2751 5342; x_wconf 86' lang='lat' dir='ltr'><strong><em>jejuniis</em></strong></span> <span class='ocrx_word' id='word_1_811' title='bbox 2807 5273 3002 5327; x_wconf 86' lang='lat' dir='ltr'><strong><em>multis</em></strong></span> <span class='ocrx_word' id='word_1_812' title='bbox 3036 5290 3054 5325; x_wconf 91' lang='lat'><strong><em>:</em></strong></span> <span class='ocrx_word' id='word_1_813' title='bbox 3084 5271 3147 5326; x_wconf 86' lang='lat' dir='ltr'><strong><em>in</em></strong></span> <span class='ocrx_word' id='word_1_814' title='bbox 3192 5269 3402 5340; x_wconf 89' lang='lat' dir='ltr'><strong><em>frigore</em></strong></span> <span class='ocrx_word' id='word_1_815' title='bbox 3424 5272 3475 5321; x_wconf 88' lang='lat' dir='ltr'><strong><em>et</em></strong></span> 
     </span>
    </p>
   </div>
   <div class='ocr_carea' id='block_1_113' title="bbox 1818 5353 3478 5422">
    <p class='ocr_par' dir='ltr' id='par_1_113' title="bbox 1818 5353 3478 5422">
     <span class='ocr_line' id='line_1_114' title="bbox 1818 5353 3478 5422; baseline -0.008 0"><span class='ocrx_word' id='word_1_816' title='bbox 1818 5366 2089 5422; x_wconf 83' lang='lat' dir='ltr'><strong><em>nuditate.</em></strong></span> <span class='ocrx_word' id='word_1_817' title='bbox 2126 5367 2190 5417; x_wconf 91' lang='lat' dir='ltr'><strong>In</strong></span> <span class='ocrx_word' id='word_1_818' title='bbox 2220 5358 2780 5417; x_wconf 87' lang='lat' dir='ltr'><strong><em>commemoratione</em></strong></span> <span class='ocrx_word' id='word_1_819' title='bbox 2811 5359 3260 5415; x_wconf 89' lang='lat' dir='ltr'><strong><em>tribulationum</em></strong></span> <span class='ocrx_word' id='word_1_820' title='bbox 3293 5372 3360 5412; x_wconf 88' lang='lat' dir='ltr'><strong><em>ac</em></strong></span> <span class='ocrx_word' id='word_1_821' title='bbox 3389 5353 3478 5410; x_wconf 83' lang='lat' dir='ltr'><strong><em>la-</em></strong></span> 
     </span>
    </p>
   </div>
   <div class='ocr_carea' id='block_1_114' title="bbox 1823 5442 3483 5521">
    <p class='ocr_par' dir='ltr' id='par_1_114' title="bbox 1823 5442 3483 5521">
     <span class='ocr_line' id='line_1_115' title="bbox 1823 5442 3483 5521; baseline -0.007 -11"><span class='ocrx_word' id='word_1_822' title='bbox 1823 5457 2055 5520; x_wconf 87' lang='lat' dir='ltr'><strong><em>borum,</em></strong></span> <span class='ocrx_word' id='word_1_823' title='bbox 2089 5454 2221 5518; x_wconf 90' lang='lat' dir='ltr'><strong><em>etc.,</em></strong></span> <span class='ocrx_word' id='word_1_824' title='bbox 2270 5464 2440 5521; x_wconf 86' lang='lat' dir='ltr'><strong><em>usque</em></strong></span> <span class='ocrx_word' id='word_1_825' title='bbox 2496 5446 2567 5503; x_wconf 87' lang='lat' dir='ltr'><strong><em>ad</em></strong></span> <span class='ocrx_word' id='word_1_826' title='bbox 2612 5449 2669 5501; x_wconf 86' lang='lat' dir='ltr'><strong><em>et</em></strong></span> <span class='ocrx_word' id='word_1_827' title='bbox 2716 5446 2935 5520; x_wconf 90' lang='lat' dir='ltr'><strong><em>dirigit.</em></strong></span> <span class='ocrx_word' id='word_1_828' title='bbox 2976 5447 3179 5520; x_wconf 89' lang='lat' dir='ltr'><strong><em>(Idem,</em></strong></span> <span class='ocrx_word' id='word_1_829' title='bbox 3216 5446 3313 5501; x_wconf 93' lang='lat' dir='ltr'><strong><em>lib.</em></strong></span> <span class='ocrx_word' id='word_1_830' title='bbox 3348 5460 3387 5500; x_wconf 86' lang='grc' dir='ltr'><strong><em>ιι</em></strong></span> <span class='ocrx_word' id='word_1_831' title='bbox 3418 5442 3483 5498; x_wconf 87' lang='lat' dir='ltr'><strong><em>de</em></strong></span> 
     </span>
    </p>
   </div>
   <div class='ocr_carea' id='block_1_115' title="bbox 139 5530 3485 5617">
    <p class='ocr_par' dir='ltr' id='par_1_115' title="bbox 139 5530 3485 5617">
     <span class='ocr_line' id='line_1_116' title="bbox 139 5530 3485 5617; baseline -0.003 -22"><span class='ocrx_word' id='word_1_832' title='bbox 139 5532 245 5608; x_wconf 75' lang='lat' dir='ltr'><strong><em>Ipse</em></strong></span> <span class='ocrx_word' id='word_1_833' title='bbox 271 5547 458 5598; x_wconf 85' lang='lat' dir='ltr'><strong><em>autem</em></strong></span> <span class='ocrx_word' id='word_1_834' title='bbox 484 5559 585 5616; x_wconf 39' lang='lat' dir='ltr'><strong><em>ego,</em></strong></span> <span class='ocrx_word' id='word_1_835' title='bbox 609 5545 822 5603; x_wconf 84' lang='lat' dir='ltr'><strong><em>Paulus</em></strong></span> <span class='ocrx_word' id='word_1_836' title='bbox 862 5546 1076 5603; x_wconf 86' lang='lat' dir='ltr'><strong><em>obsecro</em></strong></span> <span class='ocrx_word' id='word_1_837' title='bbox 1111 5559 1221 5613; x_wconf 84' lang='lat' dir='ltr'><strong><em>vos,</em></strong></span> <span class='ocrx_word' id='word_1_838' title='bbox 1250 5547 1385 5611; x_wconf 85' lang='lat' dir='ltr'><strong><em>etc.,</em></strong></span> <span class='ocrx_word' id='word_1_839' title='bbox 1423 5561 1609 5617; x_wconf 88' lang='lat' dir='ltr'><strong><em>usque</em></strong></span> <span class='ocrx_word' id='word_1_840' title='bbox 1641 5546 1712 5602; x_wconf 90' lang='lat' dir='ltr'><strong><em>ad</em></strong></span> <span class='ocrx_word' id='word_1_841' title='bbox 1823 5546 1996 5601; x_wconf 88' lang='lat' dir='ltr'><strong><em>Serm.</em></strong></span> <span class='ocrx_word' id='word_1_842' title='bbox 2038 5539 2266 5596; x_wconf 86' lang='lat' dir='ltr'><strong><em>Domini</em></strong></span> <span class='ocrx_word' id='word_1_843' title='bbox 2295 5539 2355 5592; x_wconf 88' lang='lat' dir='ltr'><strong><em>in</em></strong></span> <span class='ocrx_word' id='word_1_844' title='bbox 2382 5542 2587 5604; x_wconf 82' lang='lat' dir='ltr'><strong><em>monte,</em></strong></span> <span class='ocrx_word' id='word_1_845' title='bbox 2619 5538 2761 5589; x_wconf 90' lang='lat' dir='ltr'><strong><em>tom.</em></strong></span> <span class='ocrx_word' id='word_1_846' title='bbox 2794 5534 2891 5602; x_wconf 90' lang='lat' dir='ltr'><strong>III,</strong></span> <span class='ocrx_word' id='word_1_847' title='bbox 2925 5539 3075 5609; x_wconf 83' lang='lat' dir='ltr'><strong><em>part.</em></strong></span> <span class='ocrx_word' id='word_1_848' title='bbox 3111 5553 3151 5602; x_wconf 89' lang='grc' dir='ltr'><strong><em>ι,</em></strong></span> <span class='ocrx_word' id='word_1_849' title='bbox 3186 5530 3485 5603; x_wconf 84' lang='lat' dir='ltr'><strong><em>col.1996).</em></strong></span> 
     </span>
    </p>
   </div>
   <div class='ocr_carea' id='block_1_116' title="bbox 88 5620 896 5703">
    <p class='ocr_par' dir='ltr' id='par_1_116' title="bbox 88 5620 896 5703">
     <span class='ocr_line' id='line_1_117' title="bbox 88 5620 896 5703; baseline 0.02 -20"><span class='ocrx_word' id='word_1_850' title='bbox 88 5620 169 5680; x_wconf 69' lang='lat' dir='ltr'><strong><em>sed</em></strong></span> <span class='ocrx_word' id='word_1_851' title='bbox 193 5640 341 5703; x_wconf 81' lang='lat' dir='ltr'><strong><em>quem</em></strong></span> <span class='ocrx_word' id='word_1_852' title='bbox 370 5630 512 5689; x_wconf 83' lang='lat' dir='ltr'><strong><em>Deus</em></strong></span> <span class='ocrx_word' id='word_1_853' title='bbox 538 5633 896 5697; x_wconf 75' lang='lat' dir='ltr'><strong><em>commendat.</em></strong></span> 
     </span>
    </p>
   </div>
   <div class='ocr_carea' id='block_1_117' title="bbox 379 5758 901 5830">
    <p class='ocr_par' dir='ltr' id='par_1_117' title="bbox 379 5758 901 5830">
     <span class='ocr_line' id='line_1_118' title="bbox 379 5758 901 5830; baseline 0.013 -7"><span class='ocrx_word' id='word_1_854' title='bbox 379 5758 647 5827; x_wconf 64' lang='lat' dir='ltr'><strong><em>Ps&#39;raon.</em></strong></span> <span class='ocrx_word' id='word_1_855' title='bbox 695 5761 901 5830; x_wconf 85' lang='lat' dir='ltr'><strong><em>CXIX.</em></strong></span> 
     </span>
    </p>
   </div>
   <div class='ocr_carea' id='block_1_118' title="bbox 1899 5618 3490 5703">
    <p class='ocr_par' dir='ltr' id='par_1_118' title="bbox 1899 5618 3490 5703">
     <span class='ocr_line' id='line_1_119' title="bbox 1899 5618 3490 5703; baseline -0.008 -13"><span class='ocrx_word' id='word_1_856' title='bbox 1899 5633 2109 5691; x_wconf 64' lang='lat' dir='ltr'><strong><em>Prwter</em></strong></span> <span class='ocrx_word' id='word_1_857' title='bbox 2138 5628 2240 5687; x_wconf 84' lang='lat' dir='ltr'><strong><em>illa</em></strong></span> <span class='ocrx_word' id='word_1_858' title='bbox 2268 5640 2394 5703; x_wconf 63' lang='lat' dir='ltr'><strong><em>quae</em></strong></span> <span class='ocrx_word' id='word_1_859' title='bbox 2422 5625 2783 5697; x_wconf 71' lang='lat' dir='ltr'><strong><em>extrinsecus,</em></strong></span> <span class='ocrx_word' id='word_1_860' title='bbox 2832 5626 2942 5680; x_wconf 88' lang='lat' dir='ltr'><strong><em>etc.</em></strong></span> <span class='ocrx_word' id='word_1_861' title='bbox 2953 5664 2967 5693; x_wconf 97' lang='lat'><strong><em>,</em></strong></span> <span class='ocrx_word' id='word_1_862' title='bbox 3002 5639 3189 5696; x_wconf 89' lang='lat' dir='ltr'><strong><em>usque</em></strong></span> <span class='ocrx_word' id='word_1_863' title='bbox 3220 5621 3293 5681; x_wconf 86' lang='lat' dir='ltr'><strong><em>ad</em></strong></span> <span class='ocrx_word' id='word_1_864' title='bbox 3320 5618 3490 5697; x_wconf 49' lang='lat' dir='ltr'><strong><em>eccleg</em></strong></span> 
     </span>
    </p>
   </div>
   <div class='ocr_carea' id='block_1_119' title="bbox 3090 5750 3173 5835">
    <p class='ocr_par' dir='ltr' id='par_1_119' title="bbox 3090 5750 3173 5835">
     <span class='ocr_line' id='line_1_120' title="bbox 3090 5750 3173 5835; baseline 0.06 -23"><span class='ocrx_word' id='word_1_865' title='bbox 3090 5750 3173 5835; x_wconf 72' lang='lat'><strong><em>12</em></strong></span> 
     </span>
    </p>
   </div>
  </div>
