3856 6200
378 376 497 441 363

1593 379 1824 444 FLORI
1865 379 2178 444 DIAGONI
2220 378 2603 443 MONACHI.
2672 340 2681 345 ³

3661 378 3769 439 364

375 513 608 568 siarum.
638 514 746 582 Qui
793 514 1033 587 apponit
1088 514 1417 583 scientiam,
1450 515 1691 588 apponit
1733 515 2013 571 dolorem.
2048 516 2093 584 Α
2200 516 2281 571 De
2309 512 2525 570 diaboli
2556 531 2726 585 poena
2757 514 2980 597 futura:
3018 509 3301 586 propheta
3331 516 3769 577 commemorat,

375 601 520 657 Ecce
549 602 828 671 abundet,
860 608 993 672 etc.,
1046 621 1218 676 usque
1272 604 1343 659 ad
1394 621 1507 676 quo
1566 609 1859 677 posuerat.
1895 605 1975 676 (Id
2007 647 2023 669 ,

368 692 680 762 tract.psal.
721 708 911 758 cxvm,
939 696 1083 748 tom.
1109 692 1204 774 IV,
1228 696 1376 765 part.
1401 710 1462 760 11,
1487 693 1595 748 col.
1622 695 1760 748 1268
1791 698 1848 748 et
1879 693 2021 764 seq.)

991 790 1221 846 CAPUT
1256 791 1376 846 XII.

449 868 594 924 Cum
621 868 892 925 homines
921 886 955 925 a
984 869 1274 925 matribus
1305 870 1731 943 concipiuntur,
1764 875 1897 937 etc.,
1928 887 2025 925 us-

374 972 478 1029 que
507 957 577 1012 ad
606 974 722 1013 non
753 975 910 1015 uror.
936 959 995 1014 S.
1018 961 1165 1031 Aug.
1191 962 1253 1014 in
1271 962 1607 1031 expositione
1635 962 1813 1031 Epist.
1841 960 1910 1014 ad
1930 960 2027 1014 Ga-

376 1046 472 1101 lat.
504 1049 648 1102 tom.
678 1046 776 1115 III,
811 1051 962 1119 part.
995 1065 1057 1116 ιι,
1093 1047 1203 1104 col.
1232 1050 1419 1120 2132.)

447 1134 636 1190 Urunt
678 1136 1111 1207 quodammodo
1153 1153 1356 1193 omnes
1416 1136 1822 1192 tribulationes
1867 1154 1879 1191 :
1922 1136 2023 1191 sed

376 1220 558 1295 aliud,
588 1228 724 1293 etc.,
753 1241 926 1298 usque
954 1225 1023 1281 a'l
1054 1225 1502 1281 humiliationis.
1524 1226 2025 1297 (ldem,lib.contra

374 1310 781 1383 Manichaeum.)

443 1401 598 1457 Vasa
626 1401 790 1474 figuli
824 1404 1051 1475 probat,
1078 1408 1211 1475 etc.,
1244 1422 1413 1476 usque
1442 1405 1511 1459 ad
1542 1404 1819 1459 universa
1848 1405 2025 1459 ossa?

374 1489 580 1562 (Idem,
631 1497 786 1547 tract.
834 1493 980 1563 psal.
1008 1509 1085 1564 c1,
1116 1496 1258 1548 tom.
1293 1492 1389 1561 ιν,
1419 1496 1567 1565 part.
1603 1510 1659 1559 11,
1693 1490 1804 1547 col.
1841 1491 2024 1563 1297.)

448 1579 710 1633 Damasci
730 1582 1062 1651 praepositus
1108 1583 1305 1650 gentis,
1338 1586 1472 1649 etc.,
1506 1598 1693 1653 usque
1725 1582 1796 1636 ad
1824 1597 2025 1635 manus

372 1667 506 1738 ejus.
538 1665 669 1722 Vidi
701 1667 758 1721 in
789 1667 1039 1740 epistola
1084 1670 1331 1725 Paulum
1376 1670 1717 1743 fugientem.
1754 1670 1859 1725 Per
1889 1687 2025 1725 mu-

374 1771 529 1823 rum,
558 1759 690 1824 etc.,
722 1773 893 1829 usque
921 1757 992 1812 ad
1020 1759 1321 1831 arguebat.
1354 1758 1487 1829 (Id.,
1520 1767 1678 1815 tract.
1711 1760 1917 1827 Evang.
1950 1774 2026 1813 se-

374 1843 615 1900 cundum
641 1846 797 1902 Joan.
833 1863 907 1911 1v,
939 1848 994 1913 6,
1024 1850 1170 1905 tom.
1198 1847 1296 1912 ΙΙΙ,
1322 1864 1379 1919 p.
1403 1865 1464 1912 ιι,
1490 1847 1596 1903 col.
1625 1849 1755 1903 1731
1791 1852 1847 1902 et
1876 1847 2022 1919 seq.)

444 1932 568 1988 Scio
596 1934 868 1989 hominem
900 1936 960 1989 in
984 1934 1217 2000 Christo,
1248 1944 1370 2002 etc.,
1394 1953 1582 2007 usque
1611 1937 1684 1991 ad
1714 1936 1928 1991 homini
1947 1938 2026 1993 lo-

377 2022 491 2094 qui.
528 2022 662 2078 Erat
719 2022 872 2078 enim
934 2022 1057 2079 haec
1116 2041 1319 2079 eorum
1378 2026 1766 2093 consuetudo,
1798 2025 1897 2097 qui
1934 2042 2033 2081 sa-

377 2126 527 2178 cras,
551 2114 688 2180 etc.,
709 2127 880 2183 usque
907 2111 979 2166 ad
1000 2111 1345 2184 pertinebat.
1379 2114 1513 2182 (Id.,
1545 2121 1703 2168 tract.
1736 2114 2026 2170 Evan.sec.

371 2200 530 2255 Joan.
565 2215 674 2269 1.x1,
702 2203 846 2257 tom.
881 2200 979 2267 Ill,
1010 2205 1159 2271 part.
1186 2218 1247 2268 11,
1281 2201 1390 2257 col.
1427 2202 1611 2272 1800.)

447 2288 598 2356 Scio,
622 2288 835 2360 inquit,
858 2286 1158 2345 hominem
1178 2289 1235 2344 in
1256 2290 1487 2346 Christo
1518 2295 1651 2346 ante
1681 2307 1868 2346 annos
1886 2307 2027 2363 qua-

374 2376 1048 2451 tuordecim,elc.,usque
1078 2378 1147 2433 ad
1180 2379 1331 2435 facta
1362 2382 1502 2435 sunt
1532 2379 1747 2435 omnia.
1781 2380 2020 2449 (Id.,lib.

378 2465 443 2521 de
465 2464 656 2522 Genesi
673 2466 742 2521 ad
763 2467 1019 2535 litteram,
1043 2472 1181 2524 tom.
1208 2468 1305 2536 III,
1330 2472 1528 2540 part.1,
1543 2467 1651 2524 col.
1680 2470 1784 2523 453
1805 2473 1861 2524 et
1882 2469 2029 2539 seq.)

455 2554 645 2611 Movet
674 2557 965 2627 quomodo
1004 2556 1133 2628 ipsa
1160 2556 1262 2611 Dei
1294 2557 1630 2613 substantia
1658 2556 1864 2624 videri,
1897 2561 2030 2623 etc.,

384 2658 556 2714 usque
583 2643 653 2698 ad
683 2660 1043 2700 concessam.
1077 2646 1209 2715 (Id.,
1244 2645 1341 2701 lib.
1375 2647 1445 2701 ad
1474 2646 1776 2701 Paulinam
1826 2646 1891 2701 de
1948 2649 2033 2700 vi-

388 2730 559 2788 dendo
589 2736 716 2802 Deo,
747 2736 890 2788 tom.
925 2734 995 2801 II,
1028 2732 1134 2789 col.
1168 2734 1320 2804 610.)

388 2879 397 2884 _
457 2821 525 2876 Et
552 2821 764 2878 audivit
785 2839 991 2879 arcana
1018 2823 1202 2891 verba,
1231 2839 1357 2895 quae
1402 2841 1514 2880 non
1561 2825 1684 2880 licet
1714 2824 1927 2880 homini
1955 2825 2032 2879 lo-

390 2911 507 2981 qui.
542 2909 697 2965 Inter
724 2910 883 2983 ipsos
914 2912 1227 2984 spiritales,
1261 2917 1395 2978 etc.,
1426 2929 1596 2985 usque
1623 2913 1693 2968 ad
1735 2912 2030 2985 explicari.

392 2999 523 3071 (Id.,
555 3006 711 3057 tract.
745 3001 916 3057 Euan.
948 3018 1053 3058 sec.
1082 3004 1240 3058 Joan.
1273 3002 1428 3073 xxv.)

462 3093 605 3146 Nam
632 3097 683 3146 et
711 3091 762 3145 si
788 3091 1028 3161 voluero,
1059 3095 1192 3155 etc.,
1222 3106 1410 3162 usque
1442 3092 1513 3146 ad
1543 3091 1742 3146 dicam.
1778 3091 1942 3147 Dicat
1973 3108 2034 3147 se

391 3177 720 3245 dominum,
753 3183 886 3245 etc.,
920 3195 1089 3249 usque
1136 3180 1205 3233 ad
1259 3179 1458 3234 anima
1507 3180 1677 3235 servi.
1711 3181 1843 3251 (Id.,
1873 3188 2031 3235 tract.

386 3268 569 3324 Euan.
601 3282 707 3323 sec.
738 3267 896 3324 Joan.
928 3284 1015 3334 LV,
1050 3272 1193 3322 tom.
1230 3267 1328 3333 III,
1361 3272 1509 3339 part.
1545 3286 1604 3340 11,
1637 3268 1741 3325 col.
1780 3270 1960 3340 1793.)

461 3356 525 3411 Et
550 3371 620 3411 ne
646 3355 967 3425 magnitudo
996 3356 1410 3423 revelationum,
1439 3361 1544 3413 etc.
1554 3401 1571 3428 ,
1603 3375 1788 3430 usque
1819 3358 1892 3413 ad
1911 3374 2035 3412 car-

385 3445 477 3499 nis
504 3458 662 3500 mew.
694 3443 914 3515 Nempe
943 3442 1036 3499 hic
1069 3444 1384 3517 agnoscitis
1414 3446 2035 3518 Apostolum,etc.,us-

388 3548 491 3605 que
541 3532 611 3587 ad
667 3531 858 3604 patria
910 3532 1361 3605 triumphantes.
1429 3535 1558 3605 (Id.,
1605 3551 1769 3590 serm.
1819 3534 1884 3590 de
1919 3551 2031 3591 ver.

388 3627 559 3692 apost.
586 3619 658 3677 ad
688 3621 861 3688 Rom.,
893 3625 1033 3677 tom.
1068 3625 1135 3690 V,
1170 3627 1317 3695 part.
1354 3640 1393 3691 1,
1424 3622 1532 3679 col.
1564 3625 1672 3679 835
1700 3627 1757 3679 et
1781 3623 1926 3695 seq.)

459 3707 636 3777 Deus,
664 3707 960 3780 inquiunt,
994 3714 1186 3781 potest
1237 3711 1435 3767 omnia
1464 3729 1690 3768 sanare.
1724 3712 1863 3780 Hoc,
1897 3716 2031 3781 etc.,

389 3812 561 3870 usque
587 3796 658 3853 ad
686 3798 840 3854 bona
867 3798 1185 3855 voluntate.
1216 3800 1454 3871 (Id.,lib.
1489 3800 1553 3856 de
1584 3802 1776 3857 Natur.
1810 3809 1860 3856 et
1890 3809 2031 3870 grat.

388 3888 533 3942 tom.
564 3885 631 3953 X,
664 3890 814 3959 part.
848 3906 887 3956 1,
921 3887 1028 3944 col.
1060 3890 1209 3961 262.)

460 3972 891 4031 Sollicitissime
948 3977 1269 4033 cavendum
1319 3982 1408 4034 est
1441 3978 1499 4033 in
1532 3979 1793 4036 docendo
1825 3996 2034 4052 super-

388 4062 519 4129 biae,
552 4066 687 4132 etc.,
712 4080 885 4136 usque
910 4064 979 4120 ad
1002 4064 1330 4122 humiliata.
1366 4068 1682 4140 (Id.,epist.
1715 4068 1785 4124 ad
1813 4069 2037 4125 Floren-

390 4153 590 4221 tinum,
622 4156 767 4207 tom.
799 4157 873 4222 II,
907 4152 1016 4209 col.
1054 4155 1236 4225 1090.)

459 4238 609 4296 Illud
640 4244 731 4297 est
756 4240 963 4297 vitium
991 4244 1257 4315 capitale,
1292 4246 1469 4317 quod,
1504 4250 1637 4315 etc.,
1672 4262 1841 4319 usque
1868 4245 1939 4300 ad
1969 4248 2035 4299 ut

389 4326 565 4385 dicat.
595 4329 726 4400 (Id.,
759 4337 914 4386 tract.
942 4333 1142 4403 psalm.
1176 4349 1330 4403 LVIII,
1358 4338 1401 4390 t.
1435 4335 1529 4403 IV,
1565 4334 2035 4406 part.1,col.709.)

457 4422 597 4478 Cum
649 4420 799 4474 enim
847 4421 1118 4491 inﬁrmor,
1167 4432 1249 4478 etc
1280 4467 1294 4492 ,
1325 4441 1511 4499 usque
1537 4424 1606 4479 ad
1638 4424 1824 4491 gravis
1852 4424 2030 4478 nobis.

386 4508 535 4565 Nam
565 4506 675 4563 hoc
701 4507 839 4565 vitio
870 4526 942 4565 ne
972 4514 1030 4566 et
1059 4510 1184 4583 ipse
1224 4515 1569 4579 tentaretur,
1602 4515 1735 4580 etc.,
1769 4527 1937 4583 usque
1964 4511 2033 4566 ad

386 4596 694 4669 superbia.
728 4598 911 4667 (lbid.,
944 4596 1054 4654 col.
1086 4599 1194 4654 709
1222 4605 1279 4656 et
1307 4601 1454 4672 seq.)

456 4685 741 4742 Exaltatio
772 4687 843 4742 de
873 4687 1238 4744 abundantia
1286 4689 1608 4763 gratiarum
1662 4705 1861 4761 quam,
1895 4692 2029 4755 etc.,

384 4791 556 4848 usque
599 4774 668 4830 ad
718 4774 969 4849 lippiens
1025 4776 1251 4833 oculus.
1285 4778 1418 4847 (Id.,
1450 4785 1605 4835 tract.
1633 4778 1833 4849 psalm.
1866 4794 2029 4846 cxxx,

384 4868 527 4921 tom.
560 4862 659 4935 IV,
690 4870 837 4937 part.
877 4883 939 4932 11,
972 4866 1083 4922 col.
1119 4866 1303 4937 1708.)

2133 609 2266 673 etc.,
2299 620 2469 676 usque
2496 604 2564 658 ad
2594 607 2926 658 sonantem.
2983 603 3111 675 (Id.,
3163 608 3319 657 tract.
3375 601 3581 673 psalm.
3612 616 3774 667 1cm,

2131 696 2272 747 tom.
2309 696 2405 758 IV,
2440 697 2590 764 part.
2627 710 2687 757 ιι,
2715 690 2826 746 col.
2861 690 3043 763 1255.)

2205 780 2428 849 Quaado
2488 781 2761 852 inﬁrmor,
2817 788 2947 836 tunc
2996 788 3183 851 potens
3237 796 3379 834 sum.
3413 777 3588 833 Novit
3633 777 3777 833 Deus

2134 870 2274 941 quid
2307 869 2477 925 nobis
2508 869 2793 942 expediat,
2828 873 2961 936 etc.,
2988 884 3156 941 usque
3184 868 3253 923 ad
3283 870 3452 923 sanet
3479 872 3774 939 zegrotum.

2136 959 2268 1029 (Id.,
2301 967 2458 1015 tract.
2492 961 2696 1029 Evang.
2745 975 2849 1014 sec.
2900 959 3165 1014 Joannem
3192 974 3291 1023 v11,
3320 961 3463 1011 tom.
3502 956 3605 1021 III,
3635 958 3775 1026 part.

2136 1064 2194 1111 ιι,
2226 1046 2333 1103 col.
2369 1048 2508 1102 1443
2536 1052 2593 1103 et
2624 1047 2769 1119 seq.)

2204 1137 2392 1192 Etiam
2450 1137 2815 1208 temporibus
2862 1135 3041 1207 hujus
3088 1135 3216 1189 vitaz
3268 1133 3603 1199 laboriosae,
3653 1136 3777 1197 etc.,

2134 1242 2304 1297 usque
2330 1225 2399 1279 ad
2431 1241 2531 1297 per
2562 1224 2843 1280 dolorem.
2876 1225 3007 1292 (Id.,
3042 1225 3140 1279 lib.
3175 1229 3364 1280 Genes.
3410 1223 3480 1277 ad
3528 1223 3777 1288 litteram,

2133 1318 2276 1370 tom.
2312 1314 2408 1378 III,
2443 1318 2592 1384 part.
2628 1329 2666 1379 ι,
2698 1313 2806 1368 col.
2840 1314 2992 1382 289.)

2205 1401 2475 1457 Fideliter
2514 1402 2855 1475 supplicans
2876 1402 3014 1468 Deo,
3038 1404 3177 1469 etc.,
3196 1418 3367 1473 usque
3394 1400 3466 1455 ad
3498 1403 3672 1472 parat
3698 1415 3779 1453 ve-

2135 1490 2293 1546 ritas.
2326 1491 2459 1559 (Id.,
2495 1492 2591 1545 lib.
2634 1496 2879 1547 Sentent.
2940 1492 3215 1563 Prosperi,
3266 1495 3410 1546 tom.
3444 1490 3513 1557 Χ,
3548 1493 3695 1561 part.
3727 1505 3777 1551 ιι,

2132 1579 2242 1635 col.
2279 1582 2418 1635 1876
2447 1585 2503 1635 et
2528 1580 2677 1652 seq.)

2204 1672 2325 1726 Non
2353 1671 2498 1724 enim
2529 1684 2717 1740 quaero
2749 1683 2873 1741 qua?
2900 1678 3101 1734 vestra,
3125 1672 3463 1740 etc.,usque
3492 1667 3571 1723 ad
3592 1683 3775 1739 paren-

2133 1766 2209 1812 tes
2239 1758 2392 1827 ﬁliis.
2428 1757 2718 1813 Sindones
2750 1757 2885 1813 fecit
2914 1763 2971 1813 et
2997 1756 3277 1813 vendidit.
3305 1758 3454 1812 Bene
3486 1746 3775 1829 quia,etc.,

2132 1863 2304 1919 usque
2352 1846 2422 1901 ad
2471 1846 2865 1902 amictorium.
2919 1847 3050 1917 (Id.,
3086 1846 3182 1902 lib.
3215 1847 3497 1915 Salomon,
3547 1848 3691 1900 tom.
3719 1843 3776 1903 V.

2139 1939 2292 2007 part.
2323 1952 2363 2004 1,
2396 1935 2504 1991 col.
2536 1937 2643 1990 230
2672 1940 2731 1991 et
2758 1935 2908 2007 seq.)

2208 2025 2318 2094 Ego
2344 2033 2524 2080 autem
2555 2025 2917 2080 libentissime
2966 2025 3276 2097 impendam
3306 2033 3357 2080 et
3385 2040 3556 2095 super
3586 2024 3777 2095 impen-

2137 2113 2240 2168 dar
2269 2115 2401 2185 ipse,
2430 2118 2563 2178 etc.,
2598 2130 2786 2185 usque
2818 2114 2891 2168 ad
2922 2116 3033 2169 sint
3066 2116 3209 2169 inter
3235 2130 3345 2169 vos.
3380 2113 3646 2168 Perfecta
3666 2112 3779 2167 cha-

2140 2203 2282 2257 ritas
2303 2206 2426 2258 est:
2453 2207 2517 2256 ut
2533 2207 2775 2274 paratus
2807 2201 2889 2259 sis
2923 2202 3069 2257 mori
3105 2220 3209 2275 pro
3243 2203 3441 2269 fratre,
3467 2206 3609 2266 etc.,
3630 2217 3778 2271 usque

2137 2290 2206 2345 ad
2235 2295 2359 2345 erat
2388 2290 2557 2345 mori.
2592 2292 2724 2363 (Id.,
2775 2297 2938 2346 tract.
2990 2292 3161 2364 Epist.
3221 2292 3379 2347 Joan.
3421 2308 3479 2357 ν,
3513 2295 3661 2345 tom.
3696 2290 3777 2357 Ill,

2140 2384 2287 2452 part.
2324 2397 2384 2447 11,
2419 2378 2526 2435 col.
2560 2382 2747 2448 2014.)

2211 2466 2286 2523 Ne
2334 2469 2531 2522 iterum
2584 2484 2708 2521 cum
2768 2484 2962 2524 venero
3019 2467 3296 2536 humiliet,
3326 2472 3462 2535 etc.,
3495 2484 3689 2540 usque
3722 2466 3780 2521 ad

2139 2573 2305 2627 quam
2332 2564 2633 2625 gesserunt.
2659 2556 2717 2611 Si
2734 2558 2863 2627 jam
2883 2557 2953 2612 de
2978 2557 3229 2613 sanitate
3259 2557 3607 2629 desperans,
3631 2555 3780 2610 addis

2141 2650 2378 2717 peccata
2402 2646 2675 2717 peccatis,
2701 2650 2834 2712 etc.,
2858 2662 3028 2718 usque
3048 2645 3119 2701 ad
3148 2650 3371 2701 acterna
3397 2644 3635 2701 vitatur.
3669 2644 3781 2713 (Id.,

2143 2735 2239 2788 lib.
2272 2733 2336 2788 de
2370 2735 2708 2805 pwnitentia,
2768 2737 2910 2789 tom.
2952 2735 3019 2802 V,
3065 2740 3215 2807 part.
3262 2751 3323 2802 11,
3384 2734 3495 2791 col.
3550 2734 3690 2789 4548
3739 2738 3784 2786 et

2143 2822 2288 2895 seq.)

2212 2913 2407 2983 Agunt
2435 2912 2591 2967 enim
2623 2911 2891 2969 homines
2923 2916 3055 2969 ante
3084 2912 3448 2985 baptismum
3510 2911 3782 2985 poeniten-

2142 2999 2307 3065 tiam,
2339 3005 2470 3067 etc.,
2506 3017 2675 3071 usque
2704 3001 2774 3057 ad
2806 3018 2921 3057 non
2981 3018 3304 3058 cessamus.
3358 3002 3498 3071 (Id.,
3538 3003 3696 3073 epist.
3728 2998 3783 3054 ad

2142 3089 2538 3157 Seleucianam,
2574 3094 2715 3145 tom.
2749 3089 2819 3157 II,
2853 3089 2960 3146 col.
2997 3092 3134 3145 1086
3164 3095 3223 3147 et
3248 3094 3400 3163 seq.)

2764 3186 2996 3243 CAPUT
3036 3188 3182 3243 XIII.

2064 3252 2107 3321 C
2215 3268 2347 3323 Ecce
2371 3269 2525 3323 tertio
2573 3268 2672 3324 hoc
2716 3269 2872 3322 venio
2918 3267 2988 3322 ad
3018 3284 3126 3323 vos.
3160 3268 3219 3322 In
3253 3284 3344 3324 ore
3371 3268 3631 3337 duorum,
3664 3271 3783 3335 etc.,

2148 3373 2333 3429 usque
2359 3357 2429 3411 ad
2460 3356 2552 3411 sed
2576 3364 2766 3428 potens
2792 3363 2869 3411 est
2901 3358 2961 3411 in
2991 3357 3168 3412 nobis.
3204 3357 3370 3412 Forte
3400 3355 3620 3429 aliquis
3641 3356 3782 3411 arbi-

2145 3449 2336 3500 tratur
2364 3445 2641 3517 quoniam
2674 3462 2787 3499 non
2815 3444 2959 3516 ipse,
2994 3448 3127 3500 etc..
3180 3460 3346 3518 usque
3368 3444 3439 3499 ad
3469 3446 3604 3516 ejus
3631 3444 3784 3501 audi-

2143 3537 2258 3588 tur.
2295 3534 2425 3604 (Id.,
2474 3540 2633 3588 tract.
2682 3535 2889 3604 Evang.
2939 3550 3044 3589 sec.
3103 3538 3274 3590 Joan.
3334 3550 3488 3601 xuv,
3546 3538 3687 3590 tom.
3716 3530 3781 3587 Ill

2146 3625 2296 3695 part.
2330 3639 2390 3690 11,
2424 3622 2533 3678 col.
2568 3622 2754 3693 4135.)

2214 3711 2393 3767 Moris
2414 3711 2742 3766 divinarum
2767 3709 3226 3783 Scripturarum,
3249 3715 3382 3780 etc.,
3408 3728 3580 3784 usque
3608 3712 3678 3767 ad
3705 3711 3780 3765 lo-

2144 3800 2451 3872 quebatur.
2486 3799 2618 3869 (Id.,
2651 3806 2806 3854 tract.
2835 3800 2979 3871 psal.
3013 3800 3117 3872 ιν.)

2213 3890 2351 3944 Nam
2379 3890 2477 3944 etsi
2505 3889 2802 3959 cruci/Ltus
2852 3896 2931 3943 est
2959 3904 3031 3943 ea:
3061 3887 3407 3961 inﬁrmitate,
3439 3893 3579 3957 etc.,
3611 3904 3779 3961 usque

2144 3979 2212 4033 ad
2246 3994 2355 4032 non
2380 3994 2570 4033 sumus
2617 3977 2853 4049 reprobi.
2888 3976 3048 4033 Talis
3107 3976 3265 4033 enim
3316 3980 3444 4033 erat
3502 3978 3779 4049 susceptio

2143 4084 2291 4141 quae,
2326 4071 2460 4135 etc.,
2494 4083 2663 4139 usque
2699 4066 2769 4121 ad
2819 4065 3160 4122 inﬁrmitate
3211 4066 3410 4125 carnis
3443 4067 3578 4138 (Id.,
3609 4067 3701 4122 lib.
3724 4065 3780 4120 de

2148 4157 2343 4212 Trinit.
2377 4172 2417 4221 1,
2449 4159 2591 4211 tom.
2622 4155 2772 4222 VIII,
2807 4154 2915 4209 col.
2949 4156 3096 4226 840).

2215 4244 2446 4299 Oramus
2494 4252 2675 4300 autem
2724 4245 2892 4299 Deum
2939 4252 2999 4299 ut
3039 4243 3185 4315 nihil
3213 4245 3353 4300 mali
3379 4247 3625 4316 faciatis,
3655 4248 3775 4305 etc.,

2142 4350 2328 4406 usque
2360 4333 2432 4389 ad
2462 4349 2585 4388 cum
2618 4335 2869 4389 omnibus
2898 4333 3064 4389 vobis.
3098 4333 3289 4389 Amen.
3306 4332 3686 4406 Intelligenda
3699 4334 3775 4386 est

2143 4422 2299 4477 enim
2330 4421 2517 4494 gratia
2546 4421 2645 4476 Dei
2680 4438 2781 4493 per
2811 4421 3017 4477 Jesum
3049 4420 3366 4494 Christum,
3383 4418 3774 4496 etc.,usquead

2141 4511 2241 4567 dat
2267 4511 2420 4567 Deus
2454 4511 2583 4583 (Id.,
2620 4512 2717 4566 lib.
2750 4511 2816 4567 de
2849 4513 2977 4568 Cor.
3010 4519 3061 4567 et
3088 4528 3233 4582 gra.,
3269 4516 3413 4568 tom.
3451 4512 3517 4579 Χ,
3566 4516 3706 4583 part.
3736 4525 3769 4571 1,

2061 4621 2109 4686 D
2142 4598 2250 4655 col.
2283 4600 2431 4667 917).

2214 4688 2377 4753 Quod
2405 4687 2502 4743 isti
2538 4688 2743 4743 dicunt
2773 4705 2879 4742 nos
2912 4704 3026 4741 non
3059 4686 3289 4751 debere,
3342 4690 3478 4753 etc.,
3532 4701 3685 4760 usque
3710 4681 3770 4737 ad

2128 4773 2465 4847 Utrumque
2483 4774 2638 4830 enim
2660 4775 2717 4829 in
2740 4774 3061 4846 Scripturis
3084 4774 3265 4829 habes
3280 4774 3413 4845 (Id.,
3433 4791 3597 4830 serm.
3614 4780 3765 4837 contr.

2138 4864 2511 4935 Pelagianos).

1272 5031 1385 5117 IN
1441 5029 2085 5118 EPISTOLAM
2149 5028 2294 5113 AD
2353 5025 2894 5115 GALA'I‘AS.

1872 5186 2271 5202 ﬂ

942 5301 1293 5361 ARGUMEN
1298 5306 1451 5366 TUM
1460 5351 1472 5365 .

455 5459 670 5521 Galatae
704 5465 845 5520 sunt
875 5461 1075 5518 Graeci.
1102 5462 1169 5519 Hi
1200 5466 1442 5524 verbum
1472 5469 1733 5528 veritatis
1767 5472 2023 5546 primum

368 5553 457 5613 ab
486 5550 761 5624 Apostolo
792 5558 1160 5624 acceperunt,
1195 5555 1294 5611 sed
1343 5562 1476 5630 post
1523 5559 1850 5618 discessum
1898 5565 2026 5635 ejus

382 5639 590 5721 tentati
615 5643 754 5697 sunt
769 5657 803 5700 ιι
820 5638 982 5700 falsis
1001 5643 1299 5722 apostolis,
1327 5652 1390 5707 ut
1411 5648 1471 5705 in
1492 5647 1677 5724 legem
1706 5655 1760 5709 et
1782 5652 2029 5711 circum-

2133 5286 2415 5345 cisionem
2425 5284 2929 5341 verterentur.Hos
2948 5283 3264 5358 Apostolus
3280 5287 3515 5341 revocat
3526 5283 3593 5340 ad
3612 5254 3759 5336 fidem

2131 5373 2413 5442 veritatis,
2447 5372 2711 5430 scribens
2741 5373 2826 5430 eis
2855 5374 2928 5429 ab
2958 5373 3210 5447 Epheso.

2667 5534 2899 5597 CAPUT
2934 5532 3261 5607 PRIMUM._

2205 5659 2412 5715 Paulus
2442 5658 2713 5732 apostolus
2753 5677 2863 5718 non
2890 5661 2958 5720 ab
2999 5660 3332 5747 hominibus,
3368 5676 3537 5736 neque
3559 5653 3756 5741 perho-
