3856 6200
98 442 101 445 λ
154 408 271 485 365

963 421 1373 483 EXPOSITIO
1417 421 1495 482 IN
1543 419 1710 480 EPP.
1756 419 2014 482 PAULI.
2048 452 2124 464 -—
2155 418 2276 480 EP.
2323 421 2427 481 AD
2473 422 2755 483 GALAT.

3440 425 3560 484 366

165 558 369 622 minem,
383 552 476 609 sed
501 569 599 625 per
624 556 816 611 Iesum
845 552 1290 619 Christum,etc.,
1316 569 1503 624 usque
1527 552 1599 607 ad
1619 553 1795 607 Evun-
1825 552 1879 618 Α
1982 551 2044 606 In
2076 552 2248 624 cujus
2279 553 2579 608 sententiae
2599 570 2714 609 non
2733 555 3177 611 consensionem
3204 556 3304 612 sed
3324 556 3562 614 simula-

166 646 357 716 gelium
405 642 631 699 Christi.
668 642 894 697 Priores
954 645 1093 697 sunt
1152 642 1339 697 caeteri
1398 641 1647 714 apostoli
1696 656 1801 713 per
1908 637 2149 708 tionem,
2183 645 2316 707 etc.,
2360 657 2529 712 usque
2582 642 2654 697 ad
2707 642 3021 714 sepultura:
3078 644 3339 700 violator.
3374 646 3531 717 (ibid.

160 734 443 790 Christum
478 731 693 800 adhuc,
726 736 861 798 etc.,
894 747 1065 802 usque
1094 730 1164 785 ad
1190 730 1251 785 in
1285 730 1491 786 coelum
1522 729 1795 802 (S.Aug.,

161 823 253 877 lib.
284 839 302 877 1
333 821 699 889 Retractatio.,
734 823 876 875 tom.
908 823 955 887 Ι,
988 817 1097 874 col.
1130 820 1237 873 622
1266 822 1323 873 et
1352 818 1517 890 seq.).

221 910 318 966 Sed
350 910 475 965 licet
499 924 598 964 nos
628 916 729 963 aut
771 908 1023 978 angelus,
1055 911 1191 974 etc.,
1223 923 1411 979 usque
1440 905 1513 962 ad
1544 923 1617 961 an
1645 908 1752 962 Deo
1772 910 1798 960 .9

159 1001 388 1055 Prorsus
420 996 742 1053 admonitio
774 995 1101 1051 beatissimi
1142 994 1426 1067 Apostoli,
1460 998 1593 1062 etc.,
1626 1011 1799 1068 usque

157 1088 220 1143 ad
247 1085 458 1143 recedit
489 1086 559 1142 de
590 1085 681 1141 via
712 1086 844 1158 (Id.,
878 1093 1036 1140 tract.
1067 1085 1273 1153 Evang.
1302 1088 1791 1151 sec..loan.xcv111,

156 1181 287 1231 tom.
319 1179 417 1243 III,
453 1178 605 1247 part.
639 1191 701 1240 11,
730 1172 839 1229 col.
874 1173 1055 1242 4884).

217 1263 325 1319 Nec
353 1262 478 1335 ipse
505 1260 814 1334 Apostolus
842 1260 1028 1316 voluit
1056 1260 1117 1315 in
1162 1277 1224 1317 se
1266 1260 1423 1334 poni,
1457 1264 1589 1329 etc.,
1622 1277 1793 1332 usque

155 1352 220 1407 ad
246 1352 463 1407 Donato
489 1350 623 1421 (Id.,
655 1367 818 1407 serm.
850 1349 914 1406 de
943 1351 1064 1406 Kal.
1107 1350 1257 1422 jan.,
1289 1354 1432 1406 tom.
1464 1349 1531 1417 V,
1566 1354 1715 1421 part.
1750 1366 1788 1418 1,

153 1439 253 1495 col.
289 1438 468 1511 1023).

218 1527 368 1583 Licet
387 1527 438 1583 si
464 1544 592 1596 nos,
616 1527 827 1600 inquit.
852 1528 923 1583 Et
942 1530 1027 1596 tu,
1053 1526 1250 1595 Paule,
1276 1529 1792 1598 potes,etc.,usque

150 1617 213 1672 ad
239 1616 560 1672 amiserunt
590 1616 723 1687 (Id.,
755 1624 910 1673 tract.
940 1617 1086 1688 psal.
1118 1631 1238 1681 cm,
1271 1618 1414 1670 tom.
1440 1613 1539 1683 IV,
1562 1617 1710 1686 part.
1726 1630 1788 1683 11,

150 1704 248 1761 col.
281 1706 457 1777 1387).
1538 1717 1545 1722 ’

213 1795 278 1849 Et
302 1793 455 1850 vovit
486 1793 662 1851 Israel
694 1798 893 1850 votum
926 1793 1196 1859 Domino,
1231 1796 1553 1864 etc.,usque
1574 1793 1645 1847 ad
1665 1809 1790 1849 sus-

150 1883 440 1955 pendendo
470 1884 604 1951 (Id.,
641 1883 739 1939 lib.
767 1884 996 1955 Quaest,
1030 1885 1114 1939 tit.
1149 1884 1238 1951 40,
1270 1898 1426 1936 num.
1460 1882 1572 1948 21).

213 1972 287 2027 An
316 1988 500 2044 quaero
549 1973 865 2029 hominibus
889 1973 1105 2045 placere
1132 1974 1154 2027 Ρ
1180 1976 1313 2038 etc.,
1346 1987 1534 2043 usque
1564 1972 1635 2026 ad
1666 1974 1790 2043 fra-

150 2070 277 2117 trem
309 2063 550 2118 Domini.
566 2060 718 2117 Sunt
747 2060 1017 2118 homines
1043 2060 1142 2133 qui
1175 2064 1385 2133 putant
1415 2059 1525 2115 sibi
1556 2060 1614 2115 in
1642 2060 1788 2116 bene

149 2150 374 2205 vivendo
400 2150 691 2218 sufﬁcere,
715 2152 851 2217 etc.,
878 2166 1050 2223 usque
1078 2147 1147 2203 ad
1179 2148 1411 2204 inﬁrmo
1446 2148 1633 2204 fratri.
1651 2148 1786 2217 (Id.,

155 2237 242 2293 lib.
271 2238 334 2293 de
362 2237 583 2306 Ovibus,
618 2242 760 2294 tom.
791 2237 859 2307 V,
892 2243 1044 2309 part.
1079 2255 1119 2304 1,
1152 2236 1260 2293 col.
1293 2237 1395 2292 301
1432 2240 1489 2294 et
1515 2237 1663 2309 seq.)

213 2326 515 2400 Apostolus
547 2326 690 2382 dicit
723 2343 736 2382 :
770 2326 829 2382 Si
860 2326 1054 2382 adhuc
1084 2325 1426 2382 hominibus
1471 2324 1783 2397 placerem,

151 2418 270 2483 etc.,
299 2432 465 2487 usque
494 2415 568 2471 ad
597 2413 723 2471 fieri
751 2413 899 2471 volo.
932 2415 1065 2484 (Id.,
1083 2431 1245 2471 serm.
1267 2415 1489 2471 Domini
1506 2415 1566 2469 in
1581 2422 1782 2484 monte,

151 2506 280 2558 tom.
311 2508 409 2573 ΙΙΙ,
442 2507 596 2576 part.
631 2521 669 2571 1,
702 2503 810 2560 col.
848 2505 1030 2571 1271.)

215 2592 342 2661 ουκ
367 2602 552 2649 autem
579 2595 757 2649 scribo
788 2594 958 2661 vobis,
990 2608 1108 2648 ecce
1136 2609 1320 2649 coram
1366 2594 1471 2648 Deo
1515 2594 1645 2663 quia
1676 2608 1786 2648 non

148 2682 526 2738 mentior.Non
548 2682 715 2738 vobis
744 2681 999 2737 dicimus
1029 2698 1143 2737 non
1179 2699 1284 2737 nos
1305 2681 1600 2752 jurare.Si
1625 2680 1781 2737 enim

150 2769 267 2839 hoc,
294 2776 423 2842 etc.,
455 2787 629 2844 usque
655 2771 724 2827 ad
754 2771 1087 2827 credebant.
1121 2772 1253 2841 (Id.,
1287 2787 1452 2826 serm.
1500 2770 1567 2825 de
1606 2771 1783 2826 verbis

152 2860 363 2931 apostoli
385 2861 599 2928 Jacobi,
632 2864 775 2915 tom.
810 2859 876 2925 V,
911 2863 1057 2931 part.
1095 2877 1133 2927 1,
1159 2858 1268 2915 col.
1301 2858 1407 2913 977
1437 2862 1495 2914 et
1526 2859 1674 2930 seq.)

211 2948 407 3004 Deinde
424 2949 555 3004 veni
576 2950 635 3003 in
651 2956 833 3021 partes
850 2948 1097 3021 Syriseet
1116 2949 1350 3012 Ciliciae,
1367 2951 1615 3019 etc.,usq
1624 2964 1695 3004 ue
1708 2948 1778 3003 ad

151 3037 509 3108 clariﬁcabant
537 3038 727 3093 Deum.
744 3037 817 3093 Ut
837 3036 978 3109 quid
1006 3036 1467 3110 magnificabant
1492 3035 1699 3102 Deum,
1731 3036 1782 3092 si

153 3142 251 3181 non
282 3125 452 3194 Deus,
485 3131 623 3195 etc.,
655 3142 825 3199 usque
851 3126 923 3181 ad
954 3142 1071 3181 non
1103 3126 1333 3181 fecerat.
1368 3125 1499 3194 (Id.,
1532 3126 1687 3196 epist.
1710 3124 1781 3180 ad

152 3215 377 3284 l’italem,
410 3220 560 3271 tom.
594 3214 683 3283 XI,
717 3214 827 3272 col.
861 3215 1012 3287 987.)

1907 726 2020 783 col.
2050 731 2201 798 282.)

1977 817 2424 873 Ascribentibus
2453 819 2794 877 auctoribus
2833 825 3170 877 sanctarum
3221 822 3556 895 Scriptura-

1907 920 2061 973 rum,
2085 909 2219 973 etc.,
2245 922 2412 978 usque
2440 907 2509 962 ad
2540 908 2919 965 Sacramenta
2946 913 3216 966 tractare.
3242 911 3421 983 (Ibid.,
3445 910 3553 967 col.

1902 994 2010 1048 285
2040 998 2098 1049 et
2125 994 2271 1066 seq.)

1975 1082 2302 1138 Didicimus
2358 1084 2688 1156 apostolum
2748 1086 2982 1143 Petrum
3033 1086 3094 1143 in
3145 1104 3259 1160 quo
3287 1088 3557 1161 usquead

1903 1170 2262 1242 provehitur.
2326 1172 2532 1243 (Idem,
2595 1174 2692 1229 lib.
2757 1193 2793 1230 11
2842 1176 2908 1229 de
2954 1176 3252 1248 Baptismo,
3280 1180 3422 1233 tom.
3456 1177 3553 1244 IX,

1904 1257 2013 1313 col.
2047 1259 2194 1331 427.)
3382 1306 3387 1309 ,

1974 1346 2225 1403 Omnino
2276 1350 2595 1405 tenendum
2627 1349 2687 1405 in
2727 1351 2995 1408 doctrina
3041 1352 3340 1427 religionis
3389 1354 3553 1411 nullo

1901 1436 2077 1491 modo
2108 1452 2235 1493 esse
2267 1437 2690 1494 mentiendum.
2721 1440 2807 1494 Ad
2839 1442 3201 1497 ostendenda
3224 1459 3384 1515 ergo,
3413 1448 3547 1510 etc.,

1901 1540 2071 1596 usque
2126 1525 2196 1581 ad
2241 1526 2648 1599 redarguebat.
2707 1528 2915 1600 (Idem.
2961 1529 3057 1586 lib.
3110 1545 3162 1585 c.
3194 1530 3446 1587 Mendac.
3480 1532 3555 1587 ad

1902 1613 2172 1682 Consent.,
2205 1619 2347 1671 tom.
2380 1615 2475 1682 VI,
2509 1614 2619 1672 col.
2650 1617 2757 1671 536
2783 1621 2841 1672 et
2863 1620 3045 1689 seq.).

1969 1702 2039 1757 Et
2070 1702 2119 1758 si
2150 1702 2265 1759 tale
2296 1703 2521 1774 aliquid
2549 1704 2675 1777 ipse
2701 1706 2915 1761 Paulus
2946 1706 3179 1774 fecerat,
3212 1711 3348 1776 etc.,
3381 1725 3550 1781 usque

1897 1790 1969 1845 ad
1996 1790 2342 1863 disputanti.
2377 1793 2583 1864 (Idem,
2614 1796 2774 1865 epist.
2806 1795 2876 1849 ad
2904 1796 3247 1868 Hieronym.)

1969 1878 2058 1933 Illi
2080 1878 2181 1951 qui
2202 1897 2264 1935 se
2284 1880 2645 1938 Christianos
2660 1883 2989 1939 Nazarenos
3007 1888 3551 1957 vocant,etc.,usque

1899 1965 1970 2020 ad
2000 1973 2427 2025 remanserunt.
2464 1970 2671 2042 (Idem,
2704 1972 2801 2026 tib.
2834 1989 2913 2028 v11
2956 1971 3023 2028 de
3068 1975 3368 2045 Baptismo,
3401 1978 3547 2032 tom.

1900 2054 1989 2124 IX,
2022 2055 2129 2111 col.
2164 2058 2314 2129 225.)

1966 2149 2075 2202 Nos
2100 2154 2305 2202 natura
2330 2147 2538 2215 Judaei,
2572 2156 2623 2204 et
2652 2165 2760 2205 non
2809 2167 2879 2206 ea:
2925 2150 3175 2221 gentibus
3220 2160 3543 2225 peccatores.

1898 2232 2163 2290 Flamma
2176 2235 2501 2291 combussit
2514 2242 2868 2309 peccatores.
2883 2238 3009 2294 Non
3022 2244 3129 2306 est,
3145 2231 3545 2312 etc.;usquead

1895 2327 2185 2380 oneratos.
2220 2324 2425 2396 (Idem,
2476 2332 2633 2382 tract.
2679 2328 2827 2399 psal.
2858 2344 2948 2397 cv,
2979 2331 3121 2384 tom.
3156 2327 3249 2398 IV,
3300 2334 3450 2402 part.
3476 2343 3540 2399 11,

1895 2411 2005 2467 col.
2034 2412 2219 2481 4412.)

1962 2499 2202 2557 Scientes
2230 2510 2411 2559 autem
2440 2504 2581 2575 quod
2608 2521 2716 2560 non
2739 2506 3248 2577 justiﬁcatur,etc.,
3267 2523 3451 2579 usque
3468 2507 3541 2563 ad

1894 2590 2312 2646 constituo.Non
2327 2590 2464 2663 quia
2476 2609 2652 2664 opera
2664 2593 2817 2649 bona
2833 2595 3211 2661 frustrantur,
3227 2599 3361 2662 etc.,
3374 2612 3546 2669 usque

1894 2678 1963 2733 ad
1984 2677 2376 2750 impetrantur
2394 2684 2621 2736 caetera.
2646 2681 2848 2750 (Idem,
2866 2683 2961 2738 lib.
2977 2683 3048 2738 ad
3068 2684 3545 2756 Paulinumepis.)

1890 2768 2001 2836 Ego
2029 2768 2180 2822 enim
2205 2784 2305 2838 per
2334 2768 2524 2839 legem,
2557 2773 2691 2837 etc.,
2716 2787 2905 2842 usque
2953 2772 3026 2827 ad
3074 2773 3135 2826 in
3162 2788 3248 2828 me
3276 2774 3543 2831 Christus.

1891 2855 2136 2928 Cognita
2183 2856 2283 2911 Dei
2336 2858 2526 2929 gratia
2575 2875 2704 2930 qua:
2750 2859 2875 2914 sola
2905 2858 3178 2916 liberata
3206 2861 3547 2933 praevarica-

1890 2944 2067 3012 tione,
2093 2949 2226 3013 etc.,
2248 2961 2419 3017 usque
2448 2947 2517 3002 ad
2546 2946 2935 3020 perimuntur.
2972 2948 3183 3019 (Idem,
3206 2957 3362 3005 tract.
3390 2951 3536 3022 psal.

1890 3051 2083 3102 cxvm,
2117 3038 2257 3091 tom.
2294 3035 2386 3104 IV,
2421 3041 2569 3109 part.
2604 3054 2662 3104 11,
2697 3036 2806 3093 col.
2842 3037 2983 3093 4575
3012 3040 3068 3093 et
3098 3040 3247 3109 seq.)

1960 3123 2108 3179 Audi
2139 3123 2484 3196 Apostolum
2517 3129 2836 3199 negantem
2863 3143 2947 3182 se.
2980 3124 3143 3194 Mihi,
3168 3125 3380 3199 inquit,
3404 3132 3538 3195 etc.,

1890 3229 2063 3285 usque
2083 3212 2155 3269 ad
2184 3214 2242 3268 in
2274 3217 2351 3269 te.
2384 3213 2516 3286 (Id.,
2543 3231 2706 3271 serm.
2736 3214 2802 3271 de
2827 3232 2939 3272 ver.
2971 3216 3142 3271 Evan.
3178 3215 3355 3272 Calat.
3384 3216 3467 3286 6.)

211 3302 474 3372 Luceant,
503 3304 697 3376 inquit
716 3302 1020 3372 Dominus,
1038 3319 1213 3377 opera
1233 3307 1444 3374 vestra,
1468 3306 1784 3376 etc.,usque
1813 3286 1857 3354 C
1967 3301 2117 3371 Quod
2144 3310 2325 3358 autem
2353 3319 2465 3359 non
2494 3305 2634 3370 vivo,
2666 3308 2799 3371 etc.,
2834 3320 3021 3377 usque
3051 3305 3125 3360 ad
3148 3320 3248 3377 pro
3271 3321 3376 3361 me.
3389 3307 3538 3378 Apo-

150 3392 210 3446 ad
250 3392 559 3449 viviﬁcavit
606 3392 874 3448 Paulum.
917 3393 1049 3471 (Id.,
1082 3409 1244 3449 scrm.
1276 3394 1435 3464 epist.
1468 3394 1623 3449 Joan.
1656 3406 1780 3465 vm,

150 3484 277 3536 tom.
309 3485 406 3554 III,
440 3486 593 3554 part.
628 3499 690 3554 11,
720 3481 830 3537 col.
862 3482 1052 3551 2037.)

786 3578 1019 3634 CAPUT
1057 3578 1123 3634 ῙΙ.

206 3659 400 3716 Deinde
421 3667 550 3733 post
575 3676 747 3717 annos
771 3659 1197 3731 quatuordecim,
1223 3663 1357 3727 etc.,
1377 3676 1565 3731 usque
1597 3659 1668 3714 ad
1687 3666 1782 3714 aut

146 3752 511 3805 cucurrissem.
527 3752 658 3821 Ipse
679 3747 979 3821 apostolus
1002 3746 1218 3803 Paulus
1232 3752 1364 3819 post
1378 3748 1781 3804 ascensionem

147 3835 356 3893 Domini
387 3839 458 3894 de
491 3837 656 3906 coelo,
690 3841 825 3905 etc.,
879 3853 1050 3909 usque
1098 3837 1168 3892 ad
1214 3836 1446 3892 locutus
1487 3837 1779 3893 audiatur.

146 3925 216 3995 (S.
243 3928 407 4000 Aug.,
441 3926 549 3982 lib.
583 3935 758 3983 contr.
791 3927 1070 3992 Faustum,
1101 3925 1192 3980 tit.
1224 3927 1338 3993 54.)

207 4015 323 4071 Νοιι
352 4033 456 4088 pro
489 4015 584 4073 his
614 4020 812 4071 autem
844 4031 984 4088 rogo
1016 4015 1343 4081 tantum,id
1375 4018 1464 4070 est
1494 4031 1621 4087 pro,
1648 4018 1783 4082 etc.,

146 4120 299 4179 usque
326 4105 395 4161 ad
425 4104 627 4161 credit.
660 4104 792 4176 (Id.,
818 4112 982 4161 tract.
1008 4107 1180 4160 Evan.
1200 4120 1304 4160 sec.
1328 4105 1484 4160 Joan.
1509 4106 1781 4173 cv1,tom.

150 4191 233 4265 ΙΙΙ,
259 4198 403 4269 part.
436 4212 503 4263 11,
536 4194 645 4250 col.
682 4193 864 4267 1917.)

215 4281 445 4341 Proinde
495 4282 580 4340 sic
626 4281 1028 4357 intelligamus
1077 4282 1255 4355 quod,
1287 4286 1423 4351 etc.,
1454 4298 1626 4355 usque
1654 4280 1724 4337 ad
1752 4298 1787 4338 a

153 4372 400 4431 mortuis.
432 4372 622 4444 (Ibid.,
657 4371 766 4429 col.
801 4371 960 4429 4919.

210 4459 282 4516 De
310 4462 514 4521 decem
544 4461 795 4534 leprosis
827 4478 975 4534 quos
1006 4461 1088 4518 ita
1116 4461 1442 4532 mundavit,
1474 4463 1781 4529 cum,etc.,

148 4564 298 4622 usque
325 4550 394 4606 ad
424 4550 812 4609 monstrabat.
843 4550 975 4623 (Id.,
995 4551 1091 4606 lib.
1114 4550 1318 4619 Qnmst.
1338 4567 1533 4620 evang.
1561 4553 1781 4618 11,tom.

152 4637 240 4701 IIl,
270 4642 416 4709 part.
450 4655 515 4707 11,
544 4636 658 4696 col.
693 4638 831 4694 1334
858 4641 915 4694 et
943 4640 1095 4710 seq.)

207 4726 299 4781 Sed
326 4743 500 4799 neque
529 4729 678 4785 Titus
726 4728 823 4800 qui
868 4743 1076 4784 mecum
1125 4734 1243 4783 erat
1293 4744 1419 4783 cum
1465 4735 1619 4797 esset,
1652 4730 1785 4795 etc.,

151 4827 317 4886 usque
344 4817 415 4872 ad
448 4817 692 4873 hominis
738 4832 850 4874 non
880 4818 1102 4889 accipit.
1133 4817 1204 4872 Et
1235 4816 1611 4872 Timotheum
1644 4833 1781 4889 pro-

150 4905 327 4971 pterea
348 4904 739 4973 circumcidit,
765 4922 839 4962 ne
859 4905 1081 4962 Judaeis
1104 4908 1181 4971 et,
1203 4909 1336 4974 etc.,
1362 4921 1527 4977 usque
1541 4905 1611 4961 ad
1626 4906 1788 4961 dam-

154 4990 281 5046 nari.
312 4994 444 5063 (Id.,
478 4996 632 5066 epist.
670 4994 739 5050 ad
769 4995 1186 5068 Hieronymum,
1209 4997 1352 5049 tom.
1387 4996 1460 5060 Il,
1492 4992 1603 5048 col.
1635 4994 1785 5065 280.)

213 5078 337 5136 lilii
362 5084 508 5138 enim
544 5085 641 5156 qui
672 5083 1002 5140 videbantur
1037 5099 1152 5139 esse
1181 5081 1397 5154 aliquid
1423 5082 1570 5137 nihil
1601 5090 1788 5137 contu-

158 5166 335 5225 lerunt.
366 5170 470 5227 Sed
497 5179 716 5229 econtra
743 5188 867 5227 cum
895 5172 1181 5243 vidissent,
1204 5175 1339 5238 etc.,
1372 5186 1558 5242 usque
1587 5170 1659 5225 ad
1693 5171 1792 5226 hoc

164 5254 322 5326 ipsum
338 5260 535 5331 facere.
558 5259 711 5316 Dicit
727 5260 957 5318 venisse
979 5277 1043 5317 se
1064 5258 1546 5333 Hierosolymam,
1560 5263 1636 5328 et,
1656 5262 1788 5328 etc.,

160 5357 308 5415 usque
335 5348 405 5404 ad
430 5349 821 5422 discrepabat.
855 5349 988 5420 (Id.,
1021 5349 1119 5405 lib.
1156 5349 1357 5417 Quaest.
1389 5350 1606 5419 evang.)

218 5431 341 5490 Cum
365 5444 551 5493 autem
579 5440 813 5494 venisset
843 5444 1060 5506 Petrus,
1090 5442 1222 5507 etc.,
1257 5452 1445 5508 usque
1466 5436 1537 5492 ad
1558 5436 1789 5491 simula-

159 5521 358 5580 tionem.
393 5526 453 5582 Si
486 5526 593 5583 hoc
616 5526 753 5583 fecit
778 5526 984 5583 Petrus
1007 5527 1162 5599 quod
1190 5527 1379 5581 facere
1398 5523 1620 5591 debuit,
1654 5528 1787 5592 etc.,

158 5621 307 5682 usque
333 5614 401 5670 ad
430 5631 557 5673 esse
586 5633 703 5672 non
735 5632 927 5689 posse.
960 5616 1264 5689 (Id.,epist.
1282 5612 1351 5671 ad
1375 5613 1786 5687 Hieronymum,

158 5694 283 5763 tom.
317 5702 385 5779 II,
415 5704 523 5764 col.
555 5707 663 5763 278
688 5709 745 5769 et
775 5706 922 5783 εθίιο)

1891 3389 2078 3447 stolus
2099 3390 2276 3447 dicit:
2301 3390 2408 3455 Qui
2429 3390 2549 3447 filio
2571 3392 2804 3465 proprio
2822 3410 2937 3448 non
2960 3393 3233 3466 pepercit,
3252 3394 3376 3460 sed,
3398 3397 3532 3465 etc.,

1889 3496 2061 3552 usque
2087 3479 2159 3535 ad
2187 3479 2538 3537 invenimus.
2578 3481 2708 3553 (Id.,
2750 3489 2908 3538 tract.
2944 3484 3004 3538 in
3030 3483 3202 3554 Epist.
3231 3487 3397 3541 Joan.
3429 3499 3530 3553 νιι,

1890 3573 2035 3624 tom.
2068 3572 2168 3636 ΙΙΙ,
2201 3572 2350 3641 part.
2383 3586 2444 3637 11,
2479 3568 2587 3626 col.
2616 3570 2761 3625 2032
2788 3574 2846 3626 et
2873 3574 3024 3642 seq.)

1962 3658 2081 3713 Non
2108 3657 2309 3729 abjieio
2339 3660 2601 3727 gratiam,
2633 3664 2767 3727 etc.,
2802 3672 2989 3732 usque
3035 3661 3108 3716 ad
3154 3669 3403 3718 mortuus
3439 3668 3536 3717 est.

1892 3746 2034 3813 Quis
2056 3746 2137 3801 ita
2157 3747 2234 3802 sit
2254 3747 2473 3803 surdus
2504 3748 2783 3804 adversus
2816 3749 3192 3822 apostolicae,
3217 3754 3349 3818 etc.,
3372 3765 3543 3822 usque

1892 3836 1962 3889 ad
1987 3836 2142 3908 quod
2173 3836 2440 3908 perierat.
2465 3837 2601 3907 (Id.,
2620 3838 2717 3892 lib.
2737 3837 2803 3892 de
2825 3837 2972 3894 Grat.
3004 3847 3056 3894 et
3086 3839 3257 3896 libero
3286 3839 3542 3907 arbitrio,

1891 3928 2035 3979 tom.
2067 3924 2133 3991 Χ,
2166 3923 2274 3979 col.
2308 3924 2457 3996 890.)

1964 4012 2145 4067 Nemo
2176 4012 2233 4067 in
2266 4029 2331 4069 eo
2364 4014 2520 4085 quod
2567 4015 2797 4070 videtur
2826 4014 3042 4072 habere
3070 4016 3375 4089 glorietur,
3410 4020 3545 4085 etc.,

1892 4116 2062 4172 usque
2107 4100 2178 4157 ad
2236 4100 2308 4156 ab
2364 4117 2452 4156 eo.
2504 4103 2637 4174 (Id.,
2683 4104 2781 4159 lib.
2813 4108 2964 4161 Sent.
2995 4108 3275 4178 Prosperi,
3302 4110 3446 4162 tom.
3477 4105 3545 4174 X,

1892 4193 2043 4262 part.
2076 4207 2134 4257 ιι,
2167 4188 2275 4246 col.
2310 4189 2496 4260 4880.)

2532 4278 2765 4336 CAPUT
2796 4285 2897 4336 III.

1966 4368 2005 4425 0
2034 4369 2301 4427 insensati
2332 4368 2558 4435 Galatae,
2583 4371 2706 4441 quis
2735 4386 2826 4426 vos
2855 4372 3327 4442 fascinavit,etc.,
3360 4387 3549 4445 usque

1894 4458 1967 4513 ad
1988 4456 2059 4513 ad
2074 4458 2383 4529 justitiam.
2406 4457 2510 4512 Hic
2532 4474 2675 4514 sane
2693 4457 2796 4514 illa
2816 4459 3106 4515 sententia
3126 4460 3387 4531 ponitur,
3408 4464 3544 4530 etc.,

1894 4562 2066 4618 usque
2090 4544 2160 4601 ad
2190 4545 2597 4602 circumcisus.
2629 4548 2709 4616 (S.
2737 4547 2888 4620 Aug.
2934 4546 3031 4601 lib.
3065 4546 3133 4603 de
3159 4546 3275 4602 Civ.
3305 4548 3405 4603 Dei
3427 4564 3544 4617 xv1,

1814 4656 1864 4723 Ι)
1895 4638 2037 4691 tom.
2068 4634 2193 4702 VII,
2224 4633 2333 4691 col.
2365 4635 2514 4707 500.)

1970 4723 2281 4793 Cognoscite
2324 4740 2452 4794 ergo
2501 4726 2634 4797 quia
2683 4727 2801 4798 qui,
2832 4730 2968 4794 etc.,
2996 4740 3185 4798 usque
3217 4725 3290 4781 ad
3320 4726 3460 4781 vivet
3485 4726 3548 4782 in

1893 4814 2031 4870 illis.
2058 4812 2176 4869 Hoc
2205 4812 2429 4868 dictum
2452 4814 2634 4869 estad
2658 4814 2974 4883 Abraham,
3000 4818 3133 4883 etc.,
3167 4829 3336 4886 usque
3363 4814 3434 4869 ad
3462 4814 3547 4869 vi-

1894 4904 2123 4959 demus.
2149 4901 2279 4975 (ld.,
2304 4901 2401 4957 lib.
2429 4910 2602 4958 contr.
2636 4905 2921 4971 Faustum,
2953 4902 3549 4971 tom.VIII,col.275.)

1966 4991 2280 5064 Impletum
2311 4994 2402 5047 est
2423 4992 2579 5063 quod
2612 4992 2972 5063 promissum
2994 4996 3084 5049 est
3102 4992 3369 5059 Abrahae,
3387 4994 3444 5047 et
3457 5007 3545 5060 ex,

1897 5085 2030 5149 etc.,
2049 5096 2221 5153 usque
2240 5078 2310 5134 ad
2330 5083 2387 5134 et
2405 5077 2642 5135 coelum.
2666 5080 2801 5149 (Id.,
2824 5098 2987 5137 serm.
3012 5082 3076 5138 de
3095 5081 3241 5138 verb.
3263 5080 3552 5150 Evangelii

1896 5187 2012 5235 xlv,
2042 5174 2184 5225 tom.
2217 5167 2285 5236 V,
2318 5172 2468 5239 part.
2502 5186 2538 5235 1,
2572 5165 2682 5222 col.
2714 5169 2868 5238 727.)

1971 5257 2248 5330 Legimus
2269 5255 2581 5328 justiticari
2614 5255 2675 5310 in
2705 5255 2933 5314 Christo
2965 5259 3068 5329 qui
3118 5259 3387 5326 credunt,
3414 5262 3547 5328 etc.,

1900 5362 2070 5418 usque
2099 5346 2169 5401 ad
2198 5345 2282 5401 ita
2309 5344 2543 5400 dicitur.
2576 5344 2709 5417 (Id.,
2742 5345 2841 5400 lib.
2873 5345 2938 5402 de
2966 5346 3545 5421 Baptis.par.tom.X,
3652 5396 3663 5413 ,

1900 5438 2047 5506 part.
2083 5451 2122 5501 1,
2158 5432 2269 5489 col.
2304 5433 2451 5507 115.)

1973 5522 2217 5579 Christus
2247 5520 2473 5578 redemit
2498 5539 2617 5588 nos,
2651 5527 2784 5590 etc.,
2819 5539 3006 5595 usque
3037 5523 3108 5579 ad
3152 5533 3249 5579 aut
3287 5541 3550 5597 superor-

1898 5612 2073 5669 dinat.
2108 5610 2357 5667 Secutus
2403 5612 2720 5683 Apostolus
2763 5610 2903 5667 dicit
2932 5612 3003 5668 de
3033 5610 3262 5668 Christo
3295 5629 3308 5667 :
3340 5614 3548 5669 Factus

1899 5706 1989 5762 est
2017 5715 2122 5776 pro
2153 5695 2323 5755 nobis
2354 5697 2755 5761 maledictum.
2784 5699 2948 5760 Sicut
2973 5717 3113 5769 non
3162 5699 3382 5773 timuit,
3411 5703 3549 5783 etc.,
