3856 6200
302 380 419 447 367

1499 379 1731 451 F11th
1773 379 2088 451 DIACONI
2137 379 2513 455 MONACHI.

3592 371 3701 461 3618

306 528 478 584 usque
504 512 576 569 ad
604 512 981 575 sanabuntur.
1016 512 1148 585 (Id.,
1182 513 1279 569 lib.
1310 520 1482 569 contr.
1501 517 1792 582 Faustum,
1807 516 1950 573 tom.
1981 514 2037 591 Α
2137 513 2301 570 Certe
2328 513 2487 569 enim
2508 513 2638 586 ipsa
2651 512 2846 570 estlex
2862 530 2989 585 quae
3020 512 3702 589 subintravit,etc.,usqnc

307 600 455 683 VIII,
488 601 595 665 col.
627 602 733 661 297
761 606 818 656 et
848 602 997 673 seq.)

375 693 442 744 In
472 689 780 761 prophetia
809 689 1031 745 dictum
1057 694 1164 746 est.
1196 689 1545 745 Maledictus
1578 688 1795 758 omnis,
1818 692 1954 756 etc.,

301 778 572 857 usquead
601 779 947 841 benedictio.
980 780 1112 853 (Id.,
1144 788 1301 839 tract.
1332 782 1535 852 psalm.
1570 798 1784 848 xxxvn,
1809 784 1952 842 tom.

305 867 401 936 IV,
438 872 587 939 part.
621 885 661 937 1,
693 868 803 926 col.
837 869 985 941 411.)

370 943 606 1014 Abrahae
661 958 823 1015 dictae
876 966 1002 1013 sunt
1056 961 1452 1031 promissiones
1490 967 1541 1015 et
1574 960 1774 1017 semini
1812 960 1951 1029 ejus.

302 1045 583 1126 Nunquid
612 1047 685 1113 de
713 1063 925 1121 genere
952 1047 1223 1107 venimus
1251 1048 1517 1117 Abrahae,
1540 1052 1859 1119 etc.,usque
1888 1046 1958 1102 ad

303 1133 571 1198 inseruit.
593 1135 719 1208 (Id.,
735 1144 896 1196 tract.
911 1138 1118 1206 Evang.
1133 1153 1237 1195 sec.
1250 1139 1412 1197 Joan.
1426 1154 1661 1205 xxxvm,
1687 1140 1829 1194 tom.
1854 1136 1952 1214 IIl,

304 1228 454 1296 part.
489 1241 547 1291 ιι,
583 1223 691 1280 col.
727 1225 916 1293 4701.)

374 1318 500 1375 Nan
554 1312 691 1377 dicit
743 1323 796 1373 et
848 1315 1173 1384 seminibus,
1206 1319 1341 1384 etc.,
1375 1331 1563 1387 usque
1612 1315 1684 1370 ad
1737 1315 1837 1385 qui
1881 1322 1957 1369 est

308 1401 573 1469 Christus.
606 1402 729 1461 Nisi
762 1402 1028 1461 Christus
1050 1403 1211 1461 solus
1234 1404 1343 1461 iret
1364 1404 1433 1461 ad
1458 1408 1706 1477 patrem,
1730 1420 1845 1459 non
1872 1401 1957 1459 di-

309 1494 483 1552 ceret.
509 1491 688 1553 Nemo
718 1492 983 1551 ascendit
1011 1492 1071 1550 in
1102 1492 1314 1551 coelum
1345 1492 1457 1548 nisi
1499 1493 1599 1564 qui
1632 1491 1953 1569 descendit,

309 1583 445 1648 etc.,
476 1596 649 1652 usque
680 1581 750 1636 ad
781 1598 935 1639 unus
966 1586 1056 1637 est
1076 1582 1364 1639 Christus.
1395 1581 1524 1654 (Id.,
1555 1598 1717 1639 serm.
1748 1581 1814 1638 de
1842 1596 1952 1637 ver.

306 1670 516 1745 Euang.
551 1672 688 1738 LXI.)

377 1762 496 1814 Hoc
521 1767 703 1829 autem
718 1759 837 1816 dico
860 1768 1260 1829 testamentum,
1275 1765 1613 1831 etc.,usque
1629 1759 1700 1815 ad
1726 1759 1957 1817 donavit

305 1852 471 1959 ecus.
495 1848 809 1920 Apostolus
843 1865 978 1959 cum
1005 1848 1638 1959 Abrahae'laudarelt',Jet
1659 1863 1957 1959 qopimen-
1986 1885 2036 1959 Β

288 1938 492 2005 .daret,
516 1940 652 2004 etc.,
674 1954 843 2009 usque
871 1938 943 1993 ad
967 1941 1216 1995 mortem
1244 1936 1484 2009 Joseph.
1511 1936 1643 2007 (Id.,
1676 1937 1773 1993 tib.
1796 1942 1955 2007 Quae.

306 2025 479 2080 Exod
513 2024 605 2081 tit.
640 2043 769 2091 XLV,
802 2029 945 2081 tom.
976 2025 1073 2094 ΙΙΙ,
1107 2028 1257 2097 part.
1295 2042 1330 2093 1,
1364 2023 1472 2079 col.
1503 2025 1655 2093 612.)

377 2112 526 2184 Quid
554 2115 728 2187 igitur
758 2114 1041 2182 tem?etc.,
1073 2129 1261 2184 usque
1293 2113 1365 2171 ad
1396 2128 1539 2169 unus
1568 2120 1666 2168 est.
1702 2111 1846 2168 Cum
1869 2128 1960 2166 ex-

310 2217 610 2277 ponerem,
655 2201 805 2266 Quid
831 2218 991 2275 ergo,
1013 2206 1149 2269 etc.,
1173 2218 1343 2274 usque
1371 2200 1441 2258 ad
1469 2204 1559 2257 est
1588 2200 1794 2273 gratia.
1830 2200 1957 2272 (Id.,

312 2292 414 2349 tib.
446 2298 688 2365 retract.,
719 2294 863 2348 tom.
900 2291 943 2359 Ι,
976 2290 1084 2347 col.
1116 2290 1266 2362 623.)

383 2380 495 2435 Lex
523 2378 1014 2451 praevaricationis
1045 2379 1233 2452 gratia
1265 2379 1455 2451 posita
1483 2382 1591 2446 est,
1624 2382 1730 2435 etc.
1741 2421 1759 2449 ,
1791 2395 1961 2451 usque

311 2468 386 2526 ad
409 2468 655 2527 addidit.
688 2468 819 2541 (Id.,
851 2468 948 2524 tib.
976 2467 1041 2524 de
1071 2470 1409 2541 Perfectione
1428 2469 1669 2541 justitiw
1696 2469 1957 2535 hominis,

310 2562 454 2615 tom.
487 2557 556 2626 X,
586 2562 735 2630 part.
769 2574 808 2624 1,
840 2557 950 2614 col.
983 2558 1133 2626 315.)

382 2646 508 2702 Νοιι
540 2645 785 2719 angelus
816 2644 1214 2719 singulariter,
1247 2647 1348 2703 sed
1379 2646 1618 2703 omnino
1649 2646 1840 2722 angeli
1872 2645 1959 2701 di-

312 2738 529 2793 cuntur
559 2751 572 2789 :
608 2751 730 2807 per,
761 2738 895 2803 etc.,
927 2751 1100 2808 usque
1144 2735 1215 2791 ad
1244 2735 1584 2792 audiuntur.
1619 2736 1724 2808 (Id.
1764 2734 1864 2790 tib.
1898 2751 1960 2794 111

312 2824 378 2881 de
411 2825 631 2897 TriniLi,
662 2828 805 2881 tom.
837 2823 988 2890 VIII,
1020 2823 1127 2880 col.
1163 2825 1314 2893 885.)

296 2960 303 2965 .
384 2911 668 2985 Dominus
710 2917 910 2985 noster
956 2913 1131 2970 Jesus
1161 2912 1431 2972 Christus
1460 2916 1747 2985 tanquam
1777 2916 1960 2978 totus,

316 3005 451 3069 etc.,
475 3018 648 3075 usque
674 3001 745 3058 ad
774 3002 1056 3061 reticeret.
1091 3003 1227 3075 (Id.,
1259 3010 1418 3059 tract.
1444 3003 1589 3074 psal.
1603 3019 1693 3071 xc,
1707 3001 1960 3069 tom.1V,

315 3094 466 3165 part.
498 3108 565 3163 ιι,
597 3090 708 3151 col.
744 3091 885 3147 1159
912 3095 970 3147 et
998 3090 1145 3162 seq.)

386 3178 539 3243 Quid
567 3194 705 3251 ergo
733 3175 826 3237 lex
844 3178 873 3233 ‘I
903 3177 1074 3249 quasi
1108 3195 1258 3249 quae,
1289 3182 1424 3245 etc.,
1456 3195 1624 3251 usque
1648 3178 1719 3234 ad
1748 3178 1963 3237 revela-

310 3271 580 3341 tumest.
612 3267 744 3338 (Id.,
777 3283 941 3325 serm.
974 3266 1039 3322 de
1068 3268 1212 3323 verb.
1239 3267 1445 3339 Apost.)

384 3358 646 3428 Lexergo
672 3355 945 3427 adversus,
988 3359 1123 3426 etc.,
1170 3372 1359 3428 usque
1407 3357 1479 3414 ad
1527 3360 1765 3430 justitia.
1798 3358 1957 3429 Opus

315 3449 406 3504 est
431 3445 545 3502 hoc
571 3444 772 3518 gratiae
806 3461 820 3500 :
856 3460 1034 3516 quam
1064 3444 1165 3516 qui
1191 3445 1505 3517 accipiunt,
1537 3449 1670 3514 etc.,
1702 3462 1871 3518 usque
1890 3446 1959 3503 ad

314 3537 602 3591 teneatur.
637 3533 769 3605 (Id.,
801 3534 960 3604 epist.
1009 3532 1080 3589 ad
1113 3534 1354 3603 Vitatem,
1391 3538 1534 3591 tom.
1565 3535 1638 3603 II,
1671 3535 1779 3591 col.
1809 3534 1958 3607 983.)

386 3624 504 3680 Lex
521 3621 678 3680 enim
700 3621 825 3678 sine
845 3622 1051 3694 gratia,
1072 3621 1268 3680 littera
1288 3623 1413 3683 sola
1432 3627 1521 3680 est
1544 3642 1556 3681 :
1584 3628 1802 3697 manet,
1824 3628 1958 3693 etc.,

313 3726 486 3784 usque
514 3708 984 3768 adextolleretis.
1022 3711 1152 3785 (Id.,
1188 3720 1344 3769 tract.
1373 3714 1518 3785 psat.
1552 3730 1676 3782 ωσι,
1700 3717 1842 3768 tom.
1865 3711 1958 3780 1V,

286 3807 464 3875 .part.
498 3817 562 3871 11,
593 3799 704 3858 col.
737 3802 890 3871 888.)

387 3890 746 3947 Putabamus
775 3907 882 3947 nos
929 3890 1098 3947 facile
1138 3892 1334 3964 juslos
1382 3908 1510 3949 esse
1542 3908 1732 3965 posse,
1767 3908 1882 3963 qua
1911 3891 1960 3947 si

313 3977 556 4047 viribus,
589 3982 723 4048 etc.,
755 3995 926 4052 usque
980 3980 1051 4037 ad
1107 3980 1419 4038 medicina.
1473 3980 1606 4053 (Id.,
1637 3987 1795 4037 tract.
1818 3980 1960 4052 psat.

314 4087 553 4139 Lxxxui,
578 4072 721 4143 tom.
751 4068 842 4141 ιν,
875 4074 1026 4142 part.
1059 4087 1121 4138 11,
1151 4070 1258 4126 col.
1291 4070 1433 4128 4064
1461 4075 1518 4127 et
1546 4073 1698 4142 seq.)

292 4198 301 4211 .
385 4158 445 4216 Si
475 4157 632 4215 enim
662 4159 799 4214 data
826 4163 985 4214 esset
1012 4158 1267 4231 lex,quaa
1289 4164 1506 4232 posset,
1530 4163 1665 4226 etc.,
1688 4174 1858 4231 usque
1887 4158 1966 4214 ad

314 4262 525 4303 sanare
555 4263 639 4302 se.
673 4246 807 4318 (Id.,
837 4264 1001 4303 serm.
1033 4248 1098 4306 de
1124 4249 1271 4305 verb.
1304 4248 1483 4321 Apost.
1512 4247 1738 4313 tom.V,
1765 4251 1963 4320 parta,

296 4334 425 4407 'cpl.
457 4336 610 4404 850.)

389 4425 545 4485 Bona
592 4428 682 4481 est
729 4424 823 4482 lex
866 4425 917 4483 si
961 4426 1097 4498 quis
1127 4443 1194 4483 ea
1224 4425 1503 4499 legitime,
1535 4430 1670 4493 etc.,
1700 4433 1870 4499 usque
1897 4425 1967 4482 ad

316 4517 587 4570 mortuus
617 4518 727 4571 est.
762 4515 948 4587 (Ibid,
980 4515 1088 4571 col.
1122 4515 1272 4587 85L)

2064 602 2136 656 ad
2174 602 2394 674 peccati
2426 603 2632 658 nostri.
2668 603 2803 674 (Id.,
2838 607 2921 658 Ea:
2947 603 3044 659 tib.
3077 611 3219 659 cont.
3256 605 3538 673 Faustum.
3568 605 3699 658 toni.

2064 688 2218 757 VIII,
2252 688 2361 744 col.
2394 689 2491 745 351
2533 689 2586 747 el
2614 690 2762 762 seq.)

2138 777 2331 847 Omnes
2359 780 2508 833 enim
2534 780 2664 849 ﬁlii,
2698 782 2837 847 etc.,
2872 795 3060 853 usque
3091 779 3165 835 ad
3194 795 3367 853 neque
3392 779 3708 855 [eminulis

2065 866 2283 939 templo
2324 867 2449 937 Dei,
2480 871 2538 922 et
2587 868 2880 939 quomodo
2929 868 3356 943 accipiandum,
3387 873 3524 935 etc.,
3548 884 3708 941 usque

2064 954 2135 1009 ad
2164 960 2221 1012 et
2249 955 2501 1028 piorum.
2539 956 2671 1027 (Id.,
2704 956 2803 1011 tib.
2835 956 2899 1011 de
2930 956 3050 1027 bap.
3086 960 3229 1011 tom.
3261 956 3356 1026 IX,
3405 955 3520 1011 col.
3571 956 3706 1026 193.)

2137 1043 2354 1101 Omnes
2384 1045 2541 1103 enim
2574 1045 2729 1117 apud
2759 1061 2889 1100 eam
2916 1044 3109 1101 vestiti
3134 1049 3297 1112 sunt,
3318 1045 3711 1117 etc.,usquead

2064 1132 2331 1189 vestitus.
2366 1134 2500 1202 (Id.,
2530 1150 2693 1189 serm.
2730 1134 2829 1189 tib.
2860 1135 3068 1190 Salom.
3099 1133 3165 1188 de
3192 1133 3426 1188 muliere
3447 1134 3602 1204 forti.

2138 1222 2333 1290 Omnes
2368 1224 2518 1277 enim
2561 1239 2679 1291 vos,
2713 1227 2850 1295 etc.,
2883 1239 3070 1294 usque
3127 1223 3203 1293 ad
3259 1221 3524 1279 heredes.
3558 1221 3710 1278 Unus

2065 1314 2154 1367 est
2184 1310 2475 1380 Christus,
2508 1316 2704 1384 caput,
2737 1315 2794 1367 et
2821 1328 3035 1384 corpus
3078 1312 3343 1383 docente,
3376 1315 3513 1378 etc.,
3548 1328 3711 1388 usque

2064 1399 2135 1454 ad
2166 1398 2545 1471 adimplebat.
2578 1400 2714 1469 (Id.,
2744 1408 2904 1456 tract.
2935 1401 3144 1470 Evang.
3175 1416 3280 1456 sec.
3308 1405 3477 1457 Joan.
3511 1404 3630 1474 αν.)

2137 1487 2252 1542 Cur
2278 1504 2415 1560 ergo
2456 1504 2738 1560 magnum
2772 1488 3044 1562 volumus
3078 1487 3351 1562 intelligi,
3381 1493 3517 1555 etc.,
3552 1506 3712 1561 usque

2065 1576 2135 1641 ad
2164 1575 2515 1647 ejicientem.
2551 1577 2683 1648 (Id.,
2739 1584 2895 1632 tract.
2956 1578 3162 1649 Evang.
3218 1592 3324 1633 sec.
3372 1578 3533 1634 Joan.
3567 1592 3704 1642 (nux.

2066 1668 2206 1720 tom.
2238 1664 2332 1729 Ill,
2368 1669 2518 1736 part.
2553 1683 2613 1733 ιι,
2648 1665 2756 1721 col.
2792 1666 2933 1721 4946
2962 1670 3019 1721 et
3049 1669 3201 1738 seq.)

2137 1753 2422 1815 Omnibus
2445 1753 2504 1808 in
2527 1754 2827 1811 Christum
2860 1755 3253 1824 credentibus,
3273 1772 3391 1825 non
3412 1755 3712 1830 solis,etc.,

2067 1859 2237 1913 usque
2291 1843 2362 1898 ad
2410 1843 2794 1900 Testamenti.
2826 1844 2958 1916 (Id.,
2992 1845 3091 1900 tib.
3122 1844 3187 1899 de
3219 1844 3365 1915 Grat.
3397 1850 3537 1902 Nov.
3593 1847 3711 1901 Test.

2072 1936 2214 1988 tom.
2246 1931 2315 1999 II,
2349 1931 2459 1988 col.
2492 1934 2646 2002 558.)

2705 2019 2934 2076 CAPUT
2983 2020 3076 2076 ιν.

2137 2107 2266 2162 Dico
2289 2115 2489 2177 autem,
2523 2117 2723 2180 quanto
2751 2116 3003 2182 tempore,
3038 2110 3236 2179 haeres,
3270 2115 3408 2178 etc.,
3437 2127 3628 2185 usque
3648 2111 3713 2181 ad

2067 2198 2447 2267 reciperemus.
2480 2197 2547 2252 Et
2578 2214 2750 2254 nemo
2781 2198 2943 2255 misit
2972 2198 3030 2253 in
3073 2198 3241 2255 illum
3291 2216 3509 2256 manus
3537 2217 3551 2257 :
3586 2200 3718 2273 quia

2069 2284 2353 2354 nondum,
2380 2289 2514 2351 etc.,
2540 2302 2709 2357 usque
2730 2286 2799 2341 ad
2821 2286 3054 2344 fecerat.
3080 2289 3213 2361 (Id.,
3235 2296 3391 2344 tract.
3424 2289 3600 2346 Evan.
3618 2306 3714 2345 sec.

2066 2379 2233 2431 Joan.
2261 2391 2418 2440 xxxx,
2450 2379 2591 2430 tom.
2628 2375 2727 2443 III,
2759 2380 2908 2449 part.
2943 2394 3002 2445 ιι,
3034 2377 3142 2432 col.
3176 2377 3364 2450 I639.)

2142 2464 2303 2529 Quod
2331 2463 2430 2531 ait,
2456 2463 2645 2533 Pater,
2658 2465 2815 2520 venit
2835 2465 2999 2533 hora,
3015 2465 3273 2525 clariﬁca
3294 2466 3512 2523 Filium
3528 2471 3715 2534 tuum,

2069 2555 2203 2622 etc.,
2234 2569 2402 2625 usque
2459 2553 2531 2608 ad
2586 2554 2711 2609 dies
2766 2553 2979 2611 salutis
3010 2556 3142 2625 (Id.,
3176 2564 3332 2613 tract.
3362 2559 3588 2627 Evang.
3620 2573 3715 2613 sec.

2070 2646 2237 2698 Joan.
2271 2658 2391 2711 cm,
2424 2645 2567 2697 tom.
2601 2641 2697 2711 III,
2727 2647 2878 2715 part.
2913 2660 2975 2713 ιι,
3009 2643 3121 2700 col.
3155 2644 3295 2700 1902
3323 2649 3384 2701 et
3410 2648 3567 2718 seq.)

2145 2730 2325 2786 Filius
2341 2731 2579 2803 quidem
2591 2776 2604 2801 ,
2628 2747 2747 2801 non
2766 2732 2953 2802 Pater,
2971 2736 3148 2791 natus
3167 2737 3257 2790 est
3271 2734 3343 2788 de
3362 2734 3589 2806 virgine
3602 2734 3719 2807 Ma-

2072 2819 2179 2887 ria,
2210 2824 2344 2886 etc.,
2377 2836 2546 2893 usque
2594 2821 2665 2877 ad
2721 2821 2946 2879 missus
2997 2822 3252 2893 advenit.
3299 2823 3436 2893 (Id.,
3466 2840 3633 2891 δεῖ-ιιι.
3664 2823 3722 2895 de

2077 2910 2251 2976 Trin.,
2284 2912 2433 2965 tom.
2461 2909 2530 2977 V,
2562 2914 2714 2982 part.
2749 2928 2787 2980 1,
2819 2910 2928 2967 col.
2961 2912 3068 2967 357
3097 2916 3157 2968 et
3184 2912 3331 2985 seq.)

2143 2999 2287 3055 Ecce
2316 2998 2456 3070 quid
2488 3001 2577 3054 est
2616 2999 2865 3067 missum
2922 3017 3051 3057 esse
3110 3000 3319 3072 tilium.
3352 3001 3723 3074 Quaecunque

2072 3091 2329 3159 propter,
2359 3091 2495 3156 etc.,
2524 3104 2697 3159 usque
2726 3088 2795 3144 ad
2820 3090 3127 3161 aqualem.
3161 3091 3493 3163 (ld.,tib.de
3528 3093 3718 3148 Trinit.

2072 3192 2148 3242 ιν,
2181 3193 2305 3247 cap.
2343 3175 2365 3230 Ι
2378 3175 2431 3245 9,
2460 3179 2604 3233 tom.
2638 3176 2790 3245 VIII,
2825 3178 2934 3244 col.
2966 3179 3115 3251 905.)

1991 3254 2035 3321 C
2146 3264 2375 3331 Emitte,
2408 3264 2623 3337 inquit,
2656 3265 2819 3322 illam
2871 3268 2943 3323 de
2993 3267 3155 3337 ccslis
3204 3268 3426 3325 sanctis
3471 3269 3618 3340 tuis,
3670 3275 3723 3326 et

2066 3354 2253 3423 mitte,
2285 3359 2417 3424 etc.,
2446 3372 2616 3428 usque
2640 3356 2710 3411 ad
2735 3356 2795 3411 in
2824 3356 3028 3430 gloria.
3062 3357 3248 3430 (Ibid,
3282 3357 3394 3415 col.
3427 3358 3585 3428 907.)

2136 3443 2325 3499 Verbo
2357 3445 2556 3516 itaque
2586 3444 2688 3500 Dei
2720 3446 2791 3503 ad
2826 3445 3110 3503 unitatem
3143 3463 3427 3518 personae,
3463 3452 3606 3519 etc.,
3636 3465 3721 3515 us-

2067 3548 2171 3605 que
2198 3533 2269 3588 ad
2298 3533 2429 3606 ipsa
2458 3538 2631 3590 esset.
2666 3534 2850 3608 (Ibid,
2884 3535 2992 3592 col.
3020 3535 3169 3608 909.)

2140 3621 2300 3679 Misit
2321 3621 2475 3679 Deus
2506 3622 2717 3679 Filium
2763 3640 2938 3680 suum
2988 3624 3208 3681 factum
3241 3642 3311 3685 ex
3361 3625 3633 3695 muliere,
3664 3625 3720 3681 id

2069 3715 2180 3779 est,
2212 3715 2345 3780 etc.,
2376 3727 2547 3783 usque
2575 3713 2645 3768 ad
2674 3713 2746 3768 ad
2787 3713 2992 3770 Deum.
3027 3714 3162 3784 (Id.,
3192 3722 3347 3773 tract.
3378 3716 3528 3787 psat.
3559 3732 3713 3785 xxxi,

2070 3804 2212 3858 tom.
2247 3801 2342 3869 IV,
2378 3791 2525 3875 part.
2558 3819 2601 3860 ι.
2630 3801 2735 3858 col.
2767 3802 2918 3869 269.)

2145 3892 2581 3963 lnterrogamus
2615 3890 2948 3963 apostolum
2978 3897 3035 3948 et
3064 3892 3207 3949 dicit
3225 3893 3419 3963 nobis,
3439 3895 3714 3967 quoniam

2072 3996 2189 4041 non
2214 3996 2443 4047 sumus,
2466 3983 2599 4048 etc.,
2623 3996 2794 4052 usque
2813 3981 2883 4036 ad
2900 3981 3075 4037 Jesus
3098 3981 3385 4039 Christus.
3409 3984 3546 4051 (1d,,
3566 3991 3714 4039 tract.

2072 4074 2281 4138 Avang.
2309 4084 2414 4131 sec.
2444 4073 2611 4127 Joan.
2646 4085 2732 4138 ιιι,
2764 4073 2907 4126 tom.
2941 4069 3040 4140 III,
3074 4074 3224 4143 part.
3257 4088 3319 4140 11,
3339 4071 3452 4128 col.
3491 4072 3718 4140 i397,et

2074 4158 2221 4230 seq.)

2146 4246 2308 4303 Misit
2337 4247 2537 4319 itaque
2589 4248 2744 4306 Deus
2792 4248 3003 4313 Filium
3037 4266 3212 4309 suum
3244 4250 3464 4309 factum
3491 4267 3563 4307 ex
3592 4267 3719 4306 mu—

2074 4334 2235 4403 liere,
2281 4340 2414 4403 etc.,
2467 4352 2635 4409 usque
2691 4337 2761 4393 ad
2809 4337 3141 4406 hominum.
3175 4338 3305 4412 (Id.,
3341 4340 3444 4396 tib.
3476 4341 3545 4401 de
3571 4345 3719 4407 6rd,,

2074 4425 2204 4482 Nov.
2243 4426 2404 4493 Test.,
2436 4427 2579 4481 tom.
2616 4425 2685 4495 II,
2719 4425 2828 4481 col.
2860 4427 3014 4499 542.)

2146 4513 2345 4585 Neque
2372 4513 2531 4579 enim
2573 4514 2825 4579 absurde
2866 4516 3083 4583 dicitur
3112 4517 3365 4590 quisque
3397 4534 3517 4586 non
3540 4534 3720 4582 carne,

388 4602 537 4669 Quid
564 4603 699 4659 fecit
727 4603 821 4659 lex
850 4604 977 4661 sine
1006 4603 1214 4677 gratia,
1260 4602 1369 4659 nisi
1405 4604 1612 4676 magis,
1637 4607 1771 4671 etc.,
1799 4619 1967 4687 usque
1997 4624 2045 4690 D
2076 4607 2209 4669 etc.,
2241 4619 2410 4675 usque
2428 4602 2498 4658 ad
2518 4604 2793 4661 ostendit.
2817 4605 2949 4674 (Id.,
2976 4606 3074 4661 tib.
3117 4606 3183 4669 de
3218 4608 3392 4671 Cons.
3417 4609 3722 4680 evangelia.

318 4691 390 4748 ad
419 4691 518 4748 ubi
551 4709 708 4764 spes.
743 4693 875 4766 (Id.,
905 4709 1067 4749 serm.
1102 4692 1168 4748 de
1197 4692 1609 4763 illuminatione
1635 4694 1789 4763 caeci,
1823 4696 1964 4748 tom.

318 4784 388 4848 V,
416 4783 565 4852 part.
594 4798 636 4847 1,
668 4780 776 4837 col.
816 4782 974 4851 753.)

385 4869 490 4926 Sed
518 4870 783 4927 conclusit
807 4871 1119 4942 Scrip.’ura,
1135 4873 1267 4935 etc.,
1286 4885 1471 4941 usque
1492 4871 1565 4926 ad
1586 4868 1970 4926 credentibus?

318 4959 399 5014 Ex
428 4958 536 5014 hac
567 4958 980 5031 promissione,
1012 4958 1142 5025 hoc,
1176 4962 1310 5027 etc.,
1338 4975 1508 5030 usque
1535 4959 1607 5015 ad
1636 4958 1967 5015 sanandum

319 5047 448 5105 fuit.
484 5048 614 5118 (Id.,
650 5049 747 5103 lib.
781 5066 819 5102 ιι
851 5047 916 5103 de
944 5053 1101 5119 Bapt.
1132 5051 1316 5118 parv.)

390 5136 451 5191 Si
481 5136 637 5192 enim
665 5137 800 5191 data
831 5140 985 5191 esset
1008 5135 1099 5191 lex
1131 5152 1260 5206 qum
1288 5139 1506 5207 posset,
1540 5140 1671 5213 etc.,
1704 5152 1872 5209 usque
1899 5136 1971 5193 ad

321 5229 624 5298 quaereret.
659 5225 792 5293 (Id.,
825 5225 981 5296 epist.
1013 5223 1084 5279 ad
1133 5224 1386 5295 Optatum
1441 5214 1773 5298 episcopum,
1824 5230 1967 5283 tom.

315 5313 392 5383 II,
425 5311 535 5369 col.
567 5310 719 5381 859.)

392 5400 807 5466 Manifestatio,
841 5393 1395 5472 inquit,‘verborum
1426 5406 1684 5475 tuorum,
1713 5409 1847 5473 etc.,
1873 5422 1967 5461 us-

319 5488 517 5562 quead
547 5487 851 5545 clamares.
880 5489 1015 5561 (Id.,
1059 5498 1216 5548 tract.
1271 5494 1416 5562 psal.
1477 5510 1669 5561 cxvm,
1715 5498 1837 5551 tom
1872 5494 1965 5562 IV,

321 5582 472 5651 part.
507 5593 569 5643 ιι,
599 5576 706 5632 col.
740 5577 880 5633 1580
905 5581 964 5633 et
993 5580 1141 5652 seq.)

272 5724 283 5731 .
389 5666 557 5728 Prius
574 5672 755 5727 autem
774 5681 941 5747 quam
958 5671 1184 5743 veniret,
1197 5676 1331 5750 etc.,
1346 5689 1535 5751 usque
1555 5674 1625 5729 ad
1642 5672 1960 5749 padagogo.

2078 4709 2141 4761 ιι,
2168 4695 2310 4748 tom.
2348 4692 2450 4761 III,
2482 4696 2633 4765 part.
2668 4710 2708 4762 1,
2740 4693 2851 4749 col.
2885 4694 3074 4764 4073.)

2144 4780 2490 4853 Adoptionis
2522 4798 2735 4845 nomen
2767 4782 3115 4855 plurimum,
3146 4787 3283 4857 etc.,
3313 4802 3487 4859 usque
3518 4784 3723 4842 adado-

2077 4867 2197 4941 ptio
2225 4874 2483 4926 vocatur.
2514 4872 2644 4942 (Id.,
2681 4872 2778 4928 lib.
2812 4881 2984 4929 contr.
3018 4879 3310 4944 Faustum,
3343 4877 3428 4933 tit.
3466 4879 3548 4944 7.)

2149 4961 2427 5030 Quoniam
2457 4968 2636 5017 autem
2684 4963 2812 5018 estis
2841 4963 2953 5033 ﬁlii
2986 4966 3111 5032 Dei,
3143 4967 3278 5031 etc.,
3312 4980 3506 5036 usque
3536 4966 3607 5023 ad
3632 4979 3724 5035 ρσ

2077 5048 2709 5121 Deum.Misitspiritum
2725 5051 2851 5106 Filii
2866 5051 2958 5108 sui
2970 5052 3322 5113 clamantem
3337 5069 3350 5106 :
3367 5054 3539 5110 Abba
3549 5058 3717 5126 pater,

2076 5136 2134 5194 id
2158 5141 2267 5203 est,
2290 5141 2424 5206 etc.,
2448 5155 2618 5210 usque
2647 5140 2716 5197 ad
2748 5139 3089 5201 clamemus.
3126 5141 3257 5213 (Id.,
3290 5143 3389 5198 lib.
3422 5142 3490 5199 de
3522 5144 3636 5201 Cor.
3671 5148 3717 5195 et

2076 5226 2305 5299 gratia.)

2147 5314 2374 5389 Aliquis
2402 5316 2649 5375 forsitan
2672 5323 2895 5392 quaerat
2916 5323 3116 5379 utrum
3138 5324 3197 5378 et
3215 5338 3250 5379 a
3272 5320 3419 5379 Filio
3430 5320 3713 5395 procedat.

2077 5408 2215 5474 etc.,
2245 5421 2414 5477 usque
2461 5406 2531 5462 ad
2581 5407 2757 5465 habet
2805 5406 2988 5467 Patre.
3027 5410 3156 5482 (Id.,
3190 5419 3348 5470 tract.
3377 5412 3587 5482 Euang.
3615 5423 3712 5466 sec.

2073 5495 2231 5551 Joan.
2265 5511 2318 5561 ο,
2353 5498 2492 5551 tom.
2528 5496 2628 5563 IlI,
2652 5502 2803 5569 part.
2840 5516 2899 5570 ιι,
2932 5498 3040 5556 col.
3077 5501 3260 5574 1888.)

2145 5583 2251 5638 Sed
2279 5592 2405 5639 tunc
2428 5584 2674 5656 quidem,
2707 5591 2840 5658 etc.,
2875 5604 3063 5661 usque
3093 5590 3164 5645 ad
3196 5588 3713 5651 serviebatis.Natu-

2076 5688 2199 5730 ram
2224 5672 2409 5730 ﬁlium
2443 5689 2572 5731 esse
2603 5674 2820 5735 dixisti.
2852 5677 2978 5736 Non
3010 5694 3148 5756 ergo
3175 5683 3364 5752 pater,
3395 5685 3529 5755 etc.,
3557 5688 3714 5752 usque
