3856 6200
984 333 1397 398 EXPOSITIO
1440 332 1521 395 IN
1564 333 1739 396 EPP.
1783 328 2279 398 PAULI-.-‘EP.
2321 334 2426 398 AD
2471 335 2755 402 GALAT.

3452 336 3576 402 B70

170 471 240 527 ad
266 485 467 527 verum
501 467 745 542 negetis.
780 468 912 538 (Id.,
946 468 1043 525 lib.
1096 477 1269 527 contr.
1297 468 1544 525 Maximi.
1576 483 1640 535 11,
1672 472 1815 523 tom.
1847 467 1903 534 Α
2006 469 2181 526 Unum
2210 470 2428 543 quidem
2456 472 2517 528 in
2542 481 2742 541 monte,
2774 477 2909 544 etc.,
2971 486 3141 546 usque
3172 471 3242 529 ad
3269 475 3404 545 ﬁliis
3432 478 3572 534 suis.

172 560 316 628 Vill,
351 557 461 614 col.
495 559 643 631 758.)

1928 561 1994 612 In
2034 556 2132 614 illo
2192 562 2563 631 testamento,
2598 564 2751 634 quod
2812 562 3045 635 proprie
3101 563 3280 619 Vetus
3338 564 3571 634 dicitur,

238 651 399 705 Nunc
426 662 550 704 vero
579 655 970 717 cognoscentes,
1002 650 1136 716 etc.,
1170 663 1357 720 usque
1377 642 1451 702 ad
1469 648 1675 702 servire
1701 646 1821 701 vul—
1928 649 2060 715 etc.,
2093 663 2263 721 usque
2291 649 2365 705 ad
2402 649 2902 707 ministraverunt.
2964 652 3095 724 (Id.,
3132 652 3229 708 lib.
3286 653 3350 710 de
3408 654 3576 713 Gesti:

171 741 238 795 tis
255 737 283 792 ‘2
302 736 396 793 Sic
417 736 478 792 in
502 740 702 793 sancto
724 735 969 809 apparui
992 736 1119 803 tibi,
1137 739 1202 792 ut
1219 736 1476 792 viderem
1499 735 1817 808 potentiam

170 830 349 892 tuam,
380 828 516 894 etc.,
540 842 711 898 usque
731 825 803 880 ad
823 841 1102 897 apparere
1125 825 1300 893 Deus,
1328 824 1460 897 (Id.,
1483 832 1641 880 tract.
1670 824 1814 897 psal.

172 932 296 987 1.111,
329 920 474 971 tom.
508 908 602 981 IV,
636 918 786 987 part.
821 931 859 969 1.
894 913 1003 968 col.
1026 915 1178 983 754.)

238 1004 378 1059 Cum
392 1003 552 1060 enim
571 1003 789 1059 dicitur
809 1004 964 1076 quod
982 1019 1090 1058 nos
1111 1003 1429 1075 cognoscit,
1449 1001 1603 1059 Deus
1615 1002 1815 1076 cogni-

172 1093 403 1160 tionem,
438 1096 572 1161 etc.,
602 1109 773 1165 usque
819 1092 890 1148 ad
939 1091 1000 1147 tit
1020 1091 1229 1147 bonus.
1260 1092 1391 1163 (Id.,
1426 1093 1521 1147 lib.
1553 1094 1618 1148 de
1667 1091 1812 1147 Crat.

170 1183 292 1239 Nov.
330 1183 580 1248 Testam.,
606 1185 746 1237 tom.
779 1181 949 1249 XVII,
984 1180 1094 1237 col.
1126 1182 1235 1236 574
1261 1184 1318 1235 et
1348 1180 1495 1252 seq.)

236 1270 463 1326 Dicitur
493 1270 647 1327 Deus
678 1270 1041 1343 cognovisse,
1073 1269 1230 1341 quod
1261 1274 1347 1336 ut,
1380 1272 1513 1337 etc.,
1546 1285 1716 1341 usque
1745 1268 1816 1324 ad

172 1363 614 1432 cognosceretur
641 1359 850 1415 effecit.
881 1358 1013 1429 (Id.,
1047 1359 1145 1414 lib.
1178 1358 1243 1415 de
1274 1359 1387 1414 Civ.
1421 1359 1519 1413 Dei
1548 1375 1681 1414 χχιι.
1717 1358 1732 1420 )

237 1447 397 1504 Sicut
424 1451 581 1504 recte
610 1447 827 1503 dicitur
886 1452 1036 1503 Deus
1069 1448 1256 1502 facere
1312 1446 1623 1519 quidquid,
1677 1450 1811 1517 etc.,

172 1552 329 1609 usque
346 1536 419 1592 ad
446 1537 783 1593 donaverat.
819 1536 949 1609 (Id.,
972 1536 1069 1592 lib.
1092 1536 1157 1592 de
1180 1536 1308 1592 Cen.
1332 1536 1403 1591 ad
1428 1536 1536 1591 litt.
1567 1553 1642 1603 1v,
1666 1539 1807 1592 tom.

169 1630 265 1694 ΙΙΙ,
294 1629 446 1698 part.
482 1643 523 1693 1,
558 1624 666 1680 col.
693 1626 803 1681 302
831 1629 887 1680 et
918 1624 1067 1697 seq.)

234 1717 359 1771 Dies
386 1706 707 1781 observatis,
732 1722 783 1770 et
810 1730 1038 1783 menses,
1071 1717 1203 1780 etc.,
1228 1729 1414 1785 usque
1432 1714 1525 1783 ad,
1558 1711 1712 1769 nihil
1727 1729 1814 1770 me

174 1805 399 1864 Lusistis.
433 1805 589 1906 Sunt
616 1804 915 1906 quaedam.
942 1820 1078 1906 quae.
1099 1802 1422 1906 levissima,
1444 1806 1811 1906 putarentur,
1842 1840 1891 1906 Β

166 1883 296 1960 etc.,
327 1910 500 1966 usque
517 1893 589 1950 ad
617 1891 834 1949 talibus
864 1892 965 1949 ait.
995 1892 1127 1963 (Id.,
1160 1891 1257 1948 lib.
1290 1892 1509 1947 Enchir.
1542 1894 1684 1948 tom.
1716 1892 1811 1961 VI,

174 1984 274 2042 col.
307 1983 457 2056 270.)

237 2075 358 2131 Non
379 2074 581 2145 itaque
601 2072 725 2128 dies
747 2072 1146 2139 observemus,
1171 2075 1228 2127 et
1250 2087 1455 2138 annos,
1483 2074 1540 2127 et
1558 2086 1811 2137 menses,

174 2167 298 2226 etc.,
328 2178 497 2236 usque
544 2161 615 2216 ad
644 2165 701 2217 et
730 2161 921 2217 annis.
980 2161 1113 2231 (Id.,
1158 2161 1255 2215 lib.
1310 2160 1381 2215 ad
1434 2164 1809 2228 Jannuar.11,

173 2257 304 2309 tom.
331 2252 402 2320 II,
435 2249 549 2306 col.
581 2250 690 2305 210
718 2253 775 2305 ct
803 2251 955 2322 seq.)

238 2340 396 2396 Scitis
422 2347 611 2396 autem
639 2340 793 2411 quia,
824 2342 958 2405 etc.,
990 2354 1179 2410 usque
1210 2338 1282 2393 ad
1302 2354 1474 2409 neque
1504 2339 1809 2410 respuistis.

174 2429 330 2486 Aliud
357 2432 445 2485 est
474 2427 676 2483 induci
703 2427 762 2482 in
794 2425 1196 2495 tentationem,
1230 2424 1388 2482 aliud
1421 2430 1530 2497 est,
1562 2429 1696 2492 etc.,
1726 2442 1815 2481 us-

175 2534 269 2590 que
293 2517 361 2573 ad
390 2520 711 2589 antequam
743 2515 905 2571 fiant.
941 2514 1071 2587 (Id.,
1104 2516 1203 2570 lib.
1240 2530 1276 2569 11
1309 2513 1375 2570 de
1402 2515 1575 2570 Serm.
1626 2516 1808 2570 Domi.

179 2609 230 2662 in
255 2614 450 2671 monte,
484 2596 630 2660 tom.
662 2608 762 2672 IlI,
796 2607 944 2677 part.
981 2621 1019 2669 1,
1047 2602 1157 2658 col.
1195 2604 1378 2670 1282.)

237 2694 334 2751 Sed
359 2694 506 2750 sicut
532 2693 790 2763 angelum
812 2694 909 2749 Dei
935 2693 1213 2763 accepistis
1232 2707 1336 2759 me,
1363 2693 1507 2747 sicut
1532 2691 1811 2749 Christum

176 2787 364 2842 Iesum.
396 2783 548 2847 Quia
574 2782 700 2855 ipse
730 2780 995 2854 loquitur
1023 2781 1082 2836 in
1115 2780 1335 2836 sanctis
1365 2780 1511 2852 suis,
1552 2785 1685 2848 etc.,
1717 2797 1809 2836 us-

177 2890 267 2945 que
293 2872 362 2928 ad
388 2862 604 2944 corpus
632 2887 828 2927 suum.
863 2870 992 2942 (Id.,
1022 2886 1111 2926 ser
1137 2869 1201 2924 de
1221 2869 1342 2924 Kal.
1371 2872 1631 2936 Januar.,
1664 2873 1805 2925 tom.

171 2950 235 3026 ν,
264 2964 406 3033 part.
442 2964 485 3028 Ι,
516 2948 629 3015 ὀοΙ.
681 2960 819 3015 1023
846 2952 904 3014 et
933 2960 1082 3030 seq.)

239 3051 578 3123 Arguuntur
607 3047 870 3119 quidam,
901 3047 1041 3120 quia
1069 3062 1203 3102 cum
1252 3044 1341 3102 lac
1374 3036 1805 3115 consumerent,

177 3130 226 3194 et
253 3138 418 3205 lanis,
451 3143 593 3204 etc.,
638 3148 807 3209 usque
835 3136 905 3191 ad
958 3135 1096 3191 Jesu
1153 3134 1388 3191 Christi.
1419 3135 1553 3204 (Id.,
1613 3134 1711 3190 lib.
1743 3134 1809 3192 de

1925 735 2162 805 Pelagii,
2195 740 2338 793 tom.
2366 738 2431 805 Χ,
2465 740 2616 811 part.
2650 758 2688 796 1.
2724 739 2812 797 col
2839 741 2989 812 328.)

1998 825 2360 882 Hierusalem
2389 828 2640 886 caelestis
2669 830 2799 902 quae
2815 846 3054 887 sursum
3076 834 3184 899 est,
3209 834 3416 900 mater,
3438 836 3574 905 etc.,

1925 930 2095 986 usque
2142 916 2211 970 ad
2269 920 2566 972 aeternam.
2598 919 2729 989 (Id.,
2762 926 2917 975 tract.
2945 920 3089 991 psal.
3149 936 3274 988 cxv,
3302 921 3450 977 tom.
3478 921 3571 992 IV,

1924 1005 2075 1073 part.
2108 1018 2168 1071 11,
2202 1001 2312 1058 col.
2346 1003 2486 1059 1193
2515 1008 2574 1060 et
2604 1006 2753 1078 seq.)

1996 1091 2099 1146 Est
2129 1095 2328 1147 autem
2359 1091 2513 1148 sicut
2543 1094 2750 1163 nostis,
2780 1112 2889 1151 vox
2918 1096 3376 1163 ascendentium,
3410 1100 3573 1164 Quod

1926 1177 2036 1234 nisi
2066 1180 2139 1234 ad
2171 1179 2356 1249 illam,
2391 1186 2526 1249 etc.,
2560 1188 2731 1254 usque
2755 1184 2826 1239 ad
2855 1185 3191 1242 debeamus.
3229 1186 3361 1258 (Id.,
3392 1195 3571 1256 tract,

1918 1269 2061 1340 psal.
2094 1286 2257 1339 cxxv,
2288 1273 2431 1327 tom.
2468 1270 2543 1325 IV
2573 1276 2721 1343 part.
2754 1290 2817 1337 11,
2854 1274 2992 1329 1656
3019 1278 3077 1329 et
3104 1274 3251 1347 seq.)

1993 1362 2105 1415 Nos
2132 1367 2334 1426 autem,
2365 1363 2585 1433 fratres,
2617 1361 2935 1429 secundum,
2956 1366 3088 1430 etc.,
3118 1379 3307 1435 usque
3331 1364 3403 1420 ad
3426 1362 3503 1420 ita
3520 1372 3571 1420 et

1921 1464 2087 1504 nunc.
2118 1450 2560 1505 Testamentum
2592 1449 2771 1507 Vetus
2793 1452 2865 1506 ad
2887 1451 3121 1508 Jud‘mos
3142 1452 3374 1524 proprie
3398 1454 3573 1525 perti-

1924 1540 2042 1592 net.
2075 1537 2325 1607 Etenim,
2360 1541 2493 1605 etc.,
2522 1546 2692 1611 usque
2737 1540 2807 1595 ad
2836 1539 3193 1613 superbiam.
3222 1541 3356 1609 (Id.,
3382 1552 3567 1597 .serm.

1921 1626 1986 1682 de
2011 1628 2158 1697 Agar
2183 1634 2237 1682 et
2263 1627 2559 1698 Hismaele,
2591 1628 2734 1684 toin.
2763 1628 2831 1697 V,
2851 1629 3006 1701 'part.
3041 1646 3078 1697 1,
3111 1627 3221 1685 col.
3248 1626 3326 1684 32
3347 1633 3406 1684 et
3420 1632 3571 1702 seq.)

2581 1770 2814 1827 CAPUT
2851 1771 2918 1826 V.

1993 1893 2157 1964 State,
2188 1901 2241 1951 et
2260 1896 2428 1951 nolite
2459 1897 2678 1964 iterum,
2712 1899 2844 1963 etc.,
2868 1896 3057 1969 usque
3101 1897 3173 1952 ad
3203 1913 3235 1952 a
3265 1894 3449 1969 gratia
3477 1911 3571 1953 ea:-

1922 1983 2151 2039 cidistis.
2188 1982 2399 2040 Primis
2428 1983 2777 2040 Christianis
2808 1983 2911 2057 qui
2941 2001 3009 2041 ex
3049 1983 3269 2041 Judaeis
3308 1984 3570 2042 credide-

1921 2075 2082 2143 runt,
2114 2072 2320 2141 donec,
2352 2077 2487 2141 etc.,
2537 2088 2712 2145 usque
2752 2073 2824 2128 ad
2878 2074 3216 2146 perdurant.
3275 2074 3405 2146 (Id.,
3468 2072 3566 2129 lib.

1920 2169 2093 2218 contr.
2128 2160 2407 2218 Faustum.
2441 2165 2585 2217 tom.
2616 2160 2769 2233 VIII,
2802 2161 2911 2217 col.
2942 2162 3049 2217 357
3074 2165 3133 2218 et
3159 2164 3308 2234 seq.)

1992 2254 2133 2307 Ecce
2161 2267 2257 2321 ego
2286 2252 2520 2322 Paulus,
2553 2254 2687 2317 etc.,
2720 2266 2908 2323 usque
2938 2250 3011 2306 ad
3038 2250 3300 2322 proderit.
3332 2250 3572 2324 Decepit

1921 2354 2057 2412 ergo
2086 2338 2482 2407 Timotheum,
2516 2343 2573 2395 et
2614 2339 2769 2405 fecit,
2818 2348 2885 2394 ut
2930 2338 3099 2408 nihil,
3132 2343 3266 2407 etc.,
3302 2354 3467 2412 usque
3498 2340 3570 2396 ad

1922 2421 2259 2484 deserenda.
2297 2427 2425 2500 (Id.,
2480 2430 2640 2501 epist.
2672 2428 2743 2484 ad
2771 2428 3089 2500 Hieronym.
3149 2432 3293 2484 tom.
3326 2432 3400 2498 II,
3456 2428 3565 2485 col.

1920 2516 2025 2571 284
2050 2520 2108 2571 et
2136 2519 2287 2589 seq.)

1991 2606 2099 2661 Nos
2128 2607 2276 2662 enim
2293 2607 2496 2677 spiritu
2524 2622 2595 2662 ex
2622 2605 2728 2676 ﬁde
2755 2621 2904 2678 spem
2915 2606 3158 2677 justitiee
3175 2615 3566 2679 exspectamus.

1922 2694 2050 2748 Haec
2080 2697 2170 2749 est
2198 2694 2345 2750 fides
2376 2710 2444 2749 ex
2476 2710 2593 2766 qua
2616 2694 2819 2766 justus
2847 2692 3009 2763 vivit,
3058 2694 3200 2761 haec,
3235 2698 3370 2764 etc,,
3401 2708 3572 2769 usque

1918 2782 1989 2838 ad
2020 2781 2135 2838 Deo
2167 2780 2400 2838 dicitur.
2434 2783 2562 2854 (Id.,
2596 2783 2698 2839 lib.
2748 2783 2812 2839 de
2839 2782 2990 2854 spir.
3048 2790 3102 2839 et
3133 2783 3240 2839 litt.
3301 2787 3445 2840 tom.
3499 2784 3567 2856 X,

1918 2874 2068 2944 part.
2101 2888 2141 2939 1,
2175 2871 2282 2927 σοι.
2312 2870 2441 2926 237.

1988 2962 2133 3015 Nam
2152 2961 2213 3015 in
2245 2959 2456 3015 Christo
2482 2961 2629 3027 Iesu,
2664 2964 2777 3018 etc.
2795 2974 3005 3032 ,usque
3031 2961 3103 3016 ad
3122 2961 3266 3016 sicut
3292 2968 3342 3016 te
3363 2959 3564 3033 ipsum.

1918 3046 2087 3103 Multi
2113 3047 2268 3104 enim
2302 3048 2506 3104 dicunt
2535 3048 2716 3104 Credo
2750 3065 2764 3104 :
2799 3048 2900 3104 sed
2932 3048 3079 3104 fides
3107 3047 3235 3103 sine
3263 3048 3565 3121 operibus,

1918 3141 2030 3208 etc,
2061 3153 2232 3209 usque
2278 3136 2349 3192 ad
2396 3137 2503 3192 hoc
2546 3153 2628 3193 es.
2664 3138 2795 3210 (Id.,
2829 3132 2986 3192 tract.
3019 3138 3083 3192 in
3121 3138 3275 3210 epist.
3310 3141 3474 3195 Joan.
3506 3155 3563 3209 χ,

179 3230 312 3283 Past.
341 3197 495 3284 Erice.
530 3197 727 3294 χάριῙῆ
753 3228 895 3281 tom.
925 3224 993 3291 V,
1027 3228 1178 3297 part.
1212 3241 1251 3290 1,
1284 3223 1392 3279 col.
1425 3197 1547 3279 213'
1568 3228 1625 3280 et
1657 3223 1805 3296 seq.)
1838 3197 1880 3264 C
1918 3197 2061 3281 tom.
2093 3197 2188 3292 IIl,
2222 3224 2331 3281 col.
2359 3227 2501 3280 20511
2531 3229 2588 3281 et
2616 3197 2761 3298 seq.)

245 3306 337 3374 Ubi
362 3324 437 3372 est
463 3331 594 3386 ergo
629 3314 900 3370 beatitudo
925 3321 1106 3370 vestra
1127 3316 1156 3368 ?
1185 3317 1318 3380 etc.,
1343 3329 1530 3385 usque
1561 3313 1632 3368 ad
1662 3312 1809 3384 apud

180 3421 279 3460 vos.
313 3404 425 3461 Cur
453 3404 613 3461 enim
646 3402 769 3459 fieri
802 3420 918 3458 non
952 3405 1168 3475 posset,
1201 3405 1336 3467 etc.,
1391 3418 1561 3475 usque
1589 3401 1658 3456 ad
1708 3419 1810 3475 per

169 3493 466 3571 justitiam,
505 3493 638 3567 (Id.,
665 3493 761 3547 lib.
786 3492 855 3546 ad
874 3493 1027 3564 epist.
1048 3498 1220 3546 contr.
1247 3489 1627 3557 Gaudentium,
1661 3496 1804 3548 tom.

174 3582 257 3649 1X,
287 3583 389 3639 col.
421 3581 577 3654 727.)
1463 3594 1469 3601 '

236 3673 419 3729 Filioli
444 3672 562 3727 mei
608 3686 741 3744 quos
770 3672 969 3726 iterum
1019 3669 1292 3741 parturio,
1324 3672 1456 3733 etc.,
1519 3684 1704 3740 usque
1736 3665 1807 3724 ad

176 3754 346 3829 Legem
376 3777 483 3816 non
520 3760 721 3830 legistis
747 3762 770 3813 ἓν
797 3758 1047 3813 Alienati
1071 3760 1211 3812 sunt
1232 3760 1566 3829 peccatores
1613 3752 1648 3812 a
1687 3756 1808 3812 vul-

174 3858 250 3904 ta.
279 3850 315 3904 Α
344 3848 602 3921 quadam
632 3846 802 3902 vulva
830 3844 1065 3902 alienati
1098 3849 1239 3902 sunt
1284 3849 1636 3917 peccatores,
1670 3848 1807 3916 etc.,

172 3942 323 4009 usque
364 3938 431 3994 ad
462 3946 643 4010 Quam
678 3952 804 3992 suo.
840 3935 970 4006 (Id.,
1004 3935 1103 3989 lib.
1133 3934 1276 4006 psal.
1337 3950 1472 4003 1.v11,
1534 3937 1676 3989 tom.
1710 3930 1805 4003 IV,

178 4030 311 4098 part.
342 4044 379 4093 1,
412 4025 524 4082 col.
556 4024 706 4096 678.)

234 4116 505 4186 Scriptum
532 4121 610 4169 est
639 4114 809 4179 enim,
838 4115 1099 4184 quoniam
1129 4111 1421 4181 Abraham,
1454 4114 1587 4177 etc.,
1620 4126 1810 4182 usque

178 4194 240 4259 ad
268 4203 424 4259 dicta.
458 4202 719 4274 Uterque
747 4202 985 4274 quidem
1017 4202 1087 4256 de
1135 4198 1359 4257 semine
1408 4198 1672 4266 Abrahae,
1707 4198 1808 4254 sed

179 4292 349 4363 illum,
382 4298 491 4350 etc.
527 4308 696 4364 usque
716 4292 791 4347 ad
821 4295 995 4367 natus
1024 4296 1206 4347 Isaac.
1241 4289 1373 4358 (Id.,
1406 4289 1501 4344 lib.
1534 4304 1575 4344 11
1596 4288 1661 4344 de
1692 4287 1806 4343 Civ.

180 4383 281 4449 Dei,
298 4381 449 4438 ‘tom.
484 4382 603 4449 VII,
636 4396 765 4454 cap.
797 4384 833 4436 2
862 4385 919 4437 et
946 4382 1002 4446 3,
1035 4380 1144 4435 col.
1180 4378 1327 4448 1138.)

238 4469 421 4527 Nostis
446 4472 598 4527 duos
633 4469 786 4526 ﬁlios
824 4468 1117 4525 Abraham
1162 4467 1463 4533 habuisse,
1495 4482 1644 4538 quos
1674 4466 1810 4538 qui-

1987 3314 2184 3386 Neque
2214 3312 2581 3369 circumcisio
2612 3313 2834 3386 aliquid
2865 3313 3035 3381 valet,
3095 3316 3289 3387 neque
3335 3329 3565 3387 prmpu-

1917 3402 2087 3471 tium,
2122 3403 2245 3469 sed,
2269 3408 2401 3471 etc.,
2433 3402 2604 3475 usque
2632 3404 2701 3458 ad
2758 3402 2942 3476 gloria
2993 3406 3116 3459 tua.
3150 3403 3277 3475 (Id.,
3307 3418 3469 3459 serm.
3500 3402 3567 3459 de

1915 3491 2060 3549 verb.
2093 3493 2190 3564 Ap.
2223 3509 2338 3557 xv1,
2369 3495 2514 3548 tom.
2545 3492 2613 3559 V,
2648 3497 2797 3564 part.
2831 3509 2871 3558 1,
2906 3491 3017 3547 col.
3049 3493 3156 3547 865
3186 3495 3244 3547 et
3273 3492 3420 3564 seq.)

1988 3580 2063 3635 Ut
2090 3584 2288 3636 autem
2318 3580 2542 3636 habitet
2570 3580 2825 3653 Spiritus
2848 3584 3109 3648 sanctus,
3140 3583 3273 3649 etc.,
3296 3595 3467 3653 usque
3495 3580 3567 3636 ad

1917 3669 2159 3725 traxerit
2207 3685 2364 3725 eum.
2424 3670 2557 3737 (Id.,
2618 3670 2774 3741 epist.
2833 3668 2904 3725 ad
2957 3671 3105 3726 Sixt.
3160 3668 3564 3742 presbyterum.

1915 3763 2059 3814 tom.
2092 3759 2165 3825 II,
2197 3757 2307 3813 col.
2340 3758 2492 3827 878.)

1988 3846 2298 3903 Maledicta
2329 3863 2463 3902 cum
2496 3863 2565 3902 ex
2595 3845 2901 3919 prophetia
2930 3846 3232 3916 dicuntur,
3258 3862 3376 3902 non
3407 3846 3567 3916 sunt,

1918 3939 2052 4002 etc.,
2082 3951 2250 4007 usque
2270 3936 2340 3990 ad
2369 3934 2671 4001 caelorum,
2697 3935 2826 4005 (Id.,
2850 3936 2948 3989 lib.
2970 3942 3145 3990 contr.
3170 3936 3355 3988 Faust.
3378 3934 3462 3989 tit.
3480 3934 3568 3989 16.

1918 4028 2060 4080 tom.
2094 4023 2246 4089 VIII,
2282 4022 2391 4078 col.
2423 4024 2571 4086 330.)

1989 4112 2151 4178 Quod
2181 4109 2306 4166 fieri
2338 4127 2449 4166 non
2481 4113 2693 4182 potest,
2711 4113 2803 4166 etc
2832 4124 3004 4183 usque
3026 4110 3095 4164 ad
3124 4108 3402 4166 salutem.
3437 4111 3567 4179 (Id.,

1919 4200 2016 4257 lib.
2050 4200 2115 4255 de
2142 4200 2317 4254 Serm.
2351 4199 2572 4255 Domini
2602 4201 2661 4255 in
2688 4200 2889 4254 monte.

1989 4288 2050 4345 Si
2079 4304 2216 4361 ergo
2248 4304 2348 4344 vos
2381 4286 2537 4343 ﬁlius
2566 4286 2916 4359 liberaverit,
2940 4290 3101 4359 tunc,
3134 4291 3268 4356 etc.,
3302 4303 3473 4361 usque
3498 4286 3571 4344 ad

1918 4377 1976 4433 id
2007 4393 2273 4451 agamus.
2307 4377 2441 4445 (Id.,
2473 4384 2631 4432 tract.
2663 4377 2867 4448 Evang.
2899 4392 3005 4432 sec.
3052 4378 3209 4433 Joan.
3257 4394 3374 4445 111.1,
3420 4381 3565 4434 tom.

1918 4470 2018 4531 III,
2052 4469 2201 4537 part.
2238 4483 2277 4533 1,
2310 4464 2418 4521 col.
2450 4464 2594 4520 1692
2622 4468 2679 4520 et
2724 4468 2872 4537 seq.)

180 4558 316 4628 dem,
347 4564 477 4627 etc.,
512 4576 680 4632 usque
709 4559 781 4614 ad
803 4556 1091 4615 ventilari.
1124 4558 1258 4627 (Id.,
1300 4564 1454 4613 tract.
1513 4555 1654 4627 psal.
1689 4570 1803 4621 c1x,
1837 4560 1882 4624 D
1986 4554 2135 4622 Quod
2162 4556 2213 4609 si
2237 4556 2489 4621 invicem,
2523 4558 2656 4622 etc.,
2682 4570 2869 4627 usque
2890 4554 2962 4609 ad
2981 4552 3402 4610 consumamini.
3419 4554 3567 4619 Quid

180 4650 305 4703 tom.
338 4648 427 4716 IV,
460 4653 615 4722 part.
648 4665 710 4714 11,
744 4647 853 4703 col.
888 4646 1070 4718 1603.)

244 4737 403 4793 Forte
433 4737 570 4809 quis
602 4740 768 4809 putat
797 4734 1029 4809 ingenio
1062 4735 1208 4800 ﬁeri,
1241 4739 1374 4803 etc.,
1436 4750 1605 4806 usque
1632 4734 1703 4789 ad
1731 4734 1811 4789 si-

184 4824 441 4894 gnificent
472 4840 752 4899 quaerere,
782 4824 912 4896 (Id.,
947 4826 1044 4880 lib.
1098 4831 1274 4880 contr.
1332 4824 1518 4879 Faust.
1581 4823 1673 4878 lib.
1711 4839 1810 4892 x11,

188 4915 313 4968 tom.
341 4914 489 4981 VIII,
525 4913 633 4970 col.
664 4916 772 4992 273
802 4917 859 4969 et
889 4914 1034 4985 seq.)

244 5003 305 5056 In
334 5002 546 5075 populo
581 5002 739 5058 enim
766 5002 1104 5058 Judazorum
1135 5002 1442 5075 ﬁguratus,
1477 5005 1610 5069 etc.,
1646 5015 1817 5072 usque

190 5088 327 5144 adin
357 5091 520 5148 emlo.
566 5092 702 5161 (Id.,
736 5080 890 5147 tract.
940 5092 1143 5162 Evang.
1189 5106 1293 5146 sec.
1341 5091 1504 5146 Joan.
1556 5106 1614 5144 11.
1666 5094 1811 5143 tom.

190 5178 278 5241 Ill,
305 5183 449 5250 part.
480 5196 542 5247 11,
578 5179 689 5235 col.
726 5180 910 5257 1479.)

252 5265 429 5323 Unum
461 5268 700 5340 quidem
728 5264 787 5322 in
821 5271 1038 5337 monte,
1071 5271 1205 5335 etc.,
1242 5283 1411 5339 usque
1465 5267 1536 5322 ad
1587 5266 1811 5322 litterae.

128 5416 131 5419 _
193 5353 308 5422 (Id.,
333 5372 491 5411 serm.
524 5357 588 5413 de
616 5358 764 5412 verb.
786 5360 982 5428 apost.)

253 5438 514 5507 Quamvis
542 5445 604 5500 in
634 5444 827 5501 Veteri
859 5442 1232 5501 Testamento
1264 5448 1518 5517 propter,
1551 5447 1690 5509 etc.,
1722 5458 1814 5497 us-

194 5542 284 5595 que
308 5532 373 5586 ad
399 5534 740 5590 revelatum.
774 5530 906 5606 (Id.,
942 5535 1040 5589 lib.
1072 5540 1245 5588 contr.
1278 5535 1570 5588 inimicum
1599 5534 1733 5603 legis
1761 5536 1817 5586 et

192 5619 576 5692 prophetarum,
609 5626 751 5680 tom.
781 5622 931 5692 VIII,
965 5619 1073 5677 col.
1106 5621 1213 5676 622
1242 5624 1299 5676 ct
1330 5624 1479 5692 szq.)

1918 4648 2007 4699 est
2035 4643 2333 4713 mordctis,
2397 4648 2532 4715 etc.,
2596 4659 2764 4715 usque
2794 4642 2864 4699 ad
2922 4641 3373 4700 consumamini.
3435 4642 3569 4714 (Id.,

1921 4741 2059 4789 tract
2082 4734 2226 4804 psal.
2261 4750 2430 4788 1.113111.
2458 4732 2633 4789 Serm.
2665 4734 2919 4805 Decalogi
2947 4730 3016 4788 ad
3039 4732 3324 4805 populum.

1993 4822 2118 4878 Dico
2148 4829 2328 4877 autem
2359 4823 2421 4877 in
2450 4822 2679 4890 Christo,
2713 4826 2848 4893 etc.,
2880 4837 3068 4893 usque
3099 4820 3171 4876 ad
3203 4820 3302 4875 illa
3329 4820 3567 4891 faciatis.

1923 4910 2047 4965 Non
2080 4909 2178 4976 ait,
2211 4927 2327 4967 non
2359 4911 2612 4966 feceritis
2646 4927 2659 4966 :
2694 4910 2834 4981 quia
2874 4927 2942 4966 ea
2984 4926 3100 4965 non
3159 4907 3372 4964 habere
3430 4922 3569 4977 non;

1924 5002 2057 5068 etc.,
2090 5015 2258 5071 usque
2287 4999 2358 5054 ad
2378 4998 2872 5072 concupiscimus.
2900 4999 3032 5069 (Id.,
3066 4998 3163 5053 lib.
3196 5004 3368 5053 contr.
3399 4997 3575 5053 Julia-

1922 5105 2073 5144 nam.
2109 5105 2191 5159 1n,
2222 5092 2365 5143 tom.
2398 5088 2465 5156 X,
2499 5092 2647 5160 part.
2680 5105 2722 5155 1,
2755 5086 2865 5143 col.
2899 5086 3005 5142 733
3029 5091 3085 5142 et
3116 5087 3263 5158 seq.)

1994 5177 2133 5232 Dico
2164 5180 2358 5232 autem
2395 5194 2408 5231 :
2442 5176 2663 5248 Spiritu
2695 5174 3011 5243 ambulate,
3046 5179 3104 5231 et
3156 5173 3574 5247 concupiscen-

1922 5264 2056 5331 tias,
2091 5268 2223 5332 etc.,
2252 5280 2419 5335 usque
2447 5265 2517 5319 ad
2546 5263 2821 5320 continuo
2851 5261 3094 5319 addidit.
3129 5263 3263 5335 (Id.,
3301 5276 3464 5319 serm.
3509 5261 3577 5319 de

1923 5352 2066 5405 vcrb.
2100 5350 2358 5422 apostoli,
2391 5356 2534 5407 tom.
2566 5352 2634 5406 V.
2666 5356 2798 5424 part
2822 5369 2861 5418 1,
2895 5350 3006 5407 col.
3035 5351 3143 5407 715
3171 5355 3230 5407 et
3258 5353 3408 5423 seq.)

1995 5439 2194 5510 Neque
2223 5439 2380 5495 enim
2413 5438 2642 5495 nullum
2674 5444 2765 5496 est
2792 5440 3019 5508 vitium,
3078 5456 3213 5495 cum
3245 5440 3420 5505 sicut,
3459 5442 3571 5495 etc.

1924 5543 2095 5597 usque
2133 5527 2655 5599 adpertrahamur.
2688 5531 2823 5599 (Id.,
2864 5530 2962 5585 lib.
3003 5529 3068 5584 de
3115 5530 3234 5586 Civ.
3287 5529 3405 5584 Dei.
3455 5545 3571 5584 x1x.

1926 5619 2070 5672 tom.
2099 5616 2221 5683 VII,
2252 5616 2362 5673 col.
2392 5618 2546 5688 629.)
