3856 6200
91 343 201 422 8'17

896 359 1311 422 EXPOSITIO
1357 359 1436 421 IN
1479 358 1652 421 EPP.
1699 357 1956 422 PAULI.
1988 392 2066 403 —
2101 357 2225 420 ΕΡ.
2273 347 2376 419 AD
2420 357 2694 420 EPHES.

3377 347 3494 423 378

97 493 224 548 Ideo
247 490 508 562 Spiritus
540 493 778 545 sanctus
802 491 1065 546 omnium
1114 490 1375 563 gentium
1427 491 1648 564 linguis
1681 508 1740 546 sc
1771 493 1821 557 Α
1853 491 1954 556 xit,
1988 495 2118 556 etc.,
2153 507 2322 561 usque
2351 490 2419 544 ad
2469 490 2682 544 mentis
2730 488 3087 546 illuminatse.
3137 492 3267 564 (Id.,
3301 495 3397 549 lib.
3433 511 3495 550 ΙΙΙ

97 583 498 636 demonstrare
529 579 806 652 dignatus
836 585 942 647 est,
977 587 1109 649 etc.,
1145 597 1311 652 usque
1357 581 1426 636 ad
1455 581 1526 636 de
1555 581 1743 635 forma

94 669 375 744 gloriaris.
408 669 548 741 ‘(Id.,
579 683 741 724 serm.
777 669 801 723 1
840 671 898 724 in
926 673 1248 737 Pentecost.,
1278 669 1501 739 tom.V,
1535 674 1740 741 parta,

91 757 197 813 'col.
233 749 417 825 1232.)

165 849 304 904 Unus
336 848 626 916 Dominus,
670 850 804 915 etc.,
840 863 1026 918 usque
1067 847 1138 902 ad
1187 849 1245 902 in
1282 849 1535 903 omnibus
1565 848 1739 903 nobis.

95 936 252 992 Aliud
286 939 428 991 sunt
459 952 528 991 ea
559 953 686 1008 qua:
717 937 1062 991 creduntur:
1099 933 1253 991 aliud
1283 937 1427 991 fides
1475 953 1590 1008 qua
1620 954 1741 992 cre-

95 1025 258 1091 ditur,
319 1028 458 1092 etc.,
511 1029 683 1098 usque
723 1025 794 1079 ad
836 1024 1110 1097 praevidet
1167 1023 1545 1080 voluntatem.
1610 1026 1740 1098 (Id.,

94 1115 185 1169 lib.
215 1125 316 1168 ‘xm
349 1114 416 1169 de
453 1115 677 1181 Trinit.,
709 1118 834 1168 tom
864 1111 1013 1180 VIII,
1045 1112 1154 1167 col.
1190 1113 1328 1168 1016
1359 1119 1414 1168 et
1444 1116 1592 1185 seq.)

163 1205 488 1276 Unicuique,
541 1207 674 1269 etc.,
726 1216 915 1272 usque
961 1202 1030 1255 ad
1080 1217 1394 1257 mensuram
1435 1203 1742 1258 donationis

91 1292 307 1346 Christi.
344 1289 501 1356 Quid
533 1293 622 1347 est
651 1290 800 1346 hoc?
843 1290 966 1345 Non
991 1290 1146 1344 enim
1180 1291 1251 1344 ad
1277 1303 1612 1346 mensuram
1645 1293 1744 1346 dat

98 1384 237 1435 Deus
267 1378 575 1451 Spiritum,
609 1385 740 1447 etc.,
757 1380 1006 1451 usquead
1019 1395 1131 1433 non
1151 1379 1220 1433 ad
1243 1395 1577 1435 mensuram
1599 1379 1744 1435 acci-

99 1471 190 1542 pit.
219 1459 356 1538 (Id.,
389 1476 552 1524 tract.
586 1470 641 1523 in
663 1468 980 1536 Evangsec.
1011 1469 1192 1535 Joan.,
1215 1471 1338 1523 tom
1369 1467 1464 1535 III,
1500 1473 1650 1541 part.
1676 1487 1737 1537 11,

95 1558 195 1614 col.
231 1559 416 1626 1508.)

158 1649 380 1718 Propter
407 1645 552 1718 quod
600 1646 762 1710 dicit,
809 1649 944 1712 etc.,
996 1661 1184 1717 usque
1233 1646 1305 1701 ad
1336 1647 1743 1720 atad-impleret

95 1738 286 1792 omnia.
322 1735 407 1790 ‘Ad
442 1736 641 1807 ipsum
657 1734 1740 1804 Dominumlocutioneconversa,etc.,

98 1841 252 1896 usque
280 1824 350 1879 ad
377 1824 520 1896 quid
557 1821 968 1880 manifestius?
990 1823 1118 1894 (Id.,
1142 1831 1300 1880 tract.
1335 1826 1393 1878 in
1407 1826 1552 1896 psal.
1572 1842 1738 1893 vau,

99 1920 228 1968 tom.
264 1911 356 1980 IV,
390 1918 546 1985 part.
583 1915 634 1981 1,
668 1912 776 1969 col.
809 1913 915 1967 829
945 1918 1003 1968 et
1033 1914 1180 1985 seq.)

162 2001 357 2058 Procul
383 2002 567 2058 dubio
591 1999 842 2074 Spiritus
866 2006 1106 2057 sanctus
1123 2003 1342 2058 donum
1360 2002 1459 2058 Dei
1482 2007 1589 2071 est,
1609 2010 1741 2070 etc.,

105 2108 257 2163 usque
302 2092 372 2146 ad
433 2107 640 2146 omnes
690 2083 1006 2163 prophetae,
1059 2095 1168 2146 etc.
1228 2093 1358 2163 (Id.,
1399 2093 1494 2148 lib.
1555 2110 1628 2148 xv
1682 2093 1747 2148 de

113 2183 313 2247 Trinit.,
348 2183 495 2235 tom.
530 2179 682 2249 VIII,
716 2179 824 2234 col.
861 2181 997 2234 1084
1027 2184 1080 2235 et
1110 2181 1257 2252 seq.)

171 2271 230 2324 Et
262 2271 372 2341 ipse
399 2268 550 2325 dedit
600 2263 861 2342 quosdam
893 2273 1025 2336 etc.,
1077 2285 1262 2340 usque
1311 2271 1380 2324 ad
1416 2271 1472 2324 in
1506 2271 1742 2341 aediﬁca-

112 2361 296 2414 tionem
322 2360 568 2429 corporis
601 2359 821 2413 Christi.
854 2357 934 2412 De
967 2357 1266 2428 prOphetis
1297 2359 1450 2430 quod
1483 2360 1564 2414 ait
1593 2347 1743 2432 Apo-

112 2446 300 2514 stolus,
329 2447 631 2510 Quosdam
652 2446 889 2518 quidem
915 2446 1073 2501 dedit
1097 2445 1250 2502 Deus
1281 2446 1339 2501 in
1352 2447 1595 2504 ecclesia
1611 2465 1747 2520 apo-

115 2536 641 2607 stolos,etc.,usque
669 2535 740 2590 ad
786 2535 1018 2590 duobus
1061 2535 1399 2591 nominibus
1446 2537 1748 2609 amplexus

113 2635 207 2681 est.
240 2625 364 2697 (Id.,
396 2625 495 2680 lib.
531 2625 602 2679 ad
639 2625 866 2680 Paulin.
915 2625 1102 2695 episc.,
1136 2628 1279 2680 tom.
1333 2626 1402 2690 II,
1437 2624 1546 2680 Col.
1597 2627 1748 2695 635.)

174 2713 432 2782 Quosdam
464 2721 652 2770 autem
694 2722 956 2785 pastores,
990 2716 1122 2780 etc.,
1172 2729 1358 2785 usque
1409 2715 1481 2769 ad
1511 2718 1751 2786 corporis

117 2803 323 2860 Christi.
354 2806 429 2858 Ut
479 2803 642 2857 enim
691 2803 924 2858 exordio
973 2802 1204 2874 generis
1255 2802 1502 2858 humani
1555 2806 1625 2860 de
1665 2804 1750 2860 la-

115 2897 217 2948 tere
241 2892 340 2947 viri
369 2891 720 2948 dormientis
749 2896 930 2959 costa,
965 2896 1100 2955 etc.,
1150 2909 1320 2964 usque
1363 2893 1433 2948 ad
1482 2895 1635 2965 quod
1663 2898 1753 2949 est

117 2979 368 3037 Ecclesia.
401 2982 540 3054 (Id.,
573 2982 670 3036 lib.
702 2998 721 3036 1
751 2981 816 3036 de
847 2982 1008 3037 Civil.
1041 2982 1156 3047 Dei,
1189 2985 1332 3036 tom.
1363 2981 1484 3048 VII,
1516 2982 1623 3038 col.
1646 2986 1753 3038 778

123 3075 170 3124 et
191 3071 327 3142 seq.)

181 3159 298 3215 Haec
326 3160 679 3229 estdomus,
714 3176 840 3232 quae
873 3160 1026 3215 sicut
1055 3149 1322 3215 Psalmus
1354 3161 1532 3231 canit,
1563 3161 1750 3216 aediﬁ-

1850 580 1914 634 de
1946 580 2054 634 Gen
2077 580 2145 633 ad
2177 579 2284 634 litt.
2319 582 2460 634 tom.
2497 579 2588 646 III,
2623 585 2770 651 part.
2805 598 2843 648 1,
2878 581 2985 636 col.
3017 581 3166 653 292.)

1922 667 2029 734 Qui
2061 685 2192 722 vero
2228 669 2666 723 commemorati
2715 673 3132 725 convertuntur
3177 673 3247 726 ad
3300 666 3494 727 Domi-

1850 774 2016 821 num,
2049 761 2182 824 etc.,
2216 773 2384 828 usque
2432 758 2501 829 ad
2530 774 2646 813 non
2680 758 2806 829 ipsa
2836 775 2962 829 qum
2995 764 3318 817 renovatur.
3362 762 3493 833 (Id.,

1852 847 1949 900 lib.
1982 863 2075 900 xw
2106 845 2169 901 de
2202 849 2418 913 Trinit.,
2449 851 2591 901 tom.
2620 847 2769 914 VIII,
2804 848 2909 903 col.
2947 849 3083 903 1053
3112 854 3169 904 et
3200 853 3348 922 seq.)

1921 941 2154 1006 Propter
2206 935 2346 1006 quod
2403 936 2741 1007 deponentes,
2787 940 2918 1003 etc.,
2968 954 3156 1008 usque
3185 939 3257 993 ad
3311 939 3498 996 sumus

1851 1024 2082 1078 invicem
2114 1026 2374 1078 membra.
2410 1025 2590 1079 Nemo
2642 1025 2853 1096 cogitet
2883 1042 3015 1080 cum
3064 1026 3393 1083 Christiano
3420 1028 3500 1082 lo-

1851 1115 2142 1185 quendam
2160 1113 2479 1179 veritalem,
2498 1119 2553 1168 et
2568 1131 2701 1169 cum
2716 1131 2941 1187 pagano
2956 1117 3348 1186 mendacium,
3365 1121 3496 1186 etc.,

1850 1219 2016 1273 usque
2046 1203 2114 1256 ad
2181 1201 2394 1256 habere
2443 1207 2753 1257 mercatur.
2809 1205 2936 1274 (Id.,
2978 1222 3047 1260 ex
3091 1223 3250 1261 serm.
3302 1213 3502 1263 contra.

1849 1291 2212 1356 mendacium,
2247 1296 2387 1345 tom.
2421 1290 2516 1357 VI,
2550 1290 2656 1345 col.
2686 1292 2792 1346 519
2821 1296 2878 1347 et
2909 1294 3054 1364 seq.)

1922 1380 2235 1434 Irascimini
2264 1387 2313 1434 et
2345 1380 2509 1435 nolite
2535 1396 2774 1451 peccare.
2810 1381 2868 1436 Si
2900 1386 3204 1453 propterea
3234 1384 3502 1440 irasceris

1849 1476 2015 1524 Servo
2046 1473 2144 1523 tuo
2204 1468 2343 1540 quia
2401 1469 2676 1542 peccavit,
2735 1474 2866 1538 etc.,
2928 1488 3100 1542 usque
3139 1473 3209 1526 ad
3264 1490 3502 1544 peccare

1851 1557 2117 1613 desinite.
2169 1559 2300 1628 (Id.,
2334 1566 2487 1613 tract.
2525 1561 2584 1614 in.
2617 1558 2766 1614 Psal.
2802 1577 2876 1626 1v,
2927 1564 3070 1615 tom.
3109 1560 3204 1629 IV,
3257 1565 3404 1633 part.
3459 1581 3498 1631 1,

1851 1645 1959 1701 col.
1995 1647 2112 1718 80.)

1923 1734 2566 1806 Legebam,irascimini
2599 1740 2655 1792 et
2687 1737 2863 1793 nolite
2881 1755 3140 1810 peccare,
3166 1744 3300 1808 etc.,
3334 1757 3505 1813 usque

1851 1823 1919 1878 ad
1955 1839 2090 1878 non
2151 1824 2489 1895 peccarem?
2545 1825 2676 1896 (Id.,
2738 1825 2833 1880 lib.
2894 1843 2950 1882 1x
2986 1829 3200 1899 Con/es.
3263 1834 3404 1886 tom.
3457 1831 3500 1900 Ι,

1847 1910 1960 1966 col.
1993 1913 2144 1982 767.)

1923 1999 2153 2057 Dictum
2184 2007 2273 2056 est
2303 2002 2360 2056 in
2395 2002 2653 2059 Psalmo:
2710 2004 3037 2060 Irascimini
3067 2010 3123 2061 et
3150 2006 3333 2062 nolite
3365 2025 3498 2080 pec-

1855 2103 2006 2153 care,
2061 2094 2151 2144 etc
2183 2131 2195 2154 ,
2228 2107 2394 2161 usque
2418 2091 2488 2146 ad
2519 2097 2576 2146 et
2614 2091 2711 2147 ille
2759 2093 3029 2164 ignoscit.
3081 2095 3211 2164 (1d,,
3245 2113 3407 2152 serm.
3441 2097 3506 2153 de

1853 2179 2000 2232 verb.
2035 2179 2266 2249 Evang.,
2299 2184 2441 2234 tom.
2475 2172 2542 2249 V,
2577 2185 2725 2252 part.
2760 2199 2799 2247 1,
2831 2181 2939 2237 col.
2971 2182 3125 2249 649.)

1926 2267 2016 2321 Sol
2044 2283 2155 2322 non
2183 2269 2391 2323 occidat
2419 2286 2584 2340 super
2614 2271 2966 2326 iracundiam
3006 2281 3257 2328 vestram.
3293 2269 3507 2331 Intelli-

1857 2355 2016 2426 gitur
2042 2356 2282 2427 quidem
2315 2363 2365 2412 el
2402 2359 2726 2413 secundum
2754 2363 3012 2431 tempus,
3055 2365 3189 2430 etc.,
3241 2379 3408 2436 usque
3436 2366 3507 2420 ad

1858 2461 1992 2499 cum
2060 2445 2362 2501 iracundia
2430 2452 2554 2503 tua.
2621 2449 2753 2520 (Id.,
2817 2457 2976 2505 tract.
3060 2453 3121 2506 in
3184 2455 3303 2523 psal
3369 2471 3503 2520 xxv,

1857 2537 1998 2588 tom.
2034 2533 2126 2598 IV,
2160 2540 2308 2605 part.
2344 2553 2382 2601 1,
2417 2537 2526 2591 col.
2561 2537 2708 2606 189.)

1928 2621 2083 2677 Nulli
2141 2623 2413 2678 irascenti
2469 2625 2702 2680 videtur
2758 2643 2866 2681 sua
2920 2627 3008 2682 ira
3067 2628 3308 2700 injusta,
3370 2636 3504 2700 etc.,

1849 2726 2027 2782 usque
2083 2711 2152 2765 ad
2198 2712 2461 2768 celeriter
2508 2714 2776 2785 ignoscit.
2812 2716 2945 2784 (Id.,
2989 2718 3094 2773 lib.
3138 2720 3282 2775 Sent.
3315 2723 3502 2794 Prosp.

1858 2803 2000 2854 tom.
2034 2800 2097 2866 Χ,
2133 2804 2280 2871 part.
2311 2818 2372 2869 11,
2405 2801 2511 2857 col.
2549 2802 2730 2871 1887.)

1932 2889 1989 2943 Si
2020 2887 2195 2944 irasci
2227 2905 2342 2944 non
2375 2895 2463 2945 est
2493 2891 2580 2947 fas
2611 2891 2774 2947 fratri
2806 2899 2940 2948 Suo:
2977 2899 3076 2949 aut
3108 2895 3315 2965 dicere,
3364 2903 3502 2967 etc.,

1860 2993 2028 3048 usque
2065 2977 2134 3032 ad
2188 2993 2365 3051 super
2397 2979 2758 3035 iracundiam
2807 2986 3083 3038 vestram.
3133 2985 3262 3052 (Id.,
3315 2989 3411 3042 lib.
3445 2989 3509 3044 (te

1859 3070 2034 3123 Serm.
2068 3069 2220 3123 Dom.
2257 3071 2317 3122 in
2345 3077 2544 3137 monte,
2580 3073 2720 3124 tom.
2756 3070 2848 3136 III,
2885 3077 3014 3143 part
3045 3090 3082 3138 1,
3111 3074 3218 3129 col.
3256 3075 3435 3147 1242.)

1930 3152 2222 3212 Turbatus
2247 3161 2334 3212 est
2356 3158 2428 3212 ab
2455 3157 2541 3212 ira
2557 3157 2760 3214 oculus
2775 3165 3100 3228 meus,ctc.,
3117 3163 3370 3234 usquead
3393 3175 3508 3221 non

127 3252 288 3316 catur,
329 3253 461 3319 etc.,
521 3227 690 3320 usque
731 3227 806 3303 ad
852 3247 1075 3320 accepit
1106 3248 1165 3303 in
1208 3227 1566 3305 hominibus.
1620 3239 1750 3321 (Id.,
1781 3227 1824 3294 (ἶ
1865 3244 2095 3300 sinitur.
2132 3245 2260 3317 (Id.,
2283 3255 2435 3302 tract.
2473 3248 2532 3302 in.
2555 3249 2698 3318 psa‘l.
2732 3265 2809 3315 vr,
2842 3253 2885 3330 t.
2913 3240 3004 3318 IV,
3032 3227 3244 3322 part-1,
3268 3253 3509 3324 001.95.)

130 3338 214 3393 lib.
244 3355 311 3394 xv
337 3338 400 3394 de
430 3339 656 3404 Trinit.,
693 3340 812 3392 tom
844 3336 995 3406 VIII,
1025 3335 1132 3391 col.
1169 3337 1349 3408 1085.)

185 3429 345 3483 Donec
367 3443 723 3483 occurramus
770 3442 972 3494 omnes,
1024 3430 1157 3490 etc.,
1207 3442 1395 3498 usque
1443 3427 1513 3481 ad
1544 3427 1615 3482 ad
1643 3431 1758 3484 cir-

127 3518 535 3572 cumventionem
563 3516 786 3570 erroris.
820 3514 978 3582 Quod
1013 3513 1094 3568 ait
1122 3513 1457 3585 Apostolus,
1483 3533 1760 3572 occursu-

128 3621 208 3659 ros
235 3622 334 3660 nos
364 3620 576 3661 omnes
606 3603 663 3658 in
695 3603 883 3658 virum
933 3603 1276 3674 perfectum,
1312 3607 1444 3671 etc.,
1491 3621 1660 3676 usque
1690 3607 1759 3661 ad

126 3691 288 3748 aetatis
313 3691 702 3766 plenitudinis
744 3691 979 3746 Christi.
1027 3692 1158 3759 (Id.,
1213 3692 1456 3747 lib.xx11
1501 3693 1563 3749 de
1593 3693 1754 3750 Civit.

126 3782 225 3847 Dei,
257 3786 387 3837 tom.
422 3781 551 3848 VII,
585 3779 690 3834 col.
723 3773 831 3833 777
865 3783 922 3834 et
950 3780 1097 3851 seq.)

188 3871 460 3926 Veritatem
488 3867 675 3924 autem
701 3869 980 3940 facientes,
1013 3872 1147 3935 etc.,
1199 3885 1385 3941 usque
1416 3871 1487 3924 ad
1541 3872 1600 3925 in
1629 3872 1756 3926 acdi-

126 3959 401 4027 ﬁcationem
434 3960 532 4014 sui
561 3959 620 4012 in
651 3958 929 4013 charitate.
963 3958 1106 4012 Ecce
1124 3957 1222 4029 qui
1237 3958 1423 4012 estvir
1441 3959 1751 4030 perfectus,

128 4047 279 4117 caput
307 4045 360 4103 et
379 4046 616 4120 corpus,
633 4043 948 4116 etc.,usque
972 4044 1042 4099 ad
1072 4043 1131 4099 in
1153 4045 1428 4101 omnibus
1457 4045 1751 4118 impletur.

128 4127 238 4204 (Id.,
271 4135 425 4204 ibid.,
457 4134 570 4191 σοι.
601 4125 710 4188 ’776
738 4138 794 4189 et
825 4132 972 4206 seq.)

185 4225 279 4278 Hoc
308 4226 480 4293 igitur
512 4223 652 4289 dico,
714 4226 844 4292 etc.,
899 4219 1088 4294 usque
1120 4222 1192 4277 ad
1237 4221 1492 4278 habentes
1535 4225 1754 4280 intelle-

129 4319 269 4367 ctum.
301 4311 506 4368 Omnis
537 4309 638 4384 qui
670 4309 962 4383 intelligit,
993 4302 1120 4365 luce
1144 4311 1397 4382 quadam
1417 4329 1532 4366 non
1557 4329 1754 4386 corpo-

131 4395 240 4466 rali,
269 4389 399 4467 etc.,
431 4417 607 4472 usque
624 4397 803 4472 adqui
821 4387 1597 4471 intelliguntilluminantur.
1618 4403 1750 4471 (Id.,

130 4494 260 4544 tract.
293 4490 349 4544 in
383 4490 527 4560 psal.
560 4506 670 4544 xu.
706 4485 846 4543 tom.
882 4485 976 4557 IV,
1008 4491 1158 4557 part.
1191 4505 1231 4555 1,
1265 4487 1372 4542 col.
1406 4483 1553 4560 465.)

1940 3333 2333 3405 Supercecidit
2381 3335 2533 3408 ignis
2563 3339 2619 3391 et
2649 3353 2761 3392 non
2810 3337 3079 3393 viderunt
3127 3340 3329 3407 solem,
3372 3337 3506 3410 etc.,

1867 3438 2037 3494 usque
2084 3423 2152 3478 ad
2185 3441 2298 3479 non
2329 3428 2417 3479 est
2441 3427 2604 3480 ortus
2633 3425 2693 3480 in
2723 3427 2912 3482 nobis.
2936 3427 3066 3501 (Id.,
3097 3435 3254 3485 tract.
3279 3431 3337 3486 in
3367 3433 3506 3504 psal.

1867 3527 1994 3578 Lvu,
2033 3515 2170 3566 tom.
2200 3511 2292 3580 1V,
2329 3517 2476 3584 part.
2510 3529 2547 3582 1,
2583 3513 2690 3569 col.
2723 3515 2873 3583 688.)

1939 3601 1999 3654 In
2034 3606 2398 3656 sacramento
2455 3601 2678 3658 dictum
2731 3603 3033 3677 accipitur,
3059 3611 3194 3674 etc.,
3245 3625 3414 3681 usque
3442 3610 3511 3664 ad

1867 3701 2043 3760 super
2066 3689 2430 3745 iracundiam
2461 3689 2736 3747 hominis.
2773 3693 2898 3764 (Id.,
2932 3697 3164 3751 serm.(le
3205 3697 3346 3768 psal.
3379 3715 3512 3768 xxv,

1864 3783 2006 3832 tom.
2043 3778 2135 3849 IV,
2169 3783 2316 3850 part.
2351 3791 2390 3847 1,
2426 3778 2532 3834 col.
2570 3782 2672 3835 189
2702 3785 2758 3835 et
2787 3783 2932 3852 seq.)

1933 3868 2114 3924 Nolite
2163 3868 2338 3922 locum
2385 3868 2535 3934 dare,
2585 3872 2717 3934 etc.,
2773 3885 2959 3941 usque
3007 3873 3078 3926 ad
3138 3873 3224 3928 det
3270 3878 3510 3943 gratiam

1863 3956 2232 4011 audientibus.
2260 3957 2322 4010 In
2337 3957 2674 4011 abscondito
2686 3961 2740 4011 te
2758 3957 3039 4013 Dominus
3052 3960 3082 4014 ,Ι
3088 3975 3224 4015 esus
3241 3962 3511 4019 Christus

1854 4043 2036 4116 jussit
2066 4055 2249 4110 orare,
2275 4047 2405 4109 etc.,
2445 4055 2614 4115 usque
2643 4041 2712 4099 ad
2761 4044 2820 4099 in
2852 4045 3116 4116 gehenna
3167 4048 3340 4120 ignis.
3375 4051 3505 4121 (Id.,

1863 4140 2017 4188 tract.
2055 4133 2114 4186 in
2164 4133 2303 4204 psal.
2356 4138 2468 4196 ω,
2517 4136 2657 4186 tom.
2720 4125 2811 4201 IV,
2862 4137 3012 4205 part.
3065 4153 3102 4204 1,
3137 4137 3243 4192 col.
3298 4138 3400 4192 466
3451 4145 3508 4195 et

1863 4221 2010 4293 seq.)

1933 4307 2085 4365 Deus
2116 4312 2303 4364 tentat
2332 4312 2397 4363 ut
2426 4309 2626 4364 doceat
2651 4310 2924 4366 diabolus
2955 4316 3156 4370 tentat.
3183 4319 3315 4382 etc.,
3341 4335 3509 4389 usque

1859 4400 1928 4454 ad
1959 4397 2098 4454 foris
2128 4397 2513 4469 triumphant.
2550 4397 2676 4466 (Id.,
2708 4415 2869 4454 serm.
2903 4399 2968 4456 de
2996 4405 3288 4458 tentatione
3323 4408 3506 4460 Abra—

1860 4488 2008 4553 ham,
2041 4491 2180 4542 tom.
2215 4486 2282 4552 V,
2315 4491 2462 4560 part.
2498 4504 2536 4555 1,
2571 4486 2680 4542 col.
2713 4489 2828 4557 29.)

188 4571 409 4659 Alienati
455 4589 490 4632 α
537 4568 653 4631 vita
683 4567 780 4631 Dei
817 4569 948 4642 etc.,
994 4571 1183 4659 usque
1233 4573 1306 4629 ad
1337 4579 1388 4630 ει
1420 4578 1534 4647 ipso
1582 4576 1755 4633 edocti
1785 4587 1828 4659 υ
1930 4577 1995 4630 Et
2018 4575 2186 4630 nolite
2214 4577 2552 4641 contristare,
2594 4580 2728 4641 etc.,
2781 4591 2966 4650 usque
3016 4577 3086 4633 a'd
3130 4580 3188 4634 in
3230 4579 3372 4636 diem
3423 4598 3507 4637 re-

129 4661 254 4719 ttlit.
280 4657 346 4720 Et
373 4665 574 4721 anima
603 4663 866 4719 humana
905 4657 1232 4717 secundum
1284 4659 1596 4734 quemdam
1629 4675 1752 4721 mo-

129 4747 250 4808 dum
274 4745 866 4818 dicituriinmortalis,
892 4755 1023 4816 etc.,
1045 4751 1216 4822 atque
1239 4750 1309 4806 ad
1322 4751 1510 4808 videat
1531 4751 1748 4809 lume'n.

134 4838 242 4908 (Id.,
295 4858 452 4898 scrm.
483 4842 550 4898 de
576 4842 779 4914 symb.,
805 4845 948 4896 tom.
980 4839 1048 4908 V,
1082 4844 1211 4911 part
1242 4857 1281 4906 1,
1315 4837 1424 4895 col.
1462 4841 1646 4910 1059.)

190 4924 340 4985 Sicut
372 4947 485 4986 non
519 4934 609 4987 est
637 4941 671 4985 a
697 4935 891 4993 Carne,
939 4929 1037 4983 sed
1072 4933 1253 4999 supra
1302 4923 1556 4996 carnem,
1619 4933 1752 5002 etc.,

137 5023 280 5087 usque
305 5021 375 5074 'dd
400 5021 459 5074 et
487 5018 549 5073 in
579 5011 887 5073 tenebrosa
917 5011 1293 5088 demergitur.
1321 5013 1450 5088 (Id.,
1476 5015 1571 5072 lib.
1604 5017 1749 5074 Sent.

140 5097 300 5177 Prasp.
331 5111 471 5162 tom.
508 5107 575 5174 Χ,
603 5109 754 5178 part.
787 5122 848 5174 11,
880 5103 992 5159 col.
1029 5103 1187 5170 1873,
1223 5105 1380 5170 1877,
1419 5093 1598 5176 1878.)

198 5193 332 5250 Sicut
362 5205 438 5251 est
466 5197 687 5262 veritas,
720 5197 854 5257 etc.,
887 5208 1076 5264 usque
1109 5192 1179 5247 ad
1209 5189 1478 5247 desideria
1523 5196 1752 5251 erroris.

143 5267 312 5353 itaque
341 5283 588 5351 enimut
618 5276 885 5338 nonnulli
918 5284 1143 5352 putant.
1178 5283 1311 5348 etc.,
1334 5297 1501 5352 usque
1530 5281 1600 5336 ad
1621 5299 1755 5338 cum

143 5369 372 5438 proximo
402 5385 527 5429 suo.
561 5367 695 5440 (Id.,
755 5371 851 5426 lib.
883 5370 946 5425 de
974 5371 1234 5424 Passiene
1262 5371 1500 5436 Domini,
1519 5373 1660 5425 tom.
1685 5371 1751 5428 V.

129 5461 270 5526 ‘ptrt.
301 5475 356 5526 11,
384 5459 492 5516 col.
527 5461 709 5531 1724.)

201 5549 555 5618 chovamini,
608 5549 741 5617 etc.,
791 5563 977 5620 usque
1026 5547 1096 5601 ad
1146 5543 1430 5599 sanctitate
1485 5548 1750 5605 veritatis.

145 5621 266 5692 Cum
293 5629 524 5696 dixisset
551 5632 627 5695 ad
647 5633 964 5708 imaginem
981 5637 1261 5702 nostram,
1282 5629 1481 5690 statim
1510 5633 1639 5706 subj
1650 5655 1750 5694 un-

1862 4663 2206 4734 demptionis.
2243 4659 2405 4717 Sicut
2434 4668 2586 4719 recte
2619 4661 3199 4723 diciturDequacere
3220 4668 3506 4739 quidquid

1860 4751 1988 4823 ipso
2021 4751 2079 4806 in
2112 4749 2282 4806 nobis
2314 4741 2590 4824 operante
2620 4753 2948 4820 fecerimus,
2973 4760 3105 4822 etc.,
3134 4772 3301 4827 usque
3323 4757 3392 4811 ad
3414 4758 3509 4813 bo-

1861 4857 1939 4895 na
1968 4841 2143 4913 Opera
2173 4840 2503 4896 fecerimus.
2546 4835 2674 4910 (Id.,
2710 4841 2805 4898 lib.
2840 4859 2895 4897 1v
2943 4844 3006 4899 de
3039 4835 3246 4913 Genes.,
3295 4846 3364 4900 ad
3397 4848 3502 4902 litt.

1862 4934 2003 4984 tom.
2041 4929 2136 4996 III,
2170 4933 2319 5000 part.
2352 4945 2392 4996 1,
2425 4923 2531 4984 col.
2559 4920 2663 4984 302
2691 4935 2747 4985 et
2777 4947 2900 5003 seq.

1934 5019 2121 5073 Omnis
2149 5019 2478 5082 amaritudo,
2511 5023 2644 5085 etc.,
2679 5035 2864 5091 usque
2891 5021 2962 5074 ad
2999 5023 3058 5075 in
3093 5019 3302 5078 Christo
3340 5023 3506 5078 dona-

1860 5109 1937 5162 vit
1968 5103 2133 5162 vobis.
2169 5105 2539 5177 Blasphemia
2569 5112 2656 5162 est
2674 5125 2775 5180 per
2794 5115 3315 5182 quam,etc.,usque
3343 5113 3413 5166 ad
3436 5114 3506 5168 de

1863 5195 1990 5266 ipso
2024 5195 2138 5250 Deo
2161 5195 2308 5249 falsa
2337 5195 2636 5249 dicuntur.
2662 5195 2792 5264 (Id.,
2818 5198 2913 5252 lib.
2933 5205 3118 5254 contra
3139 5200 3504 5269 Mendacium,

1863 5289 2006 5339 tom.
2037 5283 2133 5353 VI,
2167 5282 2273 5338 col.
2306 5284 2414 5338 545
2441 5288 2499 5338 et
2529 5285 2674 5356 seq.)

2517 5424 2749 5482 CAPUT
2787 5427 2854 5482 V.

1933 5551 2106 5604 Estote
2125 5563 2248 5620 ergo
2280 5549 2579 5604 imitatores
2607 5551 2722 5618 Dei,
2769 5556 2901 5619 etc.,
2945 5567 3140 5632 usque
3172 5556 3242 5610 ad
3291 5559 3505 5626 gratia-

1865 5655 1989 5694 rum
2016 5639 2175 5694 actio.
2209 5633 2484 5693 Traditus
2515 5643 2603 5694 est
2649 5645 2885 5714 propter
2924 5637 3138 5700 'delicta
3189 5648 3414 5703 nostra:
3449 5651 3507 5704 et
