3856 6200
339 309 477 375 379

1536 309 1768 374 FLORI
1810 307 2129 374 DIACONI
2172 307 2549 374 MONACHI.

3629 312 3751 383 380

342 442 547 501 dilexit
590 443 929 516 Eeclesiam,
978 444 1111 513 etc.,
1163 460 1329 517 usque
1378 443 1447 499 ad
1495 445 1602 500 iste
1652 448 1862 499 nostrm
1903 460 1990 498 re-
2024 445 2077 509 Α
2175 443 2403 499 Szcutet
2435 446 2709 515 Christus,
2757 448 2889 514 etc.,
2950 462 3139 519 usque
3186 444 3257 502 ad
3290 447 3345 502 iu
3398 446 3560 503 verbo
3605 450 3765 512 vitta

343 534 717 606 demptionis.
750 535 883 604 (Id.,
921 542 1075 590 tract.
1110 536 1170 589 in
1200 535 1406 602 Evang.
1430 535 1703 599 secJoan,
1728 538 1867 588 tom.
1891 533 1987 588 III.

342 627 491 696 part.
525 639 589 694 11,
614 622 724 679 col.
759 623 943 695 4459.)
1951 691 1957 697 ⁸

411 712 593 768 Nosse
617 712 860 780 debetis,
910 715 967 768 et
1011 710 1332 784 intelligere
1363 728 1531 784 usque
1559 712 1629 767 ad
1655 710 1993 766 nominibus

341 804 778 873 nuncupantur.
841 801 973 872 (Id.,
1030 808 1188 857 tract.
1258 803 1317 856 in
1373 803 1577 873 Evang.
1648 815 1752 856 sec.
1809 802 1991 865 Joan.,

338 893 483 947 tom.
514 891 609 958 III,
640 889 750 946 col.
791 890 926 946 4875
953 894 1009 946 et
1041 894 1188 962 seq.)

411 981 518 1036 Hoc
538 981 687 1035 enim
713 981 918 1045 scitote,
950 985 1082 1045 etc.,
1106 996 1289 1051 usque
1306 980 1378 1035 ad
1410 982 1467 1034 in
1488 979 1631 1050 ﬁlios
1642 978 1990 1051 difﬁdentiae.

340 1068 644 1125 Positurus
673 1072 761 1124 est
790 1068 946 1124 enim
977 1085 1111 1123 oves
1141 1069 1214 1123 ad
1236 1069 1555 1134 dexteram,
1579 1071 1712 1134 etc.,
1744 1067 1993 1139 usquead

340 1156 677 1213 manifestet
706 1157 1087 1230 cogitationes
1118 1156 1330 1213 cordis.
1360 1157 1489 1229 (Id.,
1517 1158 1612 1212 lib.
1640 1157 1704 1212 de
1723 1158 1992 1212 Paeniten-

338 1246 438 1316 tia,
473 1248 615 1301 tom.
649 1245 718 1312 V,
752 1249 900 1317 part.
934 1262 993 1311 ιι,
1019 1246 1127 1301 col.
1164 1245 1300 1300 4544
1329 1250 1386 1300 et
1415 1245 1558 1317 seq.)

410 1333 556 1389 Cum
590 1333 1143 1391 manifestissimum
1178 1334 1256 1390 sit
1287 1333 1472 1389 multo
1496 1334 1733 1407 gravius
1755 1351 1992 1406 peccare

339 1422 640 1491 scientem,
676 1428 808 1489 etc.,
842 1440 1012 1495 usque
1039 1423 1109 1479 ad
1137 1426 1194 1479 et
1222 1422 1344 1478 Dei.
1377 1423 1505 1495 (Id.,
1560 1424 1656 1478 lib.
1692 1438 1749 1479 1v
1779 1423 1845 1478 de
1886 1428 1990 1479 Ba-

334 1514 552 1584 ptismo,
588 1517 729 1567 tom.
765 1512 853 1577 1X,
888 1511 996 1567 col.
1034 1512 1179 1582 158,)

411 1602 591 1657 Nolite
617 1618 744 1670 ergo
773 1599 944 1672 efﬁci,
977 1605 1110 1667 etc.,
1146 1617 1332 1670 usque
1378 1601 1450 1655 ad
1491 1601 1733 1673 justitia,
1767 1610 1818 1657 et
1848 1604 1989 1658 veri-

338 1698 465 1746 tate.
502 1688 720 1745 Fuistis
750 1688 1067 1761 aliquando
1098 1689 1369 1756 tenebrae,
1404 1706 1558 1745 nunc
1581 1693 1777 1745 autem
1807 1689 1906 1745 lux
1930 1692 1987 1746 in

336 1778 583 1835 Domino
614 1782 746 1847 etc.,
781 1794 949 1850 usque
986 1777 1056 1832 ad
1095 1776 1175 1831 ibi
1210 1794 1324 1832 non
1373 1777 1599 1833 addidit
1629 1778 1686 1832 in
1719 1778 1986 1834 Domino.
2021 1816 2067 1894 Β

339 1868 414 1894 ΙῘᾹ
493 1867 564 1894 ιιι.
618 1868 677 1894 ..1-
710 1868 915 1894 ηιμ-θηλο
952 1869 1077 1894 ..ἐιικ
1103 1867 1337 1894 ιιΛωὶιι-ἰη
1387 1870 1503 1894 ‘Am
1559 1868 1599 1894 ν
1639 1871 1763 1894 ..κ-ι
1823 1885 1839 1894 π
1879 1866 1962 1894 ΑΑΙ

337 1868 463 1941 (ΙίΙ.,
489 1867 584 1923 lib.
613 1868 677 1923 de
702 1868 1077 1938 Perfect.vitaz
1097 1867 1357 1935 hominis,
1387 1870 1528 1922 tom.
1559 1868 1789 1938 X,part,
1823 1866 1988 1939 1,00].

337 1957 442 2011 307
474 1960 532 2012 et
563 1960 717 2028 seq.)

408 2046 479 2100 Et
509 2049 665 2100 terra
694 2048 896 2100 nostra
926 2049 1242 2117 antequam
1276 2044 1565 2115 acciperet
1596 2044 1844 2099 formam
1882 2045 1991 2100 do-

338 2132 558 2200 ctrinae,
591 2135 725 2202 etc.,
772 2149 943 2205 usque
989 2133 1061 2188 ad
1091 2149 1305 2205 sponso
1340 2132 1511 2188 unico
1551 2138 1672 2188 tuo.
1727 2133 1854 2205 (Id.,
1889 2134 1986 2189 lib.

335 2237 441 2278 x111
472 2221 731 2293 Confess.,
764 2224 908 2277 tom.
942 2221 985 2287 Ι,
1019 2221 1129 2277 col.
1163 2223 1269 2275 850
1298 2224 1356 2276 et
1386 2222 1534 2292 seq.)

407 2311 477 2366 Et
507 2300 649 2365 vidit
695 2314 840 2366 Deus
888 2308 1079 2365 lucem
1127 2309 1265 2382 quia
1312 2309 1466 2364 bona
1495 2312 1602 2375 est,
1654 2313 1788 2377 etc.,
1822 2326 1991 2382 usque

337 2399 409 2455 ad
437 2398 574 2455 boni
606 2402 807 2454 estote.
843 2398 971 2470 (Id.,
1011 2415 1174 2455 serm.
1203 2397 1267 2454 de
1298 2400 1406 2468 vig.
1455 2399 1696 2467 Paschce,
1743 2402 1884 2454 tom.
1922 2398 1985 2468 V,

338 2492 486 2561 part.
520 2506 560 2556 1,
594 2487 704 2544 col.
740 2487 926 2556 1092.)

408 2577 914 2641 Quemadmodum
947 2576 1006 2631 in
1037 2576 1184 2648 ipsis
1214 2575 1575 2649 corporibus,
1608 2594 1676 2632 ea
1707 2575 1991 2649 quaeinfe-

338 2664 493 2722 riora
523 2669 680 2733 sunt,
715 2669 848 2733 etc.,
880 2682 1051 2739 usque
1078 2666 1148 2721 ad
1177 2665 1278 2721 lux
1305 2665 1361 2720 ic-
1392 2665 1659 2721 Domino.
1704 2665 1837 2737 (Id.,
1888 2667 1985 2721 lib.

337 2754 403 2811 de
433 2755 578 2821 Grat,
611 2755 742 2811 Nov.
780 2757 1027 2821 Testam.,
1049 2759 1193 2810 tom.
1228 2755 1298 2823 II,
1333 2753 1443 2811 col.
1474 2755 1620 2827 562).

411 2844 704 2900 Probantes
732 2844 862 2915 quid
887 2845 979 2912 sit,
1013 2847 1144 2912 etc.,
1170 2860 1356 2916 usque
1372 2844 1445 2899 ad
1477 2844 1986 2916 turpeestetdicere.

338 2931 520 2987 Nemo
551 2935 685 2988 ante
713 2936 949 3005 tempus
974 2933 1205 2988 deserat
1233 2949 1449 2988 aream.
1485 2932 1714 2988 Toleret
1757 2930 1987 3004 paleam

338 3017 400 3074 in
446 3018 678 3088 tritura,
728 3020 935 3078 toleret
982 3020 1041 3075 in
1091 3037 1247 3089 area,
1297 3025 1429 3088 etc.,
1469 3037 1638 3093 usque
1682 3021 1752 3076 ad
1800 3036 1987 3093 neque

340 3109 747 3181 superbientes
777 3113 844 3165 ut
867 3109 1223 3165 insultanter
1252 3110 1515 3182 arguatis
1543 3110 1675 3179 (Id.,
1728 3126 1891 3165 serm.
1924 3110 1989 3165 de
2053 3124 2061 3133 '
2105 3109 3021 3182 ,ηῗῗξυξξῗέξγξῖυξξῗξξσλλζτζων
3048 3109 3087 3182 ,ἶ

2020 3182 2063 3250 C
2100 3176 2271 3250 usque
2301 3163 2371 3217 ad
2401 3169 2540 3218 sunt
2589 3163 2801 3218 omnia.
2856 3164 2987 3234 (Id.,
3041 3165 3139 3220 lib.
3175 3167 3475 3238 1Retract.,
3517 3172 3662 3223 tom.
3706 3169 3744 3234 Ι,

336 3199 484 3253 verb.
517 3206 714 3269 upost.,
747 3201 890 3254 tom.
922 3197 991 3264 V,
1024 3201 1173 3270 part.
1209 3215 1246 3265 1,
1278 3197 1386 3254 col.
1416 3199 1523 3254 899
1551 3203 1607 3254 et
1632 3199 1781 3271 'seq.)

411 3285 607 3341 Omnia
637 3293 837 3353 autem,
871 3289 1004 3353 etc.,
1056 3302 1243 3359 usque
1273 3287 1346 3342 ad
1395 3287 1580 3343 lumen
1624 3296 1721 3343 est.
1754 3287 1870 3343 Hoc
1901 3291 1990 3343 est

330 3373 654 3447 judicium:
716 3374 995 3445 quoniam
1046 3373 1146 3430 lux
1189 3375 1346 3431 venit
1376 3375 1435 3430 in
1487 3377 1798 3444 mundum,
1851 3382 1985 3442 etc.,

338 3479 510 3535 usque
536 3463 608 3519 ad
637 3463 792 3535 quod
823 3461 884 3517 in
915 3479 977 3518 se
1006 3463 1227 3519 odisset
1274 3464 1613 3520 ostenderit.
1663 3465 1791 3534 (Id.,
1827 3473 1983 3520 tract.

341 3553 398 3607 in
433 3554 644 3620 Evang.
669 3568 774 3615 sec,
804 3553 988 3618 Joan.,
1014 3556 1154 3608 tom.
1189 3552 1286 3618 IlI,
1315 3557 1462 3625 part.
1497 3569 1557 3620 11,
1586 3553 1694 3609 col.
1734 3554 1916 3621 1491.)

412 3644 644 3711 Propter
670 3639 811 3712 quod
839 3640 993 3707 dicit,
1033 3645 1169 3708 etc.,
1208 3658 1398 3713 usque
1444 3642 1516 3697 ad
1568 3642 1911 3697 illuminabit
1940 3649 1989 3698 te

322 3715 608 3785 lChristus.
681 3728 938 3785 Somnus
1013 3729 1241 3799 animae,
1303 3735 1392 3786 est
1466 3729 1726 3786 oblivisci
1801 3731 1985 3787 Deum

342 3833 540 3885 suum,
574 3821 709 3884 etc.,
741 3834 910 3891 usque
938 3818 1008 3874 ad
1039 3816 1397 3874 illuminabit
1427 3823 1483 3874 te
1513 3818 1797 3876 Christus.
1856 3820 1987 3891 (Id.,

340 3913 498 3962 tract.
533 3908 594 3963 in
616 3907 762 3979 psal.
798 3924 927 3975 1.x",
962 3911 1106 3964 tom.
1140 3907 1232 3976 IV,
1265 3911 1416 3981 part.
1451 3926 1494 3977 1,
1525 3907 1635 3965 col.
1658 3910 1806 3977 750).

411 3994 536 4051 Nisi
568 3994 724 4051 enim
758 3996 831 4051 ad
864 4000 1128 4053 mortuos
1171 3996 1542 4054 suscitandos
1580 3997 1864 4053 Dominus
1895 4014 1989 4053 ve-

340 4084 545 4153 nisset,
578 4088 714 4150 etc.,
744 4102 914 4157 usque
943 4086 1013 4141 ad
1043 4085 1104 4141 in
1135 4086 1422 4159 sepulcro.
1459 4087 1588 4155 (Id.,
1630 4103 1792 4143 serm.
1828 4088 1897 4145 44
1925 4086 1990 4142 de

337 4173 487 4230 verb.
509 4174 716 4243 Evang.
749 4177 892 4229 tom.
921 4174 988 4243 V,
1022 4178 1173 4246 part.
1208 4193 1246 4240 1,
1280 4175 1391 4231 col.
1432 4176 1572 4231 1494
1602 4180 1659 4231 et
1689 4178 1837 4246 seq.)

414 4261 590 4318 Videte
638 4264 839 4333 itaque,
883 4266 1105 4334 fratres,
1167 4267 1299 4332 etc.,
1333 4280 1520 4335 usque
1568 4265 1642 4319 ad
1672 4266 1733 4319 in
1779 4280 1882 4337 quo
1911 4272 1991 4320 est

342 4351 593 4406 luxuria.
628 4347 762 4406 Dies
792 4351 980 4407 malos
1012 4352 1139 4407 duae
1173 4368 1265 4408 res
1299 4351 1538 4419 faciunt,
1563 4350 1788 4407 malitia
1809 4355 1866 4407 et
1886 4352 1990 4407 mi-

341 4437 512 4508 seria,
545 4443 676 4509 etc.,
709 4455 881 4512 usque
906 4445 974 4495 ad
999 4443 1234 4511 tempus
1263 4438 1538 4495 redimas.
1557 4439 1688 4508 (Id.,
1710 4456 1873 4495 serm.
1897 4442 1986 4509 50,

340 4528 485 4585 hom.
519 4529 606 4595 10,
638 4532 784 4583 tom.
812 4527 883 4594 V,
912 4531 1061 4600 part.
1096 4545 1138 4594 1,
1169 4526 1281 4582 col.
1312 4526 1420 4581 909
1449 4530 1508 4582 et
1537 4530 1687 4598 seq.)

411 4616 515 4673 Sed
544 4618 873 4689 implemini,
905 4620 1039 4683 etc.,
1072 4632 1260 4687 usque
1289 4615 1362 4671 ad
1415 4617 1477 4670 in
1505 4615 1757 4672 cordibus
1801 4620 1993 4673 vestris

338 4706 590 4761 Domino.
622 4703 1004 4760 Ambulantes
1033 4719 1171 4775 ergo
1188 4703 1248 4758 in
1279 4702 1603 4771 Christo,et
1624 4703 1815 4759 adhuc
1836 4720 1998 4776 pere-

341 4793 666 4865 grinantes,
698 4796 833 4859 etc.,
864 4808 1036 4864 usque
1082 4791 1154 4848 ad
1182 4794 1387 4847 mutus
1416 4795 1506 4847 est
1533 4792 1812 4863 Deo.(Id.,
1837 4800 1993 4850 tract.

345 4883 406 4937 in
434 4882 574 4953 psal.
610 4898 830 4949 Lmvi,
862 4885 1004 4937 tom.
1039 4880 1135 4949 1V,
1166 4883 1314 4952 part.
1350 4897 1391 4949 1,
1423 4878 1530 4935 col.
1564 4879 1749 4948 1408.)

417 4970 637 5027 Gratias
661 4976 899 5039 agentes,
932 4973 1065 5036 etc.,
1098 4984 1287 5040 usque
1316 4968 1389 5024 ad
1422 4970 1482 5023 in
1528 4971 1722 5025 timore
1768 4971 1993 5026 Christi.

341 5058 427 5113 Ab
440 5057 549 5113 hoc
565 5074 682 5114 uno
696 5062 752 5113 et
766 5074 898 5113 vero
912 5057 1027 5113 Deo
1040 5055 1217 5112 vitam
1234 5072 1464 5128 speram
1475 5074 1542 5112 us
1556 5061 1992 5125 aeternam,ete.,

344 5161 515 5218 usque
542 5145 613 5200 ad
659 5146 803 5201 satis
850 5161 978 5201 esse
1022 5144 1445 5201 contenderint.
1501 5144 1629 5217 (Id.,
1663 5145 1763 5202 lib.
1809 5164 1883 5202 vn
1915 5149 1986 5204 de

346 5234 506 5289 Civil.
537 5234 659 5302 Dei,
695 5237 835 5289 tom.
866 5232 987 5301 VII,
1022 5231 1130 5288 col.
1161 5234 1268 5287 220
1297 5237 1353 5288 et
1385 5236 1535 5305 seq.)

415 5321 663 5376 Mulieres
692 5322 828 5376 viris
854 5322 970 5376 suis
999 5320 1252 5389 subditae,
1284 5325 1417 5388 etc.,
1446 5338 1632 5394 usque
1663 5324 1732 5379 ad
1775 5324 1989 5395 diligite

345 5424 545 5465 uxores
575 5416 795 5465 vestras.
823 5406 1011 5463 Nolite
1044 5407 1312 5463 maechari
1336 5412 1468 5485 post
1497 5427 1703 5467 uxores
1743 5418 1987 5482 vestras,

346 5500 484 5563 etc.,
498 5511 666 5567 usque
686 5496 757 5551 ad
784 5495 857 5550 ad
878 5499 1052 5566 caput
1063 5495 1328 5554 Ecclesiae
1341 5498 1657 5554 Christum.
1683 5500 1986 5572 (Id.,serm.

347 5583 411 5641 de
440 5582 620 5639 decem
665 5581 902 5650 chordis,
952 5584 1095 5641 tom.
1125 5584 1190 5653 V,
1239 5591 1393 5661 part.
1424 5604 1464 5656 1,
1499 5585 1609 5643 col.
1642 5589 1712 5644 83
1758 5592 1815 5645 et
1844 5589 1991 5663 seq.)

2102 532 2329 587 Dictum
2354 534 2523 589 estde
2536 533 2852 589 Dominoin
2876 535 3211 608 Evangelio:
3231 536 3750 608 BaptizabatJesus
3801 609 3805 611 Α

2101 620 2297 693 plures
2328 639 2505 694 quam
2537 624 2777 690 Jonnes,
2810 628 2943 691 etc.,
2974 640 3141 696 usque
3171 625 3241 679 ad
3270 642 3385 681 non
3415 631 3507 681 est
3535 626 3750 697 baptis-

2101 726 2254 765 mus.
2290 710 2420 781 (Id.,
2456 719 2614 767 tract.
2649 714 2717 768 15
2746 714 2805 768 in
2856 716 3062 783 Evang.
3115 730 3200 769 sec
3226 714 3406 781 Joan.,
3460 718 3606 770 tom.
3660 714 3753 781 ΙΙΙ,

2100 802 2251 871 part.
2287 817 2349 865 11,
2379 799 2486 856 col.
2521 802 2650 858 1514
2690 807 2746 858 et
2777 806 2928 876 seq.)

2175 890 2237 945 Ut
2261 889 2539 947 exhiberet
2581 893 2695 964 ipse
2741 897 2873 960 etc.,
2924 909 3111 965 usque
3152 894 3224 949 ad
3268 896 3511 965 seipsum
3549 893 3752 964 diligit.

2099 977 2503 1049 Superexaltat
2561 983 2756 1035 autem
2832 980 3234 1038 misericordia
3303 981 3549 1054 judicis,
3621 986 3753 1050 etc.,

2097 1083 2268 1138 usque
2313 1067 2383 1122 ad
2426 1066 2776 1140 significavit
2806 1069 2867 1125 in
2916 1070 3132 1127 triduo.
3182 1071 3311 1142 (Id.,
3344 1072 3443 1126 lib.
3493 1072 3561 1127 de
3604 1073 3750 1145 Perf.

2088 1155 2231 1227 justi
2260 1155 2427 1223 hom.,
2460 1160 2603 1212 tom.
2639 1162 2709 1225 X,
2741 1162 2890 1231 part.
2919 1177 2960 1225 1,
2993 1158 3103 1215 col.
3134 1161 3285 1229 310.)
3370 1212 3371 1215 η

2173 1244 2299 1315 Ipse
2328 1249 2417 1300 est
2438 1245 2593 1301 enim
2612 1245 2768 1313 finis,
2784 1247 3007 1302 utnihil
3020 1247 3235 1320 duplici
3251 1249 3421 1305 corde
3445 1248 3753 1315 faciamus,

2098 1337 2231 1399 etc.,
2258 1335 2520 1405 usquead
2550 1336 2833 1391 mundam
2874 1341 2931 1391 et
2960 1336 3313 1409 simplicem.
3366 1338 3500 1410 (Id.,
3553 1339 3657 1392 lib.
3696 1339 3755 1393 de

2099 1420 2273 1477 Serm.
2305 1424 2456 1479 Dom.
2484 1425 2541 1479 in
2572 1433 2772 1493 monte,
2804 1428 2948 1480 tom.
2982 1426 3080 1493 III,
3114 1425 3222 1481 col.
3259 1428 3397 1481 1288
3427 1431 3485 1482 et
3516 1430 3672 1499 seq.)

2173 1528 2418 1585 Lavabis
2463 1547 2575 1598 me,
2629 1531 2687 1586 id
2714 1536 2803 1589 est
2852 1531 3195 1587 mundabis:
3250 1536 3308 1588 et
3345 1549 3525 1605 super
3564 1533 3751 1590 nivem

2098 1616 2433 1673 dealbabor.
2466 1621 2537 1675 Et
2565 1619 2612 1674 si
2672 1619 2891 1675 fuerint
2945 1624 3185 1693 peccata
3231 1625 3424 1677 vestra
3472 1627 3539 1676 ut
3591 1622 3750 1678 freni-

2098 1707 2278 1773 cium,
2296 1712 2429 1777 etc.,
2454 1725 2621 1780 usque
2641 1710 2711 1764 ad
2734 1710 3106 1766 mundatum.
3124 1710 3256 1779 (Id.,
3278 1718 3439 1766 tract.
3466 1713 3527 1766 in
3543 1714 3691 1782 psal.
3705 1729 3749 1777 1.,

2098 1798 2237 1849 tom.
2273 1796 2368 1859 IV,
2403 1800 2551 1867 part.
2586 1812 2626 1863 1,
2660 1797 2769 1852 col.
2801 1798 2951 1869 593.)

2170 1883 2363 1939 Vestis
2422 1886 2801 1943 sacerdotalis
2846 1886 3163 1943 Ecclesiam
3236 1886 3551 1961 significat,
3620 1893 3749 1956 etc.,

2098 1987 2268 2043 usque
2296 1973 2366 2028 ad
2425 1991 2632 2047 rugam
2665 1992 2780 2031 non
2830 1975 3085 2031 habeant
3141 1977 3269 2049 (Id.,
3303 1986 3460 2033 tract.
3520 1980 3579 2033 in
3609 1980 3748 2049 psal.

2097 2076 2305 2127 cxxxu,
2338 2066 2478 2118 tom.
2507 2064 2601 2131 ιν,
2637 2068 2787 2137 part.
2820 2082 2883 2131 11,
2910 2065 3021 2122 col.
3061 2067 3240 2138 1734.)

2170 2150 2446 2207 Exhibete
2477 2168 2613 2225 ergo
2643 2169 2744 2209 vos
2770 2152 3012 2226 dignum
3030 2170 3242 2227 corpus
3265 2154 3365 2210 tali
3387 2157 3747 2227 capite,etc.,

2098 2255 2267 2310 usque
2313 2240 2383 2295 ad
2437 2240 2497 2295 in
2527 2242 2754 2297 Christo
2808 2242 2968 2298 Jesu.
3004 2243 3135 2315 (Id.,
3193 2261 3356 2299 serm.
3386 2245 3529 2316 quod
3576 2246 3748 2301 tribus

2096 2327 2240 2383 mod.
2274 2328 2472 2385 Christ.
2500 2330 2679 2398 intel.,
2710 2334 2851 2386 tom.
2876 2330 2945 2398 V,
2977 2336 3126 2403 part.
3160 2332 3504 2400 11,001.1500
3523 2338 3583 2389 et
3607 2339 3748 2405 seq.)

2168 2435 2332 2491 Nemo
2360 2438 2511 2510 enim
2542 2453 2805 2509 unquam,
2841 2442 2974 2506 etc.,
3028 2455 3216 2511 usque
3243 2439 3314 2494 ad
3361 2448 3415 2495 et
3438 2440 3505 2496 de
3530 2443 3747 2496 ossibus

2096 2524 2234 2595 ejus.
2295 2524 2439 2580 Cum
2490 2526 2560 2581 de
2590 2531 2797 2582 sancta
2853 2525 3163 2583 dilectione
3210 2528 3568 2600 praeciperet,
3615 2533 3746 2593 etc.,

2096 2629 2269 2683 usque
2318 2613 2387 2668 ad
2435 2613 2693 2670 foventes
2757 2631 2992 2670 carnem
3047 2632 3240 2671 suam.
3303 2616 3429 2687 (Id.,
3492 2617 3593 2673 lib.
3654 2635 3745 2673 xxx

2096 2709 2271 2756 contr.
2305 2703 2509 2770 Faust.,
2543 2706 2685 2757 tom.
2718 2704 2868 2772 VIII,
2900 2703 3008 2759 col.
3040 2704 3191 2775 392.)

2165 2788 2346 2845 Nemo
2377 2790 2532 2845 enim
2565 2807 2829 2862 unquam
2861 2807 3098 2847 carnem
3129 2809 3298 2848 suam
3330 2793 3464 2850 odio
3518 2794 3744 2865 habuit,

2096 2879 2233 2943 etc.,
2290 2894 2459 2950 usque
2513 2879 2603 2934 ad.
2665 2880 3109 2936 consuetudinis
3168 2881 3496 2955 bona3(1d.,
3541 2884 3641 2939 lib.
3686 2885 3746 2939 de

2095 2970 2246 3021 Doct.
2281 2968 2601 3035 Christian.,
2632 2971 2776 3024 tom.
2810 2968 2909 3035 III,
2942 2972 3089 3041 part.
3125 2987 3163 3038 1,
3196 2969 3305 3025 col.
3338 2970 3450 3044 28.)

2166 3071 2310 3129 Caro
2341 3072 2605 3147 diligitur
2635 3073 2871 3147 quidem
2914 3092 3021 3131 nec
3069 3081 3268 3133 tamen
3319 3078 3574 3151 proprie,
3617 3084 3743 3145 etc.,

2101 3248 2209 3305 col.
2241 3251 2394 3320 647.)

2167 3340 2394 3411 Propter
2421 3341 2519 3395 hoc
2548 3342 2838 3413 relinquet,
2872 3345 3005 3409 etc.,
3036 3359 3224 3415 usque
3255 3344 3326 3400 ad
3350 3347 3542 3401 timeat
3570 3348 3746 3402 virum

2095 3444 2274 3483 suum.
2310 3427 2417 3484 Illa
2445 3429 2661 3486 extasis
2688 3448 2866 3503 quam
2879 3431 3292 3489 Deusimmisit
3320 3432 3379 3487 in
3392 3434 3742 3501 Adam,etc.,

2097 3532 2266 3588 usque
2296 3517 2365 3572 ad
2393 3517 2584 3573 dicere
2614 3519 2893 3591 potuisse.
2928 3520 3056 3591 (Id.,
3091 3521 3185 3576 lib.
3222 3522 3503 3579 mdeCen.
3528 3523 3599 3579 ad
3620 3516 3742 3592 litt,

2097 3608 2239 3660 tom.
2275 3606 2371 3672 ΙΙΙ,
2405 3610 2554 3678 part.
2588 3625 2628 3673 ι,
2662 3606 2771 3664 col.
2806 3608 2959 3679 408.)

2168 3694 2368 3766 Neque
2398 3694 2555 3750 enim
2588 3695 2733 3751 dixit
2764 3697 2982 3752 frustra
3022 3698 3371 3770 Apostolus:
3415 3701 3600 3756 Adam
3651 3702 3743 3773 qui

2098 3786 2187 3838 est
2216 3782 2406 3839 forma
2436 3784 2638 3851 futuri,
2672 3788 2806 3851 etc.,
2839 3802 3009 3858 usque
3037 3786 3107 3841 ad
3142 3804 3356 3859 corpus
3384 3806 3514 3845 esse
3554 3806 3744 3862 posse-

2099 3886 2253 3926 mus.
2289 3871 2418 3944 (Id.,
2453 3873 2551 3928 lib.
2575 3891 2654 3928 x11
2683 3881 2855 3930 contr.
2891 3875 3099 3942 Faust.,
3132 3879 3276 3930 tom.
3298 3876 3582 3943 VIII,col.
3602 3879 3743 3951 258.)

2170 3980 2462 4043 Quantum
2508 3980 2853 4052 mysteaium
2903 3982 2973 4037 de
3004 3981 3232 4038 Christo
3285 3984 3567 4051 continet,
3617 3989 3739 4052 etc.,

2096 4083 2271 4140 usque
2300 4068 2370 4124 ad
2401 4069 2589 4124 forma
2620 4069 2971 4143 futuri.(Id.,
2995 4078 3151 4126 tract.
3172 4073 3740 4145 inEvang.secJoan.,

2099 4160 2242 4213 tom.
2280 4157 2381 4226 ΙΙΙ,
2415 4161 2568 4229 part.
2601 4175 2665 4226 11,
2699 4157 2805 4214 col.
2845 4159 3026 4230 1463.)
3748 4148 3761 4155 ἰ

2172 4245 2246 4301 Ut
2276 4246 2553 4302 noveritis
2584 4246 2722 4318 quia
2752 4263 2908 4303 unus
2938 4247 3156 4303 dicitur
3187 4248 3457 4307 Christus
3498 4255 3666 4324 caput
3693 4254 3743 4306 et

2100 4350 2312 4404 corpus
2344 4350 2538 4403 suum,
2571 4337 2703 4402 etc.,
2734 4351 2903 4406 usque
2922 4336 2992 4391 ad
3021 4335 3161 4407 quia
3178 4341 3353 4393 erunt
3367 4339 3485 4394 duo
3510 4339 3571 4395 in
3585 4356 3741 4395 carne

2100 4438 2237 4477 una.
2270 4422 2403 4491 (Id.,
2429 4430 2570 4478 tract
2586 4425 2643 4478 in
2661 4425 2803 4494 psal.
2828 4441 2958 4491 xxx,
2974 4428 3119 4479 tom.
3142 4425 3240 4493 ιν,
3256 4430 3407 4498 part.
3428 4445 3466 4494 1,
3482 4428 3743 4495 001.232.)

2169 4526 2260 4582 Sic
2290 4543 2426 4601 ergo
2458 4527 2773 4601 aliquando
2791 4527 3169 4585 insinuantur
3183 4530 3244 4586 in
3268 4531 3741 4604 ScripturisChri-

2102 4619 2250 4685 stus,
2284 4618 2417 4685 etc.,
2466 4633 2636 4690 usque
2663 4618 2734 4673 ad
2765 4634 2918 4674 unus
2967 4617 3240 4675 Christus
3271 4624 3382 4676 est.
3432 4622 3544 4691 (Id.
3592 4638 3737 4678 serm.

2105 4705 2246 4777 quod
2275 4705 2403 4761 trib.
2435 4705 2580 4763 mod.
2613 4706 2810 4763 Christ.
2845 4708 3077 4780 intellig.
3114 4711 3256 4764 tom.
3278 4708 3347 4775 V,
3380 4715 3534 4782 part.
3568 4708 3737 4778 11,001.

2103 4793 2246 4850 4500
2273 4798 2330 4850 et
2359 4795 2506 4869 seq.)

2175 4881 2459 4939 Dominus
2491 4887 2688 4941 noster
2706 4884 3160 4942 JesusChristus
3174 4887 3438 4944 Salvator
3467 4886 3741 4945 sedensad

2105 4970 2401 5027 dexteram
2475 4971 2684 5040 Patris,
2753 4976 2862 5029 etc.
2934 4990 3105 5045 usque
3158 4974 3230 5030 ad
3296 4992 3402 5031 nos
3476 4982 3740 5034 creatura.

2105 5060 2237 5128 (Id.,
2268 5067 2423 5125 tract,
2454 5062 2511 5115 in
2538 5061 2685 5132 psal.
2719 5077 2994 5129 cxxxvm,
3026 5067 3169 5118 tom.
3204 5062 3299 5131 IV,
3332 5068 3485 5136 part.
3535 5083 3619 5133 111,
3650 5063 3739 5122 σοι.

2101 5148 2245 5203 1784
2275 5151 2332 5203 et
2364 5147 2514 5220 seq.)

2166 5236 2383 5293 Omnes
2416 5235 2617 5293 fideles
2648 5237 2788 5310 quid
2819 5238 3067 5295 audiunt
3086 5240 3158 5296 ab
3177 5242 3490 5313 Apostolo?
3508 5242 3623 5299 Vos
3644 5260 3723 5299 au-

2095 5329 2216 5381 tem
2247 5324 2387 5380 estis
2417 5342 2631 5398 corpus
2661 5325 2895 5391 Christi,
2926 5331 2984 5383 et
3010 5329 3276 5386 membra
3303 5347 3372 5386 ex
3391 5337 3574 5404 parte,
3606 5338 3721 5397 etc.,

2096 5430 2268 5486 usque
2293 5414 2363 5470 ad
2394 5430 2613 5486 sponsa
2631 5415 2691 5469 in
2712 5432 2972 5488 corpore.
2991 5417 3299 5488 (Id..serm.
3332 5419 3720 5488 dever.Evaag.

2099 5505 2245 5558 tom.
2276 5502 2345 5570 V,
2378 5507 2530 5575 part.
2562 5521 2601 5571 1,
2637 5503 2747 5559 col.
2778 5505 2886 5559 570
2917 5509 2974 5560 et
3003 5505 3160 5579 seq.)

2179 5589 2437 5662 Reliquit
2466 5590 2694 5648 Patrem
2725 5608 2860 5650 cum
2875 5592 3038 5651 dixit:
3064 5595 3181 5668 Ego
3203 5600 3422 5655 aPatre
3434 5597 3603 5669 exivi,
3624 5601 3739 5660 βω..
