3856 6200
58 290 166 371 κβ

856 289 1271 361 EXPOSITIO
1312 294 1391 356 IN
1434 292 1605 375 EPP.
1648 294 1998 381 psuur
2026 298 2146 365 up.
2179 301 2284 361 AD
2330 298 2668 363 PHILIPP.

3351 303 3472 368 386

121 425 449 497 Assumpla
478 427 673 505 autem
709 440 881 483 carne
904 441 1021 497 qua
1041 426 1232 483 factus
1253 431 1342 483 est
1366 427 1541 484 homo
1563 428 1716 484 sicut
1741 430 1798 498 Α
1898 430 2051 486 Deus
2098 434 2186 488 est
2215 431 2371 487 enim
2404 432 2504 505 qui
2537 436 2810 507 operatur
2839 432 2898 488 in
2942 434 3105 491 vobis
3153 438 3209 489 et
3246 434 3387 491 velle
3420 441 3477 494 et

57 512 333 586 aqualem
366 529 435 583 se
465 513 641 581 novit,
673 517 806 581 etc.,
857 530 1029 586 usque
1075 515 1146 570 ad
1192 517 1378 588 major
1404 521 1494 572 est
1525 517 1711 572 Pater.

59 602 180 677 (Id.,
213 602 310 656 ιίδ,
344 618 363 655 ι
394 609 570 679 contr,
599 601 988 671 Maximinum,
1017 606 1161 659 tom.
1194 604 1342 672 VIII,
1386 604 1495 661 col.
1526 605 1677 683 747.)

123 689 181 745 Si
208 689 370 745 enim
405 690 704 747 conﬁteris
734 691 837 747 Dei
861 692 1271 761 formam,etc.,
1296 710 1464 765 usque
1491 693 1562 750 ad
1585 711 1714 750 esse

60 796 167 836 non
196 777 389 853 potuit
439 777 768 859 inaequalis.
805 781 936 854 (Id.,
961 780 1130 848 -ibid.,
1163 780 1273 838 col.
1306 784 1412 841 747
1444 786 1501 838 et
1530 785 1679 855 seq.)

126 866 416 936 Quoniam
451 884 587 926 cum
616 867 677 929 in
699 870 887 933 forma
920 869 1015 926 Dei
1047 875 1221 937 esset,
1255 888 1373 933 non
1422 872 1713 944 rapinam,

64 962 186 1025 etc.,
218 972 390 1028 usque
442 956 513 1037 ad
570 958 809 1015 omnino
854 959 1189 1031 procedere.
1244 960 1380 1030 (Id.,
1438 977 1600 1016 serm.
1654 961 1718 1016 de

60 1048 440 1119 disceptatione
486 1055 674 1105 contra
721 1049 1090 1119 Pascentium,
1141 1052 1283 1105 tom.
1318 1053 1391 1119 II,
1435 1049 1542 1113 co].
1580 1051 1718 1106 1042

64 1140 114 1190 et
138 1151 261 1207 seq.

127 1223 227 1289 Qui
250 1239 389 1293 cum
422 1224 486 1283 in
517 1224 703 1301 forma
732 1225 831 1280 Dei
865 1228 1040 1294 esset,
1074 1229 1206 1293 etc.,
1240 1242 1410 1298 usque
1438 1227 1508 1282 ad
1533 1231 1718 1289 muta-

66 1318 173 1368 tam
204 1312 597 1370 divinitatem.
634 1314 766 1383 (Id.,
799 1314 968 1371 lib.de
998 1314 1187 1371 Gratia
1212 1315 1349 1372 Novi
1369 1317 1712 1383 Testamenti,

68 1407 196 1459 tom.
230 1401 302 1479 II,
333 1401 449 1459 col.
482 1403 637 1476 543.)

127 1493 183 1546 In
210 1491 663 1571 similitudinem,
694 1496 829 1558 etc.,
862 1509 1050 1566 usque
1085 1493 1155 1551 ad
1188 1501 1249 1549 ut
1278 1493 1718 1551 homo.Habitus

77 1582 129 1637 in
158 1598 223 1637 ea
251 1596 312 1635 re
338 1580 562 1636 dicitur
591 1598 718 1653 quae
748 1582 917 1637 nobis
950 1586 1019 1639 ut
1045 1582 1331 1639 habeatur
1350 1581 1716 1652 accidit,etc.,

74 1686 231 1741 usque
277 1669 348 1725 ad
390 1669 683 1725 diceretur
712 1669 812 1726 illa
842 1671 1158 1747 susceptio.
1194 1671 1326 1742 (Id.,
1358 1672 1455 1726 lib.
1491 1672 1716 1739 Quaest,

77 1764 204 1829 tom.
236 1758 334 1835 Vl,
368 1757 483 1815 col.
516 1760 586 1814 84
615 1762 672 1817 et
702 1761 853 1831 seq.)

131 1848 473 1917 Humiliavit,
504 1850 635 1917 etc.,
669 1864 859 1920 usque
916 1849 986 1904 ad
1035 1857 1263 1905 mortem
1300 1857 1483 1907 autem
1512 1851 1714 1906 crucis.

74 1935 297 2005 Discite,
330 1935 547 2008 inquit,
581 1952 617 1991 a
646 1936 911 1994 me.Cum
943 1954 1132 1994 essem
1166 1938 1223 1992 in
1255 1938 1542 2011 principio
1564 1938 1718 1994 Deus

79 2026 212 2097 apud
244 2024 648 2094 Deum,creavi
676 2031 941 2107 vos,etc.,
974 2043 1143 2098 usque
1164 2027 1235 2082 ad
1255 2031 1312 2082 et
1331 2044 1435 2101 ego
1458 2026 1715 2082 reﬁciam

77 2131 182 2171 vos.
212 2112 338 2186 (Id.,
369 2129 537 2189 scrin.
568 2130 645 2168 x11
677 2113 741 2170 de
790 2115 971 2173 Verbis
1018 2116 1407 2188 apostolorum,
1458 2120 1601 2171 tom.
1646 2115 1714 2182 V,

79 2207 213 2275 part.
246 2219 283 2268 1,
317 2200 429 2257 col.
465 2203 614 2265 898.)

141 2288 472 2362 Intelligens
523 2307 660 2364 ergo
691 2292 860 2347 Pater
888 2292 1253 2359 effusionem,
1286 2296 1421 2359 etc.,
1450 2309 1621 2365 usque
1649 2292 1720 2347 ad

85 2380 133 2435 in
160 2379 429 2437 cordibus
464 2380 681 2439 nostris
711 2380 1077 2447 charitatem.
1111 2382 1426 2451 (Id.,serm.
1462 2383 1521 2437 in
1542 2382 1721 2437 natali

86 2471 241 2525 sancti
267 2471 577 2536 Laurentii,
610 2473 753 2527 tom.
786 2469 855 2538 V,
892 2476 1042 2543 part.
1078 2489 1112 2538 1,
1147 2470 1255 2526 col.
1292 2471 1469 2536 1396.)

144 2560 365 2619 Greater
417 2558 693 2621 hominis,
728 2558 904 2624 homo
953 2576 1079 2616 esse
1127 2560 1404 2632 dignatus
1443 2563 1551 2628 est,
1584 2563 1716 2625 etc.,

90 2663 236 2719 usque
262 2646 331 2702 ad
362 2646 412 2702 si
469 2647 930 2719 cruciﬁgeretur.
963 2649 1095 2720 (Id.,
1129 2657 1289 2704 tract.
1322 2650 1391 2704 36
1424 2650 1482 2703 in
1511 2650 1717 2719 Evang.

91 2735 359 2796 secundum
404 2736 690 2804 Joannem,
745 2739 890 2802 tom.
935 2740 1034 2803 III,
1069 2741 1219 2809 part.
1254 2754 1313 2808 11,
1350 2737 1460 2795 col.
1496 2738 1632 2795 1664
1664 2740 1723 2792 et

93 2826 221 2897 seq.)

150 2919 362 2991 Propter
386 2912 533 2987 quod
561 2922 613 2975 et
658 2914 821 2987 Deus,
846 2917 980 2984 βίου
1012 2929 1203 2987 usque
1243 2913 1314 2969 ad
1350 2915 1410 2969 in
1438 2914 1619 2985 gloria
1647 2923 1726 2971 est

92 3004 174 3058 Dei
198 3005 392 3061 Patris.
426 3002 495 3059 In
528 3002 802 3074 passione
832 3002 1020 3075 magis
1052 3003 1180 3073 ejus
1209 3002 1513 3059 humilitas
1544 3020 1721 3075 quam

70 3090 297 3151 .claritas
316 3091 792 3159 commendatur,
821 3095 954 3160 etc.,
988 3107 1159 3163 usque
1177 3091 1249 3146 ad
1275 3091 1402 3147 sine
1431 3093 1546 3148 fine
1576 3108 1725 3148 sem-

1823 519 2055 591 operari
2076 537 2180 593 pro
2212 520 2365 576 bona
2391 521 2710 588 voluntate,
2742 527 2872 590 etc.,
2898 540 3066 595 usque
3095 524 3164 587 ad
3184 524 3356 597 detur
3385 529 3469 579 to-

1823 609 1949 662 tum
1981 608 2116 664 Deo.
2152 609 2282 678 (Id.,
2319 611 2419 666 lib.
2453 610 2517 665 de
2548 616 2694 667 Bono
2715 614 2955 681 Perseu,
2988 617 3129 667 tom.
3164 612 3228 678 X,
3254 618 3472 685 partu,

1824 695 1932 751 col.
1970 696 2153 769 1013.)

1893 784 2200 856 Proprium
2253 786 2466 859 quippe
2498 788 2832 856 arbitrium,
2863 793 2996 855 etc.,
3032 807 3200 863 usque
3248 791 3328 846 ad
3358 807 3477 872 ma-

1824 872 2192 945 gnitudinem
2224 875 2613 932 continentiae.
2650 878 2954 950 (Id.,epist.
2988 878 3057 936 ad
3084 880 3220 949 Jul.,
3254 883 3396 936 tom.
3432 880 3479 935 ΙΙ

1826 959 1934 1016 col.
1968 962 2067 1016 851
2095 966 2151 1017 et
2180 968 2329 1035 seq.)

1897 1051 2195 1115 Quomodo
2227 1051 2372 1108 dicis
2396 1055 2552 1125 quod
2576 1055 2750 1111 audio
2775 1055 2964 1115 dicere
2995 1060 3094 1112 :u't
3115 1060 3267 1112 recte
3289 1058 3482 1133 creda-

1829 1155 1965 1194 mus
1993 1138 2052 1194 in
2083 1139 2289 1206 Deum,
2323 1145 2456 1207 etc.,
2480 1159 2659 1215 usque
2687 1144 2756 1199 ad
2798 1144 2952 1199 viam
2984 1146 3113 1217 ejus
3140 1144 3311 1201 volet.
3349 1145 3478 1214 (Id.,

1828 1227 1923 1282 lib.
1957 1227 2021 1282 de
2056 1231 2205 1285 Bono
2235 1235 2480 1296 Persev.,
2514 1235 2655 1287 tom.
2689 1231 2754 1300 X,
2804 1235 2956 1303 part.
3004 1249 3064 1300 11,
3114 1232 3222 1288 col.
3260 1234 3397 1288 1012
3425 1237 3483 1288 et

1829 1315 1980 1387 seq.)
2977 1387 2990 1397 .

1901 1402 2097 1464 Omnia
2125 1413 2307 1471 autem
2332 1408 2522 1479 facile,
2553 1412 2686 1475 etc.,
2721 1426 2917 1481 usque.
2949 1409 3019 1464 ad
3050 1418 3102 1479 et
3133 1411 3480 1483 congratula-

1825 1495 1971 1548 mini
1992 1495 2148 1551 mihi.
2186 1493 2523 1551 Similitudo
2572 1497 2642 1551 de
2688 1495 3083 1553 luminaribus
3124 1498 3262 1563 data
3290 1499 3481 1557 estad

1829 1586 2083 1651 sanctos,
2118 1586 2341 1653 ut,etc.,
2392 1601 2562 1658 usque
2612 1586 2681 1639 ad
2713 1604 2815 1657 per
2857 1586 3104 1660 ﬁguram
3137 1585 3285 1657 liber
3311 1587 3477 1660 legis.

1832 1671 1963 1741 (Id.,
1995 1680 2150 1727 tract.
2182 1674 2242 1727 in
2264 1674 2409 1745 psal.
2443 1691 2597 1743 x0111,
2632 1678 2775 1731 tom.
2811 1675 2901 1744 1V,
2936 1680 3086 1749 part.
3120 1693 3182 1745 11,
3214 1675 3321 1734 col.
3344 1676 3481 1741 1193

1829 1763 1885 1816 et
1914 1760 2061 1832 seq.)

1896 1848 2001 1913 Qui
2037 1855 2306 1906 numerat
2338 1851 2780 1911 multitudinem
2801 1852 3127 1922 stellarum,
3153 1859 3286 1920 etc.,
3306 1870 3480 1929 usque

1826 1938 1911 1994 ad
1933 1938 2059 2008 jam
2116 1943 2384 1994 numerat
2433 1941 2606 2003 Deus.
2642 1940 2772 2012 (Id.,
2806 1949 2959 1997 tract.
2993 1944 3053 1997 in
3098 1943 3242 2013 psal.
3294 1959 3475 2011 CXLVI,

1824 2030 1967 2081 tom.
1997 2025 2088 2095 IV,
2123 2032 2271 2099 part.
2307 2046 2367 2094 11,
2396 2028 2503 2084 col.
2540 2029 2721 2100 1904.)

1898 2114 2061 2170 Sicut
2090 2115 2290 2172 stellas
2322 2115 2450 2172 coeli
2482 2134 2596 2173 non
2629 2117 2951 2190 exstinguit
2984 2136 3115 2187 nox,
3147 2122 3281 2188 etc.,
3309 2136 3480 2193 usque

1826 2205 1912 2259 ad
1941 2204 2241 2259 mundana
2262 2203 2563 2277 iniquitas.
2601 2206 2731 2279 (Id.,
2765 2208 2860 2262 lib.
2894 2208 3041 2263 Sent.
3080 2213 3294 2280 Prosp.,
3331 2212 3473 2263 tom.

1825 2292 1891 2360 Χ,
1927 2296 2076 2364 part.
2111 2307 2173 2361 ιι,
2207 2292 2314 2348 col.
2351 2294 2534 2367 1869.)

1896 2382 2062 2453 Spero
2117 2390 2300 2437 autem
2356 2383 2418 2437 in
2474 2386 2729 2451 Domino,
2791 2388 2923 2453 etc.,
2986 2402 3171 2459 usque
3228 2385 3298 2440 ad
3347 2401 3479 2455 erga

1825 2487 2008 2526 meum
2054 2471 2389 2542 obsequium.
2425 2471 2580 2529 Inter
2632 2472 3023 2533 mercenaries
3070 2478 3270 2546 pastor
3316 2474 3477 2548 inge-

1829 2557 1998 2627 muit,
2031 2562 2165 2625 etc.,
2198 2575 2371 2632 usque
2403 2561 2489 2616 ad
2520 2560 2670 2615 inter
2718 2563 3108 2617 mercenaries
3158 2578 3479 2618 remanere.

1828 2648 1958 2717 (Id.,
1991 2655 2149 2703 tract.
2199 2650 2259 2704 in
2305 2649 2511 2718 Evang.
2542 2666 2646 2705 sec.
2696 2652 2885 2719 Joau.,
2918 2655 3061 2707 tom.
3106 2651 3200 2719 ΙΙΙ,
3237 2656 3383 2725 part.
3420 2670 3479 2720 ιι,

1829 2735 1938 2792 col.
1974 2736 2154 2807 1739.)

2468 2825 2700 2882 CAPUT
2740 2827 2837 2882 III.

1903 2919 1980 2970 De
2008 2922 2219 2982 caetero,
2247 2916 2464 2986 fratres,
2498 2919 2635 2983 etc.,
2664 2931 2853 2988 usque
2884 2915 2955 2972 ad
2988 2917 3139 2972 vobis
3168 2924 3354 2971 autem
3382 2933 3478 2972 ne-

1829 3003 2145 3057 cessarium.
2180 3001 2405 3057 Dixisse
2455 3001 2694 3073 quidem
2748 3001 3094 3075 Apostolum
3144 3002 3366 3057 scimus
3408 3004 3481 3058 ad

1830 3089 2234 3163 Philippenses
2268 3090 2542 3158 :Eadem,
2592 3095 2725 3160 etc.,
2776 3108 2950 3165 usque
2997 3092 3084 3147 ad
3113 3090 3259 3147 mihi
3309 3090 3482 3147 mole-

94 3196 181 3251 per
205 3183 288 3241 est
314 3180 574 3241 claritas.
608 3180 740 3251 (Id.,
772 3188 934 3241 tract.
969 3181 1071 3235 104
1102 3182 1165 3235 in
1184 3180 1391 3255 Evang.
1423 3197 1527 3236 sec.
1548 3183 1718 3237 Joan-
1750 3165 1794 3233 C
1834 3178 2086 3267 stussit.
2114 3180 2195 3249 (S.
2225 3179 2372 3251 Aug.
2416 3179 2491 3249 lib
2619 3180 2795 3235 Prud.
2828 3188 3024 3248 sanct.,
3057 3183 3199 3236 tom.
3231 3179 3296 3247 X,
3331 3184 3479 3253 part.

96 3272 360 3335 nem,tom.
392 3268 493 3336 III,
527 3271 693 3339 part..
710 3285 771 3336 11,
802 3267 913 3333 col.
948 3269 1133 3340 1903.)

152 3356 376 3429 Propter
406 3357 564 3430 quod
597 3357 752 3415 Deus
782 3374 917 3421 eum
959 3356 1255 3425 exaltavit,
1286 3362 1420 3426 etc.,
1453 3374 1626 3433 usque
1654 3356 1725 3413 ad

98 3444 250 3501 Filius
286 3445 630 3519 unigenitus
678 3444 801 3505 Dei.
853 3445 985 3514 (Id.,
1033 3446 1131 3517 lib.
1178 3454 1352 3519 contr.
1407 3447 1719 3514 Maximim,

96 3538 216 3588 tom.
244 3534 385 3602 VIII,
422 3534 532 3591 col.
565 3534 719 3604 759.)

153 3623 418 3681 Novimus
439 3624 742 3687 Christum
763 3624 965 3681 sedere
975 3624 1049 3691 ad
1062 3624 1361 3693 dexteram
1382 3625 1568 3682 Patris
1589 3629 1723 3701 post

98 3713 558 3773 resurrectionem
588 3731 622 3771 a
653 3714 923 3780 mortuis,
956 3718 1088 3783 etc.,
1112 3732 1281 3787 usque
1301 3716 1370 3771 ad
1401 3714 1720 3775 scabellum

100 3802 285 3872 pedum
312 3806 572 3861 tuorum.
607 3802 737 3875 (Id.,
787 3810 944 3865 tract.
993 3804 1052 3858 in
1094 3804 1240 3873 μιαί.
1293 3820 1403 3873 c1x,
1448 3806 1589 3860 tom.
1623 3801 1718 3871 ιν,

102 3894 225 3960 part.
256 3909 315 3960 11,
346 3891 455 3951 col.
493 3893 632 3951 1450
659 3895 718 3947 et
748 3892 897 3964 seq.)

158 3978 345 4039 Dicitis
372 3998 476 4037 vos
510 3980 807 4042 Christum
839 3980 1049 4050 colere,
1082 3984 1392 4053 etc.,usque
1422 3979 1492 4036 ad
1512 3980 1583 4035 de
1604 3980 1720 4037 Deo

100 4071 247 4126 natus
271 4068 533 4141 aequalis.
553 4068 681 4137 (Id.,
715 4069 813 4133 lib.
846 4086 884 4125 ιι
906 4068 1718 4138 eontr.Maximin.,tom.VIlI,

103 4156 191 4211 co].
214 4160 356 4225 759.)

156 4247 298 4312 Quod
328 4247 475 4304 dicit
514 4248 695 4305 Jacob
738 4249 809 4304 ad
840 4248 1058 4321 Joseph
1091 4249 1247 4321 quod
1279 4251 1370 4321 est
1399 4246 1717 4323 somnium,

99 4338 207 4401 etc.,
231 4352 390 4409 usque
432 4337 503 4393 ad
532 4339 590 4394 et
619 4337 1003 4395 infernorum.
1037 4336 1171 4406 (Id.,
1204 4336 1300 4392 lib.
1343 4340 1552 4408 Quaest.
1588 4336 1716 4393 Gen.

101 4424 165 4477 tit.
193 4440 371 4492 cxxui,
400 4428 447 4481 t.
480 4425 581 4491 ΙΙΙ,
615 4428 767 4497 part.
795 4443 836 4495 1,
869 4424 980 4483 col.
1014 4424 1113 4480 581
1150 4430 1206 4481 et
1234 4433 1383 4498 seq.)

1834 3284 1872 3333 1,
1905 3266 2014 3323 col.
2044 3268 2149 3322 959
2179 3271 2237 3322 et
2265 3266 2410 3339 seq.)

1906 3356 2082 3412 Videte
2109 3372 2270 3412 canes
2302 3375 2321 3412 :
2350 3356 2524 3413 videte
2570 3359 2744 3413 malos
2792 3359 3067 3430 operarios
3098 3377 3117 3412 :
3146 3358 3322 3414 videte
3352 3374 3482 3413 con-

1830 3446 2110 3501 cisionem.
2144 3446 2329 3503 Canes
2358 3445 2671 3518 appellavit
2700 3464 2817 3502 non
2849 3447 3092 3516 ratione,
3112 3447 3208 3503 sed
3246 3463 3485 3511 consue-

1831 3534 2056 3603 tudine,
2089 3539 2223 3604 etc.,
2256 3552 2432 3608 usque
2452 3537 2539 3592 ad
2568 3535 2980 3593 innocentibus
3001 3534 3324 3591 irritentur.
3348 3535 3479 3604 (Id.,

1832 3624 1931 3678 lib.
1959 3622 2024 3680 de
2055 3623 2203 3680 Grat.
2236 3627 2373 3681 Nov.
2411 3626 2635 3680 Testem.
2669 3628 2812 3680 tom.
2845 3624 2916 3694 ΙΙ,
2952 3624 3060 3680 col.
3092 3624 3243 3697 555.)

1898 3713 2005 3769 Nos
2035 3715 2184 3769 enim
2210 3730 2399 3770 sumus
2425 3715 2788 3782 circumcisio,
2828 3714 2927 3785 qui
2969 3715 3170 3784 spiritu
3216 3715 3482 3773 servimus

1829 3803 1954 3858 Deo.
1991 3801 2241 3857 Maxime
2288 3801 2349 3857 in
2378 3801 2478 3859 illo
2509 3800 2633 3858 loco
2663 3802 2805 3873 satis
2835 3801 3014 3857 claret
3045 3802 3200 3873 quod
3229 3802 3481 3874 Spiritus

1831 3894 2073 3957 sanctus
2106 3908 2222 3950 non
2253 3891 2330 3947 sit
2355 3895 2640 3961 creatura,
2671 3895 2806 3956 etc.,
2828 3906 3006 3963 usque
3043 3891 3123 3946 ad
3153 3890 3211 3943 in
3243 3906 3482 3961 corpore

1828 3983 2040 4036 vestro.
2094 3980 2226 4051 (Id.,
2280 3978 2376 4033 lib.
2427 3978 2492 4034 de
2538 3980 2686 4033 Trin.
2737 3981 2880 4033 tom.
2930 3977 3075 4043 VIII,
3128 3976 3234 4059 col.
3289 3979 3394 4031 827
3424 3982 3482 4033 et

1830 4067 1975 4140 seq.)

1897 4154 2162 4212 Audistis
2191 4154 2481 4211 dicentem
2511 4154 2854 4227 Apostolum
2884 4153 3152 4215 Paulum.
3174 4154 3291 4210 Nos
3320 4154 3477 4210 enim

1830 4262 2038 4300 sumus
2068 4244 2455 4313 circumcisio,
2483 4243 2581 4317 qui
2614 4243 2847 4317 spiritui
2880 4243 2982 4301 Dei
3007 4242 3314 4310 servimus,
3342 4246 3478 4312 etc.,

1823 4350 2000 4406 usque
2029 4334 2110 4391 ad
2131 4350 2308 4406 quam
2339 4350 2542 4389 cursor
2562 4336 2769 4405 praeter
2786 4331 2961 4387 viam.
2995 4332 3123 4401 (Id.,
3156 4331 3389 4388 serm.de
3409 4331 3475 4388 ed

1830 4425 1974 4491 lect,
2008 4428 2150 4480 tom.
2185 4422 2255 4491 V,
2286 4426 2435 4496 part.
2470 4440 2511 4489 1,
2544 4421 2651 4478 col.
2683 4421 2789 4477 915
2818 4421 2889 4476 ad
2920 4421 3072 4490 926.)

154 4516 316 4585 Itaque
342 4515 661 4591 charissimi
686 4516 817 4583 mei,
850 4522 973 4579 etc.,
1006 4529 1196 4585 usque
1225 4514 1296 4569 ad
1321 4530 1424 4586 pro
1458 4514 1596 4570 bona
1624 4529 1718 4570 vo-

1901 4513 2484 4589 Circumcisugoctava
2513 4512 2619 4567 die.
2652 4511 2715 4566 In
2759 4509 3055 4567 veteribus
3095 4509 3480 4573 sacramentis

100 4597 539 4668 tantataQuando
558 4602 733 4673 jubet
760 4606 827 4663 ut
843 4605 1496 4675 operentur,etc.,usque
1522 4603 1591 4658 ad
1612 4602 1713 4674 qui

102 4694 334 4759 operatur
379 4691 442 4751 in
489 4690 672 4751 vobis.
707 4690 836 4763 (Id.,
887 4691 985 4755 lib.
1017 4690 1083 4746 de
1131 4690 1279 4747 Grat.
1325 4699 1377 4747 et
1425 4690 1520 4748 lib.
1569 4691 1713 4758 arb.,

104 4779 215 4835 tom.
242 4779 303 4845 X,
329 4784 477 4853 part.
511 4796 550 4849 1,
584 4778 693 4836 col.
728 4781 877 4853 ι94.)

68 4918 71 4919 ν
162 4867 290 4925 Audi
317 4886 515 4931 vocem
546 4868 827 4941 Apostoli.
862 4869 1008 4939 Cum
1052 4870 1284 4940 timore,
1336 4869 1548 4942 inquit,
1581 4872 1715 4935 etc.,

110 4970 248 5025 ωιιιιε
284 4958 353 5013 ad
377 4959 679 5021 auferatur
705 4959 979 5030 superbo.
1014 4959 1309 5031 (Id.,tract.
1345 4960 1405 5013 in
1431 4959 1714 5030 psal.1.xv,

114 5044 227 5105 tom.
256 5046 344 5118 IV,
373 5051 525 5120 part,
555 5065 595 5115 1,
630 5046 738 5103 col.
771 5046 921 5120 789.)

168 5130 352 5211 Mirum
382 5140 473 5199 est
499 5139 695 5201 autem
728 5135 882 5209 quod
913 5135 1223 5207 praedicata
1271 5134 1499 5192 Christo
1540 5134 1719 5191 cruci-

115 5216 221 5291 ﬁxo,
246 5227 370 5293 etc.,
416 5240 586 5297 usque
631 5225 702 5280 ad
750 5241 822 5280 ne
852 5223 1111 5295 eieceris.
1141 5221 1274 5292 (Id.,
1312 5241 1478 5282 serm.
1511 5225 1576 5282 de
1606 5241 1715 5281 ver.

114 5307 278 5382 ευανισι
306 5316 442 5375 tom.
470 5313 538 5384 V_-,
571 5317 723 5386 part.
754 5331 794 5383 1,
828 5312 937 5371 col.
969 5315 1124 5384 730.)

163 5396 259 5455 Nec
284 5401 350 5457 de
378 5402 968 5475 ipsaperseverantia
992 5401 1130 5458 boni
1172 5401 1354 5459 voluit
1377 5402 1531 5458 Deus
1554 5418 1720 5458 sanc-

115 5487 342 5558 108,8tc.,
364 5506 532 5565 usque
561 5492 632 5549 ad
662 5493 722 5549 in
753 5490 1322 5565 Domino-glorietur.
1357 5492 1490 5564 (Id.,
1522 5492 1620 5548 lib.
1655 5491 1720 5548 de

118 5570 215 5633 Cor.
238 5587 467 5658 eterna,
486 5587 630 5649 tom.
664 5582 731 5655 Χ,
761 5587 916 5659 part.
948 5601 987 5657 1,
1019 5580 1128 5643 col.
1158 5580 1265 5643 9‘25
1293 5584 1351 5638 et
1390 5579 1537 5659 seq.)

1827 4600 2194 4657 circumcisio
2226 4601 2629 4673 parvulorum;
2657 4605 2791 4669 etc.,
2824 4615 3001 4672 usque
3030 4599 3117 4655 ad
3144 4601 3277 4671 post
3300 4597 3479 4669 septi-

1826 4706 1990 4747 mum
2023 4694 2260 4746 octavus
2287 4694 2392 4746 est.
2428 4691 2557 4762 (Id.,
2593 4692 2749 4762 epist.
2776 4690 2847 4746 ad
2885 4690 3069 4747 Hilar.
3113 4704 3286 4752 mon.,
3334 4691 3477 4761 tom.

1826 4782 1902 4846 II,
1934 4778 2042 4835 col.
2074 4781 2225 4848 680.)

1900 4868 2014 4924 Nec
2045 4871 2273 4924 moveat
2300 4868 2454 4941 quod
2483 4868 2563 4924 ait
2593 4866 3231 4940 secundumjustitiam
3258 4882 3385 4938 quae
3416 4864 3477 4919 in

1829 4955 1957 5030 lege
1985 4961 2095 5023 est,
2114 4962 2423 5031 etc.,usque
2440 4958 2523 5013 ad
2539 4958 2864 5014 secundum
2890 4974 3054 5030 spem
3079 4956 3206 5013 vitae
3228 4958 3476 5010 internae.

1829 5046 1959 5116 (Id.,
1990 5047 2088 5101 lib.
2120 5046 2190 5102 ad
2222 5048 2590 5121 Bonifacium,
2615 5063 2744 5119 pap.
2784 5046 2934 5113 Urb.,
2968 5049 3109 5102 tom.
3145 5044 3209 5115 X,
3253 5047 3400 5116 part.
3436 5058 3475 5112 1,

1831 5134 1939 5191 col.
1969 5136 2119 5207 558.)

1898 5226 2130 5293 Propter
2156 5241 2315 5297 quem
2342 5227 2881 5297 omnia,etc.,usque
2913 5225 2984 5280 ad
3006 5225 3233 5297 justitia
3260 5224 3319 5279 in
3349 5220 3474 5294 fide.

1829 5312 1946 5368 Hoc
1975 5329 2113 5385 ergo
2140 5313 2478 5370 Judaeorum
2512 5314 2726 5383 Paulus
2757 5315 3127 5373 destruxerat
3158 5313 3313 5391 quod
3354 5327 3477 5366 ma-

1827 5400 1951 5456 lum
1983 5401 2297 5471 habebant,
2330 5406 2464 5471 etc.,
2497 5420 2667 5475 usque
2695 5403 2765 5458 ad
2796 5404 2952 5475 quod
2985 5403 3044 5458 in
3078 5403 3242 5458 Petro
3283 5416 3478 5473 repre-

1826 5489 2132 5564 henderat,
2165 5491 2293 5563 (Id.,
2324 5493 2481 5564 epist.
2517 5493 2588 5549 ad
2618 5494 2801 5561 Hiera,
2833 5497 2978 5548 tom.
3011 5493 3080 5563 ll,
3105 5490 3212 5547 col.
3241 5491 3389 5567 156.)

1899 5579 2045 5650 Quid
2078 5585 2184 5640 est.
2218 5581 2343 5641 Non
2392 5581 2617 5641 habens
2659 5597 2850 5640 meam
2893 5581 3210 5658 justitiam,
3252 5597 3379 5661 qua:
3408 5594 3479 5639 ex
