3856 6200
172 350 279 426 401

240 484 481 546 Verbum
521 496 657 543 caro
705 482 924 543 factum
972 487 1082 552 est,
1113 488 1173 543 et
1200 482 1486 542 habitavit
1514 476 1575 540 in
1605 484 1797 541 nobis.
1831 470 1887 550 Α

176 576 345 641 Habes
398 574 767 651 maiestatem
829 576 900 632 ad
950 584 1132 649 quam
1182 586 1333 643 ores,
1368 577 1500 643 etc.,
1533 588 1705 646 usque
1731 566 1803 630 ad

178 660 635 730 misericordiam.
678 662 814 738 (Id.,
847 672 1003 721 tract.
1054 664 1112 719 in
1155 662 1300 736 psut.
1342 678 1496 730 xxxx,
1525 660 1669 719 tom.
1702 658 1798 730 IV,

175 762 305 836 part.
336 771 370 824 ι,
401 748 511 811 col.
541 753 650 810 216
677 754 734 811 et
762 751 914 827 seq.)

236 844 422 904 Talem
452 860 516 900 se
544 843 701 900 Deus
730 842 980 915 prebuit
1006 842 1370 908 hominibus,
1404 845 1469 897 ut
1497 841 1674 898 etiam
1697 856 1801 914 pa.

173 948 290 997 netu
318 933 385 990 de
410 932 558 989 Caio
589 930 837 999 miserit,
870 935 1003 998 etc.,
1030 942 1203 1004 usQue
1229 929 1301 988 ad
1328 931 1484 1005 quod
1534 946 1650 987 non
1696 944 1800 1003 po-

173 1029 329 1085 tsi-as.
368 1020 501 1089 (Id.,
533 1014 688 1078 tract.
722 1023 783 1078 in
817 1020 958 1095 psai.
989 1034 1213 1091 cxxxw,
1245 1023 1389 1078 tom.
1425 1017 1516 1087 IV,
1552 1024 1703 1093 part.
1736 1032 1797 1089 ιι,

162 1109 269 1173 sol.
301 1106 427 1169 1741
464 1110 517 1168 si
550 1112 699 1184 seq.)

234 1199 940 1259 Mediatorem'Dominum
984 1200 1187 1257 Jesum
1240 1198 1539 1257 Christum
1588 1210 1800 1255 secun-

172 1286 299 1350 (Iam
324 1282 625 1346 hominem
656 1286 791 1357 dici,
826 1292 960 1354 etc.,
991 1300 1161 1363 usque
1189 1290 1260 1345 ad
1290 1286 1584 1362 diligendo
1614 1287 1802 1343 imita-

171 1382 211 1440 ὃ
234 1378 380 1437 situt.
409 1376 544 1451 (Id.,
574 1394 758 1452 expos.
789 1379 961 1451 Epist.
1000 1378 1072 1435 ad
1101 1377 1203 1435 Gal
1251 1378 1394 1434 tom.
1428 1372 1525 1444 III,
1551 1378 1701 1450 part.
1734 1393 1796 1445 ιι,

168 1468 265 1529 osi.
289 1466 478 1542 2122.)

161 1556 165 1565 ’
229 1559 366 1616 Nam
396 1573 586 1629 neque
616 1573 721 1629 per
746 1556 943 1629 ipsum
974 1554 1359 1613 liberaremur
1378 1570 1563 1612 unum
1584 1552 1797 1611 media—

972 340 1389 417 EXPOSITIG
1436 350 1515 414 ΙΝ
1556 346 1730 413 EPP.
1776 342 2033 414 PAULI.
2066 370 2144 396 —-r-
2178 344 2303 413 ΕΡ.
2348 349 2373 414 Ι
2418 351 2522 414 AD
2564 349 2730 414 TIM.

3443 344 3561 415 £02

2553 480 2785 542 CAPUT
2823 478 2917 541 IV.

1981 574 2221 646 Spiritus
2250 581 2453 642 autem,
2479 577 2613 643 etc.,
2645 590 2835 649 usque
2865 576 2937 632 ad
2968 578 3067 648 qui
3093 586 3454 649 coquoverunt
3476 596 3561 638 ve-

1909 663 2301 719 ritatem.Audi
2330 678 2467 737 ergo
2490 665 2646 736 quod
2672 665 2969 721 conﬁteris
2988 668 3045 721 te
3067 672 3182 722 non
3200 667 3561 740 videre,etc.,

1910 766 2080 825 usque
2108 746 2179 808 ad
2209 750 2629 809 daemoniorum
2660 750 3261 828 mendaciloquorum.
3296 754 3426 829 (Id.,
3461 760 3560 816 lib.

1909 856 2022 897 xxx
2049 850 2239 898 contra
2268 838 2474 909 Faust,
2506 844 2648 898 tom.
2680 838 2853 915 VIII.)

1982 930 2127 986 Hinc
2154 930 2328 987 etiam
2358 930 2503 986 illud
2538 934 2891 1005 praeceptum
2921 934 3076 1006 quod
3117 939 3223 991 est.
3258 934 3385 992 Non
3417 954 3558 994 moe-

1909 1012 2197 1086 cbaberis,
2231 1024 2365 1087 etc.,
2397 1034 2566 1092 usque
2595 1020 2665 1075 ad
2696 1018 3018 1091 Manichaei,
3055 1022 3103 1079 si
3140 1023 3387 1082 dederis.
3424 1027 3532 1101 (Id.

1909 1104 2069 1175 ibid.,
2097 1108 2207 1164 col.
2246 1108 2395 1177 310.)

1980 1196 2141 1264 Quod
2169 1200 2364 1254 autem
2395 1196 2680 1255 Dominus
2710 1197 2990 1256 invitatus
3018 1202 3177 1257 venit
3204 1204 3276 1259 ad
3298 1205 3555 1276 nuptias,

1908 1290 2040 1354 etc.,
2073 1304 2244 1360 usque
2289 1287 2360 1342 ad
2418 1288 2636 1342 bonum
2692 1286 2895 1343 vinum
2947 1302 3133 1364 usque
3179 1290 3392 1349 adhuc.
3421 1292 3553 1364 (Id.,

1908 1381 2065 1431 tract.
2107 1378 2169 1432 in
2214 1377 2419 1445 Evang.
2471 1390 2576 1433 sec.
2624 1378 2808 1446 Joan.,
2858 1381 2999 1434 tom.
3032 1378 3134 1449 III,
3164 1384 3314 1453 part.
3346 1399 3407 1452 ιι,
3441 1383 3555 1456 col,

1910 1456 2049 1521 1458
2078 1469 2132 1521 et
2164 1466 2311 1538 seq.)

1978 1556 2126 1625 Quia
2154 1555 2330 1611 omnis
2358 1559 2963 1630 creatura,etc.,usque
2993 1554 3065 1613 ad
3097 1566 3263 1631 quam
3283 1568 3559 1617 assecutus

165 1652 333 1706 torem
364 1646 465 1703 Dei
494 1647 553 1703 st
578 1642 910 1713 hominum,
942 1650 1076 1713 etc.,
1109 1663 1282 1718 usque
1312 1646 1382 1701 ad
1421 1647 1469 1702 si
1517 1640 1631 1701 dici
1682 1660 1798 1701 non
1905 1659 1981 1699 es.
2010 1645 2382 1699 Testamento
2434 1636 2628 1699 Veteri
2686 1645 2784 1700 ubi
2837 1646 3077 1717 quidam
3128 1644 3241 1703 cibi
3290 1650 3557 1705 carnium

162 1740 360 1814 potest.
390 1733 529 1808 (Id.,
560 1733 656 1791 tib.
692 1733 938 1803 Euthia,
971 1739 1114 1791 tom.
1146 1733 1243 1804 VI,
1271 1734 1378 1792 col.
1408 1735 1517 1791 249
1546 1738 1601 1791 et
1650 1730 1797 1806 seq.)

1908 1729 2313 1804 prohibentur,
2346 1734 2479 1799 etc.,
2512 1742 2683 1804 usque
2711 1730 2781 1788 ad
2813 1735 3006 1788 tamen
3040 1733 3359 1791 auctoritas
3397 1753 3559 1792 com-

160 1810 184 1827 “’
227 1827 362 1920 Ego,
387 1822 604 1920 inquit,
622 1820 1045 1920 Dominusero
1068 1821 1277 1920 illisLin
1309 1824 1517 1920 Deum,
1549 1824 1681 1892 etc.,
1709 1839 1798 1879 us-
1829 1848 1877 1920 Β
1910 1816 2205 1920 mandata.
2237 1818 2343 1890 (Id.
2352 1860 2375 1888 ,
2403 1810 2507 1874 lib.
2541 1828 2714 1876 contr.
2746 1820 2961 1889 Faust.,
2988 1825 3131 1878 tom.
3163 1814 3313 1893 VIII,
3339 1820 3562 1882 (301.233

197 1930 259 1972 ue
296 1914 362 1970 ad
410 1917 469 1969 et
525 1907 721 1969 divina
770 1902 1114 1970 humanitas
1171 1904 1407 1969 Christi.
1442 1913 1573 1986 (Id.,
1610 1912 1705 1968 lib.
1738 1912 1803 1969 de

252 2003 311 2060 ib.
334 2002 548 2069 επακ,
581 2002 725 2059 tom.
757 1998 827 2069 V,
860 2006 1011 2075 part.
1043 2019 1085 2071 ι,
1119 2001 1229 2059 col.
1260 1998 1410 2074 3i0.)

228 2093 391 2165 Cujus
418 2088 811 2160 testiinonium,
846 2087 978 2157 etc.,
1009 2100 1200 2164 usque
1248 2086 1321 2148 ad
1362 2092 1424 2147 in
1450 2090 1556 2162 ﬁde
1584 2098 1636 2147 et
1664 2092 1804 2147 veri-

166 2181 372 2241 tate.Ait
400 2179 690 2237 Dominus
719 2181 893 2237 Jesus
920 2178 1018 2237 his
1048 2177 1149 2253 Qui
1171 2179 1540 2236 crediderant
1560 2178 1619 2234 in
1641 2194 1799 2247 eum,

164 2272 286 2338 die“,
315 2280 485 2342 usque
512 2263 583 2324 ad
625 2268 684 2325 id
733 2265 892 2341 quod
943 2264 1229 2325 videatur.
1266 2265 1392 2341 (Id.,
1428 2274 1607 2324 tract.
1642 2270 1711 2323 40
1742 2270 1803 2324 in

164 2360 825 2431 Evang.sec.10au.,tom.
849 2358 950 2425 III,
979 2358 1129 2430 part.
1163 2374 1227 2426 ιι,
1261 2352 1371 2413 col.
1408 2354 1548 2412 1690
1574 2352 1632 2413 et
1654 2358 1803 2430 seq.)

232 2449 355 2505 Volo
389 2463 519 2519 ergo
566 2450 735 2515 viros,
764 2448 900 2513 etc.,
931 2459 1121 2519 usque
1169 2442 1239 2502 ad
1284 2462 1386 2520 per
1428 2460 1593 2519 opera
1640 2448 1799 2502 bona.

172 2532 390 2594 Levavit
418 2544 526 2610 pro
554 2534 728 2591 nobis
756 2529 1045 2591 Dominus
1076 2538 1276 2592 uoster
1317 2548 1531 2591 manus
1574 2550 1712 2590 suas
1742 2535 1803 2591 in

165 2627 343 2696 om,
374 2622 490 2681 etc.
523 2632 696 2697 usque
722 2620 793 2680 ad
832 2620 1011 2681 levari
1061 2622 1135 2680 ad
1167 2618 1375 2679 Deum.
1412 2622 1539 2696 (Id.,
1574 2624 1634 2679 in
1658 2622 1800 2696 psat.

168 2716 287 2783 uin,
316 2718 463 2771 tom.
494 2709 588 2782 IV,
623 2717 773 2787 part.
806 2722 845 2781 ι,
878 2706 988 2769 col.
1017 2708 1171 2785 755.)

229 2803 440 2872 Mulier,
475 2808 610 2870 etc.,
642 2814 831 2876 usque
860 2802 932 2858 ad
982 2804 1043 2858 in
1090 2803 1332 2859 silentio.
1367 2796 1531 2869 ρυοά
1581 2801 1802 2857 dictum

169 2892 269 2959 est,
299 2892 355 2949 et
384 2890 461 2949 ad
510 2890 703 2948 virum
750 2896 924 2947 tuum
973 2890 1271 2947 c0nversio
1319 2895 1444 2953 tua.
1477 2894 1534 2946 et
1562 2886 1688 2963 ipse
1716 2890 1804 2945 tui

169 2976 578 3051 dominabitur,
602 2986 921 3054 etc.,usque
947 2980 1018 3036 ad
1046 2981 1104 3036 et
1132 2978 1443 3053 augebitur
1473 2974 1802 3052 culpa.(ld.,

167 3070 256 3127 lib.
287 3086 344 3127 ιιι
373 3070 440 3127 de
474 3071 602 3127 Gen.
655 3070 733 3126 ad
781 3068 911 3135 titt.,
949 3070 1095 3124 tom.
1131 3067 1227 3136 ΙΙΙ,
1260 3072 1410 3141 part.
1444 3078 1484 3134 ι,
1516 3067 1624 3123 col.
1656 3062 1804 3140 450.)

229 3157 399 3216 Adam
428 3160 600 3227 enim,
624 3160 760 3227 etc.,
784 3171 975 3231 usque
1004 3154 1077 3213 ad
1108 3159 1169 3212 in
1194 3158 1654 3230 prmarieatione
1670 3152 1799 3229 fuit.

1911 1912 1969 1964 et
2000 1908 2146 1981 seq.)

1981 1996 2193 2053 Omnia
2219 1996 2444 2053 munda
2474 1997 2973 2065 mundis,Domini
2994 2004 3083 2056 est
3104 2005 3259 2058 terra
3286 2007 3343 2059 et
3372 2002 3560 2076 pleni-

1911 2086 2075 2153 tudo,
2107 2088 2240 2155 etc.,
2273 2099 2443 2158 usque
2473 2083 2543 2142 ad
2586 2087 2865 2144 recitatur
2910 2088 2983 2145 ad
3028 2090 3558 2149 conﬁrmationem.

1909 2175 2043 2245 (Id.,
2077 2173 2179 2230 lib.
2212 2191 2231 2229 ι
2260 2175 2329 2230 ad
2362 2176 2484 2242 Tit.,
2517 2178 2660 2231 tom.
2691 2175 2841 2247 VIII,
2874 2177 2981 2234 col.
3014 2178 3125 2234 236
3153 2178 3211 2235 et
3239 2180 3387 2252 seq.)

1980 2265 2195 2336 Ineptas
2224 2270 2428 2334 autem,
2459 2265 2595 2330 etc.,
2629 2279 2818 2336 usque
2846 2266 2919 2322 ad
2950 2278 3076 2341 quae
3102 2280 3250 2325 nunc
3274 2278 3443 2338 cst,et
3467 2273 3559 2345 fu-

1911 2350 2282 2410 turae.Videte
2312 2351 2595 2409 amatoria
2611 2358 2814 2410 sancta
2843 2355 3296 2415 cantica.Videte
3326 2357 3561 2416 Cantica

1910 2441 2294 2508 canticorum,
2329 2445 2461 2506 etc.,
2491 2454 2663 2514 usque
2709 2442 2780 2498 ad
2828 2442 3038 2499 divitiae
3081 2450 3137 2501 et
3184 2444 3389 2503 honor.
3426 2444 3557 2519 (Id.,

1910 2537 2048 2586 tract
2103 2532 2164 2585 in
2190 2531 2330 2602 psat.
2366 2546 2555 2597 cum,
2588 2534 2731 2586 tom.
2762 2524 2859 2600 IV,
2883 2536 3031 2606 part.
3063 2550 3125 2601 ιι,
3160 2535 3267 2591 col.
3305 2536 3489 2607 1868.)

1982 2619 2189 2675 Fidelis
2218 2635 2415 2690 sermo,
2448 2623 2581 2686 etc.,
2611 2636 2799 2692 usque
2829 2622 2901 2676 ad
2936 2625 3032 2694 qui
3060 2632 3110 2679 te
3139 2625 3392 2681 audiunt.
3412 2624 3560 2690 Quid

1913 2712 2002 2763 est
2032 2707 2229 2776 homo,
2263 2707 2400 2780 quia
2430 2724 2657 2763 memor
2683 2724 2745 2763 es
2776 2710 2926 2782 ejus,
2961 2714 3062 2766 aut
3094 2713 3252 2768 filius
3277 2710 3557 2783 hominis,

1913 2799 2046 2862 etc.,
2074 2808 2243 2867 usque
2291 2796 2362 2851 ad
2409 2796 2611 2852 beatos
2656 2797 2781 2853 fieri
2813 2796 3109 2870 praedicat.
3143 2798 3273 2874 (Id.,
3306 2811 3466 2860 tract.
3502 2804 3559 2859 in

1908 2885 2054 2957 psal.
2085 2900 2207 2953 vm,
2239 2888 2382 2941 tom.
2418 2882 2509 2953 IV,
2544 2888 2692 2958 part.
2726 2903 2765 2954 ι,
2801 2885 2909 2942 col.
2941 2886 3089 2960 413.)

2567 2983 2800 3039 CAPUT
2837 2984 2904 3040 V.

1983 3065 2282 3133 Seniorem,
2313 3064 2449 3135 etc.,
2482 3074 2669 3136 usque
2701 3063 2771 3119 ad
2798 3072 3074 3137 acceptum
3103 3074 3183 3123 est
3207 3082 3393 3124 coram
3426 3072 3556 3128 Deo.

1912 3150 2111 3219 Qualis
2133 3148 2232 3209 illa
2262 3156 2385 3209 erat
2413 3142 2655 3209 docente
2676 3155 2731 3208 te
2751 3153 3032 3226 magistro
3051 3154 3259 3212 intimo
3282 3156 3339 3212 in
3362 3157 3562 3217 schola

163 3248 219 3326 Si
238 3247 362 3321 jam
395 3222 686 3322 spiritalis
716 3222 842 3303 erat
878 3222 1085 3315 Adam,
1120 3222 1389 3319 quamvis
1436 3222 1800 3313 mente,'non
1832 3222 1877 3290 (ἶ
1915 3238 2183 3315 pectoris,
2217 3245 2351 3309 etc.,
2382 3257 2553 3315 usque
2580 3240 2651 3297 ad
2698 3222 2880 3314 quasi
2915 3243 2987 3298 ab
3037 3244 3314 3301 omnibus
3360 3246 3559 3319 genita

162 3346 411 3409 corpore,
453 3340 591 3405 etc.,
640 3348 810 3408 usque
853 3332 925 3391 ad
971 3333 1286 3391 invidendo
1333 3333 1633 3389 vetuisset.
1667 3330 1800 3406 (Id.,

158 3414 308 3483 ibid,,
340 3416 453 3473 col.
487 3417 592 3471 452
618 3419 677 3472 et
704 3415 855 3488 seq.)

220 3495 529 3578 Superbus
561 3504 661 3561 illo
689 3501 955 3577 angelus,
984 3516 1053 3560 ao
1081 3516 1185 3575 per
1227 3502 1338 3559 hoc
1386 3500 1640 3570 invidus,
1668 3506 1800 3570 etc.,

156 3602 317 3667 usque
360 3595 438 3650 ad
467 3586 687 3650 diaboli
728 3588 956 3666 Iaqoeis
986 3589 1287 3665 implicati.
1321 3591 1453 3662 ua,
1489 3591 1586 3647 tib.
1617 3608 1714 3648 xiv
1740 3592 1808 3648 de

158 3683 309 3740 Civit.
343 3686 501 3751 Dei.,
529 3686 676 3739 tom.
705 3682 827 3750 VII,
857 3680 966 3738 col.
1002 3680 1108 3737 419
1136 3683 1193 3736 et
1222 3683 1375 3752 seq.)

219 3772 561 3839 satiabitur,
592 3773 726 3837 etc.,
756 3780 946 3843 usque
976 3770 1049 3825 ad
1080 3782 1207 3825 eum
1252 3769 1559 3825 sobrietate.
1594 3773 1659 3824 In
1693 3768 1805 3825 isto

158 3870 293 3917 sexu
323 3858 577 3917 masculi
605 3862 665 3915 et
685 3856 936 3928 ﬂamines,
960 3857 1260 3931 apostolus
1287 3854 1504 3913 Paulus
1536 3857 1809 3914 coeultio-

158 3948 246 4005 nis
273 3949 591 4021 cujusdam
623 3949 729 4017 rei,
759 3951 893 4019 etc.,
926 3958 1097 4021 usque
1141 3946 1212 4002 ad
1254 3945 1639 4003 sanctiﬁcatio
1692 3960 1808 4003 non

158 4032 470 4096 invenitur.
504 4036 641 4109 (Id.,
677 4035 759 4094 tib
803 4046 883 4092 xu
928 4036 994 4093 de
1046 4033 1273 4103 Trinit.,
1324 4037 1469 4091 tom.
1521 4034 1671 4101 VIII,
1696 4035 1807 4092 eoi.

220 4206 337 4271 ﬂor
357 4220 567 4271 meum
595 4215 653 4269 et
676 4222 811 4269 caro
843 4226 974 4268 mea
992 4209 1428 4268 exsultaverunt
1448 4209 1508 4265 in
1530 4206 1713 4267 Deum
1735 4211 1812 4266 vi-

159 4317 315 4374 vum,
348 4306 494 4369 etc.,
522 4317 691 4375 usque
720 4301 791 4357 ad
833 4317 1073 4374 operare
1115 4315 1291 4372 opera
1338 4303 1460 4355 tua.
1493 4299 1622 4370 (Id.,
1652 4306 1807 4356 tract.

162 4392 223 4446 in
267 4392 417 4465 post.
470 4400 702 4458 mam,
749 4393 893 4446 tam.
944 4384 1039 4457 IV,
1089 4390 1241 4461 part.
1294 4404 1353 4458 ιι,
1404 4387 1514 4445 col.
1569 4386 1710 4444 1060
1755 4393 1814 4446 et

160 4484 309 4555 και.)

224 4564 434 4637 Qualis
466 4568 623 4641 pax?
650 4576 831 4640 quam
857 4565 1066 4622 oculus
1098 4578 1213 4621 non
1235 4564 1511 4633 vidit,nec
1534 4567 1694 4623 auris
1716 4582 1815 4622 au-
1842 4589 1892 4655 Β

160 4657 320 4725 divit,
349 4662 466 4714 etc.
474 4701 493 4730 ,
527 4673 695 4730 usque
724 4656 795 4712 ad
823 4673 936 4729 pax
960 4672 1139 4727 super
1168 4655 1368 4711 Israel.
1400 4656 1530 4724 (Id.,
1563 4664 1716 4713 tract.
1751 4659 1812 4713 in

157 4748 293 4822 post.
328 4756 547 4815 oxxvu,
580 4744 723 4802 tam.
755 4742 849 4813 IV,
886 4747 1037 4817 part.
1071 4758 1130 4812 ιι,
1165 4743 1275 4800 col.
1309 4744 1495 4815 1688.)

800 4838 1034 4899 CAPUT
1082 4842 1183 4897 III.

225 4925 436 4983 Fidelis
465 4934 642 4981 sermo
673 4943 691 4978 :
719 4923 784 4980 Si
810 4926 954 4996 Quis,
1005 4926 1139 4990 etc.,
1189 4936 1378 4995 usque
1435 4922 1508 4979 ad
1563 4924 1818 4979 columna

158 5022 212 5070 et
233 5016 655 5086 ﬂmmeum»!
684 5013 955 5069 veritatis.
986 5006 1105 5067 Nec
1134 5011 1184 5067 si
1212 5024 1340 5068 esse
1370 5011 1686 5083 quisquam
1716 5008 1817 5068 de-

159 5101 252 5160 bet
283 5100 1145 5173 otiosus,quueadopprimat
1174 5099 1287 5155 ista
1316 5098 1654 5157 necessitas.
1684 5100 1814 5171 (id.,

150 5191 254 5248 ἰῶ.
285 5198 387 5247 m
416 5191 491 5247 de
519 5190 750 5247 εξυασω
771 5191 890 5255 Dei,
923 5193 1062 5245 tom.
1099 5188 1217 5256 VII,
1252 5186 1363 5243 col.
1389 5187 1540 5257 647.)

226 5282 293 5338 Et
317 5278 619 5351 mni/teste
644 5290 926 5352 Magnum,
957 5282 1092 5343 etc.,
1135 5288 1323 5350 usque
1367 5277 1440 5333 ad
1483 5284 1819 5352 assumptum

158 5378 233 5426 est
263 5372 325 5425 in
355 5368 699 5441 gioria.Non
731 5368 789 5423 in
820 5368 937 5423 Deo
968 5370 1199 5423 tantum
1252 5366 1565 5423 innotescit
1595 5368 1819 5440 angelis

159 5448 314 5531 quod
348 5456 771 5515 absconditum
800 5459 911 5525 est,
943 5452 1076 5523 etc.,
1108 5466 1277 5527 usque
1314 5454 1384 5509 ad
1434 5454 1563 5527 ipsa
1606 5456 1819 5513 veritas

156 5537 398 5603 aﬂuat.
425 5546 575 5616 (Id.,
606 5547 703 5601 tib.
734 5560 773 5601 ν
798 5544 1024 5601 cie-Gen.
1044 5541 1117 5599 ad
1145 5543 1277 5609 litt.,
1303 5545 1446 5597 tom.
1478 5541 1578 5611 III,
1602 5548 1753 5615 part.
1776 5563 1819 5614 ι,

156 5633 265 5691 eoi.
303 5635 470 5704 335.)

1911 3331 2139 3387 fuisset.
2175 3330 2306 3401 (Id.,
2337 3329 2437 3386 lib.
2472 3331 2718 3401 Confess.
2753 3348 2832 3403 1x,
2863 3335 3005 3387 tom.
3040 3332 3084 3400 Ι,
3116 3332 3224 3389 col.
3254 3334 3405 3403 773.)

1982 3416 2127 3493 Quae
2156 3427 2336 3475 autem
2366 3435 2490 3475 vere
2516 3416 2701 3487 vidua,
2737 3424 2870 3489 etc.,
2894 3433 3083 3493 usque
3103 3420 3175 3477 ad
3197 3430 3355 3479 nocte
3376 3414 3552 3479 etdie.

1912 3506 2118 3566 Omnis
2160 3507 2355 3564 aniina
2400 3523 2525 3580 quae
2575 3507 2851 3582 intelligit
2899 3525 2962 3565 se
3008 3508 3347 3567 derelictam
3396 3512 3555 3568 omni

1913 3595 2150 3663 auxilio,
2183 3600 2316 3661 etc.,
2349 3608 2522 3667 usque
2548 3594 2619 3651 ad
2649 3595 2932 3652 auxilium
2966 3602 3177 3670 praesto
3203 3600 3292 3654 est
3314 3598 3557 3673 illi.(Id.,

1914 3692 2070 3742 tract.
2087 3687 2147 3740 in
2168 3685 2311 3756 psal.
2327 3701 2512 3751 cxxxr,
2532 3687 2673 3739 tom.
2691 3685 2785 3757 1V,
2800 3689 2948 3757 part.
2963 3703 3025 3755 ιι,
3040 3686 3147 3743 col.
3167 3688 3307 3744 1725
3332 3693 3390 3745 et
3410 3705 3533 3762 seq.

1985 3768 2269 3829 Concerta
2299 3772 2360 3827 in
2409 3771 2691 3837 oratione,
2720 3771 2885 3829 vince
2929 3771 3039 3829 hoc
3089 3774 3391 3844 saeculum,
3423 3782 3558 3847 etc.,

1915 3876 2085 3934 usque
2113 3861 2185 3918 ad
2212 3860 2376 3917 nulla
2406 3858 2622 3916 damna
2650 3856 2949 3916 formides.
2976 3857 3305 3934 (Id.,tib.ad
3332 3864 3564 3922 Probum

1915 3952 1981 4008 de
2010 3968 2092 4007 or.
2122 3952 2252 4016 Deo,
2284 3953 2427 4005 tom.
2464 3948 2531 4017 ΙΙ,
2565 3948 2672 4003 col.
2703 3949 2852 4019 506.)

1988 4036 2452 4109 Quantacunque
2498 4036 2911 4108 temporalium
2956 4037 3246 4093 bonorum
3292 4036 3567 4099 felicitate

1919 4122 2318 4193 circumﬂuus,
2340 4128 2473 4192 etc.,
2504 4139 2674 4197 usque
2692 4122 2762 4179 ad
2787 4122 3220 4198 incorruptione
3244 4133 3563 4201 vegetatur.

1920 4208 2050 4289 (Id.,
2082 4212 2242 4282 ibid.,
2275 4210 2384 4269 col.
2419 4212 2525 4268 496
2551 4215 2608 4267 et
2637 4212 2789 4285 seq.)

1990 4301 2220 4359 Deliciae
2237 4301 2418 4375 igitur
2438 4299 2729 4372 spiritales
2750 4300 2976 4358 deliciis
2997 4304 3333 4363 carnalibus
3354 4302 3416 4363 in
3438 4322 3567 4363 san-

1920 4394 2013 4449 cta
2040 4388 2307 4449 castitate
2338 4390 2671 4458 succedant,
2704 4388 2840 4461 etc.,
2872 4406 3043 4462 usque
3085 4390 3155 4447 ad
3190 4397 3257 4449 ut
3286 4393 3440 4451 Deus
3470 4408 3564 4453 ac-

1920 4482 2209 4554 quiratur.
2257 4478 2394 4549 (Id.,
2435 4476 2531 4535 tib.
2579 4478 2649 4535 de
2696 4483 2842 4535 Bono
2889 4479 3120 4549 viduit.,
3150 4483 3292 4537 tom.
3326 4474 3419 4552 VI,
3452 4484 3563 4541 col.

1923 4571 2026 4625 447
2055 4573 2112 4626 et
2142 4570 2293 4641 seq.)

1990 4658 2097 4722 Qui
2126 4656 2348 4714 exaltas
2380 4673 2474 4712 mc
2504 4656 2574 4711 de
2623 4656 2808 4729 portis
2857 4656 3085 4726 mortis,
3117 4658 3250 4727 etc.,
3284 4674 3453 4730 usque
3497 4661 3569 4716 ad

1924 4764 2027 4821 per
2055 4750 2253 4821 portas
2284 4746 2490 4802 mortis
2520 4745 2873 4819 pervenitur.
2907 4748 3039 4816 (Id.,
3073 4755 3212 4803 tract
3242 4750 3301 4803 in
3316 4751 3460 4820 psat.
3488 4766 3565 4818 ιχ,

1925 4841 2065 4892 tom.
2099 4832 2196 4903 ιν,
2224 4838 2374 4908 part.
2408 4852 2447 4900 1,
2480 4832 2590 4889 col.
2625 4832 2776 4902 423.)

1994 4925 2130 4979 Vita
2159 4940 2285 4996 quae
2314 4920 2373 4977 in
2405 4921 2660 4996 peceatis
2689 4927 2796 4990 est,
2831 4940 2991 4979 mors
3021 4922 3299 4996 appellari
3331 4925 3390 4980 in
3418 4926 3569 4981 Scri-

1925 5013 2116 5086 pturis
2148 5012 2314 5079 solet,
2346 5016 2481 5080 etc.,
2514 5027 2684 5083 usque
2711 5012 2781 5066 ad
2811 5015 3049 5084 tangere
3080 5016 3399 5069 mortuum.
3435 5016 3568 5085 (Id.,

1927 5103 2023 5158 lib.
2056 5108 2227 5158 contr.
2262 5101 2531 5169 Manich.,
2564 5104 2707 5155 tom.
2741 5104 2840 5167 III,
2874 5105 3021 5173 part.
3056 5119 3092 5166 I,
3125 5101 3233 5157 col.
3266 5103 3414 5175 212.)

1994 5192 2060 5248 Si
2089 5192 2212 5263 quis
2259 5196 2465 5255 autem,
2496 5196 2623 5255 etc.,
2656 5202 2844 5260 usque
2890 5190 2962 5244 ad
3009 5192 3061 5245 si
3104 5192 3249 5261 ﬁlios
3296 5192 3569 5248 educavit.

1927 5278 2073 5345 Quia
2100 5279 2215 5333 duo
2264 5277 2558 5350 praecipua
2606 5281 2908 5348 praecepta,
2942 5278 3049 5333 hoc
3087 5284 3176 5335 est
3206 5282 3279 5336 ad
3309 5280 3573 5337 dilectio-

1926 5381 2058 5443 nem
2088 5362 2214 5430 Dei,
2244 5365 2298 5418 et
2325 5360 2719 5429 dilectionem,
2752 5366 2889 5434 etc.,
2920 5376 3094 5437 usque
3120 5367 3190 5421 ad
3221 5368 3439 5424 inﬁdeli
3473 5369 3573 5425 de-

1928 5457 2123 5513 terior.
2158 5455 2288 5527 (Id.,
2323 5452 2420 5509 tib.
2452 5468 2547 5507 χιχ
2573 5451 2639 5507 de
2668 5453 2829 5510 Civit.
2860 5454 2978 5526 Dei,
3008 5471 3128 5528 cap.
3163 5458 3249 5526 14,
3282 5457 3572 5527 tom,VlI,

1928 5538 2038 5602 col.
2069 5546 2179 5600 642
2208 5546 2265 5601 et
2294 5541 2442 5615 seq.)

2001 5633 2148 5688 Cum
2176 5633 2417 5689 vidisset
2445 5646 2581 5705 ergo
2609 5631 2783 5690 Jesus
2813 5637 3060 5692 matrem
3111 5636 3169 5693 et
3206 5636 3575 5711 discipulum
