3856 6200
246 258 367 325 403

1465 262 1695 326 FLORI
1737 262 2053 327 DIAGONI
2094 264 2477 329 MONACHI.

3534 261 3659 326 464

249 399 503 454 stantem
529 412 704 469 quem
744 394 1040 470 diligebat,
1073 400 1205 464 etc.,
1234 412 1405 468 usque
1451 396 1520 451 ad
1568 396 1894 468 discipulus
1922 397 1979 464 Α
2077 399 2171 453 Est
2195 406 2377 454 autem
2405 406 2620 471 quastus
2649 416 2884 469 magnus
2904 398 3099 471 pietas
3130 414 3256 454 cum
3294 397 3652 471 sufﬁcientia.

248 485 310 541 in
341 503 467 544 sua.
500 486 630 560 (Id.,,
660 492 822 541 tract.
859 485 961 542 119
1004 487 1065 541 in
1111 488 1326 555 Evang.
1375 502 1480 542 sec.
1524 488 1716 558 Joan.,
1746 490 1887 542 tom.

247 574 342 643 ΠΙ,
375 577 524 647 part,
556 591 617 644 11,
650 574 758 630 col.
792 574 931 629 1950
959 578 1018 630 et
1048 574 1192 646 seq.)

318 663 377 719 Si
410 663 553 736 quid
584 680 725 720 sane
757 661 1015 735 pecunia:
1048 679 1139 717 res
1185 666 1289 718 tua
1336 662 1644 719 familiaris
1693 663 1892 732 habet,

246 755 381 822 etc.,
405 769 572 825 usque
600 752 672 808 ad
699 751 919 807 infideli
952 751 1221 807 deterior.
1258 752 1642 824 (Id.,epist.ad
1662 755 1893 821 Laetam,

245 844 389 897 tom.
422 846 495 909 ΙΙ,
529 841 639 897 col.
675 840 855 912 1059.)

316 930 382 987 Si
409 932 661 1003 hospitio,
689 939 813 997 etc.,
845 947 1032 1002 usque
1064 931 1136 986 ad
1166 932 1455 986 subsecuta
1484 938 1579 986 est.
1609 929 1892 997 Dicimus,

250 1020 480 1086 fratres,
513 1018 906 1075 humilitatem
938 1020 1008 1075 ab
1039 1018 1299 1089 Excelso,
1331 1023 1463 1084 etc.,
1496 1035 1665 1091 usque
1693 1020 1762 1073 ad
1793 1019 1896 1074 hu-

250 1107 517 1164 militatis
545 1108 807 1164 affectus.
844 1109 974 1179 (Id.,
1008 1116 1162 1166 tract.
1191 1110 1262 1164 58
1294 1111 1353 1164 in
1382 1110 1586 1179 Evang.
1618 1125 1721 1164 sec.
1735 1110 1891 1165 Joan.

251 1202 394 1254 tom.
430 1202 529 1265 ΙΙΙ,
563 1202 715 1270 part.
748 1216 809 1265 11,
836 1198 946 1253 col.
982 1199 1165 1261 1794.)

324 1288 806 1355 Adolescentiorcs,
834 1295 1152 1358 etc.,usque
1183 1287 1254 1342 ad
1287 1288 1509 1342 irritam
1531 1288 1797 1357 fecerunt.
1829 1290 1894 1341 In

252 1375 546 1450 conjugali
578 1376 795 1449 quippe
824 1375 1056 1432 vinculo
1090 1375 1138 1431 si
1172 1375 1456 1447 pudicitia
1499 1378 1895 1443 conservatur,

251 1472 385 1537 etc.,
420 1483 589 1540 usque
634 1466 707 1523 ad
750 1466 870 1522 sive
920 1465 1130 1520 desint.
1167 1464 1296 1536 (Id.,
1330 1464 1426 1519 lib.
1459 1463 1530 1518 ad
1572 1464 1785 1520 Julian.
1832 1464 1898 1520 de

250 1565 424 1615 sanct.
456 1557 590 1623 vid.,
621 1559 763 1612 tom.
794 1555 890 1623 VI,
924 1553 1032 1610 col.
1066 1555 1170 1608 437
1198 1556 1256 1608 et
1285 1556 1435 1624 seq.)

320 1647 532 1703 Vovete
562 1650 619 1701 et
648 1645 871 1700 reddite
901 1642 1147 1699 Domino
1179 1646 1292 1697 Deo
1320 1645 1534 1709 vestro,
1568 1645 1701 1709 etc.,
1727 1658 1897 1715 usque

2005 486 2162 543 Hanc
2190 487 2372 560 igitur
2401 488 2819 545 sufficientiam
2851 505 2967 544 non
2988 487 3325 543 indecenter
3345 485 3659 559 vult,quis-

2003 577 2135 649 quis
2163 577 2308 649 vult,
2323 594 2427 633 nec
2447 577 2703 650 amplius
2732 577 3214 649 vult,etc.,usque
3242 575 3314 631 ad
3338 576 3657 632 vivendum

2002 670 2109 721 est.
2146 666 2276 738 (Id.,
2312 668 2408 722 lib.
2441 666 2512 722 ad
2540 667 2776 723 Probum
2804 667 2869 723 de
2888 683 2969 724 or.
2993 668 3122 737 Deo,
3152 669 3295 722 tom.
3320 665 3395 732 ΙΙ,
3414 663 3526 721 col.
3548 665 3658 719 498

1998 758 2060 810 et
2089 755 2236 827 seq.)
3168 800 3177 803 -
3652 752 3661 756 ⁴

2072 845 2225 900 Nihil
2254 845 2401 900 enim
2424 847 2733 915 intulimus,
2768 849 2902 913 etc.,
2936 861 3125 917 usque
3174 844 3246 900 ad
3293 846 3534 900 contenti
3572 846 3667 899 si-v

2002 950 2146 988 mus.
2181 934 2386 990 Recole
2415 935 2574 990 dives
2601 934 2923 1007 primordia
2953 938 3075 1001 tua,
3108 937 3243 998 etc.,
3262 949 3433 1005 usque
3459 933 3530 988 ad
3559 932 3661 988 his

2003 1023 2259 1078 contenti
2292 1023 2501 1079 simus.
2530 1025 2660 1092 (Id.,
2692 1040 2857 1079 serm.
2889 1024 2956 1078 de
2987 1024 3133 1078 verb.
3168 1023 3401 1091 Evang.,
3423 1021 3655 1089 tom.V,

2004 1116 2154 1183 part.
2189 1126 2229 1178 1,
2262 1111 2370 1167 col.
2405 1112 2550 1183 412.)

2072 1201 2210 1255 Nam
2254 1202 2352 1272 qui
2396 1202 2604 1270 volunt,
2638 1204 2773 1267 etc.,
2806 1218 2993 1274 usque
3041 1201 3115 1257 ad
3161 1201 3223 1255 in
3270 1201 3553 1257 interitum
3603 1208 3660 1255 et

1997 1289 2380 1360 perditionem.
2413 1290 2618 1346 Videte
2646 1289 2786 1363 quid
2818 1289 3097 1345 divitibus
3126 1289 3351 1344 dictum
3391 1288 3491 1354 sit,
3516 1293 3657 1355 etc.,

2003 1395 2174 1450 usque
2218 1379 2289 1434 ad
2334 1395 2406 1435 ne
2452 1379 2761 1436 desideret.
2811 1379 2942 1451 (Id.,
2974 1386 3130 1435 tract.
3163 1380 3226 1434 in
3249 1378 3394 1450 psal.
3427 1394 3673 1444 cxxxv1,

2004 1471 2145 1523 tom.
2179 1467 2273 1539 IV,
2307 1472 2455 1539 part.
2485 1484 2545 1536 11,
2577 1467 2686 1523 col.
2722 1467 2909 1538 1769.)

2075 1556 2258 1612 Radix
2284 1558 2434 1612 enim
2460 1559 2708 1613 omnium
2735 1559 3031 1626 malorum,
3062 1561 3196 1623 etc.,
3230 1572 3419 1629 usque
3456 1556 3530 1612 ad
3559 1558 3671 1612 bo-.

2003 1662 2135 1701 nam
2178 1648 2588 1718 confessionem.
2619 1647 2867 1703 Attende
2915 1645 3056 1719 quid
3106 1644 3483 1714 dimiserunt,
3512 1648 3658 1713 etc.,

250 1737 321 1793 ad
351 1740 418 1792 ut
443 1734 698 1791 voveatis
725 1738 784 1790 et
812 1731 1091 1789 reddatis.
1130 1731 1258 1805 (Id.,
1292 1738 1447 1831 tract.
1477 1732 1537 1786 in
1565 1732 1703 1803 psal.
1731 1750 1894 1803 Lxxv,
1928 1766 1976 1831 Β
2003 1752 2174 1807 usque
2201 1735 2271 1790 ad
2301 1752 2415 1791 non
2460 1735 2693 1803 divitiae,
2727 1736 2829 1791 sed
2879 1735 3194 1807 cupiditas.
3229 1735 3362 1807 (Id.,
3392 1751 3557 1791 serm.
3586 1734 3659 1789 de

250 1831 392 1882 tom.
427 1824 520 1891 ιν,
551 1827 705 1896 part.
737 1839 776 1891 1,
808 1821 917 1876 col.
948 1822 1056 1875 967
1085 1825 1141 1875 et
1166 1820 1311 1892 seq.)

321 1914 486 1978 Quod
517 1912 673 1969 enim
690 1911 902 1984 cuique
916 1914 1235 1981 antequam
1250 1909 1501 1966 vovisset
1525 1908 1870 1977 licebat,etc.
1881 1952 1894 1977 ,

251 2020 422 2078 usque
439 2003 513 2059 ad
531 2002 708 2057 ﬁdem
728 1999 956 2055 irritam
979 1999 1256 2056 fecerunt.
1282 1998 1519 2070 (Id.,lib.
1546 1999 1617 2054 ad
1637 1998 1896 2065 Pollent.,

250 2098 392 2150 tom.
427 2090 526 2158 VI,
555 2089 664 2146 col.
697 2088 843 2159 468.)

325 2180 513 2239 Simul
542 2182 758 2246 autem,
792 2182 925 2244 etc.,
956 2192 1127 2249 usque
1156 2176 1227 2231 ad
1272 2192 1387 2231 non
1436 2179 1681 2248 oportet.
1714 2176 1896 2232 Nemo

251 2290 355 2330 vos
382 2269 564 2327 fallat.
597 2267 657 2325 Si
690 2284 803 2323 non
843 2264 1018 2321 vultis
1068 2263 1209 2332 falli,
1242 2268 1376 2332 etc.,
1410 2280 1580 2336 usque
1622 2264 1692 2320 ad
1741 2283 1896 2321 unus

254 2363 591 2419 assumatur
616 2362 674 2415 et
701 2372 857 2412 unus
901 2353 1282 2426 relinquetur.
1316 2353 1444 2425 (Id.,
1478 2362 1631 2410 tract.
1665 2356 1724 2409 in
1750 2355 1892 2426 psal.

251 2468 402 2517 xcrx,
434 2453 576 2506 tom.
609 2445 703 2516 IV,
735 2448 885 2518 part.
918 2459 979 2509 11,
1011 2441 1121 2499 col.
1155 2442 1294 2497 1279
1322 2445 1379 2497 et
1409 2443 1556 2514 seq.)

327 2540 450 2597 Volo
479 2545 663 2594 autem
680 2536 954 2607 juniores,
985 2535 1120 2597 etc.,
1152 2546 1340 2603 usque
1369 2531 1442 2586 ad
1472 2539 1615 2588 retro
1632 2541 1761 2602 post
1788 2532 1895 2589 Sa-

252 2639 461 2688 tanam.
492 2624 845 2683 Nuntiarum
873 2623 1095 2678 bonum
1125 2618 1445 2693 apostolica
1474 2620 1817 2678 auctoritate
1837 2626 1897 2678 et

250 2718 563 2776 sobrietate
592 2711 981 2778 commendat,
1013 2714 1150 2777 etc.,
1182 2725 1352 2781 usque
1387 2710 1457 2765 ad
1488 2710 1692 2766 cadere
1719 2714 1776 2766 et
1804 2710 1893 2766 in-

249 2809 443 2864 terire.
477 2806 610 2875 (Id.,
646 2805 742 2859 lib.
768 2802 839 2858 ad
863 2801 1075 2858 Julian.
1106 2798 1172 2855 de
1198 2806 1371 2855 sanet.
1404 2799 1892 2872 viduit.,tom.VI,

250 2897 358 2954 col.
393 2895 540 2965 437.)

318 2986 382 3043 Si
409 2987 529 3059 quis
558 2983 754 3055 ﬁdelis,
785 2983 1126 3049 etc.,usque
1156 2977 1228 3032 ad
1255 2977 1516 3049 sufﬁciat.
1549 2976 1811 3033 Habebat
1839 2982 1896 3034 et

249 3074 536 3133 Dominus
590 3069 834 3141 loculos,
865 3072 999 3136 etc.,
1030 3081 1202 3138 usque
1251 3064 1323 3121 ad
1374 3063 1567 3121 viduis
1625 3066 1894 3123 sufﬁcere

2005 1824 2148 1880 verb.
2181 1841 2398 1893 evang.,
2433 1828 2579 1891 tom,
2610 1823 2678 1891 V,
2708 1827 2857 1895 part.
2891 1841 2932 1890 1,
2964 1822 3076 1879 col.
3110 1823 3261 1892 412.)

2076 1912 2317 1968 Initium
2345 1911 2609 1968 omnium
2643 1911 2863 1985 peccati
2894 1912 3189 1985 superbia,
3218 1916 3354 1983 etc.,
3384 1929 3555 1987 usque
3582 1913 3663 1969 ad

2007 2000 2271 2056 mittatur
2298 2006 2598 2057 internum.
2629 2001 2761 2074 (Id.,
2795 2001 2891 2057 lib.
2925 2018 2965 2057 11
2993 2000 3058 2057 de
3091 2000 3219 2058 Gen.
3250 2000 3323 2057 ad
3351 2002 3483 2071 litt.,
3506 2005 3653 2058 tom.

2004 2092 2106 2156 ΙΙΙ,
2138 2092 2288 2162 part.
2322 2106 2361 2157 1,
2391 2088 2499 2145 col.
2533 2091 2638 2145 436
2668 2094 2726 2145 et
2753 2090 2902 2162 seq.)

2078 2177 2298 2234 Inclina
2322 2195 2422 2234 cor
2450 2195 2649 2234 meum
2679 2178 2738 2233 in
2783 2176 3121 2234 testimonia
3160 2181 3283 2244 tua,
3316 2181 3455 2244 etc.,
3484 2195 3673 2251 usque.

2004 2266 2074 2321 ad
2103 2270 2161 2322 et
2191 2283 2305 2321 non
2331 2266 2391 2321 in
2422 2266 2745 2323 avaritiam.
2773 2266 2903 2338 (Id.,
2935 2273 3092 2321 tract.
3145 2268 3205 2321 in
3250 2266 3391 2338 psal.
3424 2283 3656 2338 cxxvm,

2002 2357 2144 2410 tom.
2180 2355 2275 2421 IV,
2308 2359 2455 2428 part.
2484 2372 2546 2426 11,
2580 2355 2687 2411 col.
2722 2357 2860 2411 1530
2883 2359 2940 2410 et
2969 2354 3117 2428 seq.)

2079 2446 2142 2501 Ut
2166 2461 2343 2501 serves
2372 2445 2713 2512 mandatum,
2746 2453 2867 2512 etc.,
2902 2460 3090 2516 usque
3138 2443 3213 2499 ad
3257 2446 3522 2501 Dominus
3556 2446 3659 2503 doc

2000 2533 2601 2589 minantiumﬂstendi
2635 2550 2747 2589 non
2779 2548 2907 2588 esse
2937 2549 3322 2604 consequens,
3344 2538 3656 2607 etc.,usque

2003 2623 2073 2678 ad
2101 2622 2284 2678 Patris
2321 2626 2531 2678 natura
2576 2639 2694 2678 non
2744 2622 2898 2678 fecit.
2929 2622 3064 2691 (Id.,
3099 2623 3198 2677 lib.
3234 2639 3269 2678 ιι
3298 2630 3492 2679 contra
3538 2625 3654 2679 Ma—

1999 2713 2163 2779 xim.,
2197 2716 2339 2767 tom.
2372 2711 2521 2777 VIII,
2553 2710 2662 2767 col.
2692 2712 2799 2765 766
2826 2714 2885 2766 et
2913 2713 3062 2782 seq.)
3338 2769 3341 2771 ἓ

2072 2800 2257 2857 Unius
2287 2799 2468 2872 igitur
2496 2800 2761 2871 ejusdem
2793 2816 2929 2856 cum
2960 2800 3126 2856 Patre
3163 2800 3508 2857 substantia:
3538 2806 3667 2871 est,

2002 2894 2134 2957 etc.,
2167 2905 2334 2961 usque
2363 2889 2433 2944 ad
2462 2893 2520 2944 et
2550 2888 2762 2945 Filium
2792 2892 2849 2944 et
2879 2888 3165 2961 Spiritum
3195 2894 3489 2946 sanctum.
3511 2891 3649 2960 (Id.,
3700 2913 3705 2917 θ

2003 2980 2099 3035 lib.
2131 2979 2196 3035 de
2230 2980 2446 3047 Trinit.,
2473 2982 2616 3034 tom.
2650 2978 2796 3043 VIII,
2834 2976 2942 3033 col.
2974 2979 3081 3032 825
3110 2982 3168 3033 et
3196 2979 3346 3050 seq.)
3664 3052 3667 3055 _

2071 3069 2185 3139 Qui
2209 3068 2355 3123 solus
2383 3069 2542 3123 habet
2568 3066 3048 3123 immortalitatem.
3081 3066 3377 3139 Quidquid
3408 3067 3585 3124 etiam
3614 3086 3652 3124 a

250 3129 457 3239 possit.
491 3164 622 3236 (Id.,
654 3129 917 3217 tract.l611
942 3129 1003 3211 in
1028 3129 1235 3223 Evung.
1265 3169 1370 3209 sec.
1400 3155 1583 3221 Joan.,
1614 3158 1757 3211 tom.
1792 3156 1891 3225 ΙΙΙ,
1921 3129 1965 3197 C
2002 3129 2238 3212 meliore
2264 3155 2325 3210 in
2357 3156 2636 3224 deterius,
2666 3160 2802 3223 etc.,
2829 3171 3000 3226 usque
3028 3129 3230 3211 ad'ub-i
3253 3129 3424 3211 nulla
3453 3164 3651 3214 muta-

250 3258 400 3328 part.
433 3271 492 3321 11,
524 3249 635 3308 col.
669 3245 851 3319 1883.)

322 3345 431 3414 Qui
462 3343 591 3398 bene
617 3342 886 3412 prwsunt,
918 3337 1051 3402 etc.,
1078 3346 1266 3404 usque
1294 3332 1366 3387 ad
1413 3333 1515 3387 sub
1563 3332 1769 3389 duobus
1798 3342 1897 3390 aut

250 3435 429 3490 tribus
458 3423 969 3498 testibus.0perarii
1000 3421 1157 3478 enim
1189 3437 1416 3485 sumus,
1444 3424 1577 3489 etc.,
1608 3438 1774 3493 usque
1821 3423 1893 3478 ad

249 3523 497 3579 daturus
526 3534 610 3574 es.
643 3515 777 3589 (Id.,
808 3519 971 3569 tract.
1004 3511 1071 3565 17
1100 3512 1160 3566 in
1188 3512 1391 3587 Evang.
1413 3526 1518 3566 sec.
1539 3513 1720 3580 Joan.,
1744 3514 1887 3569 tom.

245 3611 348 3678 ΙΙΙ,
382 3610 535 3681 part.
567 3621 633 3673 11,
664 3602 772 3659 col.
809 3601 989 3672 1530.)

314 3693 597 3766 Nunquid
628 3692 701 3748 de
729 3690 918 3746 bobus
949 3687 1199 3761 pertinet
1228 3688 1299 3743 ad
1332 3687 1538 3753 Deum,
1562 3690 1695 3755 etc.,
1717 3703 1889 3761 usque

243 3786 314 3842 ad
344 3782 551 3856 implet
595 3779 874 3837 ofﬁcium.
910 3778 1038 3852 (Id.,
1071 3785 1232 3833 tract.
1264 3777 1325 3831 in
1351 3777 1492 3848 psal.
1527 3792 1712 3845 cxxv1,
1740 3780 1883 3833 tom.

238 3874 332 3943 IV,
365 3875 516 3946 part.
549 3887 611 3938 11,
645 3867 759 3925 col°
788 3866 969 3937 1675.)

306 3960 602 4018 Christum
633 3954 947 4013 Dominum
980 3956 1038 4010 et
1067 3952 1312 4009 Paulum
1342 3967 1576 4008 servum
1617 3952 1745 4024 ejus
1775 3968 1882 4008 au-

235 4051 488 4117 diamus,
522 4051 655 4115 etc.,
677 4060 849 4118 usque
876 4043 947 4101 ad
967 4041 1182 4099 vulnus
1204 4057 1332 4098 esse
1353 4041 1879 4115 mortiferum.(ld.,

234 4157 397 4197 serm.
428 4138 498 4194 83
524 4136 589 4192 de
625 4150 760 4191 vers.
811 4135 1053 4202 Evang.,
1101 4134 1243 4187 tom.
1275 4130 1342 4186 V.
1377 4134 1528 4202 part.
1561 4148 1603 4198 1,
1635 4129 1744 4186 col.
1776 4131 1883 4186 510

235 4233 295 4285 et
325 4226 474 4298 seq.)

306 4317 497 4371 Manus
525 4315 651 4379 cito,
683 4316 773 4368 etc
803 4352 817 4377 ,
850 4326 1036 4382 usque
1064 4309 1137 4365 ad
1168 4317 1287 4364 tuas
1318 4309 1681 4379 inﬁrmitates.
1716 4308 1905 4363 Sicut.

238 4421 300 4461 se
329 4403 508 4459 habet
529 4399 872 4457 firmissima
899 4397 1131 4463 veritas,
1164 4401 1297 4463 etc.,
1324 4411 1494 4466 usque
1513 4395 1583 4450 ad
1602 4395 1881 4468 impedia-

237 4492 337 4548 ris.
369 4493 502 4562 (Id.,
535 4490 607 4547 de
638 4489 864 4557 νέαται,
898 4491 1039 4544 tom.
1071 4485 1167 4551 VI,
1194 4483 1303 4540 col.
1328 4485 1480 4552 444.)

306 4578 684 4654 Quorumdam
711 4577 996 4633 hominum
1020 4581 1258 4646 peccata,
1291 4575 1424 4641 etc.,
1443 4587 1630 4643 usque
1661 4572 1733 4627 ad
1754 4573 1876 4628 abs-

232 4668 393 4726 condi
439 4683 553 4725 non
593 4673 840 4739 possunt.
873 4662 1179 4720 Manifesta
1230 4676 1299 4716 ea
1349 4659 1508 4727 dicit,
1539 4661 1613 4715 de
1660 4660 1876 4732 quibus

233 4756 458 4813 clarum
489 4759 580 4812 est
617 4754 772 4826 quod
821 4751 1017 4809 animo
1064 4751 1229 4817 ﬁant,
1264 4752 1397 4813 etc.,
1429 4764 1599 4818 usque
1644 4748 1716 4803 ad
1759 4765 1874 4820 quo

234 4845 702 4902 manifestentur.
730 4842 862 4910 (Id.,
880 4842 1034 4897 lib.11
1055 4839 1118 4895 de
1146 4854 1310 4895 serm.
1342 4837 1563 4892 Domini
1585 4838 1647 4891 in
1675 4844 1871 4904 monte,

228 4938 372 4991 tom.
402 4933 468 5004 X,
501 4935 650 5006 part.
678 4949 720 5001 1,
751 4930 860 4987 col.
895 4924 1076 5000 1297.)

866 5113 1098 5170 CAPUT
1135 5112 1231 5167 VI.

298 5292 627 5363 Quicunque
654 5294 783 5344 sunt
807 5287 908 5343 sub
930 5285 1089 5356 jugo,
1122 5286 1254 5349 etc.,
1288 5297 1477 5354 usque
1506 5282 1578 5337 ad
1608 5289 1872 5354 quaestum

225 5396 340 5435 esse
364 5380 638 5450 pietatem.
673 5378 806 5442 Quae
839 5374 909 5427 de
938 5388 1100 5427 scrvo
1146 5370 1383 5426 Hebraeo
1432 5369 1867 5443 praecipiuntur,

226 5472 360 5533 etc.,
394 5481 564 5537 usque
590 5466 661 5521 ad
692 5463 1037 5520 recusasset.
1072 5460 1203 5532 (Id.,
1237 5460 1332 5515 lib.
1367 5462 1652 5531 Quwstdn
1682 5460 1865 5515 Exod.

226 5569 469 5624 ccxxvn,
500 5558 640 5610 tom.
676 5552 772 5621 III,
795 5550 947 5621 part.
982 5564 1019 5615 1,
1052 5548 1160 5605 col.
1186 5549 1335 5621 724.)

2002 3244 2221 3301 bilitas.
2252 3244 2389 3313 (Id.,
2420 3251 2580 3300 tract.
2612 3244 2683 3300 23
2714 3245 2774 3299 in
2799 3244 3008 3313 Evang.
3039 3260 3146 3300 sec.
3175 3245 3363 3312 Joan.,
3393 3246 3648 3314 tom.lll,

1999 3349 2058 3406 p.
2093 3350 2152 3400 ιι,
2185 3331 2294 3389 col.
2330 3332 2511 3405 1588.)

2072 3422 2235 3488 Quod
2265 3420 2348 3476 ait
2375 3420 2687 3493 Apostolus
2722 3437 2735 3475 :
2767 3420 2876 3485 Qui
2907 3419 3069 3477 solus
3096 3419 3276 3476 habet
3298 3420 3652 3479 immortali-

1999 3513 2197 3575 tatem,
2231 3514 2541 3581 etc.,usque
2565 3508 2637 3564 ad
2666 3508 2821 3564 idem
2854 3508 2979 3581 ipsc
3004 3513 3114 3565 est.
3147 3509 3281 3581 (Id.,
3315 3509 3415 3566 lib.
3438 3511 3503 3567 de
3523 3513 3675 3570 Tri--

1998 3602 2100 3654 nil.
2131 3602 2272 3654 tom.
2308 3597 2452 3663 VIII,
2475 3596 2585 3654 col.
2616 3598 2722 3653 854
2750 3602 2808 3653 et
2837 3597 2985 3670 seq.)

2066 3687 2216 3743 Vera
2245 3687 2539 3742 aeternitas
2570 3691 2627 3742 et
2656 3702 2790 3742 vera
2820 3686 3233 3743 immortalitas
3256 3704 3371 3744 non
3395 3693 3643 3758 est,etc.,

1994 3792 2162 3848 usque
2207 3776 2279 3831 ad
2312 3776 2464 3831 facta
2492 3775 2759 3830 mutatio.
2794 3775 2925 3846 (Id.,
2959 3776 3056 3831 lib.
3089 3775 3329 3832 Sentent.
3364 3781 3653 3851 Prosperi,

1993 3869 2136 3922 tom.
2167 3865 2231 3932 Χ,
2267 3882 2324 3936 p,
2358 3881 2416 3931 ιι,
2450 3863 2558 3919 col.
2593 3863 2778 3933 1859.)

2062 3956 2129 4010 Et
2158 3956 2330 4010 lucem
2362 3938 2683 4018 inhabitat,
2715 3961 2847 4021 etc.,
2881 3969 3072 4026 usque
3118 3955 3191 4010 ad
3232 3959 3424 4012 Amen.
3456 3956 3640 4014 Omne
3728 3964 3733 3969 “

1992 4044 2209 4116 quippe
2241 4042 2394 4115 quod
2427 4040 2611 4097 oculis
2651 4040 2909 4113 corporis
2950 4042 3209 4115 conspici
3258 4047 3472 4115 potest,
3504 4050 3633 4114 etc.,

1990 4149 2161 4205 usque
2206 4132 2277 4187 ad
2306 4129 2479 4187 sicuti
2510 4133 2618 4186 est.
2650 4130 2784 4200 (Id.,
2830 4132 2988 4202 epist.
3037 4131 3108 4186 ad
3153 4133 3360 4201 Italia,
3394 4136 3535 4189 tom.
3564 4134 3633 4202 Il,

1989 4221 2099 4276 col.
2131 4221 2284 4291 319.)

2059 4308 2291 4364 Dictum
2322 4311 2413 4363 est
2445 4322 2457 4360 :
2492 4307 2646 4363 Deus
2678 4307 2901 4363 habitat
2925 4307 3112 4363 lucem
3147 4308 3629 4377 inaccessibilem,

1988 4401 2120 4466 etc.,
2153 4413 2321 4470 usque
2350 4397 2421 4452 ad
2458 4396 2803 4451 muneribus
2852 4396 2998 4452 suis.
3031 4397 3163 4465 (Id.,
3193 4399 3352 4453 tract.
3386 4400 3449 4453 in
3489 4400 3625 4471 psal.

1910 4502 2153 4565 Dcxvm
2207 4494 2258 4541 et
2314 4502 2512 4551 χχχιιι,
2570 4488 2712 4540 tom.
2770 4484 2863 4553 IV,
2925 4489 3076 4557 part.
3123 4502 3187 4554 ιι,
3232 4485 3340 4542 col.
3394 4488 3534 4543 1514
3576 4491 3629 4544 et

1986 4578 2134 4646 seq.)

2057 4664 2116 4719 Si
2149 4662 2391 4717 modum
2421 4661 2739 4733 quaerimus
2771 4661 3063 4733 quomodo
3094 4661 3327 4719 locutus
3359 4663 3437 4719 sit
3456 4669 3630 4732 Deus,

1984 4755 2118 4818 etc.,
2148 4766 2317 4823 usque
2346 4750 2417 4805 ad
2455 4749 2791 4822 repellenda
2837 4754 2947 4806 est.
2984 4751 3113 4823 (Id.,
3147 4752 3245 4807 lib.
3278 4770 3379 4807 v111
3407 4752 3473 4809 de
3503 4740 3663 4809 Gen.‘

1984 4839 2054 4895 ad
2083 4841 2213 4905 litt.,
2245 4842 2390 4894 tom.
2424 4838 2521 4905 III,
2554 4842 2704 4910 part.
2733 4854 2772 4906 1,
2807 4836 2916 4894 col.
2938 4839 3039 4894 391
3075 4843 3132 4895 et
3160 4840 3310 4912 seq.)

2054 4929 2329 4985 Divitibus
2348 4926 2513 4997 hujus
2532 4927 2747 4994 sazculi,
2771 4929 2904 4992 etc.,
2933 4943 3123 4999 usque
3145 4927 3217 4983 ad
3239 4935 3299 4984 ut
3321 4929 3624 5001 apprehen-

1980 5018 2114 5073 dant
2138 5032 2324 5072 veram
2349 5017 2538 5071 vitam.
2560 5013 2718 5070 Nihil
2748 5014 2906 5070 enim
2935 5018 3057 5071 tam
3086 5014 3421 5076 timeulum
3449 5022 3539 5073 est
3566 5017 3622 5072 in

1981 5105 2218 5172 divitiis,
2253 5120 2430 5176 quam
2479 5102 2773 5176 superbia,
2806 5108 2939 5171 etc.,
2972 5120 3144 5177 usque
3188 5103 3261 5160 ad
3305 5122 3421 5162 non
3448 5105 3621 5177 huius

1982 5193 2207 5251 mundi.
2240 5193 2375 5262 (Id.,
2404 5208 2566 5248 senm.
2598 5192 2663 5248 de
2686 5193 2831 5248 verb.
2861 5193 3092 5265 Evang.,
3123 5197 3267 5249 tom.
3298 5193 3371 5261 V,
3403 5199 3549 5266 part.
3584 5213 3618 5262 ι,

1981 5282 2089 5339 col.
2121 5284 2227 5337 957
2258 5285 2314 5336 et
2344 5283 2493 5352 seq.)

2055 5373 2117 5429 Ut
2138 5370 2544 5442 aqprehendant
2574 5386 2759 5425 verum
2780 5371 2973 5426 vitam.
3007 5370 3115 5435 Qui
3161 5370 3369 5427 nolunt
3418 5371 3617 5428 divites

1979 5461 2129 5528 ﬁeri,
2159 5459 2246 5515 vel
2278 5459 2378 5530 qui
2410 5475 2526 5513 non
2574 5463 2802 5526 curant,
2832 5463 2966 5528 etc.,
2995 5475 3161 5533 usque
3207 5460 3279 5515 ad
3325 5461 3482 5532 quod
3528 5460 3616 5515 hic

1978 5549 2208 5605 damus.
2241 5547 2372 5620 (Id.,
2401 5547 2561 5618 ibid.,
2594 5546 2702 5602 col.
2741 5547 2846 5604 412
2875 5551 2932 5604 et
2961 5548 3110 5622 seq.)
