3856 6200
138 339 253 405 405

992 342 1401 407 EXPOSITIO
1444 342 1526 405 IN
1567 338 1739 405 EPP.
1769 337 2260 403 PAULI.--EP.
2292 338 2348 405 ῙΙ
2391 343 2495 405 AD
2536 341 2704 407 TIM.

3430 341 3549 404 406

204 475 441 550 Pauper
468 474 569 534 Dei
601 473 663 534 in
714 477 910 535 animo
960 482 1080 536 est:
1127 495 1245 534 non
1274 477 1336 533 in
1365 474 1599 545 saeculo,
1648 480 1783 543 etc.,
1812 470 1970 544 Axv
2020 484 2191 532 contr.
2254 478 2459 547 Faust.,
2534 480 2680 535 tom.
2739 475 2884 546 VIII,
2948 475 3057 535 col.
3112 475 3218 534 313
3272 479 3331 533 et
3400 478 3549 549 seq.)

138 582 311 638 usque
326 566 398 622 ad
409 569 634 623 saturet
662 567 936 640 panibus.
970 567 1103 637 (Id.,
1135 574 1291 623 tract.
1322 568 1385 622 in
1427 566 1570 638 psal.
1603 582 1791 632 cxxxr,

139 657 282 711 tom.
316 654 414 721 IV,
446 659 598 727 part.
632 673 696 722 ιι,
729 655 837 711 col.
873 654 1057 727 1727.)

209 744 250 800 0
278 744 554 812 thimatee,
587 748 721 814 etc.,
771 761 961 817 usque
992 745 1067 800 ad
1096 749 1285 803 Amen.
1316 743 1528 801 Veniat
1555 744 1615 800 in
1639 759 1797 801 men-

1972 565 2096 621 Non
2129 566 2287 622 enim
2321 565 2420 633 ait,
2454 567 2719 623 devitans
2750 568 3059 624 verborum
3094 566 3397 634 novitates,
3448 566 3547 622 sed

1904 653 2148 722 addidit,
2180 658 2313 723 etc.,
2344 672 2514 727 usque
2543 657 2614 711 ad
2656 656 2815 713 velut
2862 655 3217 729 imperitiam
3267 655 3549 711 deridere.

1901 744 2034 814 (Id.,
2067 751 2226 800 tract.
2258 747 2294 798 7
2325 746 2386 800 in
2405 748 2621 817 Evang.
2644 762 2748 802 sec.
2780 747 2960 802 Joan..
2993 748 3136 801 tom.
3162 745 3264 814 ΙΙΙ,
3306 746 3455 816 part.
3489 759 3551 812 ιι,

138 836 254 888 tem
285 833 570 890 adversus
597 832 748 890 tales
772 832 1095 906 apostolica
1115 832 1215 888 illa
1227 832 1569 890 admonitio.
1590 833 1797 906 Aptavi
1903 831 2012 889 col.
2046 832 2183 888 1879
2209 837 2266 889 et
2295 837 2443 906 seq.)

136 936 260 990 vos,
311 924 448 989 etc.,
495 938 668 994 usque
717 922 789 977 ad
847 920 1147 995 apostolus
1204 920 1441 977 Paulus.
1501 920 1633 991 (Id.,
1695 922 1792 977 lib.

862 1274 978 1360 IN
1035 1272 1678 1363 EPISTOLAM
1733 1273 1807 1359 ιι
1865 1273 2007 1358 AD
2068 1232 2807 1364 TIMOTH'EUM.

1631 1474 2057 1488 um

692 1624 1226 1682 ARGUMENTUM.

200 1712 350 1770 Item
381 1712 690 1770 Timotheo
720 1714 923 1771 scribit
952 1714 1023 1770 de
1052 1714 1456 1771 exhortatione
1498 1715 1782 1789 martyrii,

130 1807 188 1859 et
210 1802 409 1859 omnis
441 1802 656 1876 regulae
685 1802 980 1859 veritatis:
1010 1806 1068 1858 et
1097 1803 1237 1875 quid
1262 1804 1527 1860 futurum
1559 1804 1787 1860 sittem-

129 1892 375 1965 poribus
404 1890 775 1963 novissimis,
798 1896 854 1949 et
882 1893 952 1948 de
982 1909 1091 1948 sua
1137 1892 1410 1965 passione
1460 1893 1723 1949 scribens
1753 1912 1787 1950 a

130 1981 337 2038 Roma.
780 2036 787 2041 .

667 2070 900 2127 CAPUT
940 2069 1251 2128 PRIMUM.

199 2160 412 2216 Paulus
467 2160 743 2232 apostolus
796 2160 924 2216 Jesu
980 2159 1183 2216 Christi
1255 2168 1315 2216 tu
1375 2162 1569 2217 melius
1618 2163 1779 2218 nosti.

116 2248 191 2313 ⁹Ιιι
223 2248 336 2304 hoc
364 2248 626 2321 Apostoli
663 2248 1000 2304 testimonio
1049 2264 1249 2306 cavere
1297 2250 1601 2318 debemus,
1647 2254 1781 2322 etc.,

122 2354 299 2410 usque
329 2339 399 2393 ad
425 2341 700 2410 operetur
730 2337 1093 2410 patientiam.
1130 2338 1259 2410 (Id.,
1280 2356 1441 2395 serm.
1472 2339 1538 2395 de
1555 2348 1699 2409 grat.
1732 2347 1783 2396 et

122 2428 229 2482 lib.
262 2428 408 2494 arb.,
442 2431 586 2482 tom.
623 2470 636 2482 .
669 2426 735 2496 X,
768 2430 917 2499 part.
951 2445 993 2493 ι,
1025 2426 1135 2483 col.
1167 2429 1270 2482 904
1302 2431 1359 2484 et
1391 2429 1538 2501 seq.)

194 2516 390 2587 Major
420 2515 640 2588 quippe
668 2515 913 2572 libertas
944 2520 1035 2573 est
1060 2516 1411 2583 necessaria,
1444 2522 1578 2584 etc.,
1614 2534 1782 2590 usque

118 2604 192 2659 ad
212 2603 540 2660 cruciantia
568 2609 930 2676 superarent.
964 2605 1098 2674 (Id.,
1130 2607 1226 2661 lib.
1261 2606 1326 2662 tle
1355 2609 1581 2663 Corr.et
1610 2614 1780 2675 φαίη

121 2697 274 2750 ωσι.
308 2693 378 2764 Χ,
411 2697 561 2766 part.
594 2711 633 2761 1,
667 2692 776 2749 col.
808 2694 912 2749 937
944 2698 1003 2750 et
1028 2693 1176 2766 seq.)

782 2782 1016 2839 CAPUT
1056 2783 1124 2838 ll.

198 2874 277 2928 Tu
295 2887 445 2941 ergo,
478 2871 583 2941 ﬁli,
616 2871 754 2926 alios
785 2870 991 2927 docere.
1025 2871 1338 2929 Excellenti
1372 2889 1508 2945 ergo
1557 2874 1781 2929 sancti-

116 2965 238 3025 tate
268 2959 615 3027 eminentes,
649 2963 784 3028 ctc.,
807 2977 978 3032 usque
1005 2962 1077 3016 'ad
1107 2961 1423 3017 salubriter
1452 2962 1775 3018 imitentur.

123 3051 260 3124 (Id.,
292 3057 454 3115 trnct,
488 3051 550 3104 in
572 3051 718 3122 psal.
752 3067 901 3115 uxr,
932 3054 1076 3105 tom.
1103 3050 1196 3117 ιν,
1231 3055 1381 3122 part.
1415 3068 1454 3120 ι,
1485 3050 1595 3106 col.
1627 3052 1777 3125 904.)

192 3139 407 3195 Labora
434 3140 493 3194 in
521 3140 775 3195 omnibus
804 3140 1160 3212 intellectum.
1195 3139 1567 3196 Timotheum
1602 3157 1777 3213 quem

122 3227 270 3284 dicit
298 3226 822 3300 germanissimum
853 3227 1062 3293 ﬁlium,
1089 3232 1222 3295 etc.,
1242 3245 1413 3301 usque
1431 3230 1501 3284 ad
1522 3228 1781 3285 saluber-

120 3317 271 3381 rime
301 3316 591 3372 hortatur.
625 3315 757 3385 (Id.,
791 3317 893 3372 lib.
924 3316 988 3372 de
1018 3318 1459 3390 oper.monach.,
1480 3322 1624 3374 tom.
1655 3319 1779 3387 VI.)

193 3405 495 3496 Profectus
525 3403 788 3496 ﬁdelium
819 3405 947 3496 sine
975 3406 1318 3496 tentatione,
1350 3410 1483 3475 etc.,
1514 3423 1686 3479 usque
1709 3408 1780 3463 ad
1810 3427 1855 3496 ο

121 3494 436 3551 tentationi
466 3493 767 3550 resistens.
801 3494 934 3565 (Id.,
969 3495 1068 3550 lib.
1099 3495 1245 3551 Sent.
1265 3498 1778 3567 Prosperi,tom.X,

122 3587 278 3656 part.
312 3600 378 3651 ιι,
408 3582 517 3639 col.
548 3583 729 3655 1877.)

191 3671 410 3728 Filium
423 3670 684 3727 hominis
697 3670 997 3727 Christum
1015 3672 1096 3727 ita
1119 3673 1427 3739 credamus,
1445 3677 1579 3738 etc.,
1612 3690 1783 3745 usque

118 3761 191 3817 ad
223 3764 283 3816 et
313 3759 504 3815 ﬁlium
536 3759 815 3816 hominis.
850 3762 984 3830 (Id.,
1020 3762 1118 3816 lib.
1151 3769 1323 3818 contr.
1358 3763 1566 3828 Faust.,
1600 3761 1690 3817 tit.
1724 3764 1781 3831 3,

120 3853 268 3905 tom.
298 3848 450 3912 VIII.
480 3847 593 3904 col.
626 3850 734 3904 209
763 3852 820 3904 et
845 3849 990 3923 seq.)

186 3939 259 3993 Et
289 3937 508 4010 repulit
541 3938 986 3994 tabernaculum
1044 3938 1285 4011 Joseph,
1320 3942 1456 4009 etc.,
1507 3957 1675 4011 usque
1711 3940 1781 3996 ad

117 4027 446 4083 secundum
474 4026 856 4100 Evangelium
888 4043 1106 4083 meum.
1163 4028 1295 4095 (1d,,
1344 4034 1500 4091 tract.
1548 4030 1609 4083 in
1631 4030 1781 4100 psal.

119 4130 331 4185 uxvn,
360 4118 505 4170 tom.
539 4114 634 4183 IV,
660 4119 811 4187 part.
837 4132 876 4183 ι,
908 4115 1020 4171 col.
1055 4116 1196 4171 1006
1227 4119 1285 4170 et
1314 4117 1460 4188 seq.)

191 4204 256 4258 In
284 4220 395 4276 quo
449 4202 636 4259 laboro
692 4208 826 4272 etc.,
880 4221 1070 4277 usque
1124 4204 1197 4260 ad
1232 4205 1453 4259 verbum
1509 4207 1776 4262 veritatis.

118 4289 602 4363 Credidi,|inquit,
618 4291 1579 4365 propterquodlocutussum,etc.,
1612 4311 1781 4367 usque

120 4380 192 4435 ad
219 4396 325 4453 ego
356 4379 707 4435 humiliatus
728 4397 861 4436 sum
877 4381 1388 4446 nimis.(Id.,tract.
1408 4384 1467 4438 in
1492 4383 1774 4454 psal.cxv,

123 4472 265 4523 tom.
302 4466 396 4533 IV,
429 4471 580 4540 part.
614 4485 676 4535 ιι,
710 4467 820 4524 col.
853 4468 1034 4541 1492.)

191 4556 358 4613 Dicat
386 4544 527 4629 ergo
559 4556 816 4613 Ecclesia
841 4558 1079 4625 Christi,
1115 4556 1317 4615 civitas
1352 4559 1506 4632 regis
1554 4560 1773 4633 magni,

121 4650 255 4713 etc.,
296 4660 469 4716 usque
521 4644 591 4699 ad
631 4661 735 4700 nec
768 4645 827 4699 in
887 4646 1254 4718 preconibus
1312 4646 1584 4720 alligatis.
1639 4649 1774 4718 (Id.,

121 4733 220 4789 lib.
250 4750 365 4789 xvu
394 4733 462 4788 de
494 4733 659 4788 Civil.
688 4735 806 4799 Dei,
840 4737 986 4791 tom.
1018 4735 1142 4800 VII,
1175 4734 1283 4790 col.
1311 4736 1465 4805 528.)

192 4821 504 4894 Propterea
533 4838 649 4876 non
699 4826 969 4893 poterant
1011 4823 1262 4889 credere,
1323 4827 1455 4892 etc.,
1489 4842 1659 4898 usque
1704 4822 1775 4881 ad

120 4909 440 4965 voluntatis
471 4908 764 4965 humanm.
810 4911 946 4983 (Id.,
978 4919 1137 4968 tract.
1187 4913 1259 4967 53
1290 4914 1350 4967 in
1397 4916 1612 4983 Evang.
1664 4932 1771 4972 εκ.

119 5000 297 5063 Joan.,
332 5001 478 5054 tom.
516 4998 613 5065 III,
650 5002 801 5070 part.
835 5016 897 5069 ιι,
929 5000 1038 5056 col.
1075 5002 1257 5072 1776.)

195 5087 437 5158 Profana
468 5094 651 5143 autem
679 5091 814 5154 etc.,
831 5078 1019 5161 usque
1033 5090 1104 5145 ad
1136 5098 1196 5145 ut
1210 5106 1406 5146 cancer
1420 5094 1609 5163 serpit.
1629 5093 1775 5148 Cum

126 5172 246 5230 sint
272 5174 427 5231 inter
454 5192 518 5231 se
548 5175 664 5232 duo
693 5175 808 5232 ista
851 5178 1160 5245 contraria,
1202 5181 1335 5246 etc.,
1377 5196 1548 5252 usque
1584 5181 1673 5237 ad.
1716 5182 1776 5237 in

128 5262 276 5317 atria
302 5263 537 5318 Domini
600 5264 729 5336 (Id.,
763 5273 920 5321 tract.
972 5269 1033 5322 in
1077 5269 1218 5339 psal.
1253 5285 1443 5337 cxvm,
1506 5273 1647 5327 tom.
1681 5270 1776 5338 IV,

130 5356 278 5423 part.
307 5368 367 5417 ιι,
401 5350 512 5407 col.
550 5353 688 5408 1556
718 5357 775 5409 et
801 5355 949 5427 seq.)

204 5440 282 5495 Ex
308 5441 509 5513 quibus
547 5448 628 5496 est
673 5445 808 5509 etc.,
859 5460 1047 5516 usque
1099 5445 1171 5500 ad
1203 5446 1550 5515 quorundam
1593 5447 1774 5517 ﬁdem.

129 5528 342 5585 Omnes
371 5528 533 5585 enim
564 5534 733 5586 secta
759 5549 886 5604 quae
918 5549 981 5588 se
1012 5532 1271 5604 aliquam
1304 5533 1643 5605 religionem
1674 5536 1776 5592 ho-

131 5616 385 5674 minibus
416 5618 676 5687 inserere
698 5625 1222 5694 praesumpserunt,
1244 5625 1375 5689 etc.,
1415 5639 1579 5694 usque
1600 5624 1669 5679 ad
1700 5625 1781 5680 in-

1890 1626 2215 1702 telligimus
2243 1644 2557 1701 corporum
2574 1627 3060 1685 resurrectionem
3089 1628 3386 1700 (Id.,tract.
3407 1645 3545 1684 XVIII

1896 1718 1959 1772 in
1986 1721 2201 1790 Evang.
2233 1734 2337 1774 sec.
2369 1720 2553 1789 Joan.,
2582 1720 2724 1775 tom.
2759 1718 2856 1785 III,
2890 1722 3040 1790 part.
3072 1735 3131 1787 ιι,
3165 1717 3274 1774 col.
3321 1718 3455 1774 1551
3490 1722 3548 1774 et

1895 1823 1996 1862 sea
2005 1849 2017 1861 .

1960 1807 2243 1953 (Ninnulli
2277 1896 2435 1954 enim
2464 1897 2831 1954 attendentes
2868 1896 3065 1965 verba,
3107 1899 3239 1963 etc.,
3268 1912 3440 1968 usque
3475 1896 3547 1953 ad

1900 1983 1960 2040 in
2019 1985 2396 2042 tribulatione
2453 1985 2757 2058 patientes.
2815 1986 2942 2055 (Id.,
3008 1986 3106 2040 lib.
3163 1984 3235 2040 ad
3284 1987 3544 2052 Januar.,

1816 2060 1865 2125 B
1895 2075 2039 2129 tom.
2071 2075 2142 2140 II,
2176 2073 2287 2130 col.
2319 2075 2476 2143 206.)

1962 2163 2067 2219 Sed
2092 2164 2334 2233 ﬁrmum,
2369 2167 2503 2230 etc.,
2534 2179 2723 2236 usque
2735 2163 2807 2217 ad
2827 2178 3024 2218 nomen
3044 2162 3283 2218 Domini.
3308 2160 3548 2216 Dicebat

1889 2252 2231 2324 Apostolus:
2266 2252 2347 2307 Ex
2394 2252 2612 2325 quibus
2656 2254 2747 2307 est
2794 2251 3143 2324 Hymenzcus
3171 2255 3228 2306 et
3259 2248 3542 2317 Philetus,

1891 2345 2025 2409 etc.,
2066 2358 2237 2413 usque
2283 2342 2354 2396 ad
2383 2342 2454 2396 ab
2485 2340 2795 2413 iniquitate
2852 2342 3075 2396 recede.
3112 2340 3242 2409 (Id.,
3294 2347 3449 2395 tract.
3485 2341 3546 2394 in

1885 2432 2030 2502 psal.
2063 2446 2197 2496 xcu,
2229 2434 2371 2485 tom.
2407 2429 2498 2495 IV,
2531 2432 2680 2502 part.
2714 2446 2774 2492 ιι,
2807 2428 2917 2484 col.
2954 2430 3144 2496 1185.)

1962 2519 2116 2575 Satis
2146 2519 2303 2575 enim
2336 2519 2513 2573 fixum
2551 2522 2727 2590 atque
2759 2517 3062 2573 immobile
3083 2518 3255 2573 debet
3276 2519 3449 2573 corde
3463 2534 3546 2572 re-

1888 2608 2082 2673 tineri,
2109 2612 2216 2664 etc.
2272 2624 2442 2680 usque
2478 2608 2549 2663 ad
2582 2608 2846 2663 nominat
2875 2623 3085 2661 nomen
3129 2606 3360 2661 Domini
3411 2606 3540 2679 (Id.,

1891 2698 1986 2753 lib.
2019 2698 2084 2752 de
2109 2697 2476 2753 catechizand.
2506 2697 2672 2763 Rud.,
2704 2700 2846 2751 tom.
2880 2695 2977 2761 VI,
3003 2695 3113 2750 col.
3146 2695 3270 2752 323.

1959 2786 2075 2842 Nec
2106 2789 2334 2842 moveat
2362 2786 2515 2857 quod
2548 2801 2701 2857 saepe
2729 2783 2997 2840 diabolus
3018 2784 3245 2840 seducit
3273 2783 3450 2840 etiam
3470 2782 3543 2838 il-

1888 2874 1998 2942 los,
2061 2879 2195 2939 etc.,
2236 2891 2408 2946 usque
2434 2874 2505 2929 ad
2535 2873 2798 2945 seipsum
2847 2871 3006 2928 videt
3062 2872 3192 2945 (Id.,
3252 2873 3344 2928 ltb.
3376 2889 3449 2926 xx
3476 2872 3543 2928 de

1890 2965 2050 3021 Civit.
2090 2966 2203 3029 Dei,
2238 2967 2378 3019 tom.
2406 2963 2528 3032 VII,
2564 2962 2672 3017 col.
2700 2961 2850 3032 669.)

1957 3052 2227 3108 Nondum
2259 3051 2531 3124 apparuit
2554 3049 2868 3121 judicium,
2902 3050 3001 3104 sed
3027 3049 3154 3120 jam
3186 3049 3404 3103 factum
3427 3050 3538 3119 est,

1887 3146 2020 3209 etc.,
2052 3158 2222 3213 usque
2246 3141 2315 3196 ad
2345 3140 2503 3195 novit
2530 3139 2772 3194 zizania.
2804 3139 2909 3211 (Id.
2943 3145 3103 3193 tract.
3140 3137 3209 3193 12
3236 3139 3298 3192 in
3330 3139 3539 3207 Evang.

1884 3248 1988 3287 sec.
2019 3232 2202 3298 Joan.,
2234 3234 2376 3286 tom.
2412 3229 2506 3297 ΙΙΙ,
2542 3232 2691 3301 part.
2725 3245 2787 3295 ιι,
2820 3226 2929 3283 col.
2966 3226 3148 3299 1490.)

1959 3320 2128 3375 Modo
2159 3319 2314 3375 enim
2348 3335 2559 3390 corpus
2590 3317 2804 3373 Christi
2837 3316 3084 3372 mistum
3136 3319 3227 3372 est
3255 3318 3539 3388 tanquam

1892 3425 2047 3475 area,
2080 3412 2213 3475 etc.,
2272 3424 2443 3480 usque
2496 3407 2565 3462 ad
2595 3406 2791 3462 salvus
2849 3406 2977 3461 erit.
3031 3405 3162 3477 (Id.,
3217 3405 3376 3472 ibid.,
3428 3404 3543 3461 col.

1884 3500 2077 3569 i221.)

1962 3589 2041 3643 De
2072 3587 2189 3643 illis
2219 3587 2443 3655 ovibus,
2478 3587 2548 3641 de
2569 3586 2785 3658 quibus
2816 3585 2960 3640 dicit
2988 3583 3335 3657 Apostolus:
3376 3583 3548 3640 Novit

1889 3676 2175 3733 Dominus
2206 3676 2305 3748 qui
2339 3680 2481 3730 sunt
2506 3675 2636 3746 ejus
2668 3679 2775 3730 etc.
2808 3674 3059 3746 usquead
3089 3674 3161 3729 de
3182 3690 3362 3729 manu
3392 3689 3542 3731 mea.

1890 3765 2022 3837 (Id.,
2058 3764 2220 3831 me,
2252 3763 2362 3819 col.
2398 3763 2579 3835 1725.)

1962 3854 2256 3909 Numerus
2285 3869 2421 3924 ergo
2444 3853 2765 3923 justorum,
2801 3851 2899 3923 qui
2933 3852 3260 3906 secundum
3292 3850 3551 3923 proposiv

1888 3947 2015 3998 tum
2047 3941 2264 4013 usquatl
2312 3944 2689 3995 sacrosancta
2728 3939 3032 4010 mysteria.
3086 3940 3219 4009 (Id.,
3267 3939 3366 3995 lib.
3414 3957 3449 3996 v
3482 3940 3549 4007 de

1892 4036 2046 4101 Bapt.
2081 4037 2253 4086 contr.
2292 4033 2514 4094 Donat.,
2548 4032 2693 4082 tom.
2729 4027 2821 4093 lV,
2853 4027 2961 4082 col.
2998 4028 3100 4081 195
3129 4030 3187 4081 et
3216 4027 3361 4098 seq.)

1957 4121 2021 4175 In
2067 4134 2268 4187 magna
2323 4123 2505 4171 autem
2544 4115 2721 4181 domo,
2775 4122 2900 4178 etc.,
2954 4130 3109 4185 uqne
3151 4115 3224 4168 ad
3268 4114 3333 4170 de
3375 4114 3534 4170 corde

1882 4224 2043 4280 puro.
2077 4206 2370 4270 Quosdam
2423 4203 2523 4275 qui
2573 4203 2728 4258 circa
2757 4202 3057 4258 veritatem
3099 4203 3530 4272 aberraverant,

1886 4300 2018 4363 etc.,
2050 4311 2219 4367 usque
2248 4294 2317 4348 ad
2348 4292 2592 4349 tolerare
2622 4296 2932 4364 coguntur.
2967 4292 3096 4363 (Id.,
3132 4291 3292 4359 ibid.,
3315 4291 3409 4347 lib.
3448 4308 3534 4361 ιιι,

1887 4384 1996 4440 col.
2030 4383 2179 4455 452.)

1960 4475 2036 4529 De
2066 4472 2282 4545 quibus
2312 4469 2394 4526 ait
2413 4467 2753 4543 Apostolus:
2778 4469 2981 4525 Sermo
3001 4484 3205 4523 eorum
3236 4468 3387 4525 sicut
3402 4486 3537 4525 can-

1887 4580 1983 4617 cer
2013 4561 2194 4633 serpit
2224 4564 2357 4630 etc.,
2390 4576 2560 4630 usque
2586 4559 2656 4614 ad
2686 4562 2752 4613 ut
2798 4573 3007 4613 cancer
3052 4556 3343 4629 serpebat.
3402 4557 3533 4628 (Id.,

1888 4651 2045 4718 ibid.,
2078 4650 2179 4704 lib.
2213 4667 2287 4714 Iv,
2320 4648 2429 4703 col.
2462 4649 2568 4704 165
2593 4651 2649 4702 et
2677 4650 2827 4719 seq.)

1958 4738 2246 4795 Omnibus
2276 4737 2660 4793 consideratis
2688 4741 2826 4809 puto
2851 4753 2942 4792 me
2965 4753 3079 4793 non
3097 4734 3534 4803 temeredicere,

1882 4832 2015 4895 etc.,
2046 4845 2216 4900 usque
2240 4827 2311 4882 ad
2342 4826 2726 4899 spiritualiter
2753 4826 3004 4898 separati
3029 4830 3188 4882 sunt.
3210 4825 3343 4895 (Id.,
3376 4822 3534 4890 ibid.,

1886 4918 1978 4973 lib.
2014 4934 2112 4984 vn,
2147 4915 2257 4971 col.
2288 4915 2439 4987 241.)

1953 5007 2035 5062 Ne
2066 5021 2400 5078 quaeramus
2429 5020 2564 5059 eum
2615 5004 2839 5074 absque
2887 5003 3075 5070 nobis,
3110 5006 3220 5058 etc.
3272 5001 3535 5072 usquead

1882 5095 1971 5151 vel
2004 5095 2182 5150 unius
2212 5094 2394 5149 moris
2422 5092 2481 5147 in
2514 5093 2707 5147 domo.
2743 5092 2874 5163 (Id.,
2904 5108 2975 5147 ea:
3007 5099 3166 5147 tract.
3184 5092 3327 5163 psal.
3364 5105 3532 5155 vau,

1883 5188 2027 5240 tom.
2064 5183 2155 5251 IV,
2190 5185 2338 5254 part.
2372 5199 2413 5248 ι,
2446 5180 2555 5236 col.
2588 5181 2695 5235 815
2722 5184 2778 5234 et
2808 5180 2954 5252 seq.)

1956 5273 2035 5327 De
2064 5272 2221 5327 vasis
2277 5270 2471 5326 aureis
2500 5273 2558 5323 et
2612 5269 2925 5341 argenteis,
2985 5273 3119 5335 etc.,
3170 5284 3341 5341 usque
3381 5268 3453 5323 ad
3480 5272 3550 5339 et,

1887 5361 2105 5417 ﬁctilia.
2141 5360 2271 5431 (Id.,
2303 5375 2374 5414 ea:
2403 5359 2499 5413 lib.
2535 5359 2766 5413 Rctract.
2801 5374 2864 5423 ιι,
2898 5361 3040 5412 tom.
3076 5358 3118 5425 l,
3152 5357 3261 5412 col.
3287 5358 3413 5413 638.

1955 5450 2164 5505 Stultus
2192 5454 2394 5513 autem,
2427 5454 2548 5514 etc.,
2585 5462 2770 5517 usque
2800 5446 2873 5501 ad
2896 5448 2992 5518 qui
3013 5448 3271 5501 resistunt
3290 5447 3533 5501 veritati.

1888 5540 2105 5594 Mundo
2129 5541 2184 5593 et
2211 5534 2460 5608 simplici
2493 5534 2661 5590 oculo
2691 5552 2839 5607 opus
2867 5539 2957 5591 est
2981 5540 3047 5590 ut
3076 5535 3409 5590 inveniatur
3445 5534 3541 5590 via

1890 5628 2186 5700 sapientia:
2245 5631 2378 5693 etc.,
2440 5641 2607 5696 usque
2664 5625 2733 5680 ad
2787 5624 3109 5680 veritatem.
3169 5624 3303 5695 (Id.,
3362 5624 3460 5679 lib.
3494 5641 3536 5681 ιι
