3856 6200
335 253 455 314 407

1557 248 1790 316 FLORI
1832 246 2146 315 DIAGONI
2188 242 2571 316 MONA-CHI.

3613 252 3751 315 ,ιω

334 386 400 446 de
419 391 596 446 Serm.
633 391 786 444 Dom.
819 403 879 442 in
907 393 1108 456 monte,
1141 387 1284 441 tom.
1319 384 1416 452 III,
1447 387 1596 457 part.
1630 401 1672 453 1,
1696 382 1808 440 col.
1848 383 1986 440 1273
2009 383 2068 458 Α
2099 401 2335 443 necesse
2365 391 2614 457 est,ete.,
2638 385 3208 460 usqueadopprobrio
3229 385 3749 460 etdeSpeetu.(Id.,

337 482 396 536 et
425 479 609 546 1281.)

409 571 496 623 Ita
527 583 631 622 nos
665 582 769 621 nec
799 566 1000 622 deesse
1029 563 1212 619 voluit
1227 565 1472 619 fratrum
1491 561 1988 636 oorreptioni,eto.

338 671 509 729 usque
539 655 608 711 ad
633 653 1019 728 correptionis
1051 652 1440 725 aspergimus.
1493 653 1628 722 (Id.,
1671 653 1731 708 in
1762 655 1986 724 exposit.

338 748 495 818 epist.
520 745 589 800 ad
623 745 766 810 Gal.,
798 749 940 799 tom.
967 743 1068 807 ΙΙΙ,
1104 747 1252 814 part.
1287 760 1348 808 11,
1382 740 1490 796 col.
1521 741 1709 808 2143,)

409 835 486 891 Ne
514 834 729 906 quando
775 835 934 900 Deus,
969 835 1099 897 etc.,
1146 847 1333 902 usque
1363 831 1435 886 ad
1476 831 1544 885 ad
1577 833 1751 901 ipsius
1799 831 1990 884 volun-

339 932 522 981 tatem.
557 921 947 995 Correptionis
996 920 1241 985 utilitas,
1276 937 1401 991 quae
1454 936 1610 974 nunc
1640 921 1730 974 est
1780 920 1988 991 major,

341 1030 498 1070 nunc
530 1012 739 1079 minor,
772 1015 908 1079 etc.,
939 1026 1110 1082 usque
1139 1010 1208 1064 ad
1239 1009 1492 1080 respexit
1521 1025 1653 1063 eum
1682 1007 1986 1063 Dominus.

340 1104 473 1176 (Id.,
505 1103 600 1157 lib.
633 1102 697 1157 de
728 1101 848 1156 Cor.
878 1107 930 1156 ct
955 1107 1120 1169 grat.,
1156 1102 1298 1154 tom.
1349 1098 1413 1166 X,
1451 1102 1599 1170 part.
1635 1116 1670 1165 1,
1724 1097 1833 1152 col.
1884 1099 1992 1152 919

344 1196 402 1248 et
432 1194 583 1263 seq.)

983 1277 1210 1334 CAPUT
1252 1273 1348 1332 III.

413 1375 522 1428 Hoc
553 1378 735 1426 autem
762 1371 914 1435 scito,
947 1372 1081 1434 etc.,
1107 1383 1293 1438 usque
1322 1365 1394 1420 ad
1426 1366 1602 1433 magis
1653 1381 1818 1437 quam
1865 1367 1988 1421 Dei.

343 1462 450 1529 Qui
478 1461 587 1517 hoc
617 1459 814 1515 animo
845 1459 1094 1530 pascunt
1124 1472 1257 1511 oves
1288 1453 1524 1523 Christi,
1558 1457 1689 1508 etc..
1724 1469 1890 1526 usque
1920 1455 1991 1510 ad

342 1553 448 1609 sed
477 1549 676 1608 volens
706 1561 836 1604 eam
865 1545 1024 1602 vicit.
1057 1545 1192 1616 (Id.,
1221 1551 1378 1600 tract.
1417 1544 1519 1598 124
1549 1544 1610 1598 in
1628 1543 1836 1612 Evang.
1879 1559 1984 1600 sec.

341 1643 523 1707 Joan.,
553 1644 695 1694 tom.
731 1637 831 1702 III,
863 1652 920 1708 p.
952 1651 1012 1701 11,
1038 1632 1147 1690 col.
1185 1633 1323 1689 1967
1353 1635 1411 1689 et
1437 1632 1588 1704 seq.)

411 1730 555 1786 Vide
587 1726 821 1800 quando
851 1723 998 1780 dixit
1015 1721 1348 1822 Apostolus,
1381 1725 1515 1822 etei,
1546 1721 1815 1822 usque-ad
1833 1737 1988 1778 com-
2026 1758 2071 1822 Β

340 1819 621 1895 prehendi
651 1833 766 1873 non
801 1817 1009 1888 potest.
1062 1813 1192 1885 (Id.,
1224 1813 1382 1884 epist.
1429 1810 1499 1866 ad
1547 1811 1806 1883 Hesych.,
1847 1815 1990 1868 tom.

339 1912 410 1981 II,
444 1910 554 1967 col.
583 1908 692 1963 912
720 1909 778 1960 et
807 1909 956 1975 seq.)

415 1999 686 2058 Habentes
712 1995 963 2066 speciem,
1015 1994 1149 2061 etc.,
1201 2005 1387 2061 usque
1431 1989 1502 2046 ad
1552 1988 1648 2045 hos
1697 1988 1896 2045 devita.
1929 1989 1994 2045 In

346 2089 579 2148 nullum
606 2099 818 2141 nomen
851 2079 1168 2152 religionis,
1204 2095 1307 2134 seu
1355 2093 1579 2144 verum,
1627 2093 1734 2134 seu
1781 2077 1995 2134 falsum

345 2175 641 2252 coagulari
669 2170 941 2228 homines
962 2171 1229 2240 possunt,
1255 2169 1389 2234 etc.,
1417 2179 1588 2238 usque
1610 2165 1680 2221 ad
1701 2165 1997 2222 co'nsoien-

345 2273 441 2327 tias
472 2271 636 2324 bonas
665 2257 1040 2329 interrogatio
1071 2256 1201 2323 (Id.,
1253 2254 1350 2310 lib.
1379 2262 1564 2310 contra
1605 2257 1816 2322 Faust,
1850 2259 1992 2312 tom.

348 2360 499 2428 VIII,
533 2354 643 2412 col.
675 2353 784 2407 262
807 2353 863 2405 et
894 2346 1040 2418 seq.)

421 2451 586 2506 Certe
606 2445 726 2516 iam
759 2437 942 2496 renati
973 2453 1042 2492 ex
1070 2451 1246 2507 aqua,
1281 2435 1337 2488 et
1357 2431 1599 2504 Spiritu,
1646 2433 1852 2488 fratres
1895 2451 1996 2490 no-

351 2538 478 2606 stri,
523 2540 659 2601 etc.,
690 2545 860 2602 mque
888 2527 959 2583 ad
987 2529 1044 2581 et
1072 2522 1323 2580 fundati.
1355 2522 1490 2591 (Id.,
1520 2539 1684 2577 serm.
1727 2524 1789 2577 in
1837 2525 1992 2595 epist.

349 2634 529 2696 Joan.,
558 2629 701 2680 tom.
735 2619 834 2686 ΙΙΙ,
867 2635 923 2690 p.
957 2631 1019 2681 11,
1055 2611 1164 2669 col.
1201 2611 1382 2682 1994.)

345 2743 350 2748 -
421 2715 620 2774 Ponite
648 2709 824 2768 corda
845 2708 1039 2762 vestra
1069 2703 1128 2758 in
1157 2700 1368 2756 virtute
1396 2700 1546 2772 ejus,
1570 2703 1703 2768 etc.,
1737 2715 1907 2774 usque
1928 2701 1998 2756 ad

347 2809 408 2866 in
441 2807 550 2863 hac
579 2816 731 2859 area.
783 2797 914 2870 (Id.,
965 2800 1122 2850 tract.
1173 2791 1230 2846 in
1277 2791 1420 2862 psal.
1472 2807 1645 2855 xcvu,
1695 2793 1838 2846 tom.
1901 2790 1996 2858 IV,

350 2900 498 2972 part.
534 2910 573 2961 1,
607 2891 714 2948 col.
748 2887 848 2943 541
881 2885 897 2956 )

422 2982 867 3044 Sacramentum
894 2971 1082 3029 sancti
1130 2967 1341 3024 lavacri
1393 2984 1687 3040 nusquam
1727 2972 1816 3024 est
1863 2971 1997 3036 etc.,

345 3091 521 3150 usque
548 3072 619 3129 ad
648 3063 962 3142 Apostolus
991 3061 1176 3150 docet.
1210 3057 1345 3126 (Id.,
1365 3055 1462 3112 lib.
1494 3056 1559 3112 de
1577 3057 1746 3126 Agon.
1774 3056 1996 3128 Christ,

353 3149 497 3224 tom.
527 3163 622 3230 YI,
657 3157 766 3216 col.
798 3155 903 3210 307
931 3153 989 3206 et
1017 3149 1164 3219 seq.)

427 3257 509 3310 Ex
539 3253 622 3306 his
669 3247 817 3302 enim
860 3247 1009 3303 sunt,
1053 3245 1176 3292 etc..
1229 3249 1417 3305 usque
1465 3233 1558 3289 ad.
1603 3236 1994 3305 pervenientes.

345 3341 546 3402 ~Divini
577 3333 786 3395 cantici
816 3347 926 3386 vox
953 3330 1062 3392 est,
1094 3328 1227 3390 etc.,
1267 3338 1437 3394 usque
1463 3323 1534 3378 ad
1580 3322 1826 3380 intentio
1866 3341 2000 3398 pro~

2102 482 2261 532 tract.
2295 478 2354 532 in
2380 479 2522 548 psat.
2555 493 2729 544 cxxn,
2762 477 2870 533 col.
2903 477 3044 532 1636
3072 481 3131 534 et
3155 479 3313 549 seq.)
3713 523 3716 526 .

2173 563 2387 620 Omnes
2414 566 2514 637 qui
2547 566 2639 638 pie
2671 566 2872 622 volunt
2898 567 3088 622 γίνεαι
3109 566 3168 622 in
3191 564 3420 622 Christo
3439 565 3606 633 Jesu,
3639 576 3761 638 per-

2100 653 2459 711 secutionem
2492 655 2806 727 patientur,
2837 659 2974 720 etc.,
2993 655 3252 727 usquead
3283 653 3520 726 spiritui
3537 659 3757 710 nostro.

2099 743 2234 812 (Id.,
2264 746 2326 800 in
2351 745 2494 816 psal.
2527 759 2734 811 cxxvu,
2770 744 2880 801 col.
2914 746 3054 801 1687
3085 749 3145 800 et
3174 745 3325 815 seq.)

2171 831 2260 888 Ait
2285 833 2620 904 Apostolus:
2652 833 2872 890 Omnes
2901 834 3003 906 qui
3033 834 3238 888 velunt
3287 833 3350 888 in
3379 832 3618 889 Christo
3668 834 3761 905 pie

2098 919 2306 987 vivere,
2339 926 2471 990 etc.,
2502 939 2670 995 usque
2698 923 2768 978 ad
2814 939 2930 978 non
2974 926 3277 978 noverunt.
3329 921 3460 993 (Id.,
3493 938 3659 979 serm.
3700 925 3762 979 de

2096 1011 2242 1066 verb.
2279 1015 2491 1083 Apost,
2524 1016 2666 1068 tom.
2697 1011 2767 1078 V,
2799 1016 2948 1083 part.
2984 1027 3022 1077 1,
3045 1011 3154 1067 col.
3187 1011 3339 1079 910.)

2173 1100 2420 1173 Magnus
2451 1101 2737 1156 bonorum
2764 1099 2932 1156 labor
2961 1103 3069 1167 est,
3095 1105 3230 1168 etc.,
3253 1116 3424 1172 usque
3453 1100 3526 1156 ad
3548 1102 3762 1156 recedit

2100 1203 2135 1246 ι
2166 1199 2291 1245 sua.
2321 1189 2454 1260 (Id.,
2487 1189 2584 1246 lib.
2641 1189 2788 1247 Sciit.
2842 1191 3120 1266 Ptosperi,
3183 1192 3326 1245 tom.
3371 1189 3439 1261 X,
3483 1194 3636 1262 part.
3699 1209 3757 1257 11,

2101 1276 2211 1333 col.
2247 1277 2429 1347 1869,)

2169 1367 2309 1423 Mali
2336 1372 2526 1422 autem
2555 1368 2823 1435 homines,
2855 1375 2978 1435 etc.,
3013 1382 3202 1438 usque
3234 1366 3306 1422 ad
3337 1367 3407 1421 ad
3437 1383 3600 1424 omne
3627 1385 3763 1441 Opus

2101 1455 2299 1512 bonum
2332 1458 2649 1512 instructus.
2685 1456 2881 1512 Caecus
2914 1455 2963 1512 si
2993 1472 3211 1511 caecum
3242 1456 3440 1523 ducat,
3473 1461 3612 1525 etc.,
3649 1473 3760 1513 'us-

2097 1561 2197 1618 que
2226 1545 2294 1600 ad
2323 1545 2556 1601 illorum
2587 1545 2719 1600 fuit.
2753 1542 2888 1617 (Id.,
2915 1551 3076 1601 tract.
3113 1546 3175 1600 in
3194 1545 3340 1617 psal.
3360 1562 3473 1615 LIV,
3495 1550 3648 1602 tom.
3671 1547 3762 1624 ιν,

2097 1637 2247 1707 part.
2284 1651 2322 1699 1,
2355 1633 2464 1690 col.
2491 1632 2598 1689 664
2626 1637 2685 1691 et
2713 1635 2861 1706 seq.)

2744 1819 2976 1877 CAPUT
3016 1819 3110 1877 IV.

2184 1992 2472 2062 Testiﬁcor,
2505 1999 2633 2058 etc.,
2654 2005 2839 2063 usque
2869 1989 2940 2047 ad
2965 1991 3241 2063 patientia
3265 1999 3317 2048 et
3344 1992 3615 2048 doctrina.
3653 1992 3762 2048 Im-

2104 2081 2432 2155 portunitas
2445 2078 2864 2152 opportunitati
2881 2080 3082 2152 utique
3095 2080 3390 2138 contraria
3400 2083 3510 2147 est,
3525 2084 3634 2136 etc.
3647 2122 3659 2145 ,
3674 2097 3763 2135 us-

2101 2187 2206 2244 que
2235 2171 2305 2226 ad
2335 2169 2574 2226 miseria
2605 2164 3010 2226 misericordes
3042 2170 3198 2225 facit.
3234 2169 3363 2242 (Id.,
3395 2183 3583 2242 cmpos.
3610 2163 3760 2242 Epis.

2097 2260 2172 2316 ad
2205 2261 2346 2316 σαι..
2379 2264 2523 2315 tom.
2558 2261 2657 2327 III,
2692 2264 2843 2331 part.
2875 2273 2936 2327 11,
2969 2258 3077 2315 eo].
3111 2259 3254 2316 2H3
3282 2263 3340 2315 et
3369 2260 3522 2331 seq.)

2176 2350 2337 2416 Quod
2367 2349 2600 2405 errabat
2625 2365 2739 2404 non
2771 2349 3105 2415 remeastis,
3132 2352 3190 2405 et
3228 2349 3383 2421 quod
3417 2341 3593 2420 periit
3645 2363 3761 2403 non

2100 2439 2452 2513 inquisistis,
2486 2441 2620 2509 etc.,
2652 2453 2824 2510 usque
2851 2437 2923 2493 ad
2954 2436 3359 2493 antetribunal
3373 2435 3761 2509 Christi.(Id.,

2102 2530 2201 2586 lib.
2227 2529 2293 2585 de
2320 2530 2489 2594 Past.,
2513 2533 2658 2583 tom.
2689 2525 2757 2596 V,
2784 2528 2933 2600 part.
2968 2537 3006 2595 1,
3041 2526 3152 2582 col.
3177 2527 3327 2598 278.)

2176 2619 2352 2675 Sonet
2380 2617 2620 2673 verbum
2652 2617 2752 2672 Dei
2780 2613 3129 2683 volentibus,
3163 2620 3297 2684 etc.,
3341 2625 3512 2689 usque
3562 2616 3636 2672 ad
3662 2621 3764 2672 aut

2105 2707 2307 2781 spinas
2335 2705 2601 2763 evellant.
2631 2707 2740 2773 Id.,
2768 2712 2924 2761 trod.
2960 2706 3182 2778 inpsat.
3215 2722 3450 2773 cxxvm,
3485 2709 3630 2762 tom.
3665 2705 3758 2773 IV,

2105 2802 2256 2870 part.
2290 2813 2351 2861 ιι,
2386 2795 2495 2852 col.
2526 2796 2708 2863 1689.)

2179 2887 2311 2942 Scio
2332 2881 2629 2957 scriptum
2662 2897 2817 2939 esse:
2851 2887 2915 2938 In
2947 2882 3320 2956 multiloquio
3351 2897 3466 2939 non
3513 2882 3757 2957 attegias

2107 2978 2433 3048 peccatum,
2485 2974 2621 3039 etc.,
2669 2988 2836 3044 usque
2863 2973 2934 3028 ad
2981 2975 3105 3028 erat
3146 2971 3568 3028 necessarium.
3621 2973 3755 3042 (Id.,

2109 3065 2204 3125 lib.
2241 3077 2441 3122 CCLXIV
2467 3063 2532 3118 de
2563 3063 2780 3129 Trinit.,
2814 3067 2955 3117 tom.
2987 3061 3136 3132 VIII,
3164 3061 3275 3117 col.
3311 3061 3496 3130 1098.)

2177 3155 2296 3210 Erit
2325 3155 2474 3210 enim
2503 3160 2731 3224 tempus,
2763 3160 2884 3218 etc.,
2917 3166 3108 3223 usque
3138 3150 3210 3205 ad
3239 3152 3456 3206 sobrius
3486 3158 3616 3206 esto.
3652 3151 3756 3207 Ca-

2105 3246 2233 3298 vete
2262 3241 2542 3305 timendo,
2567 3245 2625 3296 et
2653 3240 2893 3310 orando,
2917 3255 2990 3294 ne
3011 3237 3319 3295 irruatisin
3342 3235 3488 3295 illud
3511 3228 3762 3312 aenigma

2106 3330 2457 3399 Salomonis,
2489 3333 2624 3398 etc.,
2652 3341 2822 3401 usque
2851 3327 2919 3382 ad
2947 3327 3101 3383 sicut
3130 3339 3337 3383 cancer
3386 3327 3588 3399 serpit.
3626 3327 3756 3399 (Id.,

352 3429 606 3491 ficiendi.
631 3427 761 3499 (Id.,
795 3425 959 3476 tract.
982 3417 1052 3469 63
1073 3416 1131 3469 in
1157 3417 1364 3482 Evang.
1388 3427 1492 3466 sec.
1511 3415 1704 3480 Joan.,
1727 3415 1870 3469 tom.
1899 3415 1991 3490 III,

2168 3429 2262 3477 est.
2292 3420 2362 3474 98
2411 3421 2473 3474 in
2516 3420 2718 3487 Evang.
2769 3433 2872 3472 sec.
2921 3421 3116 3484 Jean.,
3168 3421 3310 3472 tom.
3362 3419 3465 3482 III,
3511 3419 3662 3488 part.
3696 3431 3756 3482 ιι,

350 3525 500 3597 part.
535 3537 594 3585 11,
628 3513 738 3571 col.
775 3509 912 3566 1803
941 3509 998 3561 et
1027 3504 1175 3575 seq.)
1583 3589 1617 3597 Α-
1738 3593 1747 3597 μ
1836 3593 1846 3597 Α

2168 3509 2213 3564 .1.
2251 3510 2438 3576 1878.)

420 3600 883 3680 Quemadmodum
909 3603 1110 3661 autem.
1158 3597 1280 3680 εἰςιν
1331 3603 1517 3661 usque
1550 3589 1620 3643 ad
1659 3593 1868 3680 eripuit
1915 3609 1999 3650 me
2174 3601 2282 3668 Ego
2309 3598 2460 3654 enim
2479 3597 2600 3668 jam
2619 3591 2846 3660 delibor,
2878 3602 3000 3663 etc.,
3025 3609 3213 3678 usque
3233 3594 3304 3649 ad
3326 3596 3758 3680 maeimeontem

343 3675 621 3759 Doniinus.
653 3687 1010 3748 Animositas
1039 3678 1442 3736 haereticorum
1473 3693 1706 3750 semper
1733 3678 1997 3752 inquieta
2100 3683 2793 3756 membranas.Apostolus
2813 3675 3237 3755 Paulus,quem
3252 3687 3407 3738 certe
3428 3676 3758 3740 invenimus

343 3795 453 3858 est,
487 3791 620 3852 etc.,
652 3775 920 3852 usquead
957 3771 1176 3844 digitus
1226 3767 1326 3824 Dei
1359 3771 1449 3822 est
1498 3767 1594 3822 hic
1642 3769 1774 3837 (Id.,
1820 3770 1919 3825 lib.
1953 3789 1994 3826 ιι
2103 3776 2230 3832 sine
2287 3775 2424 3831 ullis
2481 3773 2671 3841 bonis,
2723 3777 2856 3840 etc.,
2919 3770 3190 3845 usquead
3236 3775 3295 3827 et
3349 3787 3480 3858 esse
3529 3773 3748 3827 donum

339 3881 412 3937 ad
435 3883 629 3939 Joan.,
663 3877 807 3928 tom.
831 3870 902 3934 II,
930 3861 1040 3918 col.
1069 3859 1217 3929 219.)

412 3967 507 4024 Ait
561 3958 840 4021 Jeremias
889 3951 1202 4026 propheta:
1249 3945 1534 4002 Clamavit
1579 3946 1806 4018 perdix,
1855 3951 1992 4018 etc.,

340 4061 509 4131 usque
533 4053 603 4109 ad
635 4053 771 4106 nota
801 4043 911 4102 erit
939 4039 1231 4131 omnibus.
1265 4036 1402 4131 (Id.,
1453 4037 1552 4091 lib.
1585 4045 1758 4092 contr.
1807 4039 1987 4119 Faust.

343 4125 430 4205 tit:
463 4161 584 4207 x111,
606 4145 752 4196 tom.
783 4133 934 4200 VIII,
967 4129 1075 4186 col.
1106 4127 1230 4182 289.
1263 4125 1280 4196 )

2101 3861 2223 3921 Dei.
2255 3865 2388 3934 (Id.,
2421 3865 2519 3919 lib.
2552 3863 2618 3919 de
2649 3862 2795 3918 Orat.
2828 3869 2879 3918 et
2909 3863 2986 3917 tib
3034 3861 3178 3929 arb.,
3213 3864 3355 3917 tom.
3404 3857 3470 3928 Χ,
3526 3865 3686 3934 part.
3713 3877 3746 3930 1,

2101 3952 2208 4010 eoi.
2241 3953 2347 4008 890
2375 3956 2432 4008 et
2457 3952 2606 4023 seq.)
3735 3955 3742 3980 ί

2170 4043 2308 4098 Plus
2339 4041 2615 4097 omnibus
2645 4037 2922 4106 laboravi,
2957 4039 3041 4094 ait
3061 4037 3396 4112 Apostolus,
3429 4042 3570 4105 etc.,
3590 4049 3752 4120 usque

2095 4128 2168 4188 ad
2197 4125 2598 4186 misericordia
2625 4128 2944 4184 coronatis.
2994 4127 3126 4196 (Id.,
3177 4135 3334 4184 tract.
3385 4129 3449 4183 in
3473 4129 3621 4206 psat.
3660 4141 3745 4198 cu,

416 4237 480 4291 Et
509 4245 691 4289 omnes
719 4235 842 4293 etc.,
875 4234 1062 4292 usque
1097 4217 1169 4274 ad
1199 4216 1494 4288 patientur.
1548 4213 1678 4282 Fili,
1707 4216 1991 4274 accedens
2096 4223 2239 4276 tom.
2273 4218 2365 4282 IV,
2400 4220 2548 4289 part.
2581 4233 2642 4281 11,
2667 4214 2782 4272 col.
2817 4211 2948 4270 1321
2988 4219 3047 4272 et
3069 4217 3224 4287 seq.)

345 4327 417 4382 ad
448 4319 786 4380 servitutem
840 4310 964 4378 Dei,
997 4314 1087 4364 sta
1136 4305 1196 4360 in
1222 4302 1477 4376 justitia,
1525 4305 1656 4370 etc.,
1713 4317 1882 4375 usque
1919 4307 1991 4361 ad

346 4432 462 4472 non
490 4409 685 4482 rapuit
708 4401 1119 4461 exsolventem.
1155 4393 1262 4465 (Id.
1280 4435 1294 4460 ,
1328 4391 1423 4447 lib.
1455 4390 1522 4446 de
1548 4392 1722 4461 Post,
1752 4395 1893 4448 tom.
1916 4393 1985 4461 V,

346 4507 496 4579 part.
522 4519 560 4567 1,
593 4497 701 4552 col.
727 4497 832 4551 275
858 4488 1098 4579 εῖτ-θείῃ.)
1171 4569 1184 4579 .
1331 4569 1364 4579 Δ
1419 4567 1429 4577 .

413 4590 572 4657 Quod
605 4586 689 4642 ait
718 4576 1016 4655 apostolus
1048 4569 1291 4628 Paulus:
1327 4567 1669 4657 Quicunque
1696 4567 1900 4657 volunt
1929 4570 1987 4627 in

341 4655 569 4740 Christo
591 4674 683 4749 pie
711 4671 920 4735 vivere,
954 4669 1088 4727 etc.,
1113 4661 1283 4732 usque
1301 4657 1372 4711 ad
1403 4655 1986 4749 procurrit-Ecclesia.

341 4770 474 4842 (Id.,
529 4743 628 4822 lib.
679 4774 813 4817 xvm
855 4754 1081 4812 deCivit
1129 4749 1244 4815 Dei,
1277 4749 1422 4802 tom.
1477 4744 1592 4813 v11,
1625 4743 1736 4800 col.
1786 4747 1893 4802 613
1931 4752 1990 4804 et

341 4867 489 4931 seq.)

344 5034 699 5094 columbam.
733 5009 864 5098 (Id.,
888 5025 1044 5094 epist.
1077 5015 1147 5072 ad
1174 5015 1407 5077 Sebast.,
1431 5015 1550 5098 tom
1581 5009 1988 5086 Il,col.1061.)

414 5130 631 5180 Verum
665 5097 752 5174 est
781 5113 956 5169 illud:
1007 5110 1222 5163 Omnes
1253 5100 1352 5174 qui
1404 5097 1607 5153 volunt
1637 5100 1729 5171 pie
1780 5102 1990 5171 vivere,

343 5219 672 5282 etc.,usque
700 5205 769 5260 ad
819 5201 918 5274 qui
949 5215 1047 5253 eas
1091 5195 1318 5282 curant.
1369 5187 1500 5259 (Id.,
1545 5195 1699 5244 tract.
1741 5191 1800 5244 in
1845 5193 1987 5262 psal.

344 5321 457 5373 ων,
489 5281 630 5355 tom.
665 5294 756 5360 1v,
790 5293 920 5364 part
945 5291 1004 5353 1.,
1037 5281 1146 5338 col.
1169 5281 1320 5373 631.)

417 5365 599 5446 Nemo
625 5383 735 5440 sibi
771 5381 957 5434 dicat:
994 5372 1250 5428 Fuerunt
1272 5365 1700 5433 tribulationes,
1731 5371 1863 5433 etc.,
1897 5386 1991 5424 us-

346 5496 446 5552 que
478 5478 548 5533 ad
578 5472 721 5530 nihil
745 5469 937 5552 exeat.
964 5462 1071 5526 Id.,
1097 5466 1263 5552 tract.
1311 5459 1370 5511 in
1395 5455 1538 5552 psal.
1572 5472 1661 5552 ιγ,
1691 5455 1800 5552 col.
1821 5459 1993 5552 6’19.)

345 5543 560 5623 Omnes
592 5561 691 5634 qui
725 5551 1049 5614 secundum
1081 5547 1375 5604 Christum
1405 5544 1498 5615 pie
1537 5543 1739 5599 volunt
1780 5545 1989 5613 vivere,

2169 4306 2444 4380 Reposila
2463 4303 2552 4361 est
2579 4299 2725 4360 mihi
2757 4299 2972 4360 eoi-one
3013 4303 3281 4376 justitia,
3322 4307 3456 4373 etc.,
3489 4313 3660 4379 usque
3687 4303 3749 4359 ad

2097 4395 2298 4452 omnia
2325 4393 2582 4467 praemia.
2618 4393 2748 4460 (Id.,
2783 4395 2843 4448 in
2867 4387 3010 4464 p’saL
3045 4409 3202 4460 (mu,
3237 4391 3348 4448 ool.
3385 4393 3571 4466 1275.)

2018 4494 2066 4558 Ι)
2169 4483 2470 4551 Quomodo
2501 4481 2690 4556 potuit
2709 4481 2830 4537 haec
2859 4481 3072 4548 dicere,
3106 4481 3200 4537 eui
3234 4479 3429 4538 adhuc
3475 4481 3743 4564 restabat,

2100 4576 2232 4638 etc.,
2266 4586 2434 4644 usque
2464 4570 2535 4627 ad
2565 4574 2630 4627 ut
2655 4569 3065 4639 dimitteretur,
3106 4569 3341 4652 orabat.
3391 4569 3531 4643 (Id.,
3567 4572 3659 4626 tib.
3690 4569 3749 4654 de

2095 4665 2227 4736 Spir
2255 4670 2306 4718 et
2342 4661 2487 4729 litt.)

2168 4752 2292 4816 Qua
2320 4749 2551 4808 Domini
2579 4743 2998 4822 pollicitatione
3029 4752 3222 4805 certus
3245 4751 3370 4804 erat
3398 4748 3461 4804 in
3486 4743 3588 4804 illo
3618 4735 3739 4814 fine,

2099 4855 2272 4914 quem
2305 4838 2496 4896 adhuc
2523 4832 2787 4893 futurum
2823 4837 2953 4908 jam
3002 4836 3254 4906 fidendo,
3296 4839 3432 4903 etc.,
3492 4830 3740 4914 usquead

413 4907 581 5003 gina;
611 4942 671 4996 in
719 4933 964 5011 epistola
1013 4935 1136 4991 tua,
1163 4930 1294 4991 etc.,
1343 4936 1513 4993 usque
1549 4921 1621 5011 ad
1667 4938 1902 5011 corvum
1933 4929 1990 4980 et
2095 4907 2347 5001 diligunt
2397 4943 2610 4983 nomen
2659 4907 2839 4996 ejuss
2873 4923 3006 4998 (Id.,
3066 4932 3223 4981 tract.
3289 4927 3349 4980 in
3377 4925 3584 4996 Evang.
3638 4907 3738 4978 κε.

2094 5020 2274 5083 Joan.,
2309 5021 2450 5072 tom.
2485 5015 2583 5081 III,
2615 5018 2764 5085 part.
2801 5032 2860 5081 11,
2892 5013 3002 5069 ool.
3030 5015 3174 5069 1400
3200 5013 3252 5070 ei
3284 5015 3432 5085 seq.)

2169 5105 2486 5178 Apostolus
2515 5102 2614 5157 ubi
2647 5115 2810 5173 spem
2843 5103 3121 5158 datbonis
3153 5101 3730 5174 dejudicio,seipsum

2101 5195 2282 5268 ponit,
2315 5199 2448 5260 etc.,
2485 5207 2655 5264 usque
2681 5191 2754 5245 ad
2783 5195 2841 5246 et
2859 5207 3104 5264 regnum
3125 5191 3274 5261 ejus.
3297 5191 3430 5264 (Id.,
3463 5193 3523 5246 in
3548 5188 3726 5262 psalm.

2099 5301 2151 5353 c,
2183 5287 2326 5339 tom.
2361 5281 2454 5349 ιν,
2486 5285 2636 5353 part.
2673 5297 2734 5346 11,
2767 5280 2875 5336 col.
2914 5281 3053 5336 1283
3080 5285 3138 5336 et
3169 5281 3318 5353 seq.)

2171 5375 2470 5427 Intuentes
2499 5370 2680 5441 igitur
2710 5369 2865 5440 quod
2884 5368 3356 5425 commemorasti
3379 5369 3450 5424 de
3478 5362 3726 5439 Apostelo

2099 5466 2232 5529 etc.,
2259 5475 2430 5532 usque
2457 5457 2528 5514 ad
2556 5457 2927 5513 desideratur
2955 5459 3184 5514 affectu.
3211 5455 3345 5531 (Id.,
3371 5459 3527 5530 epist.
3558 5455 3624 5510 ad
3639 5453 3724 5509 He-

2098 5551 2244 5622 sych.
2279 5551 2467 5621 episc.,
2500 5550 2643 5602 tom.
2680 5545 2751 5612 II,
2785 5544 2896 5602 col.
2918 5548 3027 5603 704
3056 5550 3114 5603 et
3137 5549 3289 5619 seq.)
