3856 6200
62 362 160 425 M3

867 355 1280 420 EXPOSITIO
1324 353 1403 415 IN
1449 352 1617 413 EPP.
1664 348 1926 411 PAULI.
1958 381 2035 393 —-
2067 347 2190 409 EP.
2233 345 2338 407 AD
2383 344 2616 407 HEBR.

3325 346 3445 408 414

60 495 386 554 voluntatem.
415 493 528 551 Sed
560 491 703 566 quid
731 489 884 548 ultra
911 488 1256 557 differimus,
1273 490 1406 555 etc.,
1437 483 1688 558 usquead
1715 482 1773 550 Α
1800 486 1970 540 antea
1998 482 2336 539 Judaaorum
2366 480 2692 537 secundum
2704 476 2968 537 ordinem
2983 484 3174 539 Aaron
3196 482 3257 540 in
3278 484 3443 542 Victi-

61 587 139 643 lex
157 584 424 641 dabatur.
456 583 590 652 (Id.,
616 582 769 649 ibid,
804 580 912 636 col.
943 582 1096 650 885.)

116 676 229 732 Non
255 674 405 731 enim
433 672 668 743 angelis,
692 676 1027 742 etc.,usque
1058 669 1130 725 ad
1160 685 1270 724 non
1298 665 1600 737 subjectum
1614 664 1688 719 ei.

501 779 584 834 Ex
604 780 855 834 tractatu
879 775 1030 849 psal.
1064 789 1190 831 VIII.

117 888 315 945 Omnis
346 876 505 942 ﬁlius
534 883 1004 951 hominis,homo
1038 898 1051 938 :
1077 880 1345 953 quamvis
1360 894 1475 941 non
1498 874 1691 933 omnis

56 980 569 1047 homo,etc.,usque
590 974 660 1029 ad
690 973 934 1046 spiritus
956 970 1368 1042 subjiciuntur.
1385 968 1687 1031 (Id.,tract.

57 1070 107 1123 in
127 1074 269 1140 psat.
304 1082 426 1133 VIII,
458 1068 601 1120 tom.
636 1062 730 1129 IV,
763 1065 912 1134 part.
945 1076 983 1129 I,
1017 1060 1126 1117 col.
1162 1060 1265 1115 103
1294 1062 1352 1114 et
1382 1057 1528 1129 seq.)

114 1156 270 1213 Nunc
300 1162 484 1211 autem
511 1153 741 1209 necdum
768 1151 1030 1217 videmus,
1059 1154 1193 1215 etc.,
1243 1164 1429 1219 usque
1477 1145 1550 1200 ad
1592 1160 1693 1215 per

48 1247 349 1319 passionem
392 1242 785 1313 consummari.
831 1240 994 1306 Quod
1052 1242 1249 1294 autem
1302 1235 1410 1291 tibi
1464 1233 1695 1289 videtur

55 1333 189 1390 nihil
222 1347 503 1405 magnum
537 1330 608 1385 de
629 1330 746 1385 Deo
766 1329 959 1395 Patre,
981 1331 1115 1395 etc.,
1141 1342 1330 1397 usque
1358 1325 1429 1380 ad
1461 1326 1691 1378 creatu-

54 1441 109 1479 ra
141 1421 424 1478 Creatori.
457 1420 592 1490 (Id.,
626 1419 723 1474 lib.
776 1425 948 1474 contr.
1006 1417 1327 1484 Maximim,
1378 1416 1522 1469 tom.
1564 1410 1691 1466 VIII

51 1511 127 1568 col
180 1510 339 1583 805.)

111 1600 275 1664 Quod
309 1599 509 1672 itaque
539 1597 827 1670 scriptum
849 1598 938 1652 est
967 1595 1038 1651 ad
1066 1594 1355 1657 Hebruos,
1376 1594 1695 1661 etc.,usque

49 1690 111 1745 ad
134 1687 422 1762 percipite
444 1702 710 1761 regnum.
747 1686 875 1757 (Id.,
907 1684 1067 1750 ibid.,
1100 1682 1207 1739 col.
1237 1681 1389 1752 787.)

114 1778 259 1846 Quid
277 1780 426 1834 enim
454 1776 874 1846 sanctiﬁcant,et
902 1776 1000 1846 qui
1027 1773 1445 1844 sanctiﬁcantur
1484 1785 1555 1824 ea:
1584 1784 1694 1824 uno

49 1883 247 1926 omnes.
272 1867 542 1938 Loquens
570 1864 857 1921 Dominus
897 1864 968 1918 ad
1019 1864 1248 1918 Patrem
1286 1866 1343 1916 et
1381 1876 1556 1915 orans
1592 1874 1697 1929 pro
1726 1854 1774 1918 B

53 1954 359 2029 discipulis
389 1955 516 2011 suis
545 1953 690 2010 dicit
722 1970 734 2009 :
760 1952 1075 2010 Sanctiﬁca
1103 1967 1223 2019 eos,
1254 1954 1390 2017 etc.,
1414 1965 1603 2020 usque
1624 1947 1697 2001 ad

56 2046 203 2119 quod
239 2046 366 2119 ipse
396 2060 527 2100 sum
559 2060 686 2116 ego.
720 2042 852 2115 (Id.,
892 2049 1049 2097 tract.
1086 2042 1186 2096 105
1236 2042 1297 2095 in
1344 2041 1558 2108 Evang.
1590 2052 1695 2092 sec.

51 2140 240 2201 Joan.,
272 2138 417 2189 tom.
449 2133 548 2200 Ill,
582 2135 732 2205 part.
767 2149 826 2200 II,
861 2130 969 2186 col.
1004 2130 1144 2185 1915
1171 2133 1229 2185 et
1257 2131 1404 2200 seq.)

115 2227 179 2281 Et
210 2225 414 2279 iterum
446 2239 466 2278 :
496 2224 637 2277 Ecce
678 2238 797 2291 ego,
840 2224 974 2287 etc.,
1007 2234 1196 2291 usque
1243 2219 1315 2273 ad
1345 2218 1701 2290 participavit

52 2310 645 2387 ejusdem.Quod,quid
669 2313 758 2366 est
785 2307 1154 2380 aliud,quam
1184 2323 1385 2363 eorum
1410 2306 1701 2379 particeps

55 2404 238 2458 factus
269 2406 378 2469 est,
411 2405 545 2467 etc.,
577 2416 747 2472 usque
774 2399 844 2454 ad
874 2397 1239 2454 habitavitin
1270 2396 1461 2463 nobis,
1496 2396 1703 2466 (Id.,in

52 2492 183 2565 psal.
221 2506 384 2557 XVIII,
417 2494 557 2545 tom.
591 2489 684 2555 IV,
708 2492 857 2561 part.
891 2505 931 2555 ι,
965 2485 1073 2543 col.
1110 2487 1257 2555 155.)

123 2583 183 2638 Ut
198 2596 306 2652 per
334 2586 584 2645 mortem,
617 2581 752 2645 etc.,
776 2592 965 2649 usque
994 2576 1067 2631 ad
1098 2576 1326 2632 obnoxii
1351 2583 1511 2631 erant
1538 2575 1704 2630 servi-

64 2670 183 2726 tuti.
210 2668 452 2724 Poterat
496 2667 670 2723 etiam
718 2666 829 2722 hoc
875 2666 1095 2721 donare
1142 2663 1537 2733 credentibus,
1569 2667 1702 2730 etc.,

60 2774 223 2829 usque
274 2756 348 2812 ad
390 2755 803 2811 immortalitas
861 2756 1192 2810 consecuta.
1226 2753 1358 2823 (Id.,
1399 2754 1497 2809 lib.
1557 2771 1596 2808 II
1643 2752 1707 2808 de

58 2848 210 2919 Bapt.
242 2862 429 2918 parv.,
457 2848 599 2900 tom.
630 2844 698 2912 X,
729 2847 880 2915 part.
915 2859 956 2912 I,
989 2841 1097 2899 col.
1128 2842 1227 2898 181
1264 2845 1323 2898 et
1351 2842 1499 2915 seq.)

127 2934 551 2990 Desideremus
595 2931 772 2988 vitam
816 2931 1056 2999 Christi,
1086 2936 1405 3003 etc.,usque
1452 2932 1541 3000 ad,
1575 2930 1709 3004 plus

61 3023 355 3078 amandus
408 3025 516 3078 est.
564 3021 693 3095 (Id.,
723 3038 886 3077 serm.
927 3023 989 3077 in
1022 3023 1168 3077 verb.
1205 3026 1433 3092 Evang.,
1465 3025 1604 3076 tom.
1639 3020 1706 3075 V.

62 3116 207 3190 part.
240 3129 281 3181 ι,
315 3110 431 3167 col.
456 3112 563 3166 726
587 3114 645 3166 et
674 3113 824 3183 seq.)

1799 573 1912 628 mis
1942 588 2240 645 pecorum,
2255 575 2386 639 etc.,
2401 570 2835 642 usqueadcujus
2855 571 3043 627 nostis
3065 573 3441 632 sacrificium.-

1799 661 1931 733 (ld.,
1960 664 2020 716 in
2036 661 2178 733 psal.
2211 664 2564 727 xxxm,tom.
2598 658 2673 714 IV
2699 664 2848 732 part.
2884 678 2923 729 ι,
2949 660 3058 715 col.
3083 662 3190 717 302
3218 668 3276 719 et
3295 669 3445 737 seq.)

1869 748 2180 805 Sublatum
2228 753 2316 804 est
2363 748 2521 804 enim
2562 748 2915 805 sacrificium
2944 751 3156 818 Aaron,
3185 755 3241 807 et
3272 755 3447 827 ccepit

1798 856 1927 895 esse
1957 837 2313 894 sacrificium
2344 838 2669 893 secundum
2697 838 2960 895 ordinem
2994 839 3443 899 Melchisedech.

1798 928 1858 984 Si
1890 934 2094 983 natum
2125 944 2193 982 ex
2223 931 2557 997 utero,ctc.,
2577 943 2745 998 usque
2775 927 2846 983 ad
2877 945 2910 982 a
2940 929 3441 1003 nobisacceptam.

1798 1017 1929 1086 (Id.,
1964 1019 2022 1072 in
2048 1018 2193 1088 psal.
2220 1032 2332 1083 CIX,
2365 1020 2506 1071 tom.
2542 1016 2634 1083 1V,
2668 1020 2816 1088 part.
2849 1034 2911 1085 II,
2945 1018 3050 1073 col.
3086 1021 3268 1094 1459.)

1868 1107 2081 1161 Etenim
2109 1122 2233 1160 cum
2250 1105 2512 1161 deberetis
2531 1106 2788 1174 magistri
2815 1122 2949 1175 esse,
2977 1111 3113 1177 etc.,
3145 1126 3335 1182 usque
3373 1112 3447 1167 ad

1798 1194 1868 1250 ad
1903 1193 2283 1250 discretionem
2315 1194 2442 1249 boni
2488 1210 2552 1249 ac
2599 1194 2757 1248 mali.
2790 1193 2937 1249 Cum
2979 1197 3107 1267 jam
3157 1198 3448 1256 deberetis

1798 1288 2058 1355 tempore
2082 1281 2209 1355 ipso
2240 1298 2369 1338 esse
2401 1282 2685 1350 doctores,
2719 1286 2851 1354 etc.,
2876 1300 3044 1355 usque
3073 1287 3143 1342 ad
3172 1304 3287 1344 non
3314 1273 3463 1355 θιὼ-ρ

1798 1354 2054 1427 trahitur
2085 1354 2555 1427 fundamentum.
2592 1371 2721 1443 (ld.,
2749 1354 2982 1429 tract.98
3011 1376 3072 1429 in
3102 1354 3459 1446 Joan.,tom.'

1802 1460 1897 1527 IlI,
1930 1463 2078 1532 part.
2112 1478 2173 1527 Il,
2196 1459 2305 1516 col.
2340 1461 2478 1515 1882
2503 1463 2559 1516 et
2590 1460 2737 1533 seq.)

1872 1548 2024 1605 Sunt
2061 1548 2301 1621 quidam
2350 1548 2639 1618 homines,
2665 1549 2765 1622 qui
2798 1566 2933 1607 cum
2991 1552 3283 1611 audierint
3311 1556 3465 1627 quia,

1801 1637 2057 1694 humiles
2106 1655 2233 1694 esse
2281 1638 2515 1707 debent,
2557 1642 2690 1706 etc.,
2732 1656 2903 1712 usque
2951 1642 3021 1697 ad
3062 1642 3249 1699 solido
3296 1644 3448 1701 cibo.

1802 1726 1934 1799 (ld.,
1987 1730 2044 1783 in
2072 1729 2214 1799 psal.
2248 1743 2411 1797 ex“,
2445 1731 2587 1783 tom.
2624 1728 2717 1795 IV,
2741 1733 2891 1802 part.
2926 1748 2987 1787 III
3020 1731 3129 1788 col.
3163 1734 3341 1806 1712.)
3460 1760 3469 1765 ’

2441 1844 2670 1900 CAPUT
2698 1846 2792 1901 VI.

1879 1952 2214 2024 Quaproer
2243 1953 2658 2009 intermittentes
2702 1954 3066 2010 inchoationis
3108 1955 3315 2011 Christi
3337 1972 3465 2012 ser--

1805 2057 2038 2106 manem,
2071 2044 2203 2108 etc.,
2237 2058 2426 2112 usque
2472 2041 2542 2096 ad
2574 2049 2627 2097 et
2652 2044 2890 2123 ostentui
2917 2042 3190 2099 habentes.
3220 2045 3353 2117 Ipsa
3380 2046 3454 2101 ab

1807 2130 2087 2203 Egyptiis
2143 2130 2453 2201 separatio,
2506 2129 2801 2202 significat
2856 2130 3261 2198 dicessionem,
3317 2141 3452 2202 etc.,

1809 2235 1977 2292 usque
1997 2220 2069 2274 ad
2098 2217 2439 2274 mortiﬁcari
2470 2222 2535 2273 ut
2564 2219 2850 2275 vivamus.
2872 2220 2999 2291 (ld.,
3034 2221 3131 2276 lib.
3164 2222 3230 2276 de
3260 2221 3389 2278 Fide
3407 2230 3458 2277 et

1808 2308 2102 2381 operibus.,
2128 2312 2270 2364 tom.
2303 2307 2399 2375 Vl,
2434 2306 2541 2363 col.
2573 2309 2723 2379 208.)

1887 2400 2051 2453 Terra
2079 2400 2249 2466 enim,
2280 2402 2415 2465 etc.,
2448 2413 2636 2470 usque
2661 2398 2733 2453 ad
2767 2397 2838 2452 ad
2870 2397 3345 2470 conﬁrmationem
3380 2410 3463 2457 est

1802 2488 2201 2560 juramentum.
2252 2488 2331 2542 De
2382 2487 2543 2543 caelis
2609 2485 2772 2541 nulla
2821 2486 3107 2542 dubitatio
3166 2493 3275 2557 est,
3326 2493 3459 2560 etc.,

1813 2594 1982 2649 usque
2010 2577 2080 2632 ad
2119 2579 2499 2648 praeparatur.
2534 2576 2664 2643 (Id.,
2700 2578 2759 2630 in
2784 2576 2992 2647 psalm.
3022 2594 3285 2633 LXXXVIII.
3316 2583 3484 2634 tom.‘

1814 2666 1907 2737 IV,
1942 2683 1998 2738 p.
2031 2682 2093 2731 II,
2124 2664 2231 2720 col.
2266 2665 2448 2733 1123.)

1889 2756 1951 2810 In
2009 2770 2114 2827 quo
2162 2754 2535 2809 abundantius
2575 2754 2756 2809 volens
2786 2756 2946 2826 Deus,
2980 2758 3113 2822 etc.,
3148 2773 3336 2829 usque
3392 2758 3465 2814 ad

1813 2846 2065 2917 pontifex
2092 2844 2274 2913 factus
2303 2843 2364 2896 in
2392 2848 2681 2898 aeternum.
2735 2840 2902 2897 Jacta
2940 2841 2999 2896 in
3044 2842 3232 2898 Deum
3264 2859 3467 2899 curam

1817 2938 2005 3002 tuam,
2037 2936 2171 2997 etc.,
2204 2947 2373 3002 usque
2420 2930 2500 2985 ad
2546 2929 2982 2985 ﬂuctuationem
3016 2932 3202 3002 justo.
3239 2932 3370 3005 (Id.,
3407 2934 3468 2987 in

1815 3024 2015 3095 psalm.
2050 3038 2159 3089 LIV,
2193 3024 2334 3075 tom.
2370 3019 2463 3085 1V,
2497 3035 2553 3090 p.
2588 3036 2627 3083 ι,
2663 3018 2771 3074 col.
2804 3019 2955 3090 644.)

1891 3113 1955 3167 Ει
1982 3109 2336 3172 incedentem,
2369 3112 2502 3173 etc.,
2535 3124 2703 3180 usque
2751 3108 2820 3163 ad
2847 3110 3024 3178 factus
3064 3110 3125 3164 in
3175 3116 3489 3183 aeternum.)

126 3201 418 3273 Nusquam
436 3201 585 3256 enim
615 3200 837 3271 angelos
855 3199 1231 3271 apprehendit,
1265 3203 1398 3289 etc.,
1431 3215 1617 3270 usque
1639 3198 1710 3289 ad
1743 3222 1786 3289 ρ
1824 3200 2162 3272 Impietates
2210 3200 2441 3253 nostras
2474 3200 2538 3251 tu
2589 3195 3019 3289 propitiaberis.
3054 3199 3139 3253 Tu
3173 3199 3468 3265 sacerdos,

59 3298 105 3345 et
130 3290 210 3345 eis
239 3291 343 3362 qni
377 3296 656 3345 tentantur
683 3289 978 3343 auxiliari.
1012 3291 1155 3342 Cum
1205 3287 1480 3344 omnibus
1522 3287 1712 3343 modis
1752 3283 1786 3289 “
1825 3294 2141 3362 etc.,usque
2164 3286 2234 3342 ad
2264 3283 2859 3342 aufereturvelamen.
2879 3286 3083 3355 (Id.,in
3097 3287 3298 3359 psalm.
3320 3305 3467 3356 LXIV,

60 3379 385 3446 medeatur,
401 3382 513 3446 etc,
527 3392 700 3451 usque
716 3376 787 3432 ad
808 3376 905 3432 ille
927 3376 1229 3433 sustinuit.
1247 3376 1376 3449 (Id.,
1394 3378 1492 3432 lib.
1510 3376 1575 3433 de
1586 3393 1714 3433 vera

60 3468 254 3539 Relig.,
286 3471 437 3524 tom.
464 3466 563 3534 ΙΙΙ,
587 3469 719 3539 part
747 3483 786 3531 I,
820 3464 928 3522 col.
963 3465 1117 3534 434.)

697 3597 929 3654 CAPUT
970 3597 1069 3652 III.

124 3707 303 3776 Unde,
335 3707 540 3777 fratres
568 3707 772 3772 sancti,
806 3708 939 3772 etc.,
973 3720 1162 3776 usque
1191 3705 1264 3760 ad
1280 3712 1502 3777 propter
1536 3706 1715 3763 incre-

52 3796 369 3852 dulitatem.
404 3794 587 3849 Hodie
614 3792 664 3849 si
688 3809 885 3849 vocem
909 3793 1037 3865 ejus
1068 3793 1395 3861 audieritis,
1419 3795 1599 3851 nolite
1619 3797 1716 3853 ob-

53 3885 273 3940 durare
302 3883 485 3939 corda
510 3886 869 3965 vestra,etc.,
894 3899 1065 3956 usque
1092 3882 1163 3937 ad
1187 3882 1470 3940 Dominus
1487 3883 1715 3956 plebem

54 3989 248 4029 suam.
279 3972 390 4043 (Id.
414 3972 475 4026 in
502 3971 870 4043 psalm.xc1v,
900 3970 1153 4039 tom.lV,
1181 3976 1332 4044 part.
1357 3987 1419 4040 II,
1453 3971 1718 4029 col.1225

54 4065 107 4116 et
134 4066 299 4134 seq.)

711 4165 941 4223 CAPUT
972 4166 1065 4222 IV.

118 4276 444 4329 Timeamus
472 4288 602 4342 ergo
631 4276 765 4339 etc.,
812 4288 1000 4345 usque
1048 4273 1119 4328 ad
1159 4288 1445 4346 nunquam
1484 4272 1551 4329 de
1599 4274 1716 4329 alia

47 4363 377 4436 loqueretur
397 4362 624 4435 posthac
637 4361 743 4419 die.
759 4360 1086 4427 Generatio,
1113 4360 1327 4434 inquit,
1353 4378 1473 4433 qeae
1495 4379 1610 4418 non
1627 4363 1716 4417 di-

48 4453 197 4507 rexit
225 4468 339 4508 cor
372 4466 754 4522 suum,usque
780 4450 852 4505 ad
877 4453 935 4505 et
958 4449 1108 4506 valet
1139 4451 1293 4522 quod
1324 4467 1442 4506 non
1463 4450 1713 4507 valebat.

48 4540 180 4611 (Id.,
218 4542 289 4596 in
313 4540 519 4612 psalm.
554 4556 759 4606 mvn,
787 4543 932 4594 tom.
966 4537 1041 4592 1V
1068 4542 1220 4609 part.
1255 4557 1290 4605 I,
1315 4538 1424 4595 col.
1457 4541 1608 4609 991.)

110 4632 317 4703 Itaque
343 4628 725 4700 relinquitur,,
742 4632 853 4683 etc.
871 4642 1060 4698 usque
1091 4627 1164 4681 ad
1191 4635 1467 4683 teneamus
1495 4630 1613 4700 spei
1624 4644 1716 4684 no-

42 4726 143 4775 sta
164 4718 597 4789 confessionem.
618 4714 1051 4771 Misericordiae
1082 4714 1312 4771 Domini
1341 4714 1402 4770 in
1433 4719 1713 4772 aeternum

43 4808 408 4873 cantabant,
430 4808 750 4876 etc.,usque
777 4804 848 4859 ad
876 4801 1078 4859 nullus
1097 4807 1187 4859 est
1216 4802 1521 4872 ﬁnis.(ld.,
1541 4806 1716 4860 lib.de

45 4894 209 4950 Civit.
246 4895 380 4960 Dei,
412 4896 556 4948 tom.
587 4891 713 4960 VII,
744 4890 854 4948 col.
885 4892 991 4947 803
1021 4895 1078 4947 et
1098 4894 1245 4963 seq.)

111 4983 241 5039 Non
272 4983 437 5039 enim
464 4981 725 5037 habemus
760 4981 1092 5052 pontiﬁcem,
1123 4984 1258 5049 etc.,
1292 4996 1480 5053 usque
1531 4982 1603 5038 ad
1656 4983 1718 5037 in

46 5072 271 5127 auxilio
303 5070 637 5142 opportuno.
671 5068 816 5124 Cum
848 5067 1161 5141 aliquoties
1187 5068 1245 5124 in
1278 5069 1596 5144 Scripturis
1627 5070 1718 5125 in-

44 5160 333 5216 veniatur
348 5156 623 5214 homines
645 5157 831 5213 dictos
848 5174 975 5214 esse
990 5158 1116 5215 sine
1129 5158 1385 5230 querela,
1402 5163 1512 5214 etc.
1523 5201 1536 5227 ,
1551 5175 1720 5231 usque

46 5249 110 5302 ad
141 5252 321 5305 esset
349 5263 488 5303 caro
518 5245 760 5320 peccati.
795 5247 923 5319 (Id.,
950 5248 1048 5302 lib.
1077 5247 1141 5304 de
1165 5248 1289 5303 Nat.
1323 5255 1374 5303 ct
1400 5255 1541 5318 grat.
1572 5252 1716 5303 tom.

45 5337 107 5406 Χ,
135 5340 307 5411 part.
337 5340 396 5403 1,
429 5333 541 5392 col.
575 5336 681 5391 253
710 5340 767 5391 et
796 5336 942 5408 seq.)

722 5450 955 5507 CAPUT
991 5451 1059 5506 V.

111 5559 322 5615 Omnis
358 5574 598 5631 namque
622 5560 889 5632 pontifex,
920 5562 1067 5627 etc.,
1099 5574 1286 5629 usque
1335 5557 1407 5612 ad
1458 5558 1720 5629 quoniam

46 5648 368 5707 imbecilles
397 5648 536 5719 facti
561 5649 693 5705 estis
716 5647 788 5706 ad
814 5647 1168 5706 audiendum.
1199 5647 1380 5703 Erant
1407 5644 1717 5714 sacriﬁcia,

1819 3385 1965 3436 tom.
1999 3377 2092 3444 IV,
2126 3394 2183 3450 p.
2212 3395 2247 3445 I,
2282 3374 2393 3431 col.
2424 3377 2532 3431 777
2554 3378 2611 3431 et
2639 3377 2787 3447 seq.)

2425 3490 2657 3548 CAPUT
2687 3490 2808 3546 VII.

1893 3603 1990 3659 Hic
2018 3603 2166 3658 enim
2207 3598 2611 3662 Melchisedech,
2643 3600 2778 3665 etc.,
2831 3614 3018 3670 usque
3067 3599 3138 3654 ad
3169 3606 3220 3655 et
3248 3615 3355 3656 non
3385 3617 3473 3657 se-

1818 3693 2063 3750 cundum
2091 3691 2340 3747 ordinem
2371 3693 2567 3745 Aaron
2593 3686 2705 3742 dici
2724 3687 2752 3742 ‘l
2773 3686 2960 3743 Locus
2993 3686 3257 3760 diligenti
3289 3688 3475 3744 consi-

1823 3781 2125 3839 deratione
2153 3794 2328 3853 usque
2360 3776 2446 3833 ad
2484 3774 2931 3832 resurrectionis
2987 3763 3318 3848 exemplum
3363 3778 3470 3846 (Id.

1825 3872 1920 3928 tib.
1953 3888 1989 3925 x
2018 3869 2083 3925 de
2112 3868 2309 3925 Genesi
2347 3865 2419 3921 ad
2466 3866 2723 3930 litteram,
2751 3868 2894 3920 tom.
2932 3864 3029 3932 ΙΙΙ,
3060 3881 3118 3936 p.
3152 3882 3194 3934 ι,
3225 3864 3334 3921 col.
3370 3867 3475 3922 423

1823 3964 1881 4016 et
1912 3965 2060 4030 seq.)
3500 3983 3505 3986 ο

1901 4047 2184 4104 Translata
2213 4046 2362 4099 enim
2409 4041 2729 4109 sucerdotio,
2764 4046 2899 4108 etc.,
2934 4057 3122 4113 usque
3170 4043 3241 4098 ad
3285 4059 3476 4099 secun-

1823 4139 1956 4194 dum
1984 4135 2230 4193 ordinem
2259 4130 2656 4188 Melchisedech.
2692 4129 3009 4201 Oportebat
3037 4129 3215 4196 enim,
3249 4133 3313 4185 ut
3342 4148 3473 4187 eva-
3542 4156 3553 4163 ι

1825 4226 2275 4289 cuaturus,etc.,
2294 4236 2464 4293 usque
2493 4219 2578 4275 ad
2607 4218 2871 4273 ordinem
2903 4218 3470 4292 Melchisedech.(ld.

1826 4318 2029 4385 Quaest.
2054 4315 2116 4368 in
2144 4313 2335 4368 Levit..
2370 4326 2470 4381 qu.
2501 4309 2592 4379 83,
2624 4311 2767 4362 tom.
2798 4305 2899 4376 VI,
2930 4306 3040 4363 col.
3071 4308 3188 4381 50.)

1897 4403 2214 4476 Reprobatio
2245 4398 2463 4472 quidem
2490 4398 2572 4469 ﬁt,
2604 4400 2734 4464 etc.,
2762 4412 2949 4467 usque
2969 4396 3042 4451 ad
3088 4413 3200 4453 non
3236 4400 3358 4453 sine
3377 4401 3473 4470 ju-

1823 4491 2140 4564 rejurando.
2175 4487 2553 4545 Circumcisio
2592 4484 2883 4558 praeputii,
2917 4488 2973 4540 et
3003 4488 3209 4540 caetera
3257 4485 3468 4556 hujus-

1744 4590 1792 4654 D
1822 4581 1981 4638 modi
2014 4579 2213 4652 priori,
2245 4583 2376 4644 etc.,
2409 4591 2578 4648 usque
2604 4574 2673 4630 ad
2704 4571 3017 4645 sepultura:
3044 4572 3307 4629 violator.
3343 4573 3473 4643 (ld.,

1824 4672 1980 4743 epist.
2013 4669 2084 4724 ad
2109 4668 2453 4736 Hieronym,
2483 4667 2626 4719 tom.
2657 4662 2728 4728 ΙΙ,
2763 4661 2871 4718 col.
2906 4662 3006 4717 281
3041 4666 3099 4718 et
3129 4665 3279 4735 seq.)

1895 4759 2010 4815 Alii
2038 4757 2256 4829 quidem
2282 4770 2402 4810 sine
2421 4751 3114 4824 jureiurandosacerdotes,
3140 4752 3475 4822 etc.,usque

1825 4849 1898 4905 ad
1928 4863 2139 4918 semper
2186 4846 2370 4900 vivens
2417 4842 2487 4896 ad
2535 4841 2998 4912 interpellandum
3032 4855 3133 4911 pro
3160 4840 3337 4896 nobis.
3369 4839 3477 4895 Do-

1827 4936 2025 4992 minus
2056 4933 2426 5005 omnipotens
2448 4928 2608 4985 dicit.
2624 4930 2748 4984 Non
2772 4933 2863 4984 est
2875 4926 3322 4995 mihivoluntas,
3338 4932 3473 4992 etc.,

1826 5041 1997 5097 usque
2025 5023 2095 5079 ad
2126 5023 2453 5095 perseverat
2485 5019 2543 5072 in
2576 5017 2736 5073 ccelo.
2772 5017 2899 5089 (Id.,
2925 5015 3473 5084 lib.adver.Judaaos,

1827 5118 1971 5169 tom.
2002 5111 2149 5178 VIII,
2184 5109 2293 5165 col.
2325 5109 2391 5162 61
2426 5110 2485 5162 et
2515 5109 2665 5178 seq.)

1904 5200 2048 5256 Talis
2077 5200 2225 5255 enim
2252 5197 2485 5261 decebat,
2514 5199 2647 5259 etc.,
2672 5210 2860 5265 usque
2892 5194 2964 5249 ad
2998 5194 3201 5249 Filium
3232 5195 3289 5249 in
3320 5201 3477 5250 mter-

1827 5306 1963 5345 num
1982 5291 2298 5360 perfectum.
2331 5284 2638 5340 Evidenter
2681 5282 2985 5354 Scriptura
3028 5285 3296 5351 testatur,
3340 5287 3474 5351 etc.,

1827 5393 1996 5450 usque
2021 5376 2091 5431 ad
2122 5371 2658 5430 incontaminabilis
2681 5388 2795 5427 non
2820 5370 3079 5427 haberet.
3098 5370 3229 5443 (Id.,
3245 5373 3396 5427 lib.II
3413 5373 3480 5428 de

1827 5468 2107 5539 Baptismo
2169 5462 2551 5535 parvulorum,
2605 5463 2747 5515 tom.
2799 5459 2864 5529 X,
2906 5476 2964 5531 p.
3011 5477 3050 5528 ι,
3097 5459 3207 5519 col.
3262 5462 3366 5516 162
3422 5466 3480 5516 et

1827 5565 1977 5627 seq.)

1899 5641 2226 5714 Intelligere
2256 5639 2560 5711 debemus,
2576 5656 2648 5697 ne
2678 5639 2839 5713 ipsos
2860 5639 3100 5712 quidem
3122 5638 3479 5714 superbissi-
3514 5669 3521 5673 -
