3856 6200
71 345 168 410 H7
881 337 1292 404 EXPOSI'I‘IO
1336 341 1413 404 IN
1463 340 1630 404 EPP.
1676 340 1936 413 PAULI.
1967 377 2042 391 —-
2074 339 2194 408 ΕΡ.
2242 343 2345 405 AD
2391 339 2622 404 HEBB.

3332 342 3454 407 418

69 494 195 545 mm,
246 477 390 552 etc.,,
433 489 620 556 usque
676 473 752 548 ad
813 476 1094 538 consecuti
1145 484 1276 544 sunt
1328 491 1498 536 senes.
1558 475 1690 540 Haec
1716 475 1774 546 Α
1801 475 2098 549 prinoipcs
2125 480 2361 550 propter
2391 476 2641 533 Pilatum
2672 469 3108 546 intellexemnt,
3157 475 3260 556 qui
3291 477 3453 536 testi-

67 570 143 621 est
168 561 314 619 enim
345 559 476 616 laus
505 560 662 630 ﬁdei,
684 560 732 617 si
765 562 918 634 quod
953 561 1228 632 creditur,
1261 567 1393 630 etc.,
1426 581 1594 635 usque
1622 563 1691 626 ad

66 671 180 734 qua
205 667 314 714 non
341 649 634 726 videntur.
665 650 748 723 (S.
770 652 947 728 Aug.,
978 653 1039 708 in
1057 653 1238 725 leam,
1271 657 1391 710 tom
1416 653 1512 720 III.
1537 656 1686 726 part.

63 761 132 808 ιγ,
160 740 258 800 col.
294 739 478 814 1837.)

120 829 233 887 Fide
262 829 639 901 intelligimus,
673 832 806 895 etc.,
854 845 1044 902 usque
1093 830 1165 885 ad
1197 845 1324 902 qua:
1374 846 1478 904 per
1527 831 1690 902 ﬁdem

57 929 133 988 est,
163 920 319 980 hare:
346 926 422 976 est
465 919 768 978 institutus.
801 918 1256 984 Consideremus
1286 937 1354 978 ea
1385 938 1515 993 quae
1549 920 1685 978 fecit

1798 563 2065 620 monium
2095 565 2360 636 ejusdem
2395 565 2608 638 psalmi
2643 564 3064 626 adhibuerunt.

1869 653 1932 714 In
1963 653 2169 710 Vetere
2225 655 2620 723 Testamento,
2679 655 2916 726 quando
2973 655 3451 725 commendabile,

1798 744 1932 809 etc.,
1961 759 2132 815 usque
2161 743 2232 805 ad
2264 743 2320 800 in
2345 743 2592 804 Domino
2616 747 3060 815 praecesserunt.
3095 744 3224 815 (Id.,
3258 745 3356 802 lib.
3391 745 3454 807 de

1799 831 1947 888 Gral.
1981 835 2118 891 Novi
2149 835 2489 901 Testamenti,
2514 837 2655 896 tam.
2693 834 2761 902 ll,
2797 833 2904 893 col.
2937 834 3046 894 546
3074 838 3133 894 et.
3161 837 3320 906 seq.)

1870 923 1984 979 Alii
2011 931 2195 984 autem.
2223 924 2454 984 distenti
2480 930 2632 991 sunt,
2651 926 2782 990 etc.,
2809 939 3000 994 usque
3029 923 3100 982 ad
3121 929 3181 982 ul
3206 938 3317 980 non
3335 925 3456 979 sine

62 1011 213 1078 Deus,
244 1012 372 1074 etc.,
409 1025 578 1081 usque
607 1007 676 1066 ad
710 1025 896 1082 usque
937 1025 1092 1068 nunc
1137 1013 1430 1083 operatur.
1462 1010 1592 1082 (Id.,
1625 1010 1690 1070 de
1794 1012 1950 1072 nobis
1980 1021 2514 1073 canentur/narentur.
2548 1012 2618 1070 Et
2647 1011 2706 1067 in
2735 1011 2853 1067 illis
2885 1011 3173 1084 patribus,
3207 1014 3344 1083 etc.,
3369 1029 3456 1073 κε-

66 1099 172 1158 Gen.
200 1096 265 1154 ad
293 1097 559 1168 litteram,
591 1101 712 1168 tom
748 1097 844 1165 III,
873 1102 1025 1174 part,
1054 1115 1094 1165 ι,
1123 1097 1231 1156 col.
1257 1099 1367 1158 333
1384 1104 1442 1156 et
1468 1104 1616 1172 seq.)

122 1205 178 1260 In
206 1202 488 1276 principio
519 1203 656 1259 fecit
683 1203 838 1259 Deus
869 1203 1080 1260 coelum
1113 1208 1170 1260 et
1216 1210 1452 1261 terram.
1489 1207 1684 1275 Terra,

62 1299 175 1360 etc.,
204 1309 366 1365 mque
391 1292 464 1353 ad
495 1292 755 1354 condidit
792 1293 1102 1356 mundum.
1153 1295 1288 1363 (Id.,
1340 1303 1531 1351 contra
1559 1299 1687 1352 Μα-

63 1381 214 1448 rtiali...
238 1384 376 1442 tum.
409 1379 514 1448 III,
545 1385 692 1452 part.
729 1399 766 1449 I,
799 1380 907 1439 col.
943 1383 1046 1438 176
1077 1386 1133 1437 et
1164 1385 1315 1454 seq.)

118 1487 232 1542 Fide
257 1488 356 1558 qui
381 1495 609 1542 vocatur
637 1489 935 1556 Abraham,
967 1494 1105 1555 etc.,
1167 1505 1354 1561 usque
1402 1491 1475 1545 ad
1531 1492 1686 1562 cujus

61 1578 238 1648 artifex:
259 1583 310 1631 et
335 1575 587 1631 conditor
608 1579 768 1632 Deus.
804 1577 1013 1634 Beatus
1043 1578 1398 1650 Stephanus,
1430 1583 1562 1646 etc.,
1587 1597 1687 1634 us-

59 1665 439 1737 queadl'uerat
484 1667 867 1738 amputanda.
900 1667 1030 1735 (Id.,
1091 1668 1188 1722 lib.
1222 1667 1287 1722 de
1339 1669 1504 1725 Civil.
1564 1669 1681 1723 Dei.

61 1761 180 1811 tam.
207 1753 324 1818 VII,
357 1752 468 1809 col.
504 1751 612 1815 495
639 1759 696 1810 et
725 1759 876 1827 seq.)

119 1843 234 1899 Fide
262 1851 313 1898 et
343 1845 461 1914 ipsa
487 1843 634 1898 Sara
661 1843 895 1914 sterilis,
931 1849 1071 1915 etc.,
1107 1862 1299 1917 usque
1343 1847 1414 1902 ed
1447 1848 1518 1902 ad
1543 1865 1697 1903 oram
1726 1848 1773 1922 Β

61 1935 205 1988 maris
242 1933 689 1988 innumerabilis.
745 1934 934 1988 Ambo
987 1933 1248 1992 seniores
1305 1940 1492 2004 erant,
1551 1941 1688 2006 etc.,

65 2038 206 2092 usque
231 2020 297 2076 ad
326 2025 414 2076 est
475 2021 714 2077 mortui.
750 2022 882 2094 (Id.,
915 2024 1013 2077 lib.
1072 2039 1212 2081 xvxu
1241 2024 1308 2080 de
1363 2024 1522 2080 Civil.
1584 2027 1693 2083 Dei

68 2116 186 2166 tom.
215 2109 332 2175 VII,
365 2109 454 2165 col
489 2111 595 2165 507
625 2116 684 2166 et
712 2115 864 2183 seq.)

124 2197 291 2256 Natus
318 2202 406 2254 est
437 2198 638 2270 itaque
665 2198 932 2267 Abrahae,
965 2203 1098 2268 etc.,
1131 2217 1303 2272 usque
1330 2202 1400 2257 ad
1432 2219 1688 2275 congau-

71 2287 204 2348 debit
231 2286 388 2346 mihi.
420 2288 558 2357 (Id.,
590 2287 659 2343 ex
688 2289 784 2342 lib.
817 2288 882 2344 de
902 2289 1066 2344 Civil.
1091 2291 1206 2358 Dei,
1230 2294 1378 2348 tom.
1420 2295 1542 2360 VII,
1577 2291 1686 2348 col.

71 2378 198 2444 διο.)

128 2469 275 2522 quta
301 2467 460 2537 ﬁdem
491 2467 739 2537 defuncti
765 2476 918 2531 sunt,
950 2472 1084 2535 etc.,
1119 2486 1304 2541 usque
1345 2470 1416 2526 ad
1462 2472 1692 2528 Paravit.

75 2559 196 2610 enim
222 2557 329 2611 illis
350 2558 646 2612 civitatem.
669 2556 816 2622 Quid
848 2562 938 2613 est
967 2559 1121 2629 quod
1157 2557 1301 2614 dixit
1328 2559 1531 2628 Jacob,
1553 2565 1692 2634 etc.,

74 2662 214 2715 usque
248 2645 314 2700 ad
342 2644 630 2700 Dominus
687 2643 1016 2718 pollicetur.
1047 2647 1176 2716 (Id.,
1241 2649 1340 2702 lib.
1396 2655 1597 2720 Quiest.
1632 2653 1691 2707 in

78 2735 180 2789 Gen.
210 2738 340 2789 tom.
377 2733 472 2802 Ill,
501 2751 557 2807 p.
588 2753 628 2806 ι,
661 2735 749 2792 col
777 2735 927 2807 590.)

132 2840 304 2896 lncola
331 2857 436 2916 ego
471 2859 604 2897 sum
636 2842 694 2897 in
719 2847 892 2911 terra,
919 2848 1054 2909 etc.,
1080 2860 1250 2916 usque
1278 2844 1346 2907 ad
1370 2845 1696 2918 peregrina-

78 2933 154 2983 tur
178 2946 208 2984 a
236 2930 500 2986 Domino.
534 2931 666 3000 (Id.,
692 2934 748 2986 in
779 2933 1198 3004 psalm.cxv1n,
1233 2936 1376 2990 tom.
1413 2933 1506 3002 IV,
1541 2952 1596 3006 p.
1627 2951 1688 3004 u,

77 3017 162 3073 col.
194 3020 318 3074 1518
339 3024 395 3076 et
425 3023 580 3092 squ

131 3106 245 3163 Ideo
273 3125 384 3164 non
415 3110 803 3166 confunditur
831 3111 984 3166 Deus
1027 3112 1223 3168 vocari
1262 3112 1416 3168 Deus
1465 3128 1698 3180 serum.

77 3197 263 3267 paravit
288 3197 440 3254 enim
475 3197 594 3254 illis
624 3198 938 3256 civitatem.
997 3200 1290 3256 Abraham
1351 3205 1408 3256 et
1445 3201 1606 3257 Isaac
1636 3206 1693 3257 et
1722 3215 1768 3282 ρ

77 3284 242 3354 Jacob,
273 3291 400 3352 etc.,
435 3305 609 3361 usque
636 3288 706 3344 ad
737 3289 1013 3345 custodit.
1048 3290 1178 3360 (Id.,
1202 3297 1390 3346 contra
1408 3293 1687 3360 Faustum,

79 3375 191 3428 tom.
218 3374 359 3442 VIII,
389 3375 508 3434 col.
536 3377 693 3445 454.)

132 3479 241 3544 Fida
267 3483 466 3546 obtulit
493 3483 768 3542 Abraham
796 3485 964 3551 Isaac,
989 3488 1125 3556 etc.,
1150 3501 1336 3559 usque
1369 3486 1442 3542 ad
1473 3486 1694 3550 bendi...

83 3572 148 3640 xit
172 3572 309 3634 Isaae
335 3572 568 3635 “Iacob
595 3579 648 3632 et
675 3573 839 3630 Esau.
873 3572 1036 3630 Hanc
1063 3589 1198 3646 ergo
1239 3573 1693 3646 promissionem

81 3663 216 3730 pater
239 3659 366 3731 pius
395 3660 660 3723 ﬁdeliter
686 3665 911 3729 tenens,
965 3665 1099 3733 etc.,
1157 3679 1327 3736 usque
1381 3664 1452 3719 ad
1508 3664 1696 3738 spinis

84 3747 308 3808 Judaieis
337 3753 675 3810 coronatus.
711 3751 848 3822 (Id.,
879 3751 976 3806 lib.
1009 3767 1102 3808 1m
1131 3751 1197 3809 de
1230 3754 1388 3810 Civil.
1424 3755 1520 3809 Dei
1548 3757 1690 3816 tom.

83 3834 180 3907 VII,
209 3837 310 3896 σοι.
339 3839 494 3912 511.)

135 3926 330 4000 Μιεηα,
348 3929 521 3999 ﬁdes,
554 3945 771 4002 magna
800 3929 1007 4002 pietas,
1041 3933 1180 4002 etc.,
1201 3947 1370 4002 usque
1389 3930 1459 3986 ad
1481 3931 1696 4003 impos.-

83 4013 218 4072 sibile
267 4033 396 4074 esse
451 4018 728 4078 Creatori.
792 4019 923 4089 (Id.,
984 4034 1147 4076 sem.
1203 4020 1268 4075 de
1323 4021 1697 4078 immolatione

82 4104 221 4172 Isaac,
249 4111 387 4162 tom.
417 4107 494 4179 ν,
525 4123 586 4184 p.
627 4125 664 4176 I,
698 4107 806 4164 col.
838 4108 956 4180 27.)

135 4193 246 4258 Fida
268 4196 425 4258 Iacob
455 4198 715 4264 moriens,
747 4201 885 4266 etc.,
916 4214 1106 4274 usque
1133 4198 1234 4270 ad,
1597 4215 1696 4262 ex.

81 4280 342 4351 mea
363 4302 662 4358 mpm.
695 4285 848 4354 Quid
877 4291 967 4345 est
997 4288 1156 4359 quod
1213 4287 1498 4357 adoravit,
1559 4291 1693 4360 etc.,

85 4386 222 4442 usque
248 4374 312 4429 ad
341 4375 422 4431 rei
454 4375 663 4431 futurae
692 4392 818 4448 pra}
837 4375 1222 4449 ﬁgurabatur.
1255 4377 1361 4448 (Id.
1399 4378 1602 4446 Quaest.
1635 4379 1697 4434 in

87 4458 210 4528 Gem,
236 4465 349 4520 tom
379 4463 482 4531 III,
515 4480 576 4536 ρ.
611 4465 670 4534 1.
702 4464 814 4531 ραι.
847 4465 1004 4536 58.8.)

1798 1117 1896 1172 quo
1925 1101 1996 1160 ad
2024 1100 2289 1162 Ecclesia:
2322 1118 2464 1160 meae
2497 1100 2764 1164 minimis
2789 1101 2956 1160 meis.
2987 1101 3172 1173 (Ibid,
3207 1107 3348 1158 tom.
3382 1101 3452 1169 II,

1797 1189 1906 1244 col.
1940 1191 2048 1246 549
2077 1194 2134 1245 et
2171 1189 2321 1261 seq.)

2429 1323 2663 1384 CAPUT
2697 1323 2820 1388 XII.

1866 1456 2095 1528 Ideoque
2118 1465 2168 1513 el
2206 1473 2304 1518 nos
2345 1465 2552 1515 tantam
2587 1458 2842 1517 habentes
2893 1458 3203 1528 impositam
3256 1459 3456 1516 nubem

1794 1548 2036 1611 testium,
2068 1551 2202 1614 etc.,
2238 1563 2424 1618 usque
2455 1547 2528 1603 ad
2561 1555 2720 1618 atque
2753 1548 2810 1602 in
2843 1547 3072 1604 dextera
3091 1545 3235 1608 sedis
3263 1549 3360 1604 Dei
3379 1561 3458 1608 sa-

1797 1633 2076 1695 det.’l‘unc
2109 1634 2268 1692 enim
2299 1639 2355 1690 et
2385 1634 2476 1694 lex
2505 1635 2805 1707 impletur,
2835 1640 2970 1702 etc.,
3003 1651 3177 1707 usque
3203 1635 3274 1692 ad
3306 1651 3457 1710 quas

1794 1740 2090 1796 nusquam
2126 1725 2379 1779 futurus.
2405 1725 2537 1794 (Id.,
2576 1723 2655 1780 lib
2680 1725 2744 1780 de
2764 1723 3167 1786 caleohizandis
3189 1724 3453 1804 Βυάίᾶιιε,

1802 1817 1860 1868 et
1889 1817 2030 1872 tam.
2063 1810 2158 1881 V'I,
2193 1812 2302 1872 col.
2341 1815 2441 1871 338
2475 1814 2623 1886 seq.)

1873 1903 2170 1974 Recogitate
2198 1905 2346 1960 enim
2373 1919 2520 1969 eum,
2552 1908 2687 1974 etc.,
2721 1920 2912 1975 usque
2938 1903 3009 1960 ad
3038 1903 3297 1962 adversus
3322 1920 3456 1975 pws

1795 1999 1977 2050 catum
2007 2000 2388 2064 repugnantes.
2423 1992 2734 2050 Perfectior
2764 1992 2823 2050 in
2853 1992 2964 2050 hac
3004 1991 3142 2058 vita,
3174 1997 3311 2061 etc.,
3359 2009 3452 2054 us-

1798 2097 1900 2151 que
1928 2081 1998 2138 ad
2029 2080 2230 2153 utique
2262 2085 2570 2154 martyres.
2600 2082 2730 2154 (1d,,
2762 2098 2924 2141 senn.
2958 2082 3023 2138 de
3058 2082 3204 2142 verb.
3259 2086 3453 2154 Apost.

1799 2173 1940 2226 tom.
1971 2168 2040 2236 V,
2075 2187 2133 2241 p.
2167 2187 2208 2236 ι,
2241 2169 2352 2228 col.
2377 2172 2526 2240 868.)

1869 2259 1934 2315 El
1960 2259 2116 2316 obliti
2143 2262 2269 2318 estis
2317 2261 2726 2327 aemulationis,
2776 2265 2912 2327 etc.,
2955 2275 3145 2334 usque
3203 2259 3274 2318 ad
3325 2273 3462 2329 una

1799 2347 2037 2404 adulleri
2065 2357 2114 2404 el
2145 2365 2254 2404 non
2283 2349 2392 2419 ﬁlii
2421 2351 2567 2404 estis.
2603 2348 2668 2404 In
2728 2347 2954 2404 Christo
3009 2349 3085 2404 sit
3135 2364 3311 2420 quem
3367 2347 3462 2404 vis

1799 2454 1926 2492 esse
1959 2437 2379 2506 Christianum,
2442 2443 2576 2506 etc.,
2637 2438 2906 2509 usquead
2964 2437 3023 2492 in
3080 2437 3456 2510 passionibus

1800 2525 1944 2582 snis.
1980 2527 2112 2598 (Id.,
2143 2526 2206 2582 de
2237 2529 2408 2594 [δαείη
2444 2530 2586 2582 tom.
2620 2526 2688 2593 V,
2721 2531 2870 2599 part.
2906 2544 2944 2592 ι,
2979 2525 3086 2581 col.
3115 2527 3266 2595 276.)

1807 2668 1812 2672 .
1873 2614 2155 2686 Flagellat
2204 2620 2400 2670 autem
2459 2631 2693 2670 omnem
2748 2615 2956 2680 ﬁlium,
3018 2619 3150 2682 etc.,
3190 2631 3358 2687 usque
3386 2615 3458 2670 ad

1800 2703 1926 2760 sine
1959 2703 2206 2778 ﬂagello.
2235 2704 2367 2774 (Id.,
2395 2707 2455 2758 in
2478 2705 2622 2776 psal.
2651 2721 2814 2760 xxxv:
2850 2709 2908 2759 et
2935 2721 3144 2774 xxxvu,
3175 2708 3316 2760 tom.
3357 2703 3454 2771 IV,

1801 2810 1857 2865 p.
1893 2810 1932 2863 I,
1967 2791 2054 2848 col
2085 2794 2238 2861 274.)

1873 2883 2054 2948 Quem
2086 2881 2240 2937 enim
2275 2882 2465 2954 diligit
2494 2882 2777 2938 Dominus
2808 2881 3068 2954 corripit,
3111 2884 3243 2949 etc.,
3284 2897 3456 2953 usque

1801 2970 1870 3028 ad
1899 2971 1957 3026 in
1990 2970 2332 3028 inﬁrmitate
2390 2971 2707 3046 perﬁcitur.
2761 2971 2888 3046 (Id.,
2922 2973 2979 3026 in
3028 2970 3169 3042 psal.
3228 2987 3451 3039 LXXXIX,

1800 3064 1942 3115 tom.
1979 3059 2070 3128 IV,
2105 3077 2160 3132 p.
2195 3077 2257 3127 ιι,
2291 3059 2398 3116 col.
2433 3060 2615 3129 1145.)

1872 3149 2118 3216 Quando
2145 3149 2388 3222 corripit
2420 3151 2590 3217 Deus,
2624 3153 2758 3216 etc.,
2792 3165 2964 3221 usque
2991 3148 3060 3204 ad
3090 3147 3452 3219 comparatio

1803 3243 2102 3294 creatura.
2137 3238 2268 3308 (Id.,
2303 3239 2380 3294 lib
2410 3239 2474 3295 de
2501 3240 2648 3296 Senl.
2705 3239 2980 3310 Prosperi,
3016 3241 3157 3293 tom.
3189 3236 3256 3302 X,
3299 3254 3354 3309 p.
3391 3254 3452 3304 ιι,

1801 3325 1910 3394 col,
1945 3329 2128 3398 1882.)

1873 3415 2124 3472 Multum
2156 3421 2245 3472 est
2274 3421 2469 3472 autem
2503 3417 2680 3488 quod,
2713 3419 2848 3484 etc.,
2874 3432 3042 3489 usque
3085 3416 3154 3471 ad
3209 3415 3454 3471 unicum

1801 3505 2183 3578 ﬁegellatum.
2221 3506 2350 3580 (Id.,
2390 3509 2448 3563 in
2486 3507 2628 3580 psal.
2672 3523 2940 3577 Lxxxvm,
2988 3511 3130 3562 tom.
3172 3505 3268 3574 IV,
3300 3522 3354 3577 p.
3389 3521 3452 3572 υ,

1801 3595 1911 3651 col.
1947 3596 2142 3665 1131.)

1873 3683 2204 3744 Misericors
2243 3685 2550 3743 Dominus.
2582 3688 2716 3754 etc.,
2763 3702 2934 3759 usque
2964 3683 3035 3742 ad
3081 3683 3455 3756 disciplinam

1801 3778 1968 3846 pater
1996 3775 2144 3846 ejus.
2180 3775 2308 3847 (Id.,
2345 3777 2402 3831 in
2430 3776 2574 3847 psal.
2635 3791 2784 3844 (ων,
2817 3779 2960 3833 tom.
2994 3773 3090 3844 IV,
3150 3791 3208 3845 p..
3243 3790 3307 3839 ιι,
3340 3771 3452 3832 col.

1803 3863 1957 3932 488.)
2137 3918 2146 3926 ,

1874 3951 2020 4015 Quia
2049 3969 2166 4008 non
2196 3951 2438 4023 repellet
2465 3951 2774 4018 Dominus,
2804 3955 2938 4018 etc.,
2987 3966 3160 4023 usque
3199 3949 3272 4012 ad
3303 3952 3454 4006 tem-

1803 4038 2000 4113 porale
2031 4044 2137 4098 est.
2172 4039 2304 4111 (Id.,
2337 4042 2395 4096 in
2439 4040 2582 4114 psal.
2642 4056 2771 4109 xcv,
2802 4043 2946 4095 tom.
3001 4037 3094 4106 IV,
3126 4054 3184 4112 p.
3245 4055 3312 4108 η,
3339 4037 3450 4098 col.

1809 4130 1992 4198 1205.)

1874 4218 2074 4291 Neque
2103 4217 2421 4290 quisquam
2451 4216 2702 4290 superbe
2731 4217 2803 4276 de
2839 4233 2906 4274 se
2939 4219 3287 4289 praesumat.
3314 4217 3452 4286 etc.,

1803 4324 1974 4381 usque
1999 4307 2072 4364 ad
2099 4311 2465 4364 convertatur
2494 4307 2556 4361 in
2585 4305 2832 4362 luctum.
2854 4305 2988 4375 (Id.,
3014 4308 3076 4362 in.
3099 4306 3242 4378 paul.
3267 4320 3452 4373 mni,

1803 4400 1946 4454 tom.
1977 4397 2074 4466 VI,
2105 4400 2254 4472 part.
2289 4397 2333 4466 Ι,
2366 4395 2475 4454 col.
2507 4395 2657 4468 946.)

1875 4487 2097 4548 Deinde
2120 4495 2302 4559 patres
2333 4485 2576 4560 quidem,
2594 4489 2731 4551 etc.,
2752 4499 2940 4557 usque
2961 4482 3032 4540 ad
3066 4483 3124 4538 in
3146 4480 3454 4554 recipientia

129 4568 536 4644 ’διμίάίἀὴαο
562 4570 744 4631 dicam
765 4574 793 4627 ?
821 4575 956 4641 etc.,
987 4589 1180 4646 usque
1203 4574 1277 4630 ad
1317 4575 1695 4645 mprmnissio-
1729 4589 1773 4655 D
1801 4576 2289 4648 sanctiﬁcationem
2317 4577 2453 4648 ejus.
2488 4576 2681 4640 Donec
2711 4575 3021 4636 domamur
3045 4576 3107 4634 et
3149 4571 3458 4644 perdomﬁr-

85 4671 171 4711 ηδε.
197 4658 481 4722 Abraham
514 4677 630 4716 non
680 4659 872 4726 solum
905 4678 1025 4718 non
1065 4666 1154 4725 est
1206 4661 1498 4738 culpetne,
1559 4668 1692 4732 etc.,

87 4749 307 4820 usquead
337 4749 622 4812 miracula
680 4749 945 4808 faciebat.
981 4751 1109 4817 (Id.,
1143 4769 1214 4810 ex
1259 4753 1356 4808 lib.
1415 4753 1480 4812 de
1534 4754 1692 4812 Civil.

87 4833 177 4902 Dei,
206 4840 338 4893 tom.
369 4838 492 4907 VII,
527 4838 638 4895 col.
667 4841 782 4912 35.)

141 4923 519 4989 Obturaverunl,
543 4946 642 4985 ora
673 4929 907 4999 leonum,
940 4934 1073 4994 etc.,
1107 4947 1293 5004 usque
1326 4932 1396 4988 ad
1431 4931 1494 4986 de
1515 4949 1696 4988 resur-

90 5015 283 5072 rectione
310 5026 551 5084 mortuos
577 5035 722 5078 suos.
765 5018 1054 5078 Plumlem
1103 5037 1416 5078 numerum
1445 5037 1548 5093 pro
1577 5021 1696 5076 sin-

90 5101 242 5170 gulari
271 5108 520 5179 positum
550 5125 678 5164 esse
701 5107 1121 5184 intelligamus,
1142 5109 1456 5168 clauserunt
1476 5125 1572 5168 ora
1596 5110 1700 5167 leo-

90 5205 212 5260 num,
244 5210 371 5260 cum
405 5197 570 5260 solus
594 5196 798 5264 Daniel
842 5197 1164 5270 signiﬁcari
1213 5196 1596 5271 intelligatur.
1628 5199 1698 5254 Et

94 5277 355 5348 Plumliter
381 5287 608 5345 dictum
633 5288 772 5344 secti
794 5294 945 5354 sunt,
976 5303 1112 5342 cum
1144 5286 1215 5343 de
1245 5286 1367 5343 solo
1398 5287 1550 5344 Isaia
1578 5291 1695 5343 tra-

93 5365 249 5426 datur.
279 5373 434 5430 Sicut
461 5375 520 5430 in
541 5375 769 5448 psalmo
792 5375 968 5432 etiam
991 5375 1146 5447 quod
1178 5375 1400 5432 dictum
1424 5380 1533 5445 est,
1557 5377 1696 5433 Asti-

95 5462 240 5514 lerunl
275 5480 418 5532 reges
447 5473 686 5536 terrae,el
710 5467 994 5537 principes
1020 5473 1386 5526 convenerunt
1415 5467 1472 5521 in
1502 5483 1694 5533 unum,

95 5543 344 5624 Plantam
359 5569 790 5632 nautarum-pro,
801 5553 849 5612 si
860 5552 1092 5628 κλεηλωὶ
1101 5552 1364 5626 positum
1381 5553 1442 5616 in
1458 5553 1698 5618 Actibus

95 5639 945 5722 abominaumenponitucmlam
956 5660 1120 5722 reges
1134 5647 1376 5722 prepter
1387 5643 1698 5715 Herodem,

1806 4683 1960 4732 mur,
1991 4668 2126 4732 etc.,
2157 4683 2324 4740 usque
2351 4665 2423 4721 ad
2451 4668 2652 4738 parcat
2698 4663 2804 4719 tibi
2853 4667 2911 4718 et
2940 4662 3171 4718 deserat
3197 4665 3278 4716 tae.
3319 4659 3454 4734 (Id.,

1805 4771 1976 4811 ,τεν-νη.
2035 4755 2100 4810 de
2130 4755 2275 4811 verb.
2341 4759 2569 4825 Evang.,
2629 4758 2772 4824 tom,
2804 4752 2872 4819 V,
2905 4769 3034 4824 p.1,
3097 4749 3204 4806 col.
3265 4749 3370 4803 376
3399 4751 3456 4802 et

1806 4845 1954 4916 seq.)

1881 4933 2067 4990 Omnis
2098 4942 2279 4989 autem
2308 4933 2622 5004 disciplina,
2657 4935 2788 4997 etc.,
2818 4945 3006 5002 usque
3038 4928 3109 4984 ad
3144 4929 3322 4996 magis
3353 4943 3452 4981 aw-

1808 5032 1912 5080 lem
1966 5031 2206 5078 sanetur.
2243 5021 2626 5094 Disciplinam
2685 5035 2862 5092 quam
2920 5017 3099 5072 Graeci
3160 5014 3462 5092 appellant

1812 5112 2078 5184 paideian
2109 5128 2275 5185 usque
2303 5110 2374 5166 ad
2393 5111 2660 5183 justitiam
2697 5109 2802 5182 (ld.
2838 5110 2897 5162 in
2911 5107 3054 5179 psal.
3087 5123 3275 5170 cxvnn,
3310 5109 3453 5162 tom.

1807 5201 1898 5268 IV,
1933 5206 2082 5274 part.
2107 5205 2160 5268 2,
2195 5200 2304 5257 col.
2339 5201 2478 5256 1547
2508 5206 2566 5256 et
2590 5199 2738 5269 seq.)

1876 5290 1949 5345 Ut
1979 5289 2245 5345 nonnulli
2278 5289 2336 5345 in
2357 5293 2551 5345 Greco
2582 5285 2879 5359 epistimin
2911 5281 3271 5356 interpretati
3295 5284 3454 5352 sunt,

1806 5380 1938 5445 etc.,
1973 5393 2147 5450 usque
2170 5377 2257 5432 ad
2284 5377 2487 5432 reddet
2505 5374 2772 5447 justitize.
2803 5372 2908 5445 (Id.
2942 5373 3041 5428 lib.
3091 5389 3188 5428 xw
3230 5369 3298 5426 de
3328 5371 3457 5427 Tri-

1806 5468 1908 5523 nit.
1941 5470 2084 5526 tom.
2116 5465 2265 5534 VIII,
2299 5464 2409 5524 col.
2445 5466 2582 5524 1836.
2612 5468 2669 5524 et
2701 5467 2851 5536 seq.)

1878 5556 2075 5615 Pacem
2117 5556 2432 5627 sequimini,
2463 5558 2596 5624 etc.,
2628 5568 2816 5625 usque
2846 5551 2920 5610 ad
2966 5550 3288 5622 inquirant
3311 5565 3462 5609 eam.

1809 5643 1937 5702 Filii
1969 5643 2072 5706 Dei
2090 5661 2299 5706 sumus
2319 5648 2376 5703 et
2397 5640 2955 5722 agnoscamusquod
2973 5639 3080 5698 ﬁlii
3097 5640 3229 5718 ejus
3247 5650 3468 5700 sum!»
