3856 6200
356 352 473 411 427

1347 347 1421 409 Β.
1466 347 1534 408 S.
1579 342 1834 407 LUPUS
1881 340 2457 402 FERllARlENSIS
2501 339 2775 402 ABBAS.

3651 338 3765 398 428

360 465 3764 494 Mm

1236 663 1401 813 B.
1509 653 2347 815 SERVATI
2458 658 2889 815 LUPI

661 916 1159 981 PRESBYTER]
1202 917 1303 977 ET
1345 877 1679 977 ΑΒΒΑΤΙέ
1721 912 2297 974 FERRABIENSIS
2342 913 2657 975 ORDINIS
2701 911 2977 973 SANCTI
3019 911 3448 974 BENEDICTI

1740 1091 2398 1219 OPERA

360 1401 897 1467 STEPHANUS
952 1399 1395 1464 BALUZIUS
1452 1398 1773 1479 Tutelensis
1821 1397 1882 1479 in
1928 1416 2107 1479 unum
2164 1396 2415 1479 collegit,
2466 1398 2746 1479 epistolas
2790 1398 2871 1461 ad
2916 1400 3092 1471 ﬁnem
3141 1399 3528 1461 vetustissimi
3567 1399 3781 1462 codici:

1561 1477 1900 1540 emendavit
1930 1478 2199 1559 notisque
2228 1476 2574 1539 illustravit.

391 1618 572 1681 (Juxta
591 1617 880 1669 editionem
899 1628 1042 1666 anno
1066 1618 1184 1667 1710
1206 1615 1383 1666 datam
1408 1616 1462 1664 et
1480 1612 1866 1678 posterioribus
1887 1611 2027 1660 curis
2048 1610 2115 1660 ab
2144 1611 2260 1673 ipso
2280 1610 2493 1661 Baluzio
2515 1611 2697 1662 multis
2720 1612 2771 1662 in
2794 1612 2922 1663 locis
2942 1615 3157 1663 auctam
3179 1615 3341 1677 atque
3363 1612 3757 1678 emendatam.)

1888 1749 2234 1762 _

1397 1855 1813 1930 STEPHANI
1870 1855 2197 1926 BALUle
2254 1854 2734 1955 ΡΒᾹΞΡΑΤΙΟ.

430 2124 634 2178 Annus
665 2120 862 2193 agitur
891 2119 1248 2176 centesimus
1280 2122 1337 2173 et
1365 2116 1679 2174 vicesimus
1700 2135 1769 2174 ex
1788 2136 1901 2191 quo
1922 2120 2010 2175 vir
2039 2122 2092 2188 Α
2123 2118 2302 2175 editio
2331 2119 2602 2190 corrupte
2631 2116 2893 2173 obtrudit
2914 2119 3158 2174 recusias
3190 2119 3349 2185 illas;
3370 2134 3550 2190 quam
3584 2118 3775 2175 Jureti

360 2210 726 2267 clarissimus
760 2207 1029 2280 Papirius
1060 2207 1371 2262 Massonus
1401 2205 1459 2260 in
1495 2204 1793 2278 publicum
1820 2208 2015 2263 emisit

359 2297 636 2371 epistolas
661 2296 828 2368 Lupi,
862 2295 1091 2350 abbatis
1121 2295 1460 2350 monasterii
1497 2296 1900 2363 Ferrariensis,
1921 2297 2014 2352 de-

362 2388 614 2460 scriptas
643 2402 712 2441 ex
738 2384 1034 2440 veteribus
1066 2383 1425 2440 membranis
1442 2384 1705 2455 ejusdem
1725 2388 2012 2441 monaste-

362 2476 454 2548 rii,
469 2492 718 2549 quarum
740 2473 822 2529 illi
838 2473 1064 2545 copiam
1088 2474 1303 2529 fecerat
1324 2472 1531 2529 Petrus
1545 2473 1744 2529 Daniel
1761 2473 2008 2529 ballivus

362 2565 480 2622 fani
511 2563 698 2620 sancti
730 2562 1026 2618 Benedicti
1058 2562 1130 2618 ad
1166 2560 1607 2633 Ligerim.Sane
1630 2562 1873 2617 dubium
1893 2581 2007 2618 non

362 2658 450 2711 est
480 2653 621 2726 quin
653 2651 1326 2725 plurimum'debeamus
1354 2650 1599 2705 eruditis
1628 2650 1842 2723 vigiliis
1861 2652 2011 2707 Mas-

361 2743 508 2813 soni,
529 2741 628 2814 qui
651 2739 966 2798 nonnullos
993 2744 1255 2795 veterum
1289 2739 1643 2812 scriptorum
1673 2738 1854 2796 libros
1876 2758 1906 2795 e
1927 2745 2007 2797 te-

359 2831 556 2889 nebris
576 2830 726 2888 eruit
752 2829 967 2902 quibus
989 2829 1211 2885 fortcan
1228 2828 1510 2884 hactenus
1532 2845 1882 2885 careremus.
1898 2830 2005 2886 Sed

356 2925 554 2978 tamen
587 2919 909 2992 optandum
933 2921 1089 2974 esset
1109 2921 1174 2972 ut
1204 2934 1379 2989 quam
1404 2916 1465 2972 in
1489 2917 1903 2989 conquirendis
1919 2935 2009 2975 ve-

357 3015 548 3066 terum
576 3008 1087 3065 lucubrationibus
1130 3006 1495 3080 diligentiam
1532 3007 1820 3078 adhibuit,
1853 3025 2004 3065 eam-

355 3101 487 3156 dem
500 3100 560 3155 in
574 3097 815 3154 edendis
827 3096 1598 3168 adhibuisset,nequetotam
1614 3097 2005 3154 ﬁduciameol-

356 3188 606 3245 locasset
626 3187 686 3241 in
719 3183 1178 3241 amanuensibus
1190 3188 1245 3240 et
1257 3184 1531 3241 librariis.
1546 3185 1692 3240 Nam
1708 3185 1801 3241 his
1814 3185 1892 3241 im
1899 3204 2003 3259 pu-

354 3278 603 3334 tandum
635 3274 884 3330 arbitror
912 3273 1068 3346 quod
1099 3277 1361 3329 vetustos
1392 3278 1658 3331 auctores
1679 3275 2001 3333 aMassono

356 3366 542 3423 editos
573 3368 695 3419 tam
727 3362 874 3418 fcede
905 3361 1230 3417 maculatos
1261 3362 1567 3418 habemus.
1604 3363 1801 3435 Neque
1843 3364 1999 3420 enim

358 3452 647 3528 suspicari
668 3451 801 3507 licet
830 3466 959 3506 eam
977 3450 1036 3505 in
1053 3451 1325 3506 Massono
1344 3451 1461 3507 sive
1484 3452 1853 3507 oseitantiam
1880 3457 1997 3510 sive

353 3542 733 3616 supinitatem
765 3539 945 3596 fuisse
977 3543 1040 3595 ut
1072 3540 1130 3594 in
1162 3538 1415 3612 singulis
1447 3541 1562 3595 fere
1584 3540 1754 3597 lineis
1777 3542 1999 3599 recede-

352 3635 440 3689 ret
471 3648 506 3687 a
534 3629 833 3687 codicibus
866 3629 1082 3701 quibus
1114 3629 1404 3685 utebatur.
1438 3630 1508 3684 Et
1541 3633 1738 3686 tamen
1772 3636 1995 3688 certum

350 3724 442 3778 est
462 3718 657 3776 nullos
676 3722 943 3773 auctores
964 3717 1368 3790 indiligentius
1385 3734 1513 3774 esse
1525 3723 1804 3775 tractatos
1816 3736 1993 3791 quam

349 3826 497 3882 quos
527 3806 739 3880 Papirii
756 3806 1030 3875 ,Massonl
1071 3823 1212 3862 cura
1257 3806 1535 3879 vulgavit.
1569 3808 1844 3881 Exemplo
1873 3810 1995 3866 sint

347 3914 522 3971 opera
533 3895 845 3970 Agobardi,
861 3894 1281 3968 archiepisc0pi
1303 3895 1735 3968 Lugdunensis,
1751 3901 1807 3952 et
1820 3898 1993 3955 Gesta

345 3985 683 4043 Collationis
719 3983 1197 4057 Carthaginensis
1246 3983 1397 4040 inter
1438 3984 1757 4042 catholicos
1787 3990 1845 4043 et
1878 3992 1991 4043 Do-

345 4075 700 4133 natistas.Et
720 4074 1026 4130 Gestorum
1051 4073 1290 4144 quidem
1321 4073 1617 4147 exemplar
1645 4079 1830 4143 vetus,
1847 4075 1990 4132 illud

344 4165 539 4238 ipsum
563 4162 843 4218 nimirum
861 4179 975 4234 quo
997 4179 1141 4219 usus
1157 4166 1246 4219 est
1269 4162 1597 4232 Massonus,
1619 4164 1993 4221 exstathodie

344 4253 406 4308 in
436 4251 788 4309 bibliotheca
817 4250 1169 4317 Colbertina,
1186 4252 1285 4307 sed
1304 4251 1447 4307 adeo
1466 4252 1759 4307 diversum
1793 4253 1865 4308 ab
1879 4253 1994 4308 edi-

345 4340 503 4398 tione
531 4339 889 4407 Massoni,ut
909 4357 978 4396 ea
1008 4340 1221 4396 deinde
1254 4340 1326 4394 ad
1357 4341 1747 4411 ejusdcmmet
1776 4341 1991 4399 codicis

344 4430 523 4486 {idem
552 4430 882 4485 recudenda
896 4429 1067 4485 fuerit
1095 4428 1291 4485 studio
1325 4428 1475 4483 Petri
1506 4428 1711 4483 Pithcei
1741 4429 1844 4484 viri
1868 4447 1993 4487 eru-

344 4518 620 4575 ditissimi
645 4522 701 4574 et
715 4516 775 4572 in
793 4516 1200 4590 hujuscemodi
1219 4516 1391 4571 rebus
1406 4514 1659 4570 multum
1672 4517 1987 4587 exercitati,

344 4623 379 4663 a
408 4607 577 4664 nobis
607 4606 843 4662 demum
866 4605 1049 4661 multo
1076 4603 1304 4660 felicius
1335 4603 1646 4659 emendata
1674 4607 1731 4659 et
1760 4604 1990 4662 editaiu

340 4698 498 4752 tomo
521 4694 710 4767 primo
741 4696 951 4750 nostrae
991 4689 1348 4749 collectionis
1387 4689 1806 4747 Conciliorum.
1840 4694 1989 4766 Ago-

338 4782 506 4839 bardi
535 4799 668 4839 vero
701 4782 879 4838 codex
907 4779 1364 4850 manuscriptus,
1389 4795 1504 4850 quo
1536 4796 1680 4835 usus
1709 4784 1798 4836 est
1831 4781 1989 4837 Mas-

339 4959 614 5015 manibus
644 4959 790 5015 meis
821 4958 1084 5025 tractavi,
1119 4954 1337 5011 contuli
1369 4971 1503 5011 cum
1531 4955 1706 5026 edito,
1735 4960 1791 5012 et
1829 4975 1987 5014 com-

341 5054 569 5121 pertum
584 5048 768 5103 habeo
786 5046 1097 5101 editionem
1114 5043 1370 5099 Massoni
1386 5044 1743 5099 immensum
1756 5045 1988 5104 differre

340 5154 375 5193 a
403 5136 581 5193 veteri
613 5136 834 5191 codice.
868 5135 1063 5205 Neque
1094 5149 1199 5205 ego
1232 5138 1426 5186 tamen
1459 5131 1516 5185 id
1546 5131 1773 5204 primus
1805 5135 1985 5191 adno-

337 5224 475 5292 tavi,
496 5225 595 5279 sed
616 5225 957 5280 Franciseus
975 5221 1213 5276 Juretus
1243 5218 1330 5273 vir
1351 5218 1737 5277 clarissimus.
1755 5222 1807 5277 Is
1826 5224 1983 5281 enim

337 5314 398 5369 in
430 5312 666 5368 notisad
688 5310 996 5384 epistolam
1012 5310 1069 5362 9|
1089 5350 1100 5362 .
1119 5308 1307 5363 Ivonis
1323 5309 1713 5377 Carnotensis,
1735 5311 1981 5371 atterens

334 5400 529 5457 locum
560 5399 729 5456 illum
761 5415 829 5453 ex
867 5395 1113 5467 epistola
1142 5395 1431 5466 Agobardi
1464 5398 1535 5452 ad
1567 5398 1979 5470 imperatorem

335 5490 695 5546 Ludovicum
726 5486 918 5549 Pium,
934 5483 1176 5539 reieulas
1201 5485 1326 5540 illas
1334 5502 1438 5558 pro
1449 5488 1649 5558 quibus
1680 5492 1974 5560 contendit,

335 5578 602 5632 arbitrari
628 5586 689 5632 ut
716 5583 975 5639 stercora,
1009 5571 1314 5629 admonuit
1358 5575 1443 5631 sic
1486 5574 1771 5647 scriptum
1802 5594 1863 5634 se
1892 5578 1976 5634 vi-

334 5661 492 5721 disse
512 5662 570 5719 in
583 5664 779 5722 codice
796 5657 1038 5732 antiquo
1053 5659 1263 5735 Papirii
1278 5663 1554 5721 Massoni.
1570 5664 1717 5720 Nam
1740 5664 1975 5738 vulgata

2123 2208 2588 2263 observationem
2622 2222 2751 2262 esse
2779 2205 3147 2262 verissimam
3172 2223 3277 2279 ego
3311 2223 3548 2279 quoque
3578 2208 3779 2280 depre-

2120 2296 2319 2352 hendi.
2338 2296 2540 2367 Itaque
2562 2296 2886 2367 optandum
2904 2300 3084 2366 esset,
3100 2312 3205 2351 ceu
3224 2296 3504 2365 diximus,
3521 2300 3586 2352 ut
3610 2296 3778 2369 paulo

2119 2384 2551 2457 diligentiorem
2584 2400 2817 2455 operam
2841 2384 2900 2439 in
2934 2384 3027 2440 his
3060 2385 3185 2441 suis
3213 2384 3576 2440 editionibus
3612 2386 3775 2441 adhi-

2119 2472 2344 2527 buisset
2373 2475 2700 2528 Massonus.
2733 2472 2813 2527 Ex
2833 2472 3035 2527 eadem
3070 2488 3242 2545 porro
3283 2471 3662 2546 indiligentia
3693 2474 3771 2530 fa-

2117 2566 2278 2616 ctum
2333 2567 2422 2616 est
2467 2565 2532 2615 ut
2582 2560 2731 2631 Lupi
2778 2560 3056 2633 epistolas
3088 2560 3413 2617 habeamus
3445 2560 3769 2618 foedissime

2116 2654 2554 2721 conspurcatas,
2587 2650 2848 2722 adeoque
2891 2649 3139 2705 miseras
3188 2666 3255 2705 ac
3305 2651 3589 2723 perditas,
3626 2656 3695 2706 ut
3722 2650 3768 2706 si

2116 2739 2316 2811 Lupus
2348 2738 2520 2794 hodie
2551 2738 2934 2810 revivisceret,
2964 2739 3059 2794 vix
3104 2754 3165 2794 se
3193 2736 3338 2811 ipse,
3353 2740 3581 2812 opinor,
3613 2739 3770 2813 agni-

2111 2832 2282 2884 turus
2310 2832 2482 2883 esset.
2500 2829 2620 2894 Quo
2639 2828 2856 2883 factum
2887 2832 2975 2883 est
3004 2832 3087 2896 ut,
3105 2845 3240 2883 cum
3262 2829 3347 2884 vir
3367 2829 3642 2885 eruditus
3657 2835 3767 2884 An-

2113 2917 2284 2973 dreas
2331 2914 2667 2973 Duchenius
2708 2920 3038 2972 vestustum
3086 2918 3346 2973 codicem
3396 2917 3761 2990 Lupinarum

2112 3004 2492 3077 epistolarum
2526 3010 2733 3061 nactus
2763 3011 2936 3072 esset,
2966 3022 3175 3061 novam
3206 3022 3408 3062 earum
3440 3006 3759 3063 editionem

2110 3093 2476 3150 adornaverit
2501 3111 2566 3150 ac
2598 3094 3007 3167 publicaverit:
3026 3095 3081 3149 in
3102 3111 3237 3167 qua,
3254 3095 3387 3149 utid
3401 3095 3593 3151 dicam
3611 3097 3763 3168 quod

2110 3199 2203 3239 res
2234 3187 2340 3252 est,
2374 3182 2842 3256 quamplurimas
2871 3200 3094 3240 errores
3124 3182 3384 3250 sustulit,
3419 3201 3536 3240 non
3567 3190 3765 3241 tamen
3854 3254 3856 3267 Ι

2109 3288 2334 3328 omnes.
2349 3273 2526 3328 Erant
2552 3272 2707 3328 enim
2739 3272 2932 3328 adhuc
2958 3272 3141 3329 multo
3162 3272 3331 3345 plura
3351 3289 3479 3345 quae
3495 3274 3767 3330 emenda-

2107 3361 2265 3417 tione
2281 3361 2645 3435 indigebant.
2666 3362 2925 3419 Tandem
2942 3363 3014 3418 ad
3034 3378 3127 3418 me
3142 3366 3380 3419 ventum
3399 3367 3509 3430 est,
3537 3362 3761 3430 Lector,
3854 3398 3856 3403 -

2109 3434 2498 3506 novissimum
2531 3451 2597 3505 ed
2611 3451 2816 3506 itorem
2848 3468 3096 3523 operum
3130 3451 3275 3523 Lupi
3299 3451 3533 3507 abbatis
3556 3452 3763 3507 Ferra-
3854 3434 3856 3449 Ι

2106 3538 2561 3612 riensis.ltaque
2592 3540 2994 3596 necessarium
3026 3539 3257 3596 videtur
3276 3538 3758 3612 nonullaprael'ari

2103 3627 2174 3683 de
2202 3644 2350 3684 nova
2376 3628 2487 3683 hac
2517 3627 2774 3683 editione
2802 3630 2860 3683 et
2889 3631 3083 3684 tecum
3114 3627 3318 3700 paucis
3350 3645 3525 3702 agere
3566 3629 3641 3686 de
3655 3629 3762 3686 hoc

2104 3732 2231 3772 meo
2265 3716 2554 3772 instituto.

2171 3808 2315 3860 Cum
2345 3803 2601 3877 primum
2636 3805 2707 3860 ad
2744 3805 2869 3860 haec
2907 3806 3125 3877 studia,
3149 3822 3277 3878 quae
3308 3822 3467 3862 nunc
3499 3812 3762 3865 exercent

2099 3892 2253 3949 viros
2284 3892 2564 3962 eruditos,
2599 3893 2860 3950 animum
2896 3893 3190 3967 appuli,id
3224 3894 3367 3950 mihi
3400 3897 3620 3969 negotii
3641 3913 3755 3953 cre—
3854 3962 3856 3965 ι

2100 3982 2220 4037 didi
2254 3982 2313 4037 in
2347 3981 2552 4053 primis
2583 3982 2707 4039 dari
2737 3984 2886 4050 ut,si
2918 4000 3034 4056 quo
3066 3984 3240 4040 modo
3272 4001 3619 4057 possem,ea
3633 4002 3760 4047 con-

2100 4074 2377 4127 verterem
2400 4070 2460 4125 in
2492 4088 2668 4127 usum
2692 4071 3016 4144 publicum.
3037 4074 3107 4128 Et
3122 4090 3155 4129 a
3171 4090 3351 4145 puero
3374 4090 3595 4147 magna
3611 4074 3750 4130 mihi

2100 4175 2332 4230 semper
2361 4158 2733 4231 antiquitatis
2755 4178 2913 4215 cura.
2949 4161 3151 4234 Itaque
3183 4177 3417 4234 semper
3447 4164 3642 4219 amavi
3667 4180 3751 4219 ex-
3854 4184 3856 4187 ·

2099 4252 2293 4303 cutere
2320 4246 2539 4304 forulos
2570 4246 3078 4316 bibliothecarum,
3110 4251 3194 4306 sic
3224 4250 3573 4308 existimans
3603 4252 3746 4308 futu-
3854 4270 3856 4273 '

2098 4353 2231 4391 rum
2264 4341 2329 4391 ut
2351 4335 2571 4409 aliquid
2603 4337 2838 4393 fortuito
2862 4339 3230 4395 nanciscerer
3260 4340 3415 4412 quod
3451 4340 3674 4397 utiliter
3692 4341 3745 4396 in

2099 4423 2400 4497 publicum
2433 4426 2744 4493 ederetur;
2777 4425 2863 4482 vel
2895 4425 2945 4482 si
2975 4427 3225 4483 obtineri
3265 4427 3324 4484 id
3372 4445 3489 4484 non
3540 4434 3748 4502 posset,

2098 4512 2307 4570 saltem
2338 4518 2597 4570 vetustos
2627 4514 2916 4570 editorum
2948 4519 3259 4572 auctorum
3283 4517 3516 4574 codices
3541 4518 3753 4592 reperi-

2099 4619 2242 4672 rem,
2277 4620 2528 4675 quorum
2586 4620 2694 4676 ope
2744 4604 3007 4661 renovari
3055 4610 3113 4661 et
3154 4607 3382 4662 restitui
3415 4613 3662 4679 possent
3686 4624 3749 4663 ea

2099 4708 2225 4763 qua:
2248 4691 2375 4762 jam
2404 4691 2560 4748 edita
2590 4693 2838 4749 fuerant.
2876 4693 2938 4749 Id
2974 4711 3107 4750 vero
3131 4696 3259 4767 jam
3291 4695 3438 4751 satis
3487 4695 3747 4761 feliciter,

2099 4779 2325 4853 opinor,
2350 4785 2639 4837 tentatum
2666 4787 2755 4838 est
2785 4783 2845 4838 in
2870 4781 3140 4840 Salviano
3172 4783 3529 4841 Massiliensi
3554 4784 3751 4841 etVin-
3854 4804 3856 4813 π

339 4887 520 4929 sonus
542 4874 746 4939 exstat,
762 4870 821 4925 in
839 4868 1195 4925 bibliotheca
1213 4866 1389 4939 regia.
1409 4867 1574 4923 Hunc
1596 4884 1701 4940 ego
1726 4869 1985 4926 codicem
2016 4868 2057 4935 C
2098 4869 2285 4925 centio
2320 4869 2633 4939 Lirinensi,
2656 4888 2804 4943 quos
2827 4871 3099 4929 dedimus
3119 4872 3465 4929 etmeliores
3481 4877 3542 4929 et
3560 4890 3751 4930 emen-

2097 4957 2370 5015 datiores.
2405 4960 2668 5015 Tandem
2720 4977 2873 5017 anno
2924 4961 3064 5017 4664
3090 4962 3179 5017 vir
3208 4961 3655 5019 eruditissimus
3686 4977 3745 5018 ac
3781 5010 3785 5014 .

2096 5046 2241 5103 mihi
2294 5048 2639 5104 amissimus
2686 5050 2960 5106 Nicolaus
3011 5050 3422 5123 Cocquelinus,
3450 5051 3660 5108 doctor
3696 5054 3749 5107 et

2094 5137 2291 5193 socius
2320 5138 2692 5207 Sorbonicus,
2728 5138 2875 5194 mihi
2907 5140 3193 5195 utendum
3224 5139 3387 5196 dedit
3417 5137 3745 5197 vetustissi-

2092 5239 2256 5279 mum
2287 5225 2567 5295 codicem,
2586 5226 2819 5298 optimae
2845 5226 3011 5283 illum
3045 5233 3212 5294 note,
3230 5228 3289 5285 in
3312 5245 3428 5300 quo
3452 5228 3744 5285 continen-

2089 5317 2187 5369 tur
2215 5313 2471 5386 epistolas
2523 5315 2670 5387 Lupi
2719 5316 2950 5373 abbatis
3002 5317 3409 5385 Ferrariensis,
3449 5316 3555 5390 qui
3596 5330 3739 5372 nunc

2088 5406 2276 5457 exstat
2307 5403 2364 5456 in
2399 5401 2752 5460 bibliotheca
2783 5404 3131 5462 Colbertina.
3166 5406 3330 5463 Hunc
3359 5422 3467 5479 ego
3490 5405 3734 5462 codicem

2088 5489 2253 5546 avide
2302 5490 2503 5546 statim
2550 5492 2769 5547 contuli
2816 5510 2950 5549 cum
2997 5494 3193 5562 edito;
3228 5495 3497 5566 adeoque
3529 5493 3731 5549 discre-

2087 5596 2223 5651 pare
2255 5580 2327 5635 ab
2359 5596 2424 5635 co
2456 5579 2574 5635 vidi
2608 5581 2896 5639 editiones
2929 5587 2991 5638 ut
3024 5600 3136 5639 non
3171 5582 3324 5639 ultra
3352 5579 3729 5638 dubitaverim

2087 5668 2186 5741 qui
2237 5669 2427 5724 denuo
2472 5670 2813 5726 recudendae
2865 5675 3063 5729 essent
3106 5671 3219 5728 illae
3277 5672 3429 5745 Lupi
3463 5667 3728 5746 epistolae.
