3856 6200
325 315 444 375 439

1300 317 1372 378 Β.
1421 318 1483 379 S.
1532 317 1718 380 LUPI
1764 315 2097 377 ABBATIS
2142 314 2747 377 FEBRARIENSIS.

3610 318 3719 378 4-10

323 446 581 507 nendum
612 448 1083 523 servandumque
1107 451 1437 508 sanxissent
1457 451 1529 506 ad
1552 450 1968 523 inquirendum
1998 449 2055 516 Α
2084 464 2362 521 prospera
2393 446 2768 504 festinantem
2799 446 2957 504 velut
2981 447 3334 520 quibusdam
3359 446 3540 505 frenis
3556 452 3737 522 atque.

319 535 512 603 subito
568 552 662 597 me
709 539 1149 597 convertissem.
1180 542 1358 597 Erant
1387 541 1459 596 ad
1492 557 1734 596 manum
1767 541 1993 595 docto-‘

313 642 406 682 res
436 625 652 701 egregii
697 628 916 684 nedum
971 646 1087 685 non
1140 629 1473 701 spernendi,
1530 646 1731 685 verum
1780 627 1966 684 omni-

310 714 501 772 modis
524 714 801 773 audiendi
833 720 1009 789 atque
1041 717 1344 790 sequendi,
1383 718 1673 790 gloriosus
1703 717 1970 772 videlicet

311 809 535 878 martyr
561 805 977 880 Cyprianus,et
997 807 1385 866 illustrissimi
1417 824 1716 864 sacrarum
1748 806 1968 862 divina-

314 910 448 950 rum
468 893 798 951 litterarum
821 896 1177 967 expositores
1197 895 1561 970 Augustinus
1582 900 1758 968 atque
1779 895 1970 951 Hiero-

317 999 565 1057 nymus;
592 1001 842 1056 quorum
869 984 1173 1041 sententiis
1205 1002 1270 1041 ac
1301 984 1705 1042 saluberrimis
1732 1000 1968 1056 persua-

320 1070 588 1127 sionibus
605 1071 900 1129 animatus
916 1074 1258 1146 depressum
1279 1072 1440 1146 gravi
1462 1089 1707 1128 maerore
1727 1089 1826 1128 cor
1850 1089 1972 1128 sur-

322 1175 456 1216 sum
485 1157 674 1215 levare
703 1165 947 1218 conatus
978 1179 1132 1229 sum,
1183 1162 1448 1234 cmpique
1496 1178 1727 1217 mecum
1770 1161 1971 1217 sedulo

323 1250 595 1320 reputare
619 1250 658 1304 7
686 1249 826 1321 quid
846 1267 1023 1323 super
1039 1267 1277 1307 excessu
1295 1250 1652 1307 charissima:
1672 1251 1973 1307 contuber-

324 1333 477 1405 nalis
504 1337 719 1393 sentire
749 1339 1039 1408 deberem,
1056 1340 1131 1413 (α)
1155 1341 1326 1411 cujus
1348 1339 1759 1395 mortalitatem
1785 1341 1973 1414 magis

326 1441 504 1496 quam
534 1424 717 1482 vitam
740 1426 1008 1484 videbam
1053 1445 1181 1485 esse
1230 1428 1477 1485 ﬁnitam.
1510 1430 1747 1485 Tentavi
1796 1430 1973 1485 etiam

2077 536 2323 593 habenis
2354 540 2684 592 remoratur
2712 553 2777 592 ac
2810 538 3039 607 retinet,
3064 541 3435 609 mentemque
3467 538 3540 594 ad
3573 555 3718 595 revo-

2078 626 2369 682 cationem
2394 626 2598 682 mortis
2621 630 3056 699 revocet,quam
3088 627 3160 682 ad
3191 643 3356 698 spem
3384 631 3441 682 et
3473 643 3721 684 amorem

2076 713 2460 788 longzevitatis
2476 714 2677 771 odium
2695 719 2871 788 atque
2889 714 3101 772 oblivio
3119 715 3435 772 senectutis
3451 715 3720 773 illexerat.

2077 804 2255 860 Video
2288 803 2431 860 mihi
2462 821 2577 861 non
2610 804 2863 861 multum
2896 821 3203 878 superesse
3232 804 3515 877 temporis
3545 805 3613 861 ad
3646 807 3721 861 vi-

2078 893 2350 960 vendum,
2369 892 2506 949 licet
2534 896 2821 966 quantum
2851 892 2908 949 id
2938 909 3068 949 esse
3094 893 3301 949 debeat
3329 893 3479 949 mihi
3502 893 3723 966 penitus

2076 981 2397 1055 ignoretur.
2431 983 2541 1038 Sed
2600 980 2711 1036 hoc
2758 981 3156 1038 certissimum
3204 986 3394 1049 teneo,
3426 987 3488 1038 et
3532 1000 3723 1041 recens

2078 1074 2282 1125 natum
2313 1071 2425 1126 cito
2457 1088 2627 1143 posse
2658 1071 2827 1141 mori,
2860 1075 2917 1127 et
2944 1071 3021 1140 (ὁ)
3051 1087 3253 1128 senem
3285 1070 3385 1127 diu
3416 1088 3535 1126 non
3565 1088 3727 1144 posse

2077 1156 2375 1214 vivere.Ac
2405 1159 2649 1231 proinde
2679 1157 2849 1233 longe
2880 1158 3085 1215 utilius
3116 1176 3182 1215 ac
3215 1159 3445 1215 beatius
3466 1158 3589 1214 fore
3609 1176 3729 1216 cen-

2080 1263 2177 1302 seo
2208 1247 2395 1321 ipsam
2426 1247 2960 1321 temporis-incerti
3004 1248 3347 1304 brevitatem
3397 1265 3535 1304 cum
3576 1248 3727 1305 luctu

2081 1352 2260 1408 quam
2289 1335 2490 1392 laetitia
2517 1337 2747 1393 ducere.
2763 1337 2909 1401 Quia
2931 1337 2981 1392 si
3013 1337 3339 1393 secundum
3370 1336 3728 1394 Dominicam

2078 1442 2279 1481 vocem
2326 1426 2478 1483 beati
2531 1443 2597 1482 ac
2642 1425 2840 1484 felices
2883 1430 3058 1482 erunt
3105 1426 3206 1498 qui
3254 1424 3655 1482 lamentantur
3680 1433 3732 1483 et

323 1510 376 1571 si
405 1529 641 1587 possem
670 1532 705 1571 a
737 1517 1082 1589 memetipso
1123 1516 1349 1591 exigere
1380 1521 1446 1572 ut
1474 1518 1531 1573 id
1564 1518 1787 1575 ratione
1817 1520 1973 1590 apud
2081 1511 2283 1585 lugent
2313 1514 2516 1586 (Matth.
2566 1514 2644 1587 v),
2696 1532 2726 1568 e
2773 1514 3064 1571 contrario
3115 1514 3376 1571 infelices
3427 1532 3496 1570 ac
3544 1516 3734 1586 miseri

324 1618 420 1659 me
448 1603 614 1659 ﬁeret
644 1605 799 1677 quod
829 1603 1004 1679 longa
1033 1606 1157 1662 dies
1189 1606 1337 1664 solet
1364 1607 1590 1664 ofﬁcere
1616 1625 1629 1676 ;
1664 1607 1888 1664 scilicet
1908 1613 1975 1665 ut
2081 1603 2223 1658 fient
2252 1604 2348 1675 qui
2382 1603 2506 1659 dies
2541 1620 2679 1659 suos
2703 1603 2764 1658 in
2787 1603 2917 1676 jugi
2948 1606 3005 1659 et
3036 1603 3316 1659 continua
3335 1602 3546 1659 latitia
3575 1604 3729 1661 finire

321 1690 535 1748 vulnus
567 1693 721 1765 quod
748 1693 951 1751 animo
1004 1690 1202 1752 no'stro
1233 1696 1496 1752 nondum
1527 1701 1761 1771 sperata
1790 1701 1974 1753 morte
2082 1707 2197 1746 non
2220 1694 2508 1759 metuunt,
2533 1692 2753 1765 gratias
2773 1708 2881 1764 ago
2903 1696 3078 1763 atque
3098 1691 3285 1747 habeo
3307 1690 3582 1747 charitati
3603 1696 3725 1763 tuae,

322 1781 664 1854 repentinus
693 1798 866 1839 casus
896 1783 1107 1840 inflixit
1135 1784 1465 1841 cicatricem
1489 1787 1699 1842 ducere
1720 1802 1786 1841 ac
1807 1804 1976 1859 spon-
2004 1821 2052 1886 B
2082 1780 2236 1852 quod
2264 1797 2356 1835 me
2388 1796 2491 1853 per
2532 1781 2760 1838 litteras
2804 1784 2936 1836 tuas
2987 1779 3275 1836 consolari
3329 1780 3612 1854 dignatus
3651 1798 3725 1838 es.

321 1874 507 1927 tanea:
537 1870 954 1929 consolationis
987 1873 1411 1931 medicamento
1442 1892 1744 1931 sanescere
1763 1874 1979 1949 incipe-

323 1963 430 2016 ret.
464 1960 575 2016 Sed
605 1961 861 2018 vulneris
912 1962 1253 2035 magnitudo
1304 1962 1568 2019 facilitati
1616 1964 1876 2033 resistit;
1920 1969 1977 2020 et

323 2047 461 2104 licet
489 2047 877 2106 saluberrima
907 2050 1025 2106 sint
1054 2068 1179 2123 quae
1212 2069 1246 2107 a
1275 2052 1613 2109 memoratis
1641 2054 1976 2111 doctoribus

328 2136 402 2193 ad
426 2135 818 2211 mitigandum
840 2155 1076 2211 gravem
1097 2138 1356 2196 dolorem
1376 2139 1534 2196 velut
1553 2158 1587 2197 a
1606 2142 1976 2214 peritissimis

327 2225 604 2299 idemque
634 2224 969 2283 mitissimis
1000 2227 1244 2284 medicis
1274 2228 1618 2297 otl'eruntur,
1650 2230 1821 2304 plaga
1849 2249 1976 2305 qua:

329 2313 522 2373 adhuc
550 2314 898 2388 sanguinem
930 2314 1111 2372 trahit
1140 2318 1385 2373 sanandi
1412 2319 1804 2377 maturitatem
1831 2337 1977 2377 non-

329 2402 473 2459 dum
504 2402 779 2459 admittit.
813 2404 915 2460 Hic
944 2404 1192 2463 fortasse
1225 2405 1459 2463 miraris
1489 2424 1555 2463 ac
1586 2408 1733 2465 dicis
1763 2427 1832 2466 ex
1861 2410 1976 2466 hu—

320 2492 586 2564 jusmodi
617 2493 919 2550 occasione
948 2497 1153 2550 natum
1197 2493 1455 2551 dolorem
1488 2501 1608 2552 tam
1641 2496 1882 2571 longum
1911 2516 1976 2554 ac

327 2580 679 2639 diuturnum
710 2598 839 2639 esse
868 2599 983 2638 non
1013 2582 1307 2651 debuisse,
1330 2585 1497 2655 quasi
1528 2584 1587 2641 in
1619 2586 1872 2643 dolentis
1899 2588 1977 2645 sit

324 2673 611 2743 potestate
640 2672 873 2745 quando
902 2670 959 2727 id
1013 2672 1252 2728 finiatur
1286 2673 1440 2745 quod
1472 2672 1592 2741 ille,
1624 2676 1859 2747 quando
1886 2675 1973 2732 in-

325 2759 561 2833 ciperet,
584 2776 772 2833 neque
800 2760 859 2816 in
891 2764 1176 2834 potestate
1204 2761 1430 2829 habuit,
1450 2779 1637 2836 neque
1667 2764 1971 2837 praescivit.

325 2847 517 2906 Metiri
545 2852 740 2907 tamen
770 2866 943 2922 posse
964 2850 1196 2906 videtur
1223 2848 1441 2907 doloris
1472 2868 1539 2908 ac
1560 2854 1826 2909 mazroris
1848 2871 1972 2910 ma-

324 2937 571 3012 gnitudo
601 2939 721 2996 sive
750 2939 1110 2996 diuturnitas
1138 2940 1210 2995 de
1238 2956 1441 2995 eorum
1478 2957 1605 3013 quae
1634 2942 1973 2999 acciderunt

325 3027 676 3085 damnorum
716 3028 1041 3101 quantitate
1076 3045 1089 3083 :
1124 3044 1249 3100 quae
1299 3044 1404 3100 ego
1454 3045 1587 3084 cum
1620 3031 1880 3102 quotidie
1909 3030 1970 3087 in

325 3116 484 3174 omni
514 3116 759 3189 actione,
791 3116 853 3173 in
898 3116 1059 3172 omni
1100 3117 1355 3190 negotio,
1389 3116 1449 3171 in
1494 3121 1615 3173 tota
1660 3120 1874 3176 domus
1904 3137 1971 3177 ac

2086 1869 2467 1940 Nequeenim
2516 1870 2711 1941 majus
2754 1873 2858 1925 aut
2901 1869 3117 1926 certius
3148 1872 3261 1925 tuae
3291 1885 3433 1942 erga
3465 1886 3563 1926 me
3591 1870 3726 1926 dile-

2086 1958 2297 2015 ctionis
2324 1958 2606 2014 indicium
2637 1959 2774 2014 dare
2803 1957 3044 2031 potuisti
3076 1974 3253 2031 quam
3282 1974 3439 2032 agro
3456 1962 3633 2031 atque
3649 1960 3727 2031 ja-

2086 2047 2237 2103 centi
2267 2064 2509 2103 manum
2540 2047 2967 2104 exhortationis
3011 2046 3385 2120 porrigendo,
3420 2049 3724 2104 monendo-

2086 2153 2199 2208 que
2231 2140 2295 2192 ut
2317 2152 2640 2209 surgerem,
2673 2152 2851 2208 quem
2879 2141 3075 2193 mente
3103 2139 3469 2209 prostratum
3501 2153 3571 2194 ac
3597 2153 3723 2193 maev

2085 2241 2212 2281 rore
2242 2225 2586 2297 depressum
2617 2224 2887 2299 ignorare
2937 2241 3053 2281 non
3100 2229 3352 2297 poteras.
3389 2225 3548 2281 Bene
3593 2222 3749 2294 vale,'

2084 2313 2427 2370 charissime
2458 2331 2523 2371 ac
2561 2313 3104 2371 desiderantissime
3134 2312 3236 2368 ﬁli.

2623 2457 2672 2512 9
2713 2455 3062 2513 EPISTULA
3100 2455 3193 2511 IV.

2649 2562 2724 2600 AD
2758 2562 3159 2602 EGINHARDUM.

2152 2666 2471 2742 Epistolam
2522 2674 2725 2726 vostrae
2775 2669 3133 2743 dignationis
3184 2670 3586 2728 calamitatem
3615 2688 3727 2745 qua

2081 2758 2303 2814 dudum
2336 2757 2502 2814 vobis
2548 2758 2836 2832 contingit
2890 2759 3143 2832 graviter
3190 2766 3541 2833 querentem
3586 2762 3724 2818 haud

2080 2863 2377 2920 quaquam
2411 2847 2783 2903 mediocriter
2812 2852 3106 2904 commota
3136 2854 3333 2905 mente
3353 2849 3728 2925 perlegi,con.

2079 2937 2410 3008 fectumque
2438 2940 2696 2993 vestrum
2729 2937 2995 2993 animum
3026 2942 3150 2993 tam
3180 2938 3452 2995 diuturni
3480 2939 3726 2997 maeroris

2078 3025 2369 3083 anxietate
2397 3025 2770 3082 vehementer
2798 3025 3043 3083 indolui.
3076 3027 3145 3083 Et
3190 3028 3466 3100 quamvis
3517 3029 3614 3101 qui
3644 3044 3725 3084 me

2082 3113 2253 3186 longe
2282 3118 2560 3187 praestent
2609 3114 2932 3171 amicorum
2965 3115 3175 3171 solatia
3203 3117 3564 3173 tentaverint
3589 3117 3724 3173 hunc

324 3204 559 3264 familia
589 3187 1116 3271 administratione,
1136 3187 1202 3257 in
1217 3203 1442 3259 cunctis
1464 3220 1590 3276 quae
1611 3205 1700 3261 vel
1730 3207 1802 3262 ad
1833 3206 1975 3262 divi-
2002 3187 2045 3253 Π
2082 3206 2312 3258 tantum
2342 3203 2530 3260 levare
2560 3202 2960 3273 dolorem,nec
2982 3208 3179 3261 tamen
3201 3205 3274 3261 ob
3296 3222 3429 3262 eam
3466 3223 3587 3263 rem
3616 3223 3727 3279 pro-

328 3311 474 3350 num
500 3293 590 3350 vel
621 3293 949 3349 humanum
981 3291 1239 3347 ofﬁcium
1270 3292 1561 3365 pertinent
1599 3293 1977 3366 diSponendis

328 3388 504 3456 atque
533 3381 875 3439 ordinandis
918 3380 1254 3436 immaniter
1282 3380 1552 3451 sentiam,
1587 3383 1687 3455 qui
1720 3383 1842 3439 fieri
1875 3400 1976 3456 po-

330 3476 446 3530 test
474 3477 539 3528 ut
565 3470 779 3528 vulnus
801 3470 956 3543 quod
986 3473 1072 3525 tot
1094 3486 1160 3525 ac
1181 3472 1341 3525 tanta
1364 3470 1735 3527 incommoda
1755 3471 1973 3541 intulit,

327 3578 463 3619 cum
496 3561 699 3617 crebro
729 3558 990 3633 tangitur
1021 3575 1135 3614 non
1174 3559 1542 3615 recrudescat
1571 3559 1765 3631 potius
1794 3564 1852 3616 et
1881 3578 1974 3616 re-

327 3654 573 3708 novetur
589 3664 766 3721 quam
784 3649 1052 3703 sanescat
1067 3649 1167 3701 aut
1182 3645 1499 3702 solidetur?
1513 3646 1775 3702 Arbitror
1790 3648 1973 3718 enim,

325 3755 432 3797 nec
459 3753 662 3795 vereor
684 3738 838 3809 quod
860 3735 981 3791 haec
1004 3734 1199 3809 opinio
1222 3734 1435 3792 falsum
1463 3751 1555 3790 me
1575 3734 1971 3805 habeat,hunc

323 3827 581 3885 dolorem
612 3829 786 3898 atque
815 3825 1329 3895 anxietatem,quae
1356 3822 1501 3878 mihi
1521 3823 1591 3878 de
1611 3823 1968 3880 charissimae

322 3914 758 3975 contubernalis
786 3914 1090 3971 occasione
1120 3917 1319 3969 exorta
1347 3916 1456 3981 est,
1487 3913 1819 3984 perenniter
1849 3931 1968 3970 mc-

319 4022 452 4062 cum
482 4007 978 4078 perseveraturam
1009 4001 1192 4058 donec
1215 4001 1271 4056 id
1300 4000 1495 4073 ipsum
1520 4002 1803 4073 temporis
1833 4020 1968 4076 spa-

316 4094 467 4152 tium
491 4093 646 4167 quod
669 4093 716 4150 8
747 4092 902 4148 Deus
926 4090 1069 4146 mihi
1091 4091 1164 4146 ad
1185 4090 1335 4146 hanc
1358 4090 1632 4147 miseram
1655 4108 1721 4147 ac
1743 4095 1966 4164 tempo-

318 4183 501 4241 ralem
531 4182 712 4238 vitam
743 4181 1057 4236 concedere
1083 4178 1332 4235 voluerit
1352 4178 1545 4235 debito
1576 4179 1689 4235 sibi
1723 4180 1967 4238 termino

319 4271 594 4329 ﬁniatur:
619 4286 797 4343 quam
818 4273 1013 4326 tamen
1045 4269 1367 4341 proﬁcuum
1394 4268 1590 4340 potius
1621 4268 1767 4323 mihi
1789 4286 1966 4342 quam

319 4360 552 4419 noxiam
583 4358 866 4416 hactenus
896 4357 1178 4431 experior,
1196 4373 1330 4413 cum
1359 4357 1623 4412 animum
1655 4357 1727 4412 ad
1759 4356 1889 4415 laeta
1909 4363 1967 4415 et

313 4591 517 4649 lectori
537 4589 831 4663 judicium
870 4589 1163 4662 integrum
1211 4585 1567 4659 relinquens.
1601 4586 1744 4643 Vide
1793 4593 1960 4648 notas

315 4664 402 4736 ad,
420 4660 728 4736 epistolam
762 4662 883 4736 122ἶ

383 4726 473 4806 (ᾳῖ
493 4733 659 4806 Cujus
686 4732 1096 4806 mortalitatem.
1110 4728 1406 4806 imitatum
1422 4744 1503 4806 _ex
1522 4726 1716 4806 _Blinio
1730 4729 1806 4806 _i_n
1830 4731 1957 4806 _epi_-

311 4798 463 4873 stola
504 4798 694 4877 prima
739 4801 875 4877 libri
923 4799 1202 4877 secundi;
1256 4799 1370 4877 ubi
1404 4800 1473 4855 de
1522 4798 1765 4877 Virginii
1830 4798 1957 4858 Ruﬁ

310 4872 525 4932 morte'
546 4873 631 4931 sic
678 4873 935 4946 loquitur
967 4889 981 4927 ε
1014 4872 1076 4927 Si
1122 4879 1310 4946 tamen,
1337 4873 1438 4946 fas
1454 4876 1532 4925 est
1559 4872 1827 4946 aut/lere,
1863 4883 1957 4929 aut

308 4949 532 5004 omnino
557 4942 786 5002 mortem
816 4960 1021 5012 vocare,
1038 4960 1146 5015 qua
1167 4942 1311 4997 tanti
1330 4943 1439 4995 viri
1454 4943 1755 4998 mortalitas
1782 4947 1957 5013 magis

308 5019 467 5093 ﬁni!“
498 5033 663 5093 quam
690 5018 804 5093 υξξα
833 5023 929 5093 ιἰἳιο
975 5085 1010 5093 -
1235 5081 1245 5092 .
1290 5086 1299 5093 .
1370 5082 1384 5093 .
1421 5081 1432 5093 .

378 5089 459 5159 (ὁ)
486 5082 679 5144 Senem
704 5087 821 5153 diu,
840 5090 948 5142 etc.
975 5082 1202 5159 Repetit
1231 5082 1386 5159 istud
1418 5082 1625 5159 ipsum
1644 5083 1841 5159 L_up_u_s
1872 5084 1956 5140 in-

306 5153 396 5215 fra
423 5153 593 5242 epist.
606 5153 1134 5242 2}}..Sumptumest
1146 5158 1356 5242 autem
1371 5170 1456 5242 ex
1470 5153 1955 5242 ‘epli'stolaLHiero-

306 5224 481 5305 nymi
499 5224 991 5305 ad__Principiam,
1026 5225 1084 5279 in
1136 5240 1255 5305 qua
1301 5239 1492 5305 mores
1537 5224 1952 5305 Marcellzede-

306 5298 529 5359 scribit.
578 5299 709 5355 Hac
758 5298 897 5371 ergo
937 5312 1070 5350 cum
1119 5298 1311 5371 virum
1347 5298 1584 5371 juvenis
1633 5298 1949 5355 admodum

306 5371 629 5439 extulisset,
650 5364 1123 5442 desideriumque
1152 5364 1418 5442 exstinCti
1451 5382 1566 5442 non
1592 5374 1788 5442 posset
1810 5370 1948 5442 pati,

307 5459 343 5499 a
371 5436 643 5498 secundis
701 5436 1251 5510 nuptiisabstincre
1296 5437 1566 5510 decrevit.
1592 5436 1832 5496 Verum
1884 5436 1951 5498 ea

304 5519 429 5569 erat
459 5511 738 5569 Marcellae
769 5508 1067 5583 nobilitas,
1098 5525 1165 5563 ea
1193 5509 1418 5583 species
1438 5510 1593 5583 Aeris,
1628 5528 1695 5566 ea
1740 5513 1947 5583 gratia,

305 5589 371 5640 ut
398 5583 569 5658 plane
598 5585 825 5658 constet
865 5579 1240 5658 laboriosum
1268 5580 1603 5658 et__di[‘ﬁcile
1653 5579 1948 5658 neg'otium

304 5650 634 5727 suscepisse
662 5651 834 5727 illa_m_
854 5651 1076 5727 cum‘in
1104 5668 1172 5707 ea
1202 5650 1504 5727 nobilitate
1533 5657 1589 5727 e_t
1613 5650 1777 5709 {etate
1808 5671 1949 5727 con-

306 5722 640 5782 tenta'esse
684 5723 867 5780 voluit
914 5722 1084 5780 unico
1137 5722 1531 5779 matrimonio.
1564 5723 1763 5794 Itaque
1806 5726 1947 5782 dum

1989 4552 2038 4617 D

2086 3292 2344 3360 fecerint,
2378 3298 2443 3348 ut
2489 3292 2697 3348 litteris
2745 3292 2953 3349 vestris
2994 3294 3138 3350 satis
3166 3294 3404 3364 eminet,
3444 3296 3601 3369 quod
3629 3294 3724 3368 ipsi

2085 3398 2258 3438 casus
2287 3381 2465 3437 vestri
2494 3381 3018 3438 considerationem
3040 3400 3156 3438 non
3187 3383 3331 3439 satis
3362 3384 3442 3440 ad
3474 3401 3539 3441 se
3563 3385 3725 3441 admi-

2084 3474 2307 3536 serunt,
2340 3487 2406 3527 eo
2437 3487 2623 3542 usque
2654 3475 2720 3526 ut
2748 3487 2951 3527 eorum
2982 3471 3224 3543 quidam
3272 3488 3459 3544 super
3504 3489 3722 3530 excessu

2081 3558 2429 3632 gatissimae
2447 3559 2742 3631 quondam
2762 3559 2959 3615 uxoris
2970 3559 3386 3633 gratulandum
3410 3567 3719 3625 monerent,

2081 3648 2257 3720 quod,
2289 3652 2354 3703 ut
2382 3647 2606 3720 Opinor,
2665 3646 2808 3702 nihil
2859 3648 2929 3703 ad
2979 3647 3445 3705 consolationem
3493 3649 3724 3722 pertinet

2081 3753 2197 3792 non
2231 3741 2351 3792 tam
2383 3736 2569 3792 aetatis
2613 3734 2848 3793 levitate
2876 3735 2963 3792 vel
2994 3736 3236 3809 ingenii,
3270 3739 3428 3810 quod
3463 3740 3721 3812 exiguum

2079 3825 2286 3892 sentio,
2334 3825 2686 3882 conﬁdentia
2733 3842 2913 3898 quam
2967 3824 3136 3897 proni
3182 3843 3321 3900 erga
3365 3844 3478 3883 vos
3524 3827 3721 3884 amoris

2078 3914 2485 3987 magnitudine
2541 3914 2662 3968 haec
2709 3930 2967 3981 rursum,
3023 3913 3462 3988 qualiacunque
3509 3917 3645 3984 sint,
3669 3916 3719 3972 in

2076 4002 2250 4059 vestri
2292 4001 2569 4058 solatium
2602 4019 2716 4058 non
2749 4019 2883 4059 sum
2913 4003 3131 4058 veritus
3162 4004 3394 4060 cudere.
3429 4004 3718 4078 Siquidem

2075 4090 2346 4147 conscius
2364 4091 2506 4146 mihi
2532 4108 2665 4147 sum
2688 4091 2961 4146 intimum
2982 4108 3073 4147 me
3091 4092 3158 4164 (ε)
3177 4091 3562 4150 nobilissimae
3578 4093 3717 4149 illius

2074 4179 2304 4236 feminae
2336 4185 2520 4236 morte
2550 4196 2685 4236 cum
2717 4183 2926 4245 vestra,
2976 4184 3107 4236 tum
3159 4181 3337 4236 etiam
3381 4181 3577 4254 ipsius
3609 4182 3717 4237 vice

2073 4269 2323 4325 traxisse
2380 4267 2677 4337 dolorem;
2728 4286 2901 4341 quem
2964 4269 3234 4325 atrociter
3287 4275 3713 4343 exasperantem

2072 4363 2274 4415 vestra:
2304 4357 2529 4425 litterae,
2556 4357 2756 4426 fateor,
2781 4358 3184 4415 recrudescere
3214 4359 3713 4432 coegerunt.Unde

2070 4587 2241 4663 mplti
2278 4604 2408 4663 eam
2455 4587 2614 4660 proci
2665 4587 2976 4663 ambirent,
3009 4605 3185 4663 senex
3217 4604 3453 4663 quoque
3484 4590 3706 4663 quidam

2067 4658 2234 4715 valde
2261 4658 2683 4734 divesfcaptus
2717 4660 2905 4734 forma
2943 4658 3537 4734 mulieris—nuptias,
3558 4660 3705 4734 flagi-

2066 4735 2189 4805 tare
2221 4730 2411 4805 coepit,
2448 4730 2659 4805 magno
2705 4730 2883 4805 etiam
2916 4747 3109 4787 emere
3137 4730 3377 4805 paratus
3429 4730 3707 4805 legitimos

2067 4801 2227 4857 illius
2257 4800 2581 4873 amplexus.
2598 4802 2673 4883 At
2690 4800 2920 4883 mulier.
2937 4800 3249 4883 postquam
3282 4802 3452 4858 aliter
3478 4800 3703 4883 procum

2067 4871 2376 4944 removere—
2410 4890 2525 4928 non
2586 4871 2792 4944 potuit,
2845 4871 3143 4929 excusavit
3190 4874 3265 4929 ob
3315 4871 3701 4930 senectutem:

2066 4961 2252 5016 neque
2280 4943 2439 5016 enim
2469 4942 2601 5001 esse
2628 4959 2689 5016 se
2707 4942 2886 5014 hujus
2906 4944 3290 4999 ﬁrmitudinis
3310 4949 3376 4999 ut
3396 4949 3481 5001 tot
3502 4952 3700 5001 mortes

2063 5013 2183 5088 tam
2217 5014 2373 5088 brevi
2423 5013 2702 5088 temporis
2749 5015 2940 5086 spatio
2971 5015 3263 5088 sustinere
3308 5020 3697 5088 possetynam

2062 5086 2241 5158 istum
2300 5086 2420 5158 cito
2472 5085 2850 5158 moriturum,
2900 5085 3041 5158 quia
3096 5102 3270 5142 senex
3309 5085 3459 5142 erat.
3513 5087 3699 5158 Illoque

2061 5157 2373 5223 mandante,
2407 5156 2601 5228 inquit
2632 5156 3037 5229 Hieronymus,
3065 5173 3219 5228 posse
3244 5166 3298 5214 et
3322 5174 3475 5214 sene:
3502 5157 3599 5212 diu
3618 5156 3692 5211 ivi-

2060 5245 2182 5284 vere
2236 5237 2287 5283 et
2313 5232 2551 5300 juvenes
2607 5229 2711 5284 cito
2766 5228 2929 5300 mori,
2960 5228 3235 5300 eleganter
3287 5229 3418 5284 lusit
3444 5247 3464 5284 :
3488 5229 3693 5284 Iuvenis

2060 5300 2274 5371 quidem
2302 5299 2473 5370 potest
2498 5301 2602 5354 cito
2631 5300 2792 5368 mori,
2824 5299 2917 5355 sed
2943 5316 3109 5355 senem
3137 5299 3235 5354 diu
3264 5301 3444 5356 vicere
3472 5315 3580 5355 non
3601 5314 3690 5371 po-

2060 5378 2174 5427 test.

2130 5445 2202 5509 (e)
2234 5442 2489 5513 Nobiliss_.
2521 5441 2765 5511 femina.
2799 5440 3005 5513 Uxoris
3041 5439 3347 5513 nimirum,
3373 5436 3686 5513 Eginhardi.

2061 5513 2261 5583 Itaque
2293 5528 2424 5583 cum
2456 5511 2665 5583 Lupus
2692 5528 2823 5567 eam
2852 5511 3176 5583 splendidis
3196 5511 3491 5569 natalibus
3519 5515 3687 5583 ortam

2059 5577 2286 5656 prodat,
2318 5577 2578 5656 validum
2611 5577 3195 5656 hincargumentum
3222 5583 3362 5656 peti
3405 5585 3587 5656 potest
3625 5577 3687 5635 ad

2059 5652 2521 5710 conﬁrmandam
2551 5652 2944 5710 narrationém
2965 5652 3687 5711 Chronici'Laurishames-

2063 5742 2167 5781 818.
