3856 6200
144 403 238 468 ιιι

1591 387 2019 453 EPISTOL/E.
2092 394 2095 398 ’

3386 396 3505 456 442
3518 400 3525 411 ’

139 523 928 610 nequaquam'desperaverim
975 526 1131 599 quod
1185 523 1335 595 aliis,
1370 524 1621 581 necdum
1671 525 1749 581 sit
1777 529 1829 595 Α
1858 521 2005 579 ratio
2038 521 2405 595 persuadeat,
2437 520 2675 596 planum
2708 520 2890 598 igitur
2919 526 3007 581 est
3032 524 3346 585 verisimile
3375 543 3504 586 esse

139 629 314 685 datum
344 616 482 676 mihi
511 618 577 672 ut
609 615 846 688 aliquod
893 614 1169 671 solatium
1199 616 1365 672 vobis
1397 614 1746 687 persuadere

137 712 330 791 possim
359 726 391 765 a
418 704 658 763 Domino
708 709 1087 761 reservatum.
1126 703 1355 760 Vilibus
1404 704 1746 776 plerumque

135 800 423 861 remedium
453 794 731 867 qumritur
760 794 913 866 quod
941 793 1382 866 pretiosissimis
1412 798 1468 848 et
1499 793 1641 848 artis
1670 792 1747 845 vi-

133 885 487 968 gilantissima
516 882 857 955 compositis
909 881 1210 954 diligentia
1239 882 1458 938 frustra
1487 881 1589 936 diu
1619 884 1745 936 ten-

135 984 299 1037 tatum
327 978 431 1031 est.
445 973 643 1043 Itaque
675 972 1112 1027 firmamentum
1134 971 1304 1043 justi,
1323 975 1385 1026 ut
1412 970 1575 1026 vobis
1597 968 1751 1025 vide-

133 1073 231 1130 tur,
258 1061 463 1120 doloris
494 1059 669 1116 vestri
707 1059 855 1115 duas
899 1058 960 1113 in
1012 1062 1228 1130 partes,
1279 1057 1558 1131 epistolas
1602 1054 1747 1111 mihi

134 1151 416 1218 reddendo,
443 1148 742 1204 divisistis.
777 1149 879 1203 1ο
908 1149 1123 1203 Earum
1154 1146 1364 1219 prima,
1398 1163 1525 1218 qua:
1578 1150 1634 1201 et
1662 1142 1750 1199 vel

133 1242 380 1306 maxima,
402 1237 500 1293 illa
528 1241 636 1304 est,
660 1237 815 1309 quod
847 1239 979 1292 vota
1004 1240 1198 1293 vestra
1227 1241 1284 1291 et
1312 1252 1466 1308 spes,
1492 1251 1668 1307 quam
1691 1232 1750 1287 in

133 1334 439 1390 sanctorum
469 1332 794 1398 martyrum
826 1324 1242 1381 intercessione
1274 1323 1750 1389 locaveratis,vos

131 1420 266 1478 velut
288 1417 447 1473 irrita
475 1413 824 1471 fefellerunt.
839 1413 1052 1480 Altera,
1068 1431 1193 1486 quae
1216 1413 1475 1487 proxime
1498 1412 1750 1485 primam

131 1507 349 1572 accedit,
372 1503 523 1577 quod
556 1502 796 1559 sinister
824 1502 922 1558 ille
952 1519 1124 1559 casus
1146 1508 1432 1575 quantum
1461 1502 1625 1558 vobis
1648 1501 1753 1555 im-

127 1594 418 1670 portaverit
446 1592 807 1648 incommodi
856 1591 1215 1665 quotidianis
1262 1591 1454 1648 meriti
1505 1589 1753 1663 negotiis

126 1681 548 1759 cogimini,dum
559 1698 662 1738 vos
674 1698 823 1737 onus
834 1681 1288 1738 domesticarum
1307 1679 1754 1753 divinarumque

127 1790 323 1841 rerum,
338 1771 489 1843 quod
512 1768 672 1843 illius
693 1769 1094 1826 memorabilis
1116 1768 1343 1825 femina;
1366 1769 1483 1823 fida
1503 1767 1753 1823 societas

125 1862 235 1920 leve
262 1861 485 1926 fecerat,
517 1859 729 1915 vestris
757 1876 827 1914 ex
857 1862 976 1914 toto
1009 1858 1350 1931 impositum
1390 1874 1456 1913 ac
1485 1856 1752 1913 relictum

130 1949 429 2008 cervicibus
484 1947 699 2004 obruit.
750 1948 969 2003 Revera
1022 1946 1213 2003 valida
1261 1952 1511 2019 utraque
1558 1963 1669 2013 res,
1703 1951 1760 2000 et

127 2055 243 2111 quis
270 2040 474 2111 praeter
503 2036 851 2109 sapientem,
871 2034 970 2107 qui
1001 2036 1243 2091 adversa
1266 2051 1501 2107 quoque
1531 2034 1760 2089 modice

128 2127 258 2183 ferre
283 2123 570 2193 didicerit,
586 2123 751 2180 facile
779 2123 1102 2196 quemlibet
1129 2141 1238 2180 sua
1267 2123 1418 2180 mole
1449 2123 1636 2196 possit
1664 2139 1756 2194 op-

125 2215 377 2288 primere.
409 2215 492 2270 Ac
525 2214 718 2287 primo
749 2213 989 2286 quidem
1020 2230 1201 2285 quam
1232 2213 1508 2286 proposui
1542 2211 1762 2285 pariter

126 2304 360 2360 conabor
404 2319 522 2359 non
575 2302 906 2358 subvertere
956 2318 1022 2357 ac
1059 2301 1295 2374 penitus
1324 2302 1551 2358 auferre
1583 2299 1758 2373 (quod

123 2409 355 2465 prorsus
387 2390 756 2464 impossibile
804 2391 1076 2464 perfectis
1118 2390 1296 2447 etiam
1326 2390 1675 2456 oratoribus,
1709 2380 1758 2444 si

125 2485 321 2549 essent,
351 2479 546 2549 video,
578 2478 764 2536 multo
795 2479 984 2552 magis
1016 2480 1204 2551 mihi),
1238 2480 1338 2536 sed
1370 2484 1634 2546 tenuare,
1658 2479 1763 2533 im-

123 2568 490 2641 becillamque
538 2568 806 2641 inspectu
857 2568 1100 2624 rationis
1151 2568 1397 2624 efﬁcere.
1433 2568 1596 2623 Certe
1626 2567 1762 2622 hinc

124 2657 442 2726 movemini,
479 2661 636 2714 certe
683 2656 820 2713 hinc
867 2656 1192 2724 afficimini,
1243 2657 1398 2729 quod
1445 2673 1548 2712 vos
1595 2672 1764 2712 cassa

122 2750 241 2802 vcta
266 2746 551 2803 frustrata
580 2745 717 2813 sint,
750 2761 816 2801 ac
868 2762 1002 2819 spes
1044 2746 1104 2801 in
1145 2745 1522 2819 martyribus,
1552 2744 1672 2800 imo
1700 2744 1761 2799 in

121 2838 223 2891 Deo
251 2833 365 2891 sita
410 2833 688 2890 illuserit.
721 2833 896 2898 Quasi
943 2851 1078 2890 vero
1134 2834 1192 2889 id
1216 2834 1381 2890 vobis
1410 2832 1765 2889 omnimodis

125 2926 336 2979 constet
356 2924 517 2995 quod
537 2926 837 2996 tantopere
858 2923 1207 2995 poposcistis
1225 2927 1430 2980 vestrae
1451 2922 1766 2993 uxorisque

126 3011 286 3068 saluti
317 3011 669 3069 conducere.
705 3011 868 3078 Quod
900 3029 1040 3068 sane
1087 3011 1137 3067 si
1181 3012 1345 3069 vobis
1394 3010 1538 3067 satis
1569 3011 1765 3085 explo-

126 3106 303 3159 ratum
332 3102 573 3170 fuisset,
601 3100 840 3159 acrioris
863 3102 1131 3175 justique
1162 3100 1378 3158 doloris
1405 3100 1613 3173 ingens
1638 3115 1767 3156 esse

119 3191 415 3248 videbatur
436 3191 649 3259 fomes,
665 3191 806 3246 dum
827 3208 929 3248 vos
951 3208 1067 3247 non
1098 3189 1267 3265 quasi
1297 3189 1487 3245 filium
1520 3189 1767 3261 corripe-

1855 628 1972 667 non
2003 610 2085 666 illi
2120 611 2346 667 feminae
2375 613 2690 669 venerabili
2722 612 2935 684 solum,
2971 615 3069 671 sed
3119 615 3294 673 etiam
3342 619 3533 675 vobis‘

1855 717 1890 756 a
1905 700 2021 755 Deo
2047 716 2326 773 magnum
2350 701 2628 773 quiddam
2650 703 2993 774 praestitum,
3010 698 3152 759 dum
3171 707 3325 777 quod
3341 703 3504 765 vehis

1855 787 2189 861 eligendum
2224 788 2411 844 fuerat
2441 788 2566 860 ipse
2597 788 2750 844 ultro
2800 789 3129 862 ingesserit,
3164 808 3504 866 quanquam

1856 875 2102 945 occulto,
2136 877 2379 932 minime
2418 882 2614 933 tamen
2659 878 2878 949 injuste
2920 879 3167 950 judicio.
3220 881 3382 938 Certe
3408 882 3507 939 illa

1857 968 1915 1019 et
1943 963 1992 1019 si
2020 982 2090 1021 ex
2107 970 2297 1022 vestro
2328 967 2617 1022 consortio
2646 966 2835 1022 multa
2862 967 3162 1036 didicerat,
3192 968 3274 1025 ita
3304 977 3370 1027 ut
3392 989 3506 1028 non

1857 1053 1950 1108 sui
1982 1070 2155 1110 sexus
2188 1056 2380 1123 modo,
2415 1072 2613 1111 verum
2647 1055 2821 1111 etiam
2854 1058 3087 1113 turbam
3116 1058 3372 1115 virorum
3399 1078 3509 1117 sua

1856 1140 2075 1215 insigni
2120 1144 2430 1216 prudentia
2472 1144 2752 1217 gravitate
2801 1149 2975 1217 atque
3024 1147 3345 1216 honestate,
3379 1167 3507 1222 quae

1859 1246 1952 1286 res
1997 1248 2271 1303 magnam
2317 1233 2444 1288 vitae
2503 1233 2775 1288 humanae
2820 1234 3090 1290 tribuunt
3137 1236 3506 1311 dignitatem,

1859 1318 2031 1392 longe
2061 1326 2459 1393 superaret,ac
2482 1339 2720 1394 corpore
2742 1323 2976 1392 femina,
3010 1325 3207 1382 animo
3237 1326 3295 1383 in
3317 1328 3508 1383 virum

1860 1409 2202 1481 profecerat,
2220 1411 2291 1465 ad
2315 1410 2611 1483 sapientiae
2633 1416 2836 1467 vestrae
2868 1412 3171 1487 fastigium
3203 1433 3508 1490 nunquam

1860 1498 2094 1570 penitus
2124 1500 2461 1572 aspirasset,
2479 1517 2780 1573 nunquam
2803 1504 3031 1557 tantum
3055 1504 3234 1559 robur
3254 1522 3513 1579 semper-

1862 1602 1975 1659 que
2007 1586 2280 1656 similem,
2298 1606 2475 1661 quam
2506 1588 2565 1644 in
2588 1589 2752 1646 vobis
2776 1591 3153 1663 singulariter
3182 1593 3284 1651 12
3308 1612 3514 1652 omnes

1863 1676 2173 1746 mirantur,
2224 1678 2613 1734 constantiam
2665 1678 2817 1735 ullis.
2851 1697 3111 1753 unquam
3159 1684 3514 1755 profectibus

1862 1765 2226 1838 mquavisset.
2262 1768 2597 1840 Nunquam,
2632 1768 2680 1824 si
2711 1769 3146 1843 supervixisset,
3166 1775 3396 1829 tantum
3426 1790 3519 1829 ve-

1864 1857 2000 1909 strm
2031 1860 2321 1927 quantum
2351 1873 2454 1913 vos
2483 1861 2541 1912 et
2569 1856 2730 1913 illius
2760 1862 2817 1913 et
2844 1862 3048 1914 vestrae
3080 1866 3373 1933 perpetuae
3422 1879 3517 1919 sa-

1866 1940 1975 1997 luti
2007 1959 2319 2015 procurare
2348 1944 2657 2017 potuisset.
2692 1947 2772 2001 Ac
2794 1963 2896 2018 per
2924 1946 3051 2015 hoc,
3069 1949 3348 2019 quoniam
3374 1951 3516 2007 dum

1867 2031 1929 2085 in
1959 2030 2067 2086 hoc
2114 2032 2305 2106 fragili
2349 2050 2655 2090 versamur
2701 2051 2960 2106 corpore,
2994 2036 3153 2091 omni
3214 2040 3519 2109 perturba-

1868 2119 2026 2176 tione
2053 2120 2135 2175 ita
2162 2138 2365 2177 vacare
2396 2139 2511 2178 non
2545 2139 2861 2195 possumus
2892 2123 3038 2195 quin
3070 2124 3384 2198 aliquando
3413 2127 3518 2184 ali-

1870 2226 1988 2280 qua
2015 2209 2379 2281 aegritudinis
2428 2210 2697 2268 molestia
2745 2212 3105 2284 quatiamur,
3137 2215 3292 2286 quod
3348 2233 3521 2288 posse

1869 2297 2114 2370 sapienti
2149 2299 2481 2372 contingere
2504 2299 2831 2372 philosophi
2860 2304 3209 2373 putaverunt
3227 2303 3337 2360 hoc
3354 2304 3521 2362 vobis

1868 2387 2097 2443 evenire
2125 2392 2341 2460 optem,
2359 2393 2427 2443 ut
2447 2405 2619 2444 casus
2648 2390 2944 2456 adversos,
2966 2394 3032 2445 ut
3060 2390 3251 2463 primo
3282 2398 3520 2466 aspectu

1869 2479 2128 2547 apparet,
2161 2477 2377 2548 quibus
2404 2478 2578 2550 vulgo
2606 2477 2827 2533 inculta
2848 2478 3183 2535 mortalium
3207 2481 3523 2539 multitudo

1870 2564 2411 2642 sub_ruitur,vestras
2444 2567 2657 2622 mentis
2689 2568 2976 2640 sapientia
2999 2569 3219 2625 sensim
3240 2570 3519 2641 emolliat,

1870 2652 1987 2708 imo
2017 2654 2223 2709 divina:
2253 2654 2537 2711 voluntati
2565 2659 2816 2712 vestram
2845 2661 3258 2730 contemperet.
3278 2660 3520 2727 Deinde,

1873 2741 2012 2814 quia
2040 2742 2169 2798 vita;
2199 2743 2378 2814 huius
2404 2745 2856 2801 obscurissimas
2909 2746 3178 2803 tenebras
3209 2765 3401 2805 sermo
3433 2750 3523 2806 di-

1870 2830 2042 2887 vinus
2072 2831 2313 2888 irradiat
2334 2834 2504 2904 juxta
2532 2833 2674 2889 illud
2701 2851 2713 2888 :
2744 2836 2986 2890 Lucerna
3011 2836 3236 2906 pedibus
3254 2841 3391 2894 meis
3410 2856 3526 2895 ver-

1874 2921 2002 2975 bum
2032 2927 2205 2989 tuum,
2239 2930 2292 2977 et
2321 2923 2505 2978 lumen
2531 2925 2739 2979 semitis
2767 2925 2902 2978 meis
2933 2924 3100 2996 (Psal.
3134 2926 3345 2995 cxvm),
3375 2944 3525 3000 quo-

1874 3010 2046 3064 modo
2066 3008 2193 3082 ipse
2215 3011 2423 3066 formet
2438 3011 2705 3067 eamdem
2722 3011 2902 3067 vitam
2924 3012 3158 3085 penitus
3174 3012 3523 3073 intuendum

1873 3102 1979 3153 est.
2013 3097 2303 3154 Nimirum
2334 3100 2392 3154 in
2426 3100 2729 3157 Dominica
2774 3100 3034 3157 oratione
3075 3102 3331 3175 quotidie
3377 3105 3525 3161 dici-

1874 3203 2049 3243 mus:
2084 3190 2205 3243 Fiat
2240 3189 2491 3244 voluntas
2538 3198 2651 3259 tua,
2699 3189 2919 3246 scilicet
2965 3207 3079 3246 non
3132 3195 3349 3262 nostra,
3396 3208 3559 3266 quae

120 3280 330 3345 ret,sed
359 3279 550 3336 veluti
577 3277 639 3334 in
671 3279 1067 3335 adversarium
1099 3279 1294 3334 divina
1323 3296 1571 3335 censura
1596 3279 1771 3335 desee-
1799 3281 1841 3348 C
1874 3276 2079 3350 ignara
2108 3294 2304 3333 rerum
2337 3277 2448 3333 sibi
2495 3277 2822 3333 salubrium
2872 3278 2991 3334 falli
3041 3281 3391 3353 consuescit,
3424 3283 3524 3339 sed

114 3368 298 3425 visset.
317 3370 599 3425 Attamen
631 3370 714 3425 sic
747 3385 979 3442 quoque
1005 3385 1120 3424 non
1151 3368 1572 3441 desperationis
1601 3369 1765 3422 bara-

116 3456 304 3514 thrum
336 3459 745 3527 subeundum,
779 3458 879 3514 sed
927 3457 1200 3513 divinitas
1238 3457 1468 3513 infensa
1496 3457 1768 3529 precibus

113 3545 359 3603 assiduis
405 3563 477 3602 ac
529 3547 853 3603 summissa
902 3546 1093 3601 fuerat
1136 3546 1421 3601 flectenda
1467 3545 1763 3618 patientia.

114 3634 266 3691 Nunc
295 3639 504 3691 autem
538 3653 672 3691 cum
701 3636 857 3691 Deus
886 3652 1090 3691 omnes
1118 3634 1386 3690 homines
1417 3634 1608 3690 salvos
1630 3622 1769 3690 velit

110 3722 329 3791 fieri,ac
359 3724 424 3780 in
457 3724 701 3780 nomine
721 3723 1048 3797 ipsius,qui
1068 3723 1332 3779 Salvator
1351 3723 1765 3789 dicitur,nemo

110 3811 358 3884 postulet
388 3813 512 3870 nisi
546 3812 648 3885 qui
678 3813 924 3886 proprias
973 3811 1150 3868 saluti
1179 3812 1440 3885 proficua
1470 3812 1762 3885 flagitarit,

110 3916 355 3975 cumque
395 3919 508 3959 vos
536 3901 599 3957 in
630 3902 866 3959 nomine
897 3900 1212 3957 Salvatoris
1241 3900 1415 3973 plena
1442 3902 1556 3956 fide
1586 3902 1764 3974 petie-

107 3990 249 4058 ritis,
280 3990 423 4063 quis
466 4007 587 4046 non
618 3990 889 4063 opinetur
918 4006 1035 4045 non
1063 3992 1159 4045 11
1195 3989 1496 4045 exauditos
1527 3989 1764 4061 quidem

104 4094 197 4134 vos
224 4080 297 4135 ad
347 4078 683 4153 temporale
712 4082 934 4145 votum,
965 4078 1268 4134 exauditos
1301 4081 1496 4133 autem
1529 4078 1602 4132 ad
1633 4093 1764 4149 per-

101 4171 333 4239 petuam
367 4168 633 4225 salutem
651 4168 679 4222 ?
698 4168 817 4240 Ego
847 4166 1018 4240 plane
1048 4166 1388 4222 firmissime
1416 4165 1763 4222 crediderim

102 4260 153 4312 et
179 4259 343 4314 vobis
375 4261 440 4315 et
468 4256 638 4313 uxori
668 4257 798 4329 ejus
818 4257 995 4313 etiam
1020 4256 1338 4311 immaturo
1370 4272 1611 4311 excessu
1632 4272 1765 4311 con-

97 4346 335 4404 sultum.
351 4346 638 4412 Quaeritis
659 4346 1157 4418 quemadmodum
1171 4345 1199 4400 ‘I
1218 4345 1437 4417 Nempe
1459 4345 1613 4417 quod
1636 4361 1767 4400 con-

91 4435 255 4510 juge:
285 4453 361 4493 ex
381 4436 629 4492 duobus
647 4434 991 4507 corporibus
1014 4433 1073 4489 in
1095 4450 1273 4488 unam
1296 4433 1514 4489 redacti
1536 4450 1765 4506 compa-

94 4540 239 4596 gem,
286 4524 438 4581 licet
492 4522 951 4581 concordissime
995 4523 1265 4589 vixerint,
1297 4540 1413 4578 non
1458 4539 1577 4578 una
1604 4522 1761 4579 letho

1876 3375 1993 3432 tua,
2027 3384 2177 3438 quae,
2209 3370 2410 3439 utpote
2461 3366 2582 3434 Dei,
2636 3367 2833 3423 futura
2881 3369 3209 3440 praenoscit.
3263 3369 3528 3427 Salvator

1877 3472 2106 3528 quoque
2138 3461 2337 3512 noster
2378 3456 2651 3529 passione
2680 3455 3056 3529 impendente
3089 3475 3222 3514 cum
3263 3459 3525 3530 dixisset,

1873 3546 2059 3613 Pater,
2088 3547 2140 3600 si
2166 3547 2290 3617 ﬁeri
2314 3552 2507 3617 potest,
2540 3553 2782 3601 transeat
2809 3563 2841 3601 a
2862 3563 2950 3602 me
2994 3549 3147 3603 calix
3194 3550 3292 3604 iste
3323 3549 3526 3621 (Matth.

1874 3637 2072 3703 xxvn),
2087 3635 2377 3707 assumpti
2395 3634 2648 3690 hominis
2666 3634 3226 3705 infirmitatem,imo
3243 3639 3532 3695 membro-

1875 3740 2006 3778 rum
2034 3728 2547 3796 suorum,propter
2574 3724 2729 3795 quod
2762 3724 2831 3779 ad
2868 3723 2976 3781 has
2998 3742 3198 3798 preces
3220 3726 3533 3784 descende-

1875 3816 1982 3880 rat,
2017 3811 2481 3868 imbecillitatem
2528 3812 2613 3868 sic
2659 3812 2857 3868 divina
2898 3814 3112 3870 virtute
3156 3815 3479 3872 consolidat
3513 3833 3527 3871 :

1878 3906 2263 3957 Verumtamen
2290 3917 2401 3956 non
2429 3904 2573 3957 sicut
2600 3917 2693 3972 ego
2726 3902 2861 3968 volo,
2893 3901 2985 3957 sed
3012 3903 3156 3957 sicut
3185 3910 3264 3959 tu.
3299 3903 3533 3960 Scilicet

1874 3989 2070 4045 fallere
2100 3989 2341 4061 fallique
2360 3989 2594 4044 nescius
2620 3988 2920 4061 magister,
2939 3990 3093 4062 quod
3117 3990 3272 4046 Deus
3293 4008 3400 4047 suo
3421 4009 3530 4049 nos

1874 4076 2137 4150 exemplo
2167 4076 2423 4132 instituit
2450 4080 2517 4132 ut
2554 4092 2691 4131 cum
2742 4077 2984 4133 adversa
3027 4083 3320 4151 urgerent,
3348 4079 3433 4135 sic
3461 4096 3531 4136 ea

1873 4165 2158 4239 depellere
2188 4164 2461 4237 precibus
2492 4181 2859 4232 conaremur,
2880 4169 2946 4220 ut
2978 4166 3037 4222 in
3068 4166 3162 4226 his
3190 4166 3365 4224 etiam
3399 4185 3532 4224 con-

1875 4260 1962 4311 tra
1991 4258 2260 4314 nostrum
2290 4258 2489 4309 votum
2521 4255 2649 4326 ejus
2676 4254 2800 4310 fieri
2823 4253 3183 4312 voluntatem
3216 4256 3531 4314 salubriter

1872 4344 2377 4416 amplccteremur.
2430 4341 2705 4411 Recolite,
2769 4358 2986 4415 quaeso,
3038 4344 3306 4413 Paulum,
3357 4348 3529 4419 cujus

1872 4437 2035 4489 tanta
2067 4437 2192 4489 erat
2233 4431 2549 4488 eminentia
2599 4435 2665 4486 ut
2693 4431 2751 4486 in
2783 4431 3020 4487 tertium
3064 4436 3268 4504 raptus
3315 4434 3526 4491 omium

1873 4522 2122 4579 audierit
2152 4523 2251 4578 13
2274 4538 2488 4577 arcana
2506 4520 2681 4576 verba
2702 4523 2917 4575 sancta
2938 4519 3237 4577 Trinitatis
3260 4538 3386 4593 quae
3413 4540 3525 4579 non

95 4613 518 4682 resolvuntur;
552 4618 609 4670 et
636 4616 927 4685 quantum
959 4612 1032 4667 ad
1062 4611 1348 4667 usitatum
1378 4616 1600 4667 natura:
1632 4628 1762 4684 per-
1794 4638 1840 4703 Β
1873 4611 2007 4668 licet
2059 4610 2281 4667 homini
2326 4610 2508 4682 loqui,
2542 4613 2741 4665 tamen
2764 4609 3086 4703 Dominum
3120 4626 3318 4667 orasse
3348 4628 3463 4683 quo
3494 4630 3529 4669 a

92 4700 230 4758 tinet
257 4702 575 4771 ordinem,
607 4717 845 4758 necesse
901 4705 990 4756 est
1018 4716 1207 4756 unum
1237 4699 1401 4756 alteri
1432 4716 1758 4773 superesse.

90 4789 229 4846 Hinc
250 4794 391 4864 jam
426 4796 630 4847 vestra
672 4790 984 4862 prudentia
1032 4788 1305 4862 intelligit
1350 4790 1585 4861 quando
1630 4807 1761 4846 sen-

88 4879 263 4936 tentia
294 4880 361 4936 in
396 4879 709 4937 hominem
741 4878 1023 4934 divinitus
1050 4876 1286 4946 emissa,
1323 4880 1485 4933 Terra
1513 4894 1588 4946 es,
1621 4887 1672 4934 et
1702 4881 1759 4934 in

83 4974 286 5024 terram
318 4971 441 5025 ibis
480 4968 632 5041 (Gen.
663 4972 771 5037 In),
805 4968 1025 5023 differri
1068 4966 1503 5040 aliquantulum
1548 4971 1760 5039 potest,

80 5055 135 5112 in
167 5061 545 5132 perpetuum
577 5062 774 5114 autem
803 5056 973 5113 vitari
1003 5073 1116 5113 non
1150 5059 1359 5128 potest,
1392 5056 1526 5112 fidis
1555 5061 1760 5128 optan-

80 5145 218 5203 dum
248 5147 654 5220 conjugibus,
688 5164 823 5202 cum
855 5149 985 5202 uter
1013 5162 1214 5202 eorum
1247 5161 1630 5201 remansurus
1662 5146 1757 5215 sit,

79 5250 208 5292 eum
239 5237 376 5294 fore
411 5236 799 5309 superstitem
829 5235 930 5308 qui
960 5234 1036 5290 sit
1064 5238 1121 5290 et
1149 5234 1221 5289 ad
1248 5232 1640 5291 calamitatem
1669 5233 1755 5290 fe-

78 5326 325 5382 rendam
382 5324 695 5382 robustior
722 5329 781 5380 et
809 5325 882 5380 ad
907 5325 1072 5396 justa
1100 5324 1172 5379 de
1220 5340 1381 5380 more
1428 5323 1756 5380 Christiano

76 5414 347 5470 curanda
378 5413 587 5487 magis
612 5412 882 5470 idoneus.
916 5413 1042 5468 Non
1075 5412 1231 5468 enim
1264 5429 1405 5468 sexu
1432 5412 1757 5468 differentia

70 5501 335 5571 virtutis,
368 5502 491 5559 sed
516 5502 713 5558 animo
743 5501 1026 5574 capienda
1052 5505 1159 5558 est.
1182 5500 1409 5573 Alioqui
1444 5516 1559 5555 non
1588 5500 1755 5557 video

72 5588 337 5664 religiosi
356 5592 655 5665 conjuges
671 5591 1167 5663 quemadmodum
1186 5589 1298 5644 sibi
1315 5589 1542 5644 sincero
1558 5605 1754 5647 amore

68 5677 341 5739 devincti
367 5679 527 5736 sint.
572 5683 717 5736 Cum
761 5679 883 5736 hinc
930 5680 1012 5735 ita
1056 5696 1120 5735 se
1168 5677 1383 5733 habere
1426 5676 1757 5734 indubitata

1872 4717 1934 4757 se
1950 4699 2224 4773 angelum
2247 4700 2499 4765 Satanae,
2513 4715 2546 4753 a
2567 4714 2684 4771 quo
2706 4697 3116 4765 tribulabatur,
3132 4698 3521 4768 submoveret,

1871 4806 1977 4846 nec
2007 4788 2333 4845 obtinuisse
2363 4788 2516 4860 quod
2542 4786 2739 4854 voluit,
2774 4787 2875 4843 sed
2905 4788 3058 4861 quod
3091 4785 3327 4859 profuit.
3351 4788 3527 4845 Revo-

1870 4883 1994 4934 cate
2026 4878 2085 4932 in
2107 4877 2453 4933 memoriam
2475 4876 3085 4948 Davidem,quatenus
3118 4893 3179 4932 se
3211 4892 3315 4949 pro
3346 4876 3525 4951 impe-

1868 4968 2080 5023 tranda
2109 4966 2227 5022 filio
2248 4965 2365 5020 vita
2384 4965 2713 5020 macerarit.
2730 4966 2799 5020 Et
2818 4969 2971 5021 certe
2992 4982 3125 5021 cum
3149 4969 3349 5022 tantus
3369 4972 3527 5023 esset

1868 5056 2171 5129 propheta,
2203 5072 2275 5110 ne
2303 5070 2651 5125 responsum
2693 5054 2931 5125 quidem
2962 5054 3228 5110 divinum
3256 5057 3378 5110 tam
3408 5055 3524 5110 im-

1869 5146 2028 5201 mani
2066 5144 2362 5200 confectus
2394 5158 2640 5198 maerore
2670 5142 3009 5214 promeruit.
3043 5144 3392 5215 Quaecunque
3420 5161 3524 5199 au-

1865 5242 1971 5290 tem
1997 5233 2203 5305 scripta
2231 5238 2379 5297 sunt,
2414 5230 2485 5286 ad
2512 5238 2760 5286 nostram
2804 5231 3108 5286 doctrinam
3136 5233 3342 5304 scripta
3369 5240 3518 5299 sunt,

1864 5331 1924 5378 ut
1947 5339 2047 5394 per
2071 5322 2395 5392 patientiam
2423 5327 2474 5374 et
2492 5319 2912 5375 consolationem
2941 5319 3356 5391 Scripturarum
3374 5337 3524 5392 spem

1864 5413 2158 5466 habeamus
2179 5409 2348 5481 (Rom.
2376 5408 2491 5477 xv).
2516 5408 2664 5479 Ergo
2698 5408 3036 5479 perpendite
3067 5407 3322 5480 qualiter
3339 5409 3519 5464 David

1864 5514 2090 5556 cassam
2122 5513 2359 5571 precum
2379 5513 2621 5551 suarum
2645 5500 2915 5567 expertus
2936 5496 3300 5566 instantiam,
3320 5513 3521 5554 conso-

1862 5589 2137 5644 lationem
2159 5586 2383 5642 ratione
2402 5584 3074 5657 perceperit,acjustitise
3095 5586 3194 5641 Dei
3218 5586 3520 5657 subjectus

1862 5676 2164 5734 humiliter
2192 5673 2563 5747 acquieverit.
2592 5673 2718 5730 Non
2748 5674 2890 5731 estis
2918 5677 3041 5733 tam
3071 5675 3326 5734 fundatas
3354 5673 3518 5736 Μὶ-
