  <div class='ocr_page' id='page_1' title='image "/cluster/home/n/w/nwhite01/storage/ocr_20150623/119/uva.x000827049/229.png"; bbox 0 0 3856 6200; ppageno 0'>
   <div class='ocr_carea' id='block_1_1' title="bbox 325 382 443 447">
    <p class='ocr_par' dir='ltr' id='par_1_1' title="bbox 325 382 443 447">
     <span class='ocr_line' id='line_1_1' title="bbox 325 382 443 447; baseline -0.034 0"><span class='ocrx_word' id='word_1_1' title='bbox 325 382 443 447; x_wconf 67' lang='lat'>443</span> 
     </span>
    </p>
   </div>
   <div class='ocr_carea' id='block_1_2' title="bbox 1333 379 2757 446">
    <p class='ocr_par' dir='ltr' id='par_1_2' title="bbox 1333 379 2757 446">
     <span class='ocr_line' id='line_1_2' title="bbox 1333 379 2757 446; baseline 0.001 -5"><span class='ocrx_word' id='word_1_2' title='bbox 1333 379 1402 441; x_wconf 92' lang='lat' dir='ltr'>B.</span> <span class='ocrx_word' id='word_1_3' title='bbox 1450 379 1514 443; x_wconf 93' lang='lat' dir='ltr'>S.</span> <span class='ocrx_word' id='word_1_4' title='bbox 1561 380 1741 443; x_wconf 89' lang='lat' dir='ltr'>LUPI</span> <span class='ocrx_word' id='word_1_5' title='bbox 1785 379 2118 444; x_wconf 83' lang='lat' dir='ltr'>ABBATIS</span> <span class='ocrx_word' id='word_1_6' title='bbox 2164 381 2757 446; x_wconf 81' lang='lat' dir='ltr'>FERRARIENSIS.</span> 
     </span>
    </p>
   </div>
   <div class='ocr_carea' id='block_1_3' title="bbox 3608 384 3719 448">
    <p class='ocr_par' dir='ltr' id='par_1_3' title="bbox 3608 384 3719 448">
     <span class='ocr_line' id='line_1_3' title="bbox 3608 384 3719 448; baseline 0 -3"><span class='ocrx_word' id='word_1_7' title='bbox 3608 384 3719 448; x_wconf 67' lang='grc'>444</span> 
     </span>
    </p>
   </div>
   <div class='ocr_carea' id='block_1_4' title="bbox 327 512 3721 591">
    <p class='ocr_par' dir='ltr' id='par_1_4' title="bbox 327 512 3721 591">
     <span class='ocr_line' id='line_1_4' title="bbox 327 512 3721 591; baseline 0 -16"><span class='ocrx_word' id='word_1_8' title='bbox 327 517 569 575; x_wconf 80' lang='lat' dir='ltr'>tudinis.</span> <span class='ocrx_word' id='word_1_9' title='bbox 605 514 765 583; x_wconf 87' lang='lat' dir='ltr'>Quod</span> <span class='ocrx_word' id='word_1_10' title='bbox 796 513 1031 588; x_wconf 67' lang='lat' dir='ltr'>praefato</span> <span class='ocrx_word' id='word_1_11' title='bbox 1061 512 1280 571; x_wconf 91' lang='lat' dir='ltr'>dictum</span> <span class='ocrx_word' id='word_1_12' title='bbox 1328 518 1417 571; x_wconf 90' lang='lat' dir='ltr'>est</span> <span class='ocrx_word' id='word_1_13' title='bbox 1456 514 1751 587; x_wconf 84' lang='lat' dir='ltr'>Apostolo,</span> <span class='ocrx_word' id='word_1_14' title='bbox 1805 513 1968 570; x_wconf 86' lang='lat' dir='ltr'>vobis</span> <span class='ocrx_word' id='word_1_15' title='bbox 1999 517 2053 583; x_wconf 88' lang='grc' dir='ltr'><strong>Α</strong></span> <span class='ocrx_word' id='word_1_16' title='bbox 2085 531 2186 570; x_wconf 82' lang='lat' dir='ltr'>nec</span> <span class='ocrx_word' id='word_1_17' title='bbox 2217 514 2370 570; x_wconf 86' lang='lat' dir='ltr'>ﬁniri</span> <span class='ocrx_word' id='word_1_18' title='bbox 2403 533 2573 588; x_wconf 84' lang='lat' dir='ltr'><strong>posse</strong></span> <span class='ocrx_word' id='word_1_19' title='bbox 2597 516 2880 573; x_wconf 89' lang='lat' dir='ltr'>videatur.</span> <span class='ocrx_word' id='word_1_20' title='bbox 2914 515 2976 573; x_wconf 90' lang='lat' dir='ltr'>Id</span> <span class='ocrx_word' id='word_1_21' title='bbox 3027 531 3156 574; x_wconf 88' lang='lat' dir='ltr'>esse</span> <span class='ocrx_word' id='word_1_22' title='bbox 3182 516 3561 575; x_wconf 84' lang='lat' dir='ltr'>verissimum</span> <span class='ocrx_word' id='word_1_23' title='bbox 3602 517 3721 591; x_wconf 89' lang='lat' dir='ltr'>ipse</span> 
     </span>
    </p>
   </div>
   <div class='ocr_carea' id='block_1_5' title="bbox 327 606 1976 682">
    <p class='ocr_par' dir='ltr' id='par_1_5' title="bbox 327 606 1976 682">
     <span class='ocr_line' id='line_1_5' title="bbox 327 606 1976 682; baseline -0.004 -16"><span class='ocrx_word' id='word_1_24' title='bbox 327 623 676 682; x_wconf 86' lang='lat' dir='ltr'>responsum</span> <span class='ocrx_word' id='word_1_25' title='bbox 706 606 949 679; x_wconf 80' lang='lat' dir='ltr'>accipite</span> <span class='ocrx_word' id='word_1_26' title='bbox 982 622 995 659; x_wconf 91' lang='lat'>:</span> <span class='ocrx_word' id='word_1_27' title='bbox 1030 606 1247 678; x_wconf 75' lang='lat' dir='ltr'>Sufficit</span> <span class='ocrx_word' id='word_1_28' title='bbox 1302 606 1403 660; x_wconf 89' lang='lat' dir='ltr'>tibi</span> <span class='ocrx_word' id='word_1_29' title='bbox 1430 607 1611 674; x_wconf 86' lang='lat' dir='ltr'>gratia</span> <span class='ocrx_word' id='word_1_30' title='bbox 1641 621 1763 660; x_wconf 73' lang='lat' dir='ltr'>mea</span> <span class='ocrx_word' id='word_1_31' title='bbox 1796 623 1815 659; x_wconf 89' lang='lat'><strong><em>:</em></strong></span> <span class='ocrx_word' id='word_1_32' title='bbox 1844 622 1976 659; x_wconf 83' lang='lat' dir='ltr'>nam</span> 
     </span>
    </p>
   </div>
   <div class='ocr_carea' id='block_1_6' title="bbox 324 693 1972 766">
    <p class='ocr_par' dir='ltr' id='par_1_6' title="bbox 324 693 1972 766">
     <span class='ocr_line' id='line_1_6' title="bbox 324 693 1972 766; baseline -0.005 -10"><span class='ocrx_word' id='word_1_33' title='bbox 324 701 500 756; x_wconf 83' lang='lat' dir='ltr'>virtus</span> <span class='ocrx_word' id='word_1_34' title='bbox 531 700 593 752; x_wconf 89' lang='lat' dir='ltr'>in</span> <span class='ocrx_word' id='word_1_35' title='bbox 624 696 942 766; x_wconf 84' lang='lat' dir='ltr'>inﬁrmitate</span> <span class='ocrx_word' id='word_1_36' title='bbox 965 696 1249 765; x_wconf 83' lang='lat' dir='ltr'>perﬁcitur</span> <span class='ocrx_word' id='word_1_37' title='bbox 1278 694 1351 763; x_wconf 90' lang='lat' dir='ltr'>(II</span> <span class='ocrx_word' id='word_1_38' title='bbox 1381 694 1500 749; x_wconf 84' lang='lat' dir='ltr'>Cor.</span> <span class='ocrx_word' id='word_1_39' title='bbox 1534 693 1972 764; x_wconf 84' lang='lat' dir='ltr'>x11).Siquidcm</span> 
     </span>
    </p>
   </div>
   <div class='ocr_carea' id='block_1_7' title="bbox 325 782 1975 860">
    <p class='ocr_par' dir='ltr' id='par_1_7' title="bbox 325 782 1975 860">
     <span class='ocr_line' id='line_1_7' title="bbox 325 782 1975 860; baseline -0.005 -16"><span class='ocrx_word' id='word_1_40' title='bbox 325 792 381 845; x_wconf 91' lang='lat' dir='ltr'>et</span> <span class='ocrx_word' id='word_1_41' title='bbox 410 788 535 860; x_wconf 91' lang='lat' dir='ltr'>ipse</span> <span class='ocrx_word' id='word_1_42' title='bbox 566 802 874 841; x_wconf 82' lang='lat' dir='ltr'>mcerorem</span> <span class='ocrx_word' id='word_1_43' title='bbox 897 782 1124 854; x_wconf 82' lang='lat' dir='ltr'>scriptae</span> <span class='ocrx_word' id='word_1_44' title='bbox 1147 782 1445 851; x_wconf 87' lang='lat' dir='ltr'>orationis,</span> <span class='ocrx_word' id='word_1_45' title='bbox 1465 782 1512 837; x_wconf 92' lang='lat' dir='ltr'>si</span> <span class='ocrx_word' id='word_1_46' title='bbox 1536 782 1672 854; x_wconf 86' lang='lat' dir='ltr'>quis</span> <span class='ocrx_word' id='word_1_47' title='bbox 1692 782 1739 837; x_wconf 92' lang='lat' dir='ltr'>ei</span> <span class='ocrx_word' id='word_1_48' title='bbox 1773 783 1975 838; x_wconf 89' lang='lat' dir='ltr'>subor-</span> 
     </span>
    </p>
   </div>
   <div class='ocr_carea' id='block_1_8' title="bbox 322 870 1971 942">
    <p class='ocr_par' dir='ltr' id='par_1_8' title="bbox 322 870 1971 942">
     <span class='ocr_line' id='line_1_8' title="bbox 322 870 1971 942; baseline -0.005 -8"><span class='ocrx_word' id='word_1_49' title='bbox 322 881 423 934; x_wconf 89' lang='lat' dir='ltr'>tus</span> <span class='ocrx_word' id='word_1_50' title='bbox 452 877 658 942; x_wconf 82' lang='lat' dir='ltr'>fuerat,</span> <span class='ocrx_word' id='word_1_51' title='bbox 692 874 803 929; x_wconf 92' lang='lat' dir='ltr'>hoc</span> <span class='ocrx_word' id='word_1_52' title='bbox 835 873 1171 929; x_wconf 85' lang='lat' dir='ltr'>admonitus</span> <span class='ocrx_word' id='word_1_53' title='bbox 1215 872 1446 927; x_wconf 91' lang='lat' dir='ltr'>oraculo</span> <span class='ocrx_word' id='word_1_54' title='bbox 1478 870 1635 925; x_wconf 85' lang='lat' dir='ltr'>aliud</span> <span class='ocrx_word' id='word_1_55' title='bbox 1686 875 1971 942; x_wconf 82' lang='lat' dir='ltr'>oportere,</span> 
     </span>
    </p>
   </div>
   <div class='ocr_carea' id='block_1_9' title="bbox 325 958 1973 1039">
    <p class='ocr_par' dir='ltr' id='par_1_9' title="bbox 325 958 1973 1039">
     <span class='ocr_line' id='line_1_9' title="bbox 325 958 1973 1039; baseline -0.006 -16"><span class='ocrx_word' id='word_1_56' title='bbox 325 963 617 1039; x_wconf 81' lang='lat' dir='ltr'>deposuit.</span> <span class='ocrx_word' id='word_1_57' title='bbox 650 960 999 1034; x_wconf 88' lang='lat' dir='ltr'>Hujusmodi</span> <span class='ocrx_word' id='word_1_58' title='bbox 1030 961 1333 1033; x_wconf 71' lang='lat' dir='ltr'>praeceptis</span> <span class='ocrx_word' id='word_1_59' title='bbox 1383 963 1439 1014; x_wconf 90' lang='lat' dir='ltr'>et</span> <span class='ocrx_word' id='word_1_60' title='bbox 1485 958 1766 1031; x_wconf 76' lang='lat' dir='ltr'>exemplis</span> <span class='ocrx_word' id='word_1_61' title='bbox 1796 976 1973 1014; x_wconf 62' lang='lat' dir='ltr'>sacras</span> 
     </span>
    </p>
   </div>
   <div class='ocr_carea' id='block_1_10' title="bbox 325 1049 1977 1127">
    <p class='ocr_par' dir='ltr' id='par_1_10' title="bbox 325 1049 1977 1127">
     <span class='ocr_line' id='line_1_10' title="bbox 325 1049 1977 1127; baseline -0.006 -15"><span class='ocrx_word' id='word_1_62' title='bbox 325 1055 639 1127; x_wconf 69' lang='lat' dir='ltr'>Scriptum</span> <span class='ocrx_word' id='word_1_63' title='bbox 690 1050 947 1123; x_wconf 87' lang='lat' dir='ltr'>capitula</span> <span class='ocrx_word' id='word_1_64' title='bbox 993 1051 1312 1105; x_wconf 82' lang='lat' dir='ltr'>exuberant</span> <span class='ocrx_word' id='word_1_65' title='bbox 1343 1065 1355 1103; x_wconf 93' lang='lat'>:</span> <span class='ocrx_word' id='word_1_66' title='bbox 1392 1066 1540 1120; x_wconf 67' lang='lat' dir='ltr'>quae,</span> <span class='ocrx_word' id='word_1_67' title='bbox 1574 1049 1875 1119; x_wconf 89' lang='lat' dir='ltr'>quoniam,</span> <span class='ocrx_word' id='word_1_68' title='bbox 1910 1052 1977 1102; x_wconf 89' lang='lat' dir='ltr'>ut</span> 
     </span>
    </p>
   </div>
   <div class='ocr_carea' id='block_1_11' title="bbox 324 1138 1974 1216">
    <p class='ocr_par' dir='ltr' id='par_1_11' title="bbox 324 1138 1974 1216">
     <span class='ocr_line' id='line_1_11' title="bbox 324 1138 1974 1216; baseline -0.004 -17"><span class='ocrx_word' id='word_1_69' title='bbox 324 1142 577 1216; x_wconf 82' lang='lat' dir='ltr'>insignis</span> <span class='ocrx_word' id='word_1_70' title='bbox 625 1142 707 1197; x_wconf 86' lang='lat' dir='ltr'>ait</span> <span class='ocrx_word' id='word_1_71' title='bbox 754 1144 922 1212; x_wconf 88' lang='lat' dir='ltr'>poeta</span> <span class='ocrx_word' id='word_1_72' title='bbox 970 1139 1210 1211; x_wconf 84' lang='lat' dir='ltr'>(Virgil.,</span> <span class='ocrx_word' id='word_1_73' title='bbox 1259 1138 1395 1202; x_wconf 68' lang='lat' dir='ltr'>Ecl,</span> <span class='ocrx_word' id='word_1_74' title='bbox 1428 1138 1531 1209; x_wconf 87' lang='lat' dir='ltr'>x):</span> <span class='ocrx_word' id='word_1_75' title='bbox 1578 1139 1696 1193; x_wconf 77' lang='lat' dir='ltr'>Non.</span> <span class='ocrx_word' id='word_1_76' title='bbox 1723 1140 1974 1193; x_wconf 85' lang='lat' dir='ltr'>canimus</span> 
     </span>
    </p>
   </div>
   <div class='ocr_carea' id='block_1_12' title="bbox 322 1226 1971 1302">
    <p class='ocr_par' dir='ltr' id='par_1_12' title="bbox 322 1226 1971 1302">
     <span class='ocr_line' id='line_1_12' title="bbox 322 1226 1971 1302; baseline -0.005 -14"><span class='ocrx_word' id='word_1_77' title='bbox 322 1232 526 1299; x_wconf 81' lang='lat' dir='ltr'>surdis,</span> <span class='ocrx_word' id='word_1_78' title='bbox 545 1228 991 1302; x_wconf 81' lang='lat' dir='ltr'>epistolarisque</span> <span class='ocrx_word' id='word_1_79' title='bbox 1020 1230 1276 1283; x_wconf 77' lang='lat' dir='ltr'><strong>coarctat</strong></span> <span class='ocrx_word' id='word_1_80' title='bbox 1300 1226 1591 1299; x_wconf 80' lang='lat' dir='ltr'>angustia,</span> <span class='ocrx_word' id='word_1_81' title='bbox 1616 1227 1971 1298; x_wconf 69' lang='lat' dir='ltr'>praeteriens,</span> 
     </span>
    </p>
   </div>
   <div class='ocr_carea' id='block_1_13' title="bbox 320 1314 1973 1388">
    <p class='ocr_par' dir='ltr' id='par_1_13' title="bbox 320 1314 1973 1388">
     <span class='ocr_line' id='line_1_13' title="bbox 320 1314 1973 1388; baseline -0.004 -12"><span class='ocrx_word' id='word_1_82' title='bbox 320 1320 485 1377; x_wconf 87' lang='lat' dir='ltr'>vobis</span> <span class='ocrx_word' id='word_1_83' title='bbox 515 1318 940 1374; x_wconf 87' lang='lat' dir='ltr'>consideranda</span> <span class='ocrx_word' id='word_1_84' title='bbox 971 1314 1571 1388; x_wconf 83' lang='lat' dir='ltr'>relinquo.Sull‘ecerit</span> <span class='ocrx_word' id='word_1_85' title='bbox 1593 1315 1712 1370; x_wconf 67' lang='lat' dir='ltr'>haec</span> <span class='ocrx_word' id='word_1_86' title='bbox 1743 1320 1973 1370; x_wconf 89' lang='lat' dir='ltr'>tantum</span> 
     </span>
    </p>
   </div>
   <div class='ocr_carea' id='block_1_14' title="bbox 321 1403 1971 1487">
    <p class='ocr_par' dir='ltr' id='par_1_14' title="bbox 321 1403 1971 1487">
     <span class='ocr_line' id='line_1_14' title="bbox 321 1403 1971 1487; baseline -0.005 -20"><span class='ocrx_word' id='word_1_87' title='bbox 321 1408 583 1482; x_wconf 85' lang='lat' dir='ltr'>tetigisse</span> <span class='ocrx_word' id='word_1_88' title='bbox 614 1424 740 1479; x_wconf 66' lang='lat' dir='ltr'>quae</span> <span class='ocrx_word' id='word_1_89' title='bbox 772 1405 896 1463; x_wconf 90' lang='lat' dir='ltr'>sola</span> <span class='ocrx_word' id='word_1_90' title='bbox 923 1408 1153 1477; x_wconf 88' lang='lat' dir='ltr'>recepta</span> <span class='ocrx_word' id='word_1_91' title='bbox 1181 1403 1439 1459; x_wconf 81' lang='lat' dir='ltr'>vulneris</span> <span class='ocrx_word' id='word_1_92' title='bbox 1463 1403 1640 1475; x_wconf 92' lang='lat' dir='ltr'>hujus</span> <span class='ocrx_word' id='word_1_93' title='bbox 1660 1408 1971 1487; x_wconf 58' lang='lat' dir='ltr'>tumorem,</span> 
     </span>
    </p>
   </div>
   <div class='ocr_carea' id='block_1_15' title="bbox 324 1491 1975 1572">
    <p class='ocr_par' dir='ltr' id='par_1_15' title="bbox 324 1491 1975 1572">
     <span class='ocr_line' id='line_1_15' title="bbox 324 1491 1975 1572; baseline -0.005 -18"><span class='ocrx_word' id='word_1_94' title='bbox 324 1501 609 1572; x_wconf 88' lang='lat' dir='ltr'>quantum</span> <span class='ocrx_word' id='word_1_95' title='bbox 642 1512 772 1551; x_wconf 87' lang='lat' dir='ltr'>mea</span> <span class='ocrx_word' id='word_1_96' title='bbox 802 1496 912 1550; x_wconf 82' lang='lat' dir='ltr'>fert</span> <span class='ocrx_word' id='word_1_97' title='bbox 940 1493 1152 1566; x_wconf 90' lang='lat' dir='ltr'>opinio,</span> <span class='ocrx_word' id='word_1_98' title='bbox 1175 1492 1431 1548; x_wconf 89' lang='lat' dir='ltr'>mulcere</span> <span class='ocrx_word' id='word_1_99' title='bbox 1455 1497 1629 1564; x_wconf 89' lang='lat' dir='ltr'>atque</span> <span class='ocrx_word' id='word_1_100' title='bbox 1652 1491 1832 1547; x_wconf 89' lang='lat' dir='ltr'>lenire</span> <span class='ocrx_word' id='word_1_101' title='bbox 1860 1491 1975 1547; x_wconf 89' lang='lat' dir='ltr'>lar-</span> 
     </span>
    </p>
   </div>
   <div class='ocr_carea' id='block_1_16' title="bbox 323 1581 1980 1661">
    <p class='ocr_par' dir='ltr' id='par_1_16' title="bbox 323 1581 1980 1661">
     <span class='ocr_line' id='line_1_16' title="bbox 323 1581 1980 1661; baseline -0.002 -18"><span class='ocrx_word' id='word_1_102' title='bbox 323 1587 516 1661; x_wconf 88' lang='lat' dir='ltr'>giente</span> <span class='ocrx_word' id='word_1_103' title='bbox 546 1585 792 1641; x_wconf 74' lang='lat' dir='ltr'>Domino</span> <span class='ocrx_word' id='word_1_104' title='bbox 815 1586 1103 1655; x_wconf 84' lang='lat' dir='ltr'>poterunt.</span> <span class='ocrx_word' id='word_1_105' title='bbox 1121 1582 1467 1653; x_wconf 83' lang='lat' dir='ltr'>Quanquam</span> <span class='ocrx_word' id='word_1_106' title='bbox 1493 1581 1635 1636; x_wconf 91' lang='lat' dir='ltr'>mihi</span> <span class='ocrx_word' id='word_1_107' title='bbox 1658 1581 1846 1637; x_wconf 85' lang='lat' dir='ltr'>multa</span> <span class='ocrx_word' id='word_1_108' title='bbox 1864 1581 1980 1639; x_wconf 89' lang='lat' dir='ltr'>vol.</span> 
     </span>
    </p>
   </div>
   <div class='ocr_carea' id='block_1_17' title="bbox 320 1670 1975 1742">
    <p class='ocr_par' dir='ltr' id='par_1_17' title="bbox 320 1670 1975 1742">
     <span class='ocr_line' id='line_1_17' title="bbox 320 1670 1975 1742; baseline -0.004 -10"><span class='ocrx_word' id='word_1_109' title='bbox 320 1676 477 1732; x_wconf 85' lang='lat' dir='ltr'>venti</span> <span class='ocrx_word' id='word_1_110' title='bbox 509 1674 667 1730; x_wconf 85' lang='lat' dir='ltr'>aliud</span> <span class='ocrx_word' id='word_1_111' title='bbox 699 1672 875 1728; x_wconf 87' lang='lat' dir='ltr'>etiam</span> <span class='ocrx_word' id='word_1_112' title='bbox 908 1675 1194 1739; x_wconf 86' lang='lat' dir='ltr'><strong>occurrat,</strong></span> <span class='ocrx_word' id='word_1_113' title='bbox 1229 1671 1385 1742; x_wconf 91' lang='lat' dir='ltr'>quod</span> <span class='ocrx_word' id='word_1_114' title='bbox 1418 1670 1527 1726; x_wconf 90' lang='lat' dir='ltr'>hoc</span> <span class='ocrx_word' id='word_1_115' title='bbox 1559 1671 1657 1725; x_wconf 90' lang='lat' dir='ltr'>Dei</span> <span class='ocrx_word' id='word_1_116' title='bbox 1680 1670 1975 1741; x_wconf 91' lang='lat' dir='ltr'>judicium</span> 
     </span>
    </p>
   </div>
   <div class='ocr_carea' id='block_1_18' title="bbox 322 1757 1975 1834">
    <p class='ocr_par' dir='ltr' id='par_1_18' title="bbox 322 1757 1975 1834">
     <span class='ocr_line' id='line_1_18' title="bbox 322 1757 1975 1834; baseline -0.006 -12"><span class='ocrx_word' id='word_1_117' title='bbox 322 1762 640 1823; x_wconf 80' lang='lat' dir='ltr'>clementiae</span> <span class='ocrx_word' id='word_1_118' title='bbox 685 1778 863 1834; x_wconf 84' lang='lat' dir='ltr'>quam</span> <span class='ocrx_word' id='word_1_119' title='bbox 912 1760 1227 1815; x_wconf 71' lang='lat' dir='ltr'>iracundia:</span> <span class='ocrx_word' id='word_1_120' title='bbox 1274 1758 1455 1813; x_wconf 88' lang='lat' dir='ltr'>videri</span> <span class='ocrx_word' id='word_1_121' title='bbox 1504 1757 1688 1829; x_wconf 88' lang='lat' dir='ltr'>possit</span> <span class='ocrx_word' id='word_1_122' title='bbox 1719 1758 1975 1814; x_wconf 85' lang='lat' dir='ltr'>certissi-</span> 
     </span>
    </p>
   </div>
   <div class='ocr_carea' id='block_1_19' title="bbox 320 1848 1977 1920">
    <p class='ocr_par' dir='ltr' id='par_1_19' title="bbox 320 1848 1977 1920">
     <span class='ocr_line' id='line_1_19' title="bbox 320 1848 1977 1920; baseline -0.004 -10"><span class='ocrx_word' id='word_1_123' title='bbox 320 1870 484 1910; x_wconf 88' lang='lat' dir='ltr'>mum</span> <span class='ocrx_word' id='word_1_124' title='bbox 518 1849 1118 1909; x_wconf 90' lang='lat' dir='ltr'>documentum.Nam</span> <span class='ocrx_word' id='word_1_125' title='bbox 1138 1848 1276 1920; x_wconf 89' lang='lat' dir='ltr'>quia</span> <span class='ocrx_word' id='word_1_126' title='bbox 1293 1848 1538 1918; x_wconf 84' lang='lat' dir='ltr'>ﬂagellat</span> <span class='ocrx_word' id='word_1_127' title='bbox 1566 1864 1776 1903; x_wconf 86' lang='lat' dir='ltr'>omnem</span> <span class='ocrx_word' id='word_1_128' title='bbox 1795 1849 1977 1918; x_wconf 84' lang='lat' dir='ltr'>ﬁlium</span> 
     </span>
    </p>
   </div>
   <div class='ocr_carea' id='block_1_20' title="bbox 320 1936 1973 2016">
    <p class='ocr_par' dir='ltr' id='par_1_20' title="bbox 320 1936 1973 2016">
     <span class='ocr_line' id='line_1_20' title="bbox 320 1936 1973 2016; baseline -0.004 -17"><span class='ocrx_word' id='word_1_129' title='bbox 320 1960 479 2016; x_wconf 83' lang='lat' dir='ltr'>quem</span> <span class='ocrx_word' id='word_1_130' title='bbox 506 1942 698 2013; x_wconf 88' lang='lat' dir='ltr'>recipit</span> <span class='ocrx_word' id='word_1_131' title='bbox 731 1940 910 2013; x_wconf 86' lang='lat' dir='ltr'>(Hebr.</span> <span class='ocrx_word' id='word_1_132' title='bbox 943 1938 1068 2009; x_wconf 85' lang='lat' dir='ltr'>xu),</span> <span class='ocrx_word' id='word_1_133' title='bbox 1092 1938 1364 1992; x_wconf 77' lang='lat' dir='ltr'>aﬂ‘ectum</span> <span class='ocrx_word' id='word_1_134' title='bbox 1394 1940 1652 1992; x_wconf 87' lang='lat' dir='ltr'>vestrum</span> <span class='ocrx_word' id='word_1_135' title='bbox 1684 1937 1743 1991; x_wconf 91' lang='lat' dir='ltr'>in</span> <span class='ocrx_word' id='word_1_136' title='bbox 1775 1936 1973 1993; x_wconf 80' lang='lat' dir='ltr'>uxoris</span> 
     </span>
    </p>
   </div>
   <div class='ocr_carea' id='block_1_21' title="bbox 321 2026 1971 2098">
    <p class='ocr_par' dir='ltr' id='par_1_21' title="bbox 321 2026 1971 2098">
     <span class='ocr_line' id='line_1_21' title="bbox 321 2026 1971 2098; baseline -0.005 -10"><span class='ocrx_word' id='word_1_137' title='bbox 321 2047 518 2090; x_wconf 87' lang='lat' dir='ltr'>amore</span> <span class='ocrx_word' id='word_1_138' title='bbox 546 2029 789 2085; x_wconf 82' lang='lat' dir='ltr'>forsitan</span> <span class='ocrx_word' id='word_1_139' title='bbox 820 2026 1189 2084; x_wconf 90' lang='lat' dir='ltr'>subdivisum</span> <span class='ocrx_word' id='word_1_140' title='bbox 1220 2042 1336 2081; x_wconf 89' lang='lat' dir='ltr'>non</span> <span class='ocrx_word' id='word_1_141' title='bbox 1379 2042 1613 2096; x_wconf 89' lang='lat' dir='ltr'>passus,</span> <span class='ocrx_word' id='word_1_142' title='bbox 1645 2026 1835 2097; x_wconf 89' lang='lat' dir='ltr'>putari</span> <span class='ocrx_word' id='word_1_143' title='bbox 1868 2043 1971 2098; x_wconf 90' lang='lat' dir='ltr'>po-</span> 
     </span>
    </p>
   </div>
   <div class='ocr_carea' id='block_1_22' title="bbox 320 2114 1970 2183">
    <p class='ocr_par' dir='ltr' id='par_1_22' title="bbox 320 2114 1970 2183">
     <span class='ocr_line' id='line_1_22' title="bbox 320 2114 1970 2183; baseline -0.004 -6"><span class='ocrx_word' id='word_1_144' title='bbox 320 2123 438 2177; x_wconf 89' lang='lat' dir='ltr'>test</span> <span class='ocrx_word' id='word_1_145' title='bbox 468 2119 539 2174; x_wconf 89' lang='lat' dir='ltr'>ad</span> <span class='ocrx_word' id='word_1_146' title='bbox 573 2135 635 2174; x_wconf 90' lang='lat' dir='ltr'>se</span> <span class='ocrx_word' id='word_1_147' title='bbox 666 2116 857 2172; x_wconf 89' lang='lat' dir='ltr'>solum</span> <span class='ocrx_word' id='word_1_148' title='bbox 889 2118 992 2171; x_wconf 77' lang='grc'>14</span> <span class='ocrx_word' id='word_1_149' title='bbox 1021 2116 1343 2171; x_wconf 89' lang='lat' dir='ltr'>amandum</span> <span class='ocrx_word' id='word_1_150' title='bbox 1397 2114 1790 2183; x_wconf 88' lang='lat' dir='ltr'>revocavisse;</span> <span class='ocrx_word' id='word_1_151' title='bbox 1823 2131 1890 2170; x_wconf 89' lang='lat' dir='ltr'>ac</span> <span class='ocrx_word' id='word_1_152' title='bbox 1921 2116 1970 2171; x_wconf 93' lang='lat' dir='ltr'>si</span> 
     </span>
    </p>
   </div>
   <div class='ocr_carea' id='block_1_23' title="bbox 322 2201 1971 2282">
    <p class='ocr_par' dir='ltr' id='par_1_23' title="bbox 322 2201 1971 2282">
     <span class='ocr_line' id='line_1_23' title="bbox 322 2201 1971 2282; baseline -0.003 -18"><span class='ocrx_word' id='word_1_153' title='bbox 322 2209 463 2282; x_wconf 90' lang='lat' dir='ltr'>quid</span> <span class='ocrx_word' id='word_1_154' title='bbox 487 2208 616 2277; x_wconf 84' lang='lat' dir='ltr'>ejus</span> <span class='ocrx_word' id='word_1_155' title='bbox 632 2203 858 2278; x_wconf 89' lang='lat' dir='ltr'>corpori</span> <span class='ocrx_word' id='word_1_156' title='bbox 876 2204 1329 2275; x_wconf 87' lang='lat' dir='ltr'>intemperanter</span> <span class='ocrx_word' id='word_1_157' title='bbox 1343 2201 1638 2275; x_wconf 89' lang='lat' dir='ltr'>diligendo</span> <span class='ocrx_word' id='word_1_158' title='bbox 1660 2202 1794 2275; x_wconf 88' lang='lat' dir='ltr'>plus</span> <span class='ocrx_word' id='word_1_159' title='bbox 1806 2204 1971 2274; x_wconf 89' lang='lat' dir='ltr'>justo</span> 
     </span>
    </p>
   </div>
   <div class='ocr_carea' id='block_1_24' title="bbox 320 2291 1968 2364">
    <p class='ocr_par' dir='ltr' id='par_1_24' title="bbox 320 2291 1968 2364">
     <span class='ocr_line' id='line_1_24' title="bbox 320 2291 1968 2364; baseline -0.004 -9"><span class='ocrx_word' id='word_1_160' title='bbox 320 2316 356 2355; x_wconf 87' lang='lat' dir='ltr'>a</span> <span class='ocrx_word' id='word_1_161' title='bbox 382 2297 545 2354; x_wconf 91' lang='lat' dir='ltr'>vobis</span> <span class='ocrx_word' id='word_1_162' title='bbox 574 2294 874 2351; x_wconf 88' lang='lat' dir='ltr'>indultum</span> <span class='ocrx_word' id='word_1_163' title='bbox 906 2293 1115 2361; x_wconf 86' lang='lat' dir='ltr'>fuerat,</span> <span class='ocrx_word' id='word_1_164' title='bbox 1148 2293 1412 2364; x_wconf 84' lang='lat' dir='ltr'>ejusdem</span> <span class='ocrx_word' id='word_1_165' title='bbox 1455 2291 1713 2364; x_wconf 89' lang='lat' dir='ltr'>corporis</span> <span class='ocrx_word' id='word_1_166' title='bbox 1739 2293 1968 2349; x_wconf 90' lang='lat' dir='ltr'>subtra-</span> 
     </span>
    </p>
   </div>
   <div class='ocr_carea' id='block_1_25' title="bbox 320 2380 1966 2458">
    <p class='ocr_par' dir='ltr' id='par_1_25' title="bbox 320 2380 1966 2458">
     <span class='ocr_line' id='line_1_25' title="bbox 320 2380 1966 2458; baseline -0.002 -15"><span class='ocrx_word' id='word_1_167' title='bbox 320 2387 512 2443; x_wconf 91' lang='lat' dir='ltr'>ctione</span> <span class='ocrx_word' id='word_1_168' title='bbox 542 2383 803 2458; x_wconf 90' lang='lat' dir='ltr'>punisse.</span> <span class='ocrx_word' id='word_1_169' title='bbox 836 2382 1102 2454; x_wconf 84' lang='lat' dir='ltr'>Cumque</span> <span class='ocrx_word' id='word_1_170' title='bbox 1134 2397 1234 2453; x_wconf 91' lang='lat' dir='ltr'>per</span> <span class='ocrx_word' id='word_1_171' title='bbox 1280 2380 1622 2452; x_wconf 89' lang='lat' dir='ltr'>prophetam</span> <span class='ocrx_word' id='word_1_172' title='bbox 1659 2380 1921 2454; x_wconf 90' lang='lat' dir='ltr'>loquitur</span> <span class='ocrx_word' id='word_1_173' title='bbox 1952 2400 1966 2439; x_wconf 93' lang='lat'>:</span> 
     </span>
    </p>
   </div>
   <div class='ocr_carea' id='block_1_26' title="bbox 318 2469 1970 2543">
    <p class='ocr_par' dir='ltr' id='par_1_26' title="bbox 318 2469 1970 2543">
     <span class='ocr_line' id='line_1_26' title="bbox 318 2469 1970 2543; baseline -0.005 -9"><span class='ocrx_word' id='word_1_174' title='bbox 318 2477 437 2534; x_wconf 88' lang='lat' dir='ltr'>Non</span> <span class='ocrx_word' id='word_1_175' title='bbox 463 2480 749 2542; x_wconf 85' lang='lat' dir='ltr'>consurget</span> <span class='ocrx_word' id='word_1_176' title='bbox 777 2471 979 2543; x_wconf 80' lang='lat' dir='ltr'>duplex</span> <span class='ocrx_word' id='word_1_177' title='bbox 998 2471 1282 2526; x_wconf 79' lang='lat' dir='ltr'>tribulatio</span> <span class='ocrx_word' id='word_1_178' title='bbox 1302 2469 1539 2538; x_wconf 81' lang='lat' dir='ltr'>(Nahum</span> <span class='ocrx_word' id='word_1_179' title='bbox 1564 2473 1625 2539; x_wconf 83' lang='lat'>1),</span> <span class='ocrx_word' id='word_1_180' title='bbox 1645 2471 1798 2542; x_wconf 90' lang='lat' dir='ltr'>quod</span> <span class='ocrx_word' id='word_1_181' title='bbox 1831 2471 1970 2526; x_wconf 86' lang='lat' dir='ltr'>LXX</span> 
     </span>
    </p>
   </div>
   <div class='ocr_carea' id='block_1_27' title="bbox 318 2558 1969 2637">
    <p class='ocr_par' dir='ltr' id='par_1_27' title="bbox 318 2558 1969 2637">
     <span class='ocr_line' id='line_1_27' title="bbox 318 2558 1969 2637; baseline -0.003 -16"><span class='ocrx_word' id='word_1_182' title='bbox 318 2564 706 2637; x_wconf 87' lang='lat' dir='ltr'>interpretum</span> <span class='ocrx_word' id='word_1_183' title='bbox 754 2559 838 2617; x_wconf 90' lang='lat' dir='ltr'>sic</span> <span class='ocrx_word' id='word_1_184' title='bbox 884 2558 1169 2632; x_wconf 84' lang='lat' dir='ltr'>expressit</span> <span class='ocrx_word' id='word_1_185' title='bbox 1213 2558 1518 2614; x_wconf 86' lang='lat' dir='ltr'>translatio</span> <span class='ocrx_word' id='word_1_186' title='bbox 1553 2576 1565 2614; x_wconf 92' lang='lat'>:</span> <span class='ocrx_word' id='word_1_187' title='bbox 1598 2560 1720 2615; x_wconf 87' lang='lat' dir='ltr'>Non</span> <span class='ocrx_word' id='word_1_188' title='bbox 1752 2560 1969 2630; x_wconf 86' lang='lat' dir='ltr'>judicat</span> 
     </span>
    </p>
   </div>
   <div class='ocr_carea' id='block_1_28' title="bbox 316 2646 1966 2722">
    <p class='ocr_par' dir='ltr' id='par_1_28' title="bbox 316 2646 1966 2722">
     <span class='ocr_line' id='line_1_28' title="bbox 316 2646 1966 2722; baseline -0.004 -11"><span class='ocrx_word' id='word_1_189' title='bbox 316 2655 458 2711; x_wconf 89' lang='lat' dir='ltr'>Deus</span> <span class='ocrx_word' id='word_1_190' title='bbox 490 2653 572 2709; x_wconf 90' lang='lat' dir='ltr'>bis</span> <span class='ocrx_word' id='word_1_191' title='bbox 601 2654 661 2707; x_wconf 88' lang='lat' dir='ltr'>in</span> <span class='ocrx_word' id='word_1_192' title='bbox 692 2648 1051 2722; x_wconf 86' lang='lat' dir='ltr'>idipsum,hic</span> <span class='ocrx_word' id='word_1_193' title='bbox 1074 2648 1385 2704; x_wconf 88' lang='lat' dir='ltr'>emendare</span> <span class='ocrx_word' id='word_1_194' title='bbox 1403 2646 1679 2721; x_wconf 88' lang='lat' dir='ltr'>dignatus</span> <span class='ocrx_word' id='word_1_195' title='bbox 1699 2653 1789 2704; x_wconf 90' lang='lat' dir='ltr'>est</span> <span class='ocrx_word' id='word_1_196' title='bbox 1811 2651 1966 2721; x_wconf 90' lang='lat' dir='ltr'>quod</span> 
     </span>
    </p>
   </div>
   <div class='ocr_carea' id='block_1_29' title="bbox 318 2736 1964 2805">
    <p class='ocr_par' dir='ltr' id='par_1_29' title="bbox 318 2736 1964 2805">
     <span class='ocr_line' id='line_1_29' title="bbox 318 2736 1964 2805; baseline -0.003 -6"><span class='ocrx_word' id='word_1_197' title='bbox 318 2747 386 2799; x_wconf 92' lang='lat' dir='ltr'>ut</span> <span class='ocrx_word' id='word_1_198' title='bbox 415 2742 592 2798; x_wconf 90' lang='lat' dir='ltr'>homo</span> <span class='ocrx_word' id='word_1_199' title='bbox 621 2738 955 2796; x_wconf 84' lang='lat' dir='ltr'>excessistis</span> <span class='ocrx_word' id='word_1_200' title='bbox 987 2741 1179 2805; x_wconf 89' lang='lat' dir='ltr'>(nemo</span> <span class='ocrx_word' id='word_1_201' title='bbox 1211 2736 1368 2792; x_wconf 89' lang='lat' dir='ltr'>enim</span> <span class='ocrx_word' id='word_1_202' title='bbox 1400 2737 1657 2792; x_wconf 90' lang='lat' dir='ltr'>mundus</span> <span class='ocrx_word' id='word_1_203' title='bbox 1689 2754 1722 2792; x_wconf 89' lang='lat' dir='ltr'>a</span> <span class='ocrx_word' id='word_1_204' title='bbox 1751 2738 1964 2805; x_wconf 88' lang='lat' dir='ltr'>sorde),</span> 
     </span>
    </p>
   </div>
   <div class='ocr_carea' id='block_1_30' title="bbox 317 2826 1966 2904">
    <p class='ocr_par' dir='ltr' id='par_1_30' title="bbox 317 2826 1966 2904">
     <span class='ocr_line' id='line_1_30' title="bbox 317 2826 1966 2904; baseline -0.004 -15"><span class='ocrx_word' id='word_1_205' title='bbox 317 2848 390 2889; x_wconf 85' lang='lat' dir='ltr'>ne</span> <span class='ocrx_word' id='word_1_206' title='bbox 420 2830 557 2904; x_wconf 91' lang='lat' dir='ltr'>quid</span> <span class='ocrx_word' id='word_1_207' title='bbox 589 2828 824 2902; x_wconf 84' lang='lat' dir='ltr'>gravius</span> <span class='ocrx_word' id='word_1_208' title='bbox 845 2827 903 2882; x_wconf 92' lang='lat' dir='ltr'>in</span> <span class='ocrx_word' id='word_1_209' title='bbox 925 2843 1026 2881; x_wconf 91' lang='lat' dir='ltr'>vos</span> <span class='ocrx_word' id='word_1_210' title='bbox 1048 2826 1400 2897; x_wconf 89' lang='lat' dir='ltr'>quandoque</span> <span class='ocrx_word' id='word_1_211' title='bbox 1421 2826 1966 2889; x_wconf 89' lang='lat' dir='ltr'>decerneret.Quare</span> 
     </span>
    </p>
   </div>
   <div class='ocr_carea' id='block_1_31' title="bbox 317 2915 1965 2991">
    <p class='ocr_par' dir='ltr' id='par_1_31' title="bbox 317 2915 1965 2991">
     <span class='ocr_line' id='line_1_31' title="bbox 317 2915 1965 2991; baseline -0.005 -14"><span class='ocrx_word' id='word_1_212' title='bbox 317 2919 418 2977; x_wconf 89' lang='lat' dir='ltr'>Dei</span> <span class='ocrx_word' id='word_1_213' title='bbox 449 2916 718 2991; x_wconf 88' lang='lat' dir='ltr'>amplecti</span> <span class='ocrx_word' id='word_1_214' title='bbox 753 2915 976 2973; x_wconf 89' lang='lat' dir='ltr'>debetis</span> <span class='ocrx_word' id='word_1_215' title='bbox 1008 2915 1357 2970; x_wconf 88' lang='lat' dir='ltr'>immensam</span> <span class='ocrx_word' id='word_1_216' title='bbox 1403 2915 1702 2986; x_wconf 84' lang='lat' dir='ltr'>pietatem,</span> <span class='ocrx_word' id='word_1_217' title='bbox 1736 2915 1834 2987; x_wconf 91' lang='lat' dir='ltr'>qui</span> <span class='ocrx_word' id='word_1_218' title='bbox 1865 2932 1965 2971; x_wconf 89' lang='lat' dir='ltr'>vos</span> 
     </span>
    </p>
   </div>
   <div class='ocr_carea' id='block_1_32' title="bbox 315 3003 1965 3081">
    <p class='ocr_par' dir='ltr' id='par_1_32' title="bbox 315 3003 1965 3081">
     <span class='ocr_line' id='line_1_32' title="bbox 315 3003 1965 3081; baseline -0.004 -15"><span class='ocrx_word' id='word_1_219' title='bbox 315 3026 423 3066; x_wconf 89' lang='lat' dir='ltr'>sua</span> <span class='ocrx_word' id='word_1_220' title='bbox 449 3009 660 3081; x_wconf 90' lang='lat' dir='ltr'>dignos</span> <span class='ocrx_word' id='word_1_221' title='bbox 680 3003 1030 3078; x_wconf 87' lang='lat' dir='ltr'>judicaverit</span> <span class='ocrx_word' id='word_1_222' title='bbox 1066 3003 1440 3070; x_wconf 89' lang='lat' dir='ltr'>correctione,</span> <span class='ocrx_word' id='word_1_223' title='bbox 1473 3020 1651 3075; x_wconf 89' lang='lat' dir='ltr'>quam</span> <span class='ocrx_word' id='word_1_224' title='bbox 1682 3004 1965 3061; x_wconf 80' lang='lat' dir='ltr'>oﬂ‘ensam</span> 
     </span>
    </p>
   </div>
   <div class='ocr_carea' id='block_1_33' title="bbox 315 3092 1963 3168">
    <p class='ocr_par' dir='ltr' id='par_1_33' title="bbox 315 3092 1963 3168">
     <span class='ocr_line' id='line_1_33' title="bbox 315 3092 1963 3168; baseline -0.004 -13"><span class='ocrx_word' id='word_1_225' title='bbox 315 3102 573 3155; x_wconf 88' lang='lat' dir='ltr'>metuere</span> <span class='ocrx_word' id='word_1_226' title='bbox 602 3093 924 3168; x_wconf 77' lang='lat' dir='ltr'>disciplinae</span> <span class='ocrx_word' id='word_1_227' title='bbox 957 3093 1115 3149; x_wconf 90' lang='lat' dir='ltr'>illius</span> <span class='ocrx_word' id='word_1_228' title='bbox 1155 3093 1396 3148; x_wconf 85' lang='lat' dir='ltr'>verbera</span> <span class='ocrx_word' id='word_1_229' title='bbox 1425 3092 1801 3149; x_wconf 85' lang='lat' dir='ltr'>sustinentes.</span> <span class='ocrx_word' id='word_1_230' title='bbox 1834 3095 1963 3160; x_wconf 85' lang='lat' dir='ltr'>Fili,</span> 
     </span>
    </p>
   </div>
   <div class='ocr_carea' id='block_1_34' title="bbox 311 3180 1967 3260">
    <p class='ocr_par' dir='ltr' id='par_1_34' title="bbox 311 3180 1967 3260">
     <span class='ocr_line' id='line_1_34' title="bbox 311 3180 1967 3260; baseline -0.003 -17"><span class='ocrx_word' id='word_1_231' title='bbox 311 3186 505 3260; x_wconf 87' lang='lat' dir='ltr'>inquit</span> <span class='ocrx_word' id='word_1_232' title='bbox 532 3184 831 3250; x_wconf 89' lang='lat' dir='ltr'>Salomon,</span> <span class='ocrx_word' id='word_1_233' title='bbox 860 3182 979 3237; x_wconf 84' lang='lat' dir='ltr'>noli</span> <span class='ocrx_word' id='word_1_234' title='bbox 1006 3181 1228 3251; x_wconf 83' lang='lat' dir='ltr'>deﬁcere</span> <span class='ocrx_word' id='word_1_235' title='bbox 1259 3198 1293 3235; x_wconf 91' lang='lat' dir='ltr'>a</span> <span class='ocrx_word' id='word_1_236' title='bbox 1320 3180 1611 3252; x_wconf 81' lang='lat' dir='ltr'>disciplina</span> <span class='ocrx_word' id='word_1_237' title='bbox 1640 3184 1880 3249; x_wconf 82' lang='lat' dir='ltr'>Domini,</span> <span class='ocrx_word' id='word_1_238' title='bbox 1915 3191 1967 3239; x_wconf 91' lang='lat' dir='ltr'>et</span> 
     </span>
    </p>
   </div>
   <div class='ocr_carea' id='block_1_35' title="bbox 2082 605 3725 681">
    <p class='ocr_par' dir='ltr' id='par_1_35' title="bbox 2082 605 3725 681">
     <span class='ocr_line' id='line_1_35' title="bbox 2082 605 3725 681; baseline 0.003 -22"><span class='ocrx_word' id='word_1_239' title='bbox 2082 605 2510 675; x_wconf 84' lang='lat' dir='ltr'>concesserim;</span> <span class='ocrx_word' id='word_1_240' title='bbox 2544 605 2806 679; x_wconf 91' lang='lat' dir='ltr'>illudque</span> <span class='ocrx_word' id='word_1_241' title='bbox 2858 607 3012 679; x_wconf 89' lang='lat' dir='ltr'>quod</span> <span class='ocrx_word' id='word_1_242' title='bbox 3059 607 3215 663; x_wconf 90' lang='lat' dir='ltr'>inter</span> <span class='ocrx_word' id='word_1_243' title='bbox 3261 607 3376 664; x_wconf 88' lang='lat' dir='ltr'>alia</span> <span class='ocrx_word' id='word_1_244' title='bbox 3425 607 3725 681; x_wconf 82' lang='lat' dir='ltr'>posuistis,</span> 
     </span>
    </p>
   </div>
   <div class='ocr_carea' id='block_1_36' title="bbox 2084 695 3730 767">
    <p class='ocr_par' dir='ltr' id='par_1_36' title="bbox 2084 695 3730 767">
     <span class='ocr_line' id='line_1_36' title="bbox 2084 695 3730 767; baseline 0.003 -19"><span class='ocrx_word' id='word_1_245' title='bbox 2084 710 2199 749; x_wconf 91' lang='lat' dir='ltr'>non</span> <span class='ocrx_word' id='word_1_246' title='bbox 2232 711 2403 766; x_wconf 90' lang='lat' dir='ltr'>posse</span> <span class='ocrx_word' id='word_1_247' title='bbox 2434 712 2536 767; x_wconf 89' lang='lat' dir='ltr'>pro</span> <span class='ocrx_word' id='word_1_248' title='bbox 2566 695 2865 752; x_wconf 85' lang='lat' dir='ltr'>voluntate</span> <span class='ocrx_word' id='word_1_249' title='bbox 2895 695 3193 752; x_wconf 90' lang='lat' dir='ltr'>hominem</span> <span class='ocrx_word' id='word_1_250' title='bbox 3215 695 3399 752; x_wconf 90' lang='lat' dir='ltr'>dolori</span> <span class='ocrx_word' id='word_1_251' title='bbox 3422 698 3602 753; x_wconf 81' lang='lat' dir='ltr'>ﬁnem</span> <span class='ocrx_word' id='word_1_252' title='bbox 3632 697 3730 753; x_wconf 88' lang='lat' dir='ltr'>im-</span> 
     </span>
    </p>
   </div>
   <div class='ocr_carea' id='block_1_37' title="bbox 2084 785 3732 858">
    <p class='ocr_par' dir='ltr' id='par_1_37' title="bbox 2084 785 3732 858">
     <span class='ocr_line' id='line_1_37' title="bbox 2084 785 3732 858; baseline 0.002 -20"><span class='ocrx_word' id='word_1_253' title='bbox 2084 800 2316 855; x_wconf 88' lang='lat' dir='ltr'>ponere,</span> <span class='ocrx_word' id='word_1_254' title='bbox 2338 802 2513 856; x_wconf 88' lang='lat' dir='ltr'>quem</span> <span class='ocrx_word' id='word_1_255' title='bbox 2544 802 2647 840; x_wconf 89' lang='lat' dir='ltr'>nec</span> <span class='ocrx_word' id='word_1_256' title='bbox 2679 785 2968 857; x_wconf 82' lang='lat' dir='ltr'>praesciat,</span> <span class='ocrx_word' id='word_1_257' title='bbox 2987 801 3092 841; x_wconf 91' lang='lat' dir='ltr'>nec</span> <span class='ocrx_word' id='word_1_258' title='bbox 3122 785 3528 841; x_wconf 86' lang='lat' dir='ltr'>imminentem</span> <span class='ocrx_word' id='word_1_259' title='bbox 3562 792 3732 858; x_wconf 84' lang='lat' dir='ltr'>queat</span> 
     </span>
    </p>
   </div>
   <div class='ocr_carea' id='block_1_38' title="bbox 2082 872 3731 947">
    <p class='ocr_par' dir='ltr' id='par_1_38' title="bbox 2082 872 3731 947">
     <span class='ocr_line' id='line_1_38' title="bbox 2082 872 3731 947; baseline 0.002 -21"><span class='ocrx_word' id='word_1_260' title='bbox 2082 872 2355 945; x_wconf 73' lang='lat' dir='ltr'>effugere,</span> <span class='ocrx_word' id='word_1_261' title='bbox 2398 872 2771 929; x_wconf 86' lang='lat' dir='ltr'>vehementer</span> <span class='ocrx_word' id='word_1_262' title='bbox 2815 874 3095 946; x_wconf 91' lang='lat' dir='ltr'>approbo,</span> <span class='ocrx_word' id='word_1_263' title='bbox 3146 875 3407 947; x_wconf 87' lang='lat' dir='ltr'>satisque</span> <span class='ocrx_word' id='word_1_264' title='bbox 3453 873 3731 930; x_wconf 75' lang='lat' dir='ltr'>catholico</span> 
     </span>
    </p>
   </div>
   <div class='ocr_carea' id='block_1_39' title="bbox 2084 960 3731 1036">
    <p class='ocr_par' dir='ltr' id='par_1_39' title="bbox 2084 960 3731 1036">
     <span class='ocr_line' id='line_1_39' title="bbox 2084 960 3731 1036; baseline 0.002 -22"><span class='ocrx_word' id='word_1_265' title='bbox 2084 960 2304 1016; x_wconf 91' lang='lat' dir='ltr'>dictum</span> <span class='ocrx_word' id='word_1_266' title='bbox 2334 962 2581 1017; x_wconf 91' lang='lat' dir='ltr'>intueor.</span> <span class='ocrx_word' id='word_1_267' title='bbox 2601 963 2725 1017; x_wconf 88' lang='lat' dir='ltr'>Non</span> <span class='ocrx_word' id='word_1_268' title='bbox 2747 966 2836 1018; x_wconf 89' lang='lat' dir='ltr'>est</span> <span class='ocrx_word' id='word_1_269' title='bbox 2855 962 3013 1017; x_wconf 89' lang='lat' dir='ltr'>enim</span> <span class='ocrx_word' id='word_1_270' title='bbox 3034 963 3093 1017; x_wconf 87' lang='lat' dir='ltr'>in</span> <span class='ocrx_word' id='word_1_271' title='bbox 3117 966 3398 1036; x_wconf 84' lang='lat' dir='ltr'>potestate</span> <span class='ocrx_word' id='word_1_272' title='bbox 3426 962 3731 1018; x_wconf 88' lang='lat' dir='ltr'>hominum</span> 
     </span>
    </p>
   </div>
   <div class='ocr_carea' id='block_1_40' title="bbox 2079 1050 3735 1124">
    <p class='ocr_par' dir='ltr' id='par_1_40' title="bbox 2079 1050 3735 1124">
     <span class='ocr_line' id='line_1_40' title="bbox 2079 1050 3735 1124; baseline 0.001 -20"><span class='ocrx_word' id='word_1_273' title='bbox 2079 1050 2174 1104; x_wconf 88' lang='lat' dir='ltr'>via</span> <span class='ocrx_word' id='word_1_274' title='bbox 2202 1050 2353 1121; x_wconf 87' lang='lat' dir='ltr'>ejus,</span> <span class='ocrx_word' id='word_1_275' title='bbox 2384 1051 2484 1106; x_wconf 90' lang='lat' dir='ltr'>sed</span> <span class='ocrx_word' id='word_1_276' title='bbox 2516 1068 2551 1106; x_wconf 87' lang='lat' dir='ltr'>a</span> <span class='ocrx_word' id='word_1_277' title='bbox 2579 1051 2824 1107; x_wconf 90' lang='lat' dir='ltr'>Domino</span> <span class='ocrx_word' id='word_1_278' title='bbox 2855 1068 3094 1124; x_wconf 88' lang='lat' dir='ltr'>gressus</span> <span class='ocrx_word' id='word_1_279' title='bbox 3134 1051 3440 1107; x_wconf 90' lang='lat' dir='ltr'>hominum</span> <span class='ocrx_word' id='word_1_280' title='bbox 3471 1051 3735 1123; x_wconf 87' lang='lat' dir='ltr'>dirigun-</span> 
     </span>
    </p>
   </div>
   <div class='ocr_carea' id='block_1_41' title="bbox 2081 1138 3736 1214">
    <p class='ocr_par' dir='ltr' id='par_1_41' title="bbox 2081 1138 3736 1214">
     <span class='ocr_line' id='line_1_41' title="bbox 2081 1138 3736 1214; baseline 0.002 -22"><span class='ocrx_word' id='word_1_281' title='bbox 2081 1141 2196 1205; x_wconf 92' lang='lat' dir='ltr'>tur,</span> <span class='ocrx_word' id='word_1_282' title='bbox 2232 1143 2289 1194; x_wconf 92' lang='lat' dir='ltr'>et</span> <span class='ocrx_word' id='word_1_283' title='bbox 2317 1138 2560 1196; x_wconf 88' lang='lat' dir='ltr'>humani</span> <span class='ocrx_word' id='word_1_284' title='bbox 2589 1138 2828 1195; x_wconf 88' lang='lat' dir='ltr'>libertas</span> <span class='ocrx_word' id='word_1_285' title='bbox 2859 1139 3084 1196; x_wconf 85' lang='lat' dir='ltr'>arbitrii</span> <span class='ocrx_word' id='word_1_286' title='bbox 3113 1146 3243 1214; x_wconf 89' lang='lat' dir='ltr'>eget</span> <span class='ocrx_word' id='word_1_287' title='bbox 3269 1140 3613 1196; x_wconf 90' lang='lat' dir='ltr'>omnimodo</span> <span class='ocrx_word' id='word_1_288' title='bbox 3644 1157 3736 1196; x_wconf 86' lang='lat' dir='ltr'>au-</span> 
     </span>
    </p>
   </div>
   <div class='ocr_carea' id='block_1_42' title="bbox 2081 1225 3737 1301">
    <p class='ocr_par' dir='ltr' id='par_1_42' title="bbox 2081 1225 3737 1301">
     <span class='ocr_line' id='line_1_42' title="bbox 2081 1225 3737 1301; baseline 0.004 -21"><span class='ocrx_word' id='word_1_289' title='bbox 2081 1225 2218 1282; x_wconf 84' lang='lat' dir='ltr'>xilio</span> <span class='ocrx_word' id='word_1_290' title='bbox 2250 1229 2447 1301; x_wconf 70' lang='lat' dir='ltr'>gratia:</span> <span class='ocrx_word' id='word_1_291' title='bbox 2480 1228 2580 1284; x_wconf 91' lang='lat' dir='ltr'>Dei</span> <span class='ocrx_word' id='word_1_292' title='bbox 2607 1246 2620 1295; x_wconf 90' lang='lat'><strong>;</strong></span> <span class='ocrx_word' id='word_1_293' title='bbox 2654 1228 2759 1283; x_wconf 91' lang='lat' dir='ltr'>sed</span> <span class='ocrx_word' id='word_1_294' title='bbox 2792 1227 2964 1300; x_wconf 90' lang='lat' dir='ltr'>plane</span> <span class='ocrx_word' id='word_1_295' title='bbox 3006 1245 3135 1300; x_wconf 67' lang='lat' dir='ltr'>quae</span> <span class='ocrx_word' id='word_1_296' title='bbox 3165 1228 3320 1284; x_wconf 88' lang='lat' dir='ltr'>facta</span> <span class='ocrx_word' id='word_1_297' title='bbox 3349 1232 3491 1285; x_wconf 90' lang='lat' dir='ltr'>sunt</span> <span class='ocrx_word' id='word_1_298' title='bbox 3519 1229 3737 1286; x_wconf 79' lang='lat' dir='ltr'>intecta</span> 
     </span>
    </p>
   </div>
   <div class='ocr_carea' id='block_1_43' title="bbox 2083 1317 3735 1389">
    <p class='ocr_par' dir='ltr' id='par_1_43' title="bbox 2083 1317 3735 1389">
     <span class='ocr_line' id='line_1_43' title="bbox 2083 1317 3735 1389; baseline 0.001 -17"><span class='ocrx_word' id='word_1_299' title='bbox 2083 1334 2210 1373; x_wconf 89' lang='lat' dir='ltr'>esse</span> <span class='ocrx_word' id='word_1_300' title='bbox 2244 1334 2360 1372; x_wconf 91' lang='lat' dir='ltr'>non</span> <span class='ocrx_word' id='word_1_301' title='bbox 2396 1322 2662 1389; x_wconf 91' lang='lat' dir='ltr'>possunt,</span> <span class='ocrx_word' id='word_1_302' title='bbox 2710 1334 2813 1373; x_wconf 91' lang='lat' dir='ltr'>nec</span> <span class='ocrx_word' id='word_1_303' title='bbox 2844 1317 3011 1374; x_wconf 92' lang='lat' dir='ltr'>dolor</span> <span class='ocrx_word' id='word_1_304' title='bbox 3039 1334 3306 1374; x_wconf 90' lang='lat' dir='ltr'>revocare</span> <span class='ocrx_word' id='word_1_305' title='bbox 3350 1317 3506 1373; x_wconf 86' lang='lat' dir='ltr'>valet</span> <span class='ocrx_word' id='word_1_306' title='bbox 3555 1318 3735 1374; x_wconf 87' lang='lat' dir='ltr'>semel</span> 
     </span>
    </p>
   </div>
   <div class='ocr_carea' id='block_1_44' title="bbox 2084 1405 3738 1480">
    <p class='ocr_par' dir='ltr' id='par_1_44' title="bbox 2084 1405 3738 1480">
     <span class='ocr_line' id='line_1_44' title="bbox 2084 1405 3738 1480; baseline 0.001 -19"><span class='ocrx_word' id='word_1_307' title='bbox 2084 1405 2389 1479; x_wconf 84' lang='lat' dir='ltr'>praeterita,</span> <span class='ocrx_word' id='word_1_308' title='bbox 2424 1422 2529 1461; x_wconf 88' lang='lat' dir='ltr'>nec</span> <span class='ocrx_word' id='word_1_309' title='bbox 2573 1410 2662 1462; x_wconf 91' lang='lat' dir='ltr'>est</span> <span class='ocrx_word' id='word_1_310' title='bbox 2709 1406 2768 1460; x_wconf 92' lang='lat' dir='ltr'>in</span> <span class='ocrx_word' id='word_1_311' title='bbox 2816 1405 3054 1461; x_wconf 90' lang='lat' dir='ltr'>homine</span> <span class='ocrx_word' id='word_1_312' title='bbox 3101 1407 3258 1463; x_wconf 91' lang='lat' dir='ltr'>unde</span> <span class='ocrx_word' id='word_1_313' title='bbox 3287 1424 3321 1462; x_wconf 86' lang='lat' dir='ltr'>a</span> <span class='ocrx_word' id='word_1_314' title='bbox 3350 1407 3547 1480; x_wconf 87' lang='lat' dir='ltr'>seipse</span> <span class='ocrx_word' id='word_1_315' title='bbox 3580 1412 3738 1480; x_wconf 89' lang='lat' dir='ltr'>petat</span> 
     </span>
    </p>
   </div>
   <div class='ocr_carea' id='block_1_45' title="bbox 2084 1494 3736 1569">
    <p class='ocr_par' dir='ltr' id='par_1_45' title="bbox 2084 1494 3736 1569">
     <span class='ocr_line' id='line_1_45' title="bbox 2084 1494 3736 1569; baseline 0.001 -19"><span class='ocrx_word' id='word_1_316' title='bbox 2084 1495 2389 1551; x_wconf 85' lang='lat' dir='ltr'>auxilium.</span> <span class='ocrx_word' id='word_1_317' title='bbox 2424 1495 2706 1561; x_wconf 88' lang='lat' dir='ltr'>Quocirca</span> <span class='ocrx_word' id='word_1_318' title='bbox 2735 1494 3080 1567; x_wconf 86' lang='lat' dir='ltr'>deprehensi</span> <span class='ocrx_word' id='word_1_319' title='bbox 3125 1495 3489 1567; x_wconf 85' lang='lat' dir='ltr'>quibuslibet</span> <span class='ocrx_word' id='word_1_320' title='bbox 3516 1512 3736 1569; x_wconf 85' lang='lat' dir='ltr'>angus-</span> 
     </span>
    </p>
   </div>
   <div class='ocr_carea' id='block_1_46' title="bbox 2082 1583 3740 1658">
    <p class='ocr_par' dir='ltr' id='par_1_46' title="bbox 2082 1583 3740 1658">
     <span class='ocr_line' id='line_1_46' title="bbox 2082 1583 3740 1658; baseline 0.001 -19"><span class='ocrx_word' id='word_1_321' title='bbox 2082 1584 2332 1656; x_wconf 90' lang='lat' dir='ltr'>tiis,quo</span> <span class='ocrx_word' id='word_1_322' title='bbox 2360 1584 2556 1640; x_wconf 89' lang='lat' dir='ltr'>verius</span> <span class='ocrx_word' id='word_1_323' title='bbox 2581 1600 2688 1639; x_wconf 87' lang='lat' dir='ltr'>nos</span> <span class='ocrx_word' id='word_1_324' title='bbox 2708 1583 2998 1640; x_wconf 88' lang='lat' dir='ltr'>sentimus</span> <span class='ocrx_word' id='word_1_325' title='bbox 3018 1583 3362 1657; x_wconf 81' lang='lat' dir='ltr'>fragiliores,</span> <span class='ocrx_word' id='word_1_326' title='bbox 3379 1583 3489 1641; x_wconf 92' lang='lat' dir='ltr'>hoc</span> <span class='ocrx_word' id='word_1_327' title='bbox 3509 1588 3740 1658; x_wconf 88' lang='lat' dir='ltr'>oportet</span> 
     </span>
    </p>
   </div>
   <div class='ocr_carea' id='block_1_47' title="bbox 2084 1672 3737 1730">
    <p class='ocr_par' dir='ltr' id='par_1_47' title="bbox 2084 1672 3737 1730">
     <span class='ocr_line' id='line_1_47' title="bbox 2084 1672 3737 1730; baseline -0.001 -1"><span class='ocrx_word' id='word_1_328' title='bbox 2084 1672 2330 1729; x_wconf 86' lang='lat' dir='ltr'>celerius</span> <span class='ocrx_word' id='word_1_329' title='bbox 2360 1673 2432 1728; x_wconf 90' lang='lat' dir='ltr'>ad</span> <span class='ocrx_word' id='word_1_330' title='bbox 2466 1673 2671 1729; x_wconf 75' lang='lat' dir='ltr'>divinae</span> <span class='ocrx_word' id='word_1_331' title='bbox 2703 1673 3096 1729; x_wconf 89' lang='lat' dir='ltr'>miserationis</span> <span class='ocrx_word' id='word_1_332' title='bbox 3128 1673 3461 1729; x_wconf 86' lang='lat' dir='ltr'>subsidium</span> <span class='ocrx_word' id='word_1_333' title='bbox 3483 1673 3650 1730; x_wconf 91' lang='lat' dir='ltr'>velut</span> <span class='ocrx_word' id='word_1_334' title='bbox 3670 1674 3737 1730; x_wconf 87' lang='lat' dir='ltr'>ad</span> 
     </span>
    </p>
   </div>
   <div class='ocr_carea' id='block_1_48' title="bbox 2085 1760 3739 1834">
    <p class='ocr_par' dir='ltr' id='par_1_48' title="bbox 2085 1760 3739 1834">
     <span class='ocr_line' id='line_1_48' title="bbox 2085 1760 3739 1834; baseline -0.001 -17"><span class='ocrx_word' id='word_1_335' title='bbox 2085 1766 2318 1833; x_wconf 90' lang='lat' dir='ltr'>portum</span> <span class='ocrx_word' id='word_1_336' title='bbox 2397 1760 2765 1816; x_wconf 89' lang='lat' dir='ltr'>tutissimum</span> <span class='ocrx_word' id='word_1_337' title='bbox 2832 1760 3264 1833; x_wconf 83' lang='lat' dir='ltr'>confugiamus.</span> <span class='ocrx_word' id='word_1_338' title='bbox 3313 1760 3739 1834; x_wconf 83' lang='lat' dir='ltr'>Eleganterque</span> 
     </span>
    </p>
   </div>
   <div class='ocr_carea' id='block_1_49' title="bbox 2084 1849 3742 1906">
    <p class='ocr_par' dir='ltr' id='par_1_49' title="bbox 2084 1849 3742 1906">
     <span class='ocr_line' id='line_1_49' title="bbox 2084 1849 3742 1906; baseline -0.001 -1"><span class='ocrx_word' id='word_1_339' title='bbox 2084 1850 2228 1905; x_wconf 91' lang='lat' dir='ltr'>illud</span> <span class='ocrx_word' id='word_1_340' title='bbox 2261 1850 2481 1906; x_wconf 89' lang='lat' dir='ltr'>dictum</span> <span class='ocrx_word' id='word_1_341' title='bbox 2511 1854 2601 1906; x_wconf 89' lang='lat' dir='ltr'>est</span> <span class='ocrx_word' id='word_1_342' title='bbox 2627 1866 2640 1904; x_wconf 95' lang='lat'>:</span> <span class='ocrx_word' id='word_1_343' title='bbox 2674 1852 2891 1905; x_wconf 84' lang='lat' dir='ltr'>Necesse</span> <span class='ocrx_word' id='word_1_344' title='bbox 2920 1857 2996 1905; x_wconf 88' lang='lat' dir='ltr'>est</span> <span class='ocrx_word' id='word_1_345' title='bbox 3021 1849 3207 1906; x_wconf 83' lang='lat' dir='ltr'>adesse</span> <span class='ocrx_word' id='word_1_346' title='bbox 3232 1849 3489 1905; x_wconf 84' lang='lat' dir='ltr'>divinum</span> <span class='ocrx_word' id='word_1_347' title='bbox 3516 1851 3624 1905; x_wconf 86' lang='lat' dir='ltr'>ubi</span> <span class='ocrx_word' id='word_1_348' title='bbox 3650 1849 3742 1905; x_wconf 84' lang='lat' dir='ltr'>hu-</span> 
     </span>
    </p>
   </div>
   <div class='ocr_carea' id='block_1_50' title="bbox 2077 1937 3738 2012">
    <p class='ocr_par' dir='ltr' id='par_1_50' title="bbox 2077 1937 3738 2012">
     <span class='ocr_line' id='line_1_50' title="bbox 2077 1937 3738 2012; baseline -0.001 -17"><span class='ocrx_word' id='word_1_349' title='bbox 2077 1956 2308 1996; x_wconf 85' lang='lat' dir='ltr'>manum</span> <span class='ocrx_word' id='word_1_350' title='bbox 2334 1947 2505 1996; x_wconf 85' lang='lat' dir='ltr'>cessat</span> <span class='ocrx_word' id='word_1_351' title='bbox 2542 1940 2843 1995; x_wconf 71' lang='lat' dir='ltr'>auxilium.</span> <span class='ocrx_word' id='word_1_352' title='bbox 2877 1939 2993 1994; x_wconf 83' lang='lat' dir='ltr'>Nec</span> <span class='ocrx_word' id='word_1_353' title='bbox 3020 1937 3254 2012; x_wconf 88' lang='lat' dir='ltr'>longus,</span> <span class='ocrx_word' id='word_1_354' title='bbox 3287 1938 3619 1995; x_wconf 90' lang='lat' dir='ltr'>dummodo</span> <span class='ocrx_word' id='word_1_355' title='bbox 3650 1954 3738 1994; x_wconf 84' lang='lat' dir='ltr'>co-</span> 
     </span>
    </p>
   </div>
   <div class='ocr_carea' id='block_1_51' title="bbox 2080 2027 3736 2099">
    <p class='ocr_par' dir='ltr' id='par_1_51' title="bbox 2080 2027 3736 2099">
     <span class='ocr_line' id='line_1_51' title="bbox 2080 2027 3736 2099; baseline 0 -16"><span class='ocrx_word' id='word_1_356' title='bbox 2080 2045 2309 2098; x_wconf 90' lang='lat' dir='ltr'>nemur,</span> <span class='ocrx_word' id='word_1_357' title='bbox 2339 2029 2618 2084; x_wconf 89' lang='lat' dir='ltr'>tercndus</span> <span class='ocrx_word' id='word_1_358' title='bbox 2665 2032 2757 2083; x_wconf 90' lang='lat' dir='ltr'>est</span> <span class='ocrx_word' id='word_1_359' title='bbox 2808 2028 2992 2083; x_wconf 88' lang='lat' dir='ltr'>labor.</span> <span class='ocrx_word' id='word_1_360' title='bbox 3043 2028 3190 2083; x_wconf 89' lang='lat' dir='ltr'>Nam</span> <span class='ocrx_word' id='word_1_361' title='bbox 3239 2027 3341 2099; x_wconf 90' lang='lat' dir='ltr'>qui</span> <span class='ocrx_word' id='word_1_362' title='bbox 3391 2028 3465 2083; x_wconf 92' lang='lat' dir='ltr'>ad</span> <span class='ocrx_word' id='word_1_363' title='bbox 3516 2044 3584 2083; x_wconf 90' lang='lat' dir='ltr'>se</span> <span class='ocrx_word' id='word_1_364' title='bbox 3636 2027 3736 2084; x_wconf 91' lang='lat' dir='ltr'>hoc</span> 
     </span>
    </p>
   </div>
   <div class='ocr_carea' id='block_1_52' title="bbox 2079 2115 3736 2189">
    <p class='ocr_par' dir='ltr' id='par_1_52' title="bbox 2079 2115 3736 2189">
     <span class='ocr_line' id='line_1_52' title="bbox 2079 2115 3736 2189; baseline 0.001 -16"><span class='ocrx_word' id='word_1_365' title='bbox 2079 2118 2251 2174; x_wconf 91' lang='lat' dir='ltr'>modo</span> <span class='ocrx_word' id='word_1_366' title='bbox 2280 2122 2437 2174; x_wconf 88' lang='lat' dir='ltr'>votat</span> <span class='ocrx_word' id='word_1_367' title='bbox 2469 2135 2483 2174; x_wconf 93' lang='lat'>:</span> <span class='ocrx_word' id='word_1_368' title='bbox 2521 2118 2704 2174; x_wconf 79' lang='lat' dir='ltr'>Venite</span> <span class='ocrx_word' id='word_1_369' title='bbox 2747 2116 2817 2172; x_wconf 86' lang='lat' dir='ltr'>ad</span> <span class='ocrx_word' id='word_1_370' title='bbox 2857 2133 2944 2172; x_wconf 88' lang='lat' dir='ltr'>me</span> <span class='ocrx_word' id='word_1_371' title='bbox 2970 2117 3069 2188; x_wconf 91' lang='lat' dir='ltr'>qui</span> <span class='ocrx_word' id='word_1_372' title='bbox 3098 2116 3363 2172; x_wconf 84' lang='lat' dir='ltr'>laboratis</span> <span class='ocrx_word' id='word_1_373' title='bbox 3392 2115 3609 2187; x_wconf 70' lang='lat' dir='ltr'>(Matth.</span> <span class='ocrx_word' id='word_1_374' title='bbox 3641 2118 3736 2189; x_wconf 79' lang='lat' dir='ltr'>xl),</span> 
     </span>
    </p>
   </div>
   <div class='ocr_carea' id='block_1_53' title="bbox 2078 2205 3737 2279">
    <p class='ocr_par' dir='ltr' id='par_1_53' title="bbox 2078 2205 3737 2279">
     <span class='ocr_line' id='line_1_53' title="bbox 2078 2205 3737 2279; baseline -0.001 -16"><span class='ocrx_word' id='word_1_375' title='bbox 2078 2208 2332 2263; x_wconf 88' lang='lat' dir='ltr'>nitentes</span> <span class='ocrx_word' id='word_1_376' title='bbox 2380 2207 2637 2279; x_wconf 85' lang='lat' dir='ltr'>adjuvat,</span> <span class='ocrx_word' id='word_1_377' title='bbox 2669 2206 2742 2262; x_wconf 87' lang='lat' dir='ltr'>ad</span> <span class='ocrx_word' id='word_1_378' title='bbox 2792 2222 2854 2262; x_wconf 91' lang='lat' dir='ltr'>se</span> <span class='ocrx_word' id='word_1_379' title='bbox 2902 2205 3304 2279; x_wconf 86' lang='lat' dir='ltr'>pervenientes</span> <span class='ocrx_word' id='word_1_380' title='bbox 3341 2205 3650 2275; x_wconf 87' lang='lat' dir='ltr'>informat,</span> <span class='ocrx_word' id='word_1_381' title='bbox 3681 2206 3737 2262; x_wconf 91' lang='lat' dir='ltr'>in</span> 
     </span>
    </p>
   </div>
   <div class='ocr_carea' id='block_1_54' title="bbox 2078 2294 3733 2369">
    <p class='ocr_par' dir='ltr' id='par_1_54' title="bbox 2078 2294 3733 2369">
     <span class='ocr_line' id='line_1_54' title="bbox 2078 2294 3733 2369; baseline -0.001 -17"><span class='ocrx_word' id='word_1_382' title='bbox 2078 2313 2140 2352; x_wconf 90' lang='lat' dir='ltr'>se</span> <span class='ocrx_word' id='word_1_383' title='bbox 2168 2299 2576 2369; x_wconf 84' lang='lat' dir='ltr'>permanentes</span> <span class='ocrx_word' id='word_1_384' title='bbox 2606 2294 2809 2368; x_wconf 91' lang='lat' dir='ltr'>procul</span> <span class='ocrx_word' id='word_1_385' title='bbox 2838 2294 3015 2350; x_wconf 91' lang='lat' dir='ltr'>dubio</span> <span class='ocrx_word' id='word_1_386' title='bbox 3056 2298 3316 2350; x_wconf 87' lang='lat' dir='ltr'>coronat.</span> <span class='ocrx_word' id='word_1_387' title='bbox 3350 2296 3543 2362; x_wconf 81' lang='lat' dir='ltr'>Quare</span> <span class='ocrx_word' id='word_1_388' title='bbox 3582 2295 3733 2367; x_wconf 89' lang='lat' dir='ltr'>quod</span> 
     </span>
    </p>
   </div>
   <div class='ocr_carea' id='block_1_55' title="bbox 2077 2381 3733 2455">
    <p class='ocr_par' dir='ltr' id='par_1_55' title="bbox 2077 2381 3733 2455">
     <span class='ocr_line' id='line_1_55' title="bbox 2077 2381 3733 2455; baseline -0.001 -14"><span class='ocrx_word' id='word_1_389' title='bbox 2077 2385 2307 2441; x_wconf 84' lang='lat' dir='ltr'>dixistis</span> <span class='ocrx_word' id='word_1_390' title='bbox 2338 2388 2725 2441; x_wconf 88' lang='lat' dir='ltr'>memoratum</span> <span class='ocrx_word' id='word_1_391' title='bbox 2755 2382 3014 2440; x_wconf 88' lang='lat' dir='ltr'>dolorem</span> <span class='ocrx_word' id='word_1_392' title='bbox 3044 2382 3238 2455; x_wconf 88' lang='lat' dir='ltr'>quoad</span> <span class='ocrx_word' id='word_1_393' title='bbox 3270 2381 3541 2439; x_wconf 88' lang='lat' dir='ltr'>viveretis</span> <span class='ocrx_word' id='word_1_394' title='bbox 3574 2399 3733 2439; x_wconf 83' lang='lat' dir='ltr'>man-</span> 
     </span>
    </p>
   </div>
   <div class='ocr_carea' id='block_1_56' title="bbox 2078 2471 3730 2545">
    <p class='ocr_par' dir='ltr' id='par_1_56' title="bbox 2078 2471 3730 2545">
     <span class='ocr_line' id='line_1_56' title="bbox 2078 2471 3730 2545; baseline -0.002 -15"><span class='ocrx_word' id='word_1_395' title='bbox 2078 2491 2281 2531; x_wconf 91' lang='lat' dir='ltr'>surum</span> <span class='ocrx_word' id='word_1_396' title='bbox 2339 2474 2663 2540; x_wconf 91' lang='lat' dir='ltr'>vobiscum,</span> <span class='ocrx_word' id='word_1_397' title='bbox 2718 2472 3004 2545; x_wconf 82' lang='lat' dir='ltr'>expressit</span> <span class='ocrx_word' id='word_1_398' title='bbox 3045 2471 3155 2528; x_wconf 91' lang='lat' dir='ltr'>hoc</span> <span class='ocrx_word' id='word_1_399' title='bbox 3200 2489 3236 2528; x_wconf 90' lang='lat' dir='ltr'>a</span> <span class='ocrx_word' id='word_1_400' title='bbox 3278 2472 3466 2539; x_wconf 91' lang='lat' dir='ltr'>vobis,</span> <span class='ocrx_word' id='word_1_401' title='bbox 3519 2472 3730 2541; x_wconf 89' lang='lat' dir='ltr'>sentio,</span> 
     </span>
    </p>
   </div>
   <div class='ocr_carea' id='block_1_57' title="bbox 2076 2559 3735 2636">
    <p class='ocr_par' dir='ltr' id='par_1_57' title="bbox 2076 2559 3735 2636">
     <span class='ocr_line' id='line_1_57' title="bbox 2076 2559 3735 2636; baseline -0.001 -18"><span class='ocrx_word' id='word_1_402' title='bbox 2076 2567 2343 2619; x_wconf 89' lang='lat' dir='ltr'>concreta</span> <span class='ocrx_word' id='word_1_403' title='bbox 2372 2562 2545 2636; x_wconf 89' lang='lat' dir='ltr'>longo</span> <span class='ocrx_word' id='word_1_404' title='bbox 2576 2578 2687 2617; x_wconf 91' lang='lat' dir='ltr'>usu</span> <span class='ocrx_word' id='word_1_405' title='bbox 2742 2559 3084 2634; x_wconf 86' lang='lat' dir='ltr'>magnitudo</span> <span class='ocrx_word' id='word_1_406' title='bbox 3132 2559 3350 2616; x_wconf 91' lang='lat' dir='ltr'>amoris</span> <span class='ocrx_word' id='word_1_407' title='bbox 3378 2578 3392 2630; x_wconf 91' lang='lat'><strong>;</strong></span> <span class='ocrx_word' id='word_1_408' title='bbox 3425 2560 3531 2616; x_wconf 92' lang='lat' dir='ltr'>sed</span> <span class='ocrx_word' id='word_1_409' title='bbox 3577 2559 3642 2616; x_wconf 89' lang='lat' dir='ltr'>in</span> <span class='ocrx_word' id='word_1_410' title='bbox 3670 2577 3735 2616; x_wconf 90' lang='lat' dir='ltr'>ea</span> 
     </span>
    </p>
   </div>
   <div class='ocr_carea' id='block_1_58' title="bbox 2074 2648 3731 2722">
    <p class='ocr_par' dir='ltr' id='par_1_58' title="bbox 2074 2648 3731 2722">
     <span class='ocr_line' id='line_1_58' title="bbox 2074 2648 3731 2722; baseline -0.001 -16"><span class='ocrx_word' id='word_1_411' title='bbox 2074 2669 2177 2707; x_wconf 88' lang='lat' dir='ltr'>vos</span> <span class='ocrx_word' id='word_1_412' title='bbox 2208 2650 2595 2708; x_wconf 79' lang='lat' dir='ltr'>obstinatione</span> <span class='ocrx_word' id='word_1_413' title='bbox 2624 2652 2727 2706; x_wconf 77' lang='grc'>16</span> <span class='ocrx_word' id='word_1_414' title='bbox 2758 2650 3025 2706; x_wconf 89' lang='lat' dir='ltr'>animum</span> <span class='ocrx_word' id='word_1_415' title='bbox 3058 2648 3405 2722; x_wconf 89' lang='lat' dir='ltr'>relinquere,</span> <span class='ocrx_word' id='word_1_416' title='bbox 3442 2654 3731 2721; x_wconf 88' lang='lat' dir='ltr'>quantum</span> 
     </span>
    </p>
   </div>
   <div class='ocr_carea' id='block_1_59' title="bbox 2076 2737 3735 2812">
    <p class='ocr_par' dir='ltr' id='par_1_59' title="bbox 2076 2737 3735 2812">
     <span class='ocr_line' id='line_1_59' title="bbox 2076 2737 3735 2812; baseline 0.001 -18"><span class='ocrx_word' id='word_1_417' title='bbox 2076 2740 2603 2809; x_wconf 89' lang='lat' dir='ltr'>audeo,debortor;</span> <span class='ocrx_word' id='word_1_418' title='bbox 2627 2738 2920 2812; x_wconf 89' lang='lat' dir='ltr'>siquidem</span> <span class='ocrx_word' id='word_1_419' title='bbox 2949 2743 3007 2795; x_wconf 88' lang='lat' dir='ltr'>et</span> <span class='ocrx_word' id='word_1_420' title='bbox 3035 2737 3122 2793; x_wconf 92' lang='lat' dir='ltr'>illi</span> <span class='ocrx_word' id='word_1_421' title='bbox 3153 2741 3323 2810; x_wconf 88' lang='lat' dir='ltr'>cujus</span> <span class='ocrx_word' id='word_1_422' title='bbox 3353 2755 3537 2794; x_wconf 88' lang='lat' dir='ltr'>causa</span> <span class='ocrx_word' id='word_1_423' title='bbox 3555 2755 3735 2795; x_wconf 83' lang='lat' dir='ltr'>emer-</span> 
     </span>
    </p>
   </div>
   <div class='ocr_carea' id='block_1_60' title="bbox 2076 2827 3731 2900">
    <p class='ocr_par' dir='ltr' id='par_1_60' title="bbox 2076 2827 3731 2900">
     <span class='ocr_line' id='line_1_60' title="bbox 2076 2827 3731 2900; baseline -0.001 -15"><span class='ocrx_word' id='word_1_424' title='bbox 2076 2830 2155 2885; x_wconf 90' lang='lat' dir='ltr'>sit</span> <span class='ocrx_word' id='word_1_425' title='bbox 2186 2828 2333 2884; x_wconf 89' lang='lat' dir='ltr'>nihil</span> <span class='ocrx_word' id='word_1_426' title='bbox 2364 2829 2819 2885; x_wconf 90' lang='lat' dir='ltr'>immoderatum</span> <span class='ocrx_word' id='word_1_427' title='bbox 2850 2828 3126 2900; x_wconf 88' lang='lat' dir='ltr'>proderit,</span> <span class='ocrx_word' id='word_1_428' title='bbox 3160 2831 3219 2883; x_wconf 93' lang='lat' dir='ltr'>et</span> <span class='ocrx_word' id='word_1_429' title='bbox 3256 2828 3423 2884; x_wconf 85' lang='lat' dir='ltr'>vobis</span> <span class='ocrx_word' id='word_1_430' title='bbox 3474 2827 3731 2884; x_wconf 90' lang='lat' dir='ltr'>multum</span> 
     </span>
    </p>
   </div>
   <div class='ocr_carea' id='block_1_61' title="bbox 2075 2915 3731 2990">
    <p class='ocr_par' dir='ltr' id='par_1_61' title="bbox 2075 2915 3731 2990">
     <span class='ocr_line' id='line_1_61' title="bbox 2075 2915 3731 2990; baseline -0.001 -16"><span class='ocrx_word' id='word_1_431' title='bbox 2075 2918 2190 2974; x_wconf 90' lang='lat' dir='ltr'>nisi</span> <span class='ocrx_word' id='word_1_432' title='bbox 2221 2918 2566 2990; x_wconf 88' lang='lat' dir='ltr'>deponatur,</span> <span class='ocrx_word' id='word_1_433' title='bbox 2598 2917 2833 2974; x_wconf 83' lang='lat' dir='ltr'>ofﬁciet.</span> <span class='ocrx_word' id='word_1_434' title='bbox 2867 2915 3139 2983; x_wconf 89' lang='lat' dir='ltr'>Quinimo</span> <span class='ocrx_word' id='word_1_435' title='bbox 3169 2920 3360 2973; x_wconf 89' lang='lat' dir='ltr'>totum</span> <span class='ocrx_word' id='word_1_436' title='bbox 3391 2933 3495 2973; x_wconf 91' lang='lat' dir='ltr'>vos</span> <span class='ocrx_word' id='word_1_437' title='bbox 3525 2933 3731 2973; x_wconf 83' lang='lat' dir='ltr'>curan-</span> 
     </span>
    </p>
   </div>
   <div class='ocr_carea' id='block_1_62' title="bbox 2075 3004 3732 3079">
    <p class='ocr_par' dir='ltr' id='par_1_62' title="bbox 2075 3004 3732 3079">
     <span class='ocr_line' id='line_1_62' title="bbox 2075 3004 3732 3079; baseline -0.001 -17"><span class='ocrx_word' id='word_1_438' title='bbox 2075 3008 2215 3063; x_wconf 91' lang='lat' dir='ltr'>dum</span> <span class='ocrx_word' id='word_1_439' title='bbox 2247 3007 2694 3078; x_wconf 89' lang='lat' dir='ltr'>sanandumque</span> <span class='ocrx_word' id='word_1_440' title='bbox 2724 3004 2971 3062; x_wconf 90' lang='lat' dir='ltr'>Domino</span> <span class='ocrx_word' id='word_1_441' title='bbox 3003 3005 3342 3078; x_wconf 87' lang='lat' dir='ltr'>permittite,</span> <span class='ocrx_word' id='word_1_442' title='bbox 3363 3005 3458 3062; x_wconf 92' lang='lat' dir='ltr'>cui</span> <span class='ocrx_word' id='word_1_443' title='bbox 3490 3012 3583 3063; x_wconf 89' lang='lat' dir='ltr'>est</span> <span class='ocrx_word' id='word_1_444' title='bbox 3614 3023 3732 3079; x_wconf 85' lang='lat' dir='ltr'>per-</span> 
     </span>
    </p>
   </div>
   <div class='ocr_carea' id='block_1_63' title="bbox 2074 3094 3731 3170">
    <p class='ocr_par' dir='ltr' id='par_1_63' title="bbox 2074 3094 3731 3170">
     <span class='ocr_line' id='line_1_63' title="bbox 2074 3094 3731 3170; baseline -0.001 -18"><span class='ocrx_word' id='word_1_445' title='bbox 2074 3097 2242 3153; x_wconf 86' lang='lat' dir='ltr'>facile</span> <span class='ocrx_word' id='word_1_446' title='bbox 2264 3098 2418 3170; x_wconf 90' lang='lat' dir='ltr'>quod</span> <span class='ocrx_word' id='word_1_447' title='bbox 2441 3100 2644 3152; x_wconf 90' lang='lat' dir='ltr'>nostra</span> <span class='ocrx_word' id='word_1_448' title='bbox 2663 3099 2874 3151; x_wconf 87' lang='lat' dir='ltr'>natura</span> <span class='ocrx_word' id='word_1_449' title='bbox 2898 3094 3312 3151; x_wconf 83' lang='lat' dir='ltr'>difficillimum</span> <span class='ocrx_word' id='word_1_450' title='bbox 3325 3096 3731 3168; x_wconf 88' lang='lat' dir='ltr'>judicat.Nam</span> 
     </span>
    </p>
   </div>
   <div class='ocr_carea' id='block_1_64' title="bbox 2077 3184 3729 3260">
    <p class='ocr_par' dir='ltr' id='par_1_64' title="bbox 2077 3184 3729 3260">
     <span class='ocr_line' id='line_1_64' title="bbox 2077 3184 3729 3260; baseline -0.001 -18"><span class='ocrx_word' id='word_1_451' title='bbox 2077 3187 2210 3260; x_wconf 88' lang='lat' dir='ltr'>quis</span> <span class='ocrx_word' id='word_1_452' title='bbox 2240 3186 2495 3259; x_wconf 89' lang='lat' dir='ltr'>speravit</span> <span class='ocrx_word' id='word_1_453' title='bbox 2524 3185 2584 3240; x_wconf 93' lang='lat' dir='ltr'>in</span> <span class='ocrx_word' id='word_1_454' title='bbox 2615 3184 2861 3241; x_wconf 91' lang='lat' dir='ltr'>Domino</span> <span class='ocrx_word' id='word_1_455' title='bbox 2891 3189 2948 3240; x_wconf 88' lang='lat' dir='ltr'>et</span> <span class='ocrx_word' id='word_1_456' title='bbox 2977 3185 3257 3257; x_wconf 90' lang='lat' dir='ltr'>deceptus</span> <span class='ocrx_word' id='word_1_457' title='bbox 3286 3190 3375 3240; x_wconf 87' lang='lat' dir='ltr'>est</span> <span class='ocrx_word' id='word_1_458' title='bbox 3394 3185 3423 3240; x_wconf 82' lang='lat'><strong>?</strong></span> <span class='ocrx_word' id='word_1_459' title='bbox 3453 3185 3729 3255; x_wconf 89' lang='lat' dir='ltr'>Obsecro,</span> 
     </span>
    </p>
   </div>
   <div class='ocr_carea' id='block_1_65' title="bbox 310 3256 3728 3348">
    <p class='ocr_par' dir='ltr' id='par_1_65' title="bbox 310 3256 3728 3348">
     <span class='ocr_line' id='line_1_65' title="bbox 310 3256 3728 3348; baseline -0.002 -11"><span class='ocrx_word' id='word_1_460' title='bbox 310 3256 658 3348; x_wconf 47' lang='lat' dir='ltr'>rte—[aligeris</span> <span class='ocrx_word' id='word_1_461' title='bbox 689 3289 811 3329; x_wconf 75' lang='lat' dir='ltr'>cum</span> <span class='ocrx_word' id='word_1_462' title='bbox 838 3271 905 3326; x_wconf 73' lang='lat' dir='ltr'>ab</span> <span class='ocrx_word' id='word_1_463' title='bbox 935 3286 994 3325; x_wconf 79' lang='grc' dir='ltr'><strong><em>εο</em></strong></span> <span class='ocrx_word' id='word_1_464' title='bbox 1024 3271 1293 3337; x_wconf 71' lang='grc' dir='ltr'>ανθιιενίδ·</span> <span class='ocrx_word' id='word_1_465' title='bbox 1332 3270 1498 3336; x_wconf 81' lang='lat' dir='ltr'>Quem</span> <span class='ocrx_word' id='word_1_466' title='bbox 1523 3273 1673 3325; x_wconf 86' lang='lat' dir='ltr'>enim</span> <span class='ocrx_word' id='word_1_467' title='bbox 1699 3272 1964 3327; x_wconf 83' lang='lat' dir='ltr'>Dominus</span> <span class='ocrx_word' id='word_1_468' title='bbox 1994 3256 2038 3323; x_wconf 80' lang='lat' dir='ltr'><strong>C</strong></span> <span class='ocrx_word' id='word_1_469' title='bbox 2076 3256 2396 3331; x_wconf 48' lang='lat' dir='ltr'>totum—cor</span> <span class='ocrx_word' id='word_1_470' title='bbox 2420 3278 2679 3330; x_wconf 89' lang='lat' dir='ltr'>vestrum</span> <span class='ocrx_word' id='word_1_471' title='bbox 2709 3274 2780 3328; x_wconf 84' lang='lat' dir='ltr'>ad</span> <span class='ocrx_word' id='word_1_472' title='bbox 2814 3256 3141 3347; x_wconf 87' lang='lat' dir='ltr'>rogandum</span> <span class='ocrx_word' id='word_1_473' title='bbox 3189 3274 3374 3329; x_wconf 91' lang='lat' dir='ltr'>Deum</span> <span class='ocrx_word' id='word_1_474' title='bbox 3427 3273 3728 3332; x_wconf 79' lang='lat' dir='ltr'>eti‘undite.</span> 
     </span>
    </p>
   </div>
   <div class='ocr_carea' id='block_1_66' title="bbox 311 3358 1970 3437">
    <p class='ocr_par' dir='ltr' id='par_1_66' title="bbox 311 3358 1970 3437">
     <span class='ocr_line' id='line_1_66' title="bbox 311 3358 1970 3437; baseline -0.004 -15"><span class='ocrx_word' id='word_1_475' title='bbox 311 3365 516 3437; x_wconf 87' lang='lat' dir='ltr'>diligit,</span> <span class='ocrx_word' id='word_1_476' title='bbox 548 3362 796 3433; x_wconf 87' lang='lat' dir='ltr'>corripit,</span> <span class='ocrx_word' id='word_1_477' title='bbox 828 3367 879 3415; x_wconf 88' lang='lat' dir='ltr'>et</span> <span class='ocrx_word' id='word_1_478' title='bbox 909 3358 1067 3430; x_wconf 87' lang='lat' dir='ltr'>quasi</span> <span class='ocrx_word' id='word_1_479' title='bbox 1104 3365 1265 3429; x_wconf 87' lang='lat' dir='ltr'>pater</span> <span class='ocrx_word' id='word_1_480' title='bbox 1309 3360 1369 3412; x_wconf 87' lang='lat' dir='ltr'>in</span> <span class='ocrx_word' id='word_1_481' title='bbox 1391 3358 1508 3428; x_wconf 81' lang='lat' dir='ltr'>ﬁlio</span> <span class='ocrx_word' id='word_1_482' title='bbox 1536 3360 1829 3431; x_wconf 86' lang='lat' dir='ltr'>complacet</span> <span class='ocrx_word' id='word_1_483' title='bbox 1860 3360 1970 3416; x_wconf 83' lang='lat' dir='ltr'>sibi</span> 
     </span>
    </p>
   </div>
   <div class='ocr_carea' id='block_1_67' title="bbox 314 3445 1967 3528">
    <p class='ocr_par' dir='ltr' id='par_1_67' title="bbox 314 3445 1967 3528">
     <span class='ocr_line' id='line_1_67' title="bbox 314 3445 1967 3528; baseline -0.005 -17"><span class='ocrx_word' id='word_1_484' title='bbox 314 3455 492 3528; x_wconf 83' lang='lat' dir='ltr'>(Prov.</span> <span class='ocrx_word' id='word_1_485' title='bbox 527 3452 628 3523; x_wconf 85' lang='lat' dir='ltr'>III).</span> <span class='ocrx_word' id='word_1_486' title='bbox 664 3447 926 3520; x_wconf 89' lang='lat' dir='ltr'>Denique</span> <span class='ocrx_word' id='word_1_487' title='bbox 957 3462 1207 3518; x_wconf 89' lang='lat' dir='ltr'>quorum</span> <span class='ocrx_word' id='word_1_488' title='bbox 1242 3445 1415 3502; x_wconf 88' lang='lat' dir='ltr'>isthic</span> <span class='ocrx_word' id='word_1_489' title='bbox 1467 3452 1705 3519; x_wconf 90' lang='lat' dir='ltr'>peccata</span> <span class='ocrx_word' id='word_1_490' title='bbox 1734 3464 1850 3504; x_wconf 89' lang='lat' dir='ltr'>non</span> <span class='ocrx_word' id='word_1_491' title='bbox 1879 3449 1967 3503; x_wconf 92' lang='lat' dir='ltr'>vi-</span> 
     </span>
    </p>
   </div>
   <div class='ocr_carea' id='block_1_68' title="bbox 312 3536 1965 3612">
    <p class='ocr_par' dir='ltr' id='par_1_68' title="bbox 312 3536 1965 3612">
     <span class='ocr_line' id='line_1_68' title="bbox 312 3536 1965 3612; baseline -0.004 -12"><span class='ocrx_word' id='word_1_492' title='bbox 312 3543 474 3611; x_wconf 77' lang='lat' dir='ltr'>sitet,</span> <span class='ocrx_word' id='word_1_493' title='bbox 526 3553 793 3612; x_wconf 87' lang='lat' dir='ltr'>quosque</span> <span class='ocrx_word' id='word_1_494' title='bbox 843 3537 1048 3601; x_wconf 86' lang='lat' dir='ltr'>ﬂorere</span> <span class='ocrx_word' id='word_1_495' title='bbox 1088 3552 1191 3606; x_wconf 91' lang='lat' dir='ltr'>pro</span> <span class='ocrx_word' id='word_1_496' title='bbox 1238 3539 1368 3590; x_wconf 91' lang='lat' dir='ltr'>voto</span> <span class='ocrx_word' id='word_1_497' title='bbox 1417 3536 1719 3607; x_wconf 90' lang='lat' dir='ltr'>permittit,</span> <span class='ocrx_word' id='word_1_498' title='bbox 1767 3537 1826 3591; x_wconf 91' lang='lat' dir='ltr'>in</span> <span class='ocrx_word' id='word_1_499' title='bbox 1858 3538 1965 3594; x_wconf 93' lang='lat' dir='ltr'>hos</span> 
     </span>
    </p>
   </div>
   <div class='ocr_carea' id='block_1_69' title="bbox 310 3624 1962 3704">
    <p class='ocr_par' dir='ltr' id='par_1_69' title="bbox 310 3624 1962 3704">
     <span class='ocr_line' id='line_1_69' title="bbox 310 3624 1962 3704; baseline -0.002 -18"><span class='ocrx_word' id='word_1_500' title='bbox 310 3634 444 3704; x_wconf 91' lang='lat' dir='ltr'>post</span> <span class='ocrx_word' id='word_1_501' title='bbox 494 3631 742 3683; x_wconf 88' lang='lat' dir='ltr'>mortem</span> <span class='ocrx_word' id='word_1_502' title='bbox 790 3625 1055 3696; x_wconf 90' lang='lat' dir='ltr'>ejusdem</span> <span class='ocrx_word' id='word_1_503' title='bbox 1104 3624 1191 3678; x_wconf 89' lang='lat' dir='ltr'>ira</span> <span class='ocrx_word' id='word_1_504' title='bbox 1236 3624 1491 3679; x_wconf 70' lang='lat' dir='ltr'>desaevit.</span> <span class='ocrx_word' id='word_1_505' title='bbox 1527 3626 1606 3680; x_wconf 94' lang='lat' dir='ltr'>De</span> <span class='ocrx_word' id='word_1_506' title='bbox 1655 3624 1872 3683; x_wconf 84' lang='lat' dir='ltr'>talibus</span> <span class='ocrx_word' id='word_1_507' title='bbox 1903 3626 1962 3682; x_wconf 92' lang='lat' dir='ltr'>in</span> 
     </span>
    </p>
   </div>
   <div class='ocr_carea' id='block_1_70' title="bbox 311 3713 1965 3793">
    <p class='ocr_par' dir='ltr' id='par_1_70' title="bbox 311 3713 1965 3793">
     <span class='ocr_line' id='line_1_70' title="bbox 311 3713 1965 3793; baseline -0.002 -19"><span class='ocrx_word' id='word_1_508' title='bbox 311 3715 589 3793; x_wconf 87' lang='lat' dir='ltr'>psalterio</span> <span class='ocrx_word' id='word_1_509' title='bbox 619 3714 871 3787; x_wconf 87' lang='lat' dir='ltr'>legimus</span> <span class='ocrx_word' id='word_1_510' title='bbox 905 3729 917 3767; x_wconf 89' lang='lat'>:</span> <span class='ocrx_word' id='word_1_511' title='bbox 953 3716 1013 3769; x_wconf 88' lang='lat' dir='ltr'>In</span> <span class='ocrx_word' id='word_1_512' title='bbox 1057 3713 1237 3769; x_wconf 89' lang='lat' dir='ltr'>labore</span> <span class='ocrx_word' id='word_1_513' title='bbox 1281 3714 1566 3769; x_wconf 82' lang='lat' dir='ltr'>hominum</span> <span class='ocrx_word' id='word_1_514' title='bbox 1595 3731 1704 3770; x_wconf 90' lang='lat' dir='ltr'>non</span> <span class='ocrx_word' id='word_1_515' title='bbox 1733 3723 1880 3782; x_wconf 87' lang='lat' dir='ltr'>sunt,</span> <span class='ocrx_word' id='word_1_516' title='bbox 1913 3724 1965 3771; x_wconf 88' lang='lat' dir='ltr'>et</span> 
     </span>
    </p>
   </div>
   <div class='ocr_carea' id='block_1_71' title="bbox 309 3802 1961 3875">
    <p class='ocr_par' dir='ltr' id='par_1_71' title="bbox 309 3802 1961 3875">
     <span class='ocr_line' id='line_1_71' title="bbox 309 3802 1961 3875; baseline -0.002 -13"><span class='ocrx_word' id='word_1_517' title='bbox 309 3824 436 3863; x_wconf 89' lang='lat' dir='ltr'>cum</span> <span class='ocrx_word' id='word_1_518' title='bbox 463 3806 776 3861; x_wconf 84' lang='lat' dir='ltr'>hominibus</span> <span class='ocrx_word' id='word_1_519' title='bbox 806 3819 916 3858; x_wconf 83' lang='lat' dir='ltr'>non</span> <span class='ocrx_word' id='word_1_520' title='bbox 943 3802 1370 3873; x_wconf 84' lang='lat' dir='ltr'>ﬂagellabantur</span> <span class='ocrx_word' id='word_1_521' title='bbox 1397 3804 1565 3871; x_wconf 87' lang='lat' dir='ltr'>(Psal.</span> <span class='ocrx_word' id='word_1_522' title='bbox 1600 3804 1792 3875; x_wconf 84' lang='lat' dir='ltr'>Lxxn).</span> <span class='ocrx_word' id='word_1_523' title='bbox 1813 3805 1883 3859; x_wconf 88' lang='lat' dir='ltr'>Et</span> <span class='ocrx_word' id='word_1_524' title='bbox 1902 3804 1961 3859; x_wconf 91' lang='lat' dir='ltr'>in</span> 
     </span>
    </p>
   </div>
   <div class='ocr_carea' id='block_1_72' title="bbox 311 3891 1964 3965">
    <p class='ocr_par' dir='ltr' id='par_1_72' title="bbox 311 3891 1964 3965">
     <span class='ocr_line' id='line_1_72' title="bbox 311 3891 1964 3965; baseline -0.002 -13"><span class='ocrx_word' id='word_1_525' title='bbox 311 3896 450 3953; x_wconf 88' lang='lat' dir='ltr'>Job:</span> <span class='ocrx_word' id='word_1_526' title='bbox 474 3897 687 3950; x_wconf 83' lang='lat' dir='ltr'>Ducunt</span> <span class='ocrx_word' id='word_1_527' title='bbox 716 3895 777 3948; x_wconf 88' lang='lat' dir='ltr'>in</span> <span class='ocrx_word' id='word_1_528' title='bbox 806 3893 958 3947; x_wconf 91' lang='lat' dir='ltr'>bonis</span> <span class='ocrx_word' id='word_1_529' title='bbox 986 3891 1100 3947; x_wconf 86' lang='lat' dir='ltr'>dies</span> <span class='ocrx_word' id='word_1_530' title='bbox 1122 3899 1331 3956; x_wconf 86' lang='lat' dir='ltr'>suos,el</span> <span class='ocrx_word' id='word_1_531' title='bbox 1355 3893 1415 3946; x_wconf 90' lang='lat' dir='ltr'>in</span> <span class='ocrx_word' id='word_1_532' title='bbox 1430 3900 1628 3963; x_wconf 87' lang='lat' dir='ltr'>puncto</span> <span class='ocrx_word' id='word_1_533' title='bbox 1649 3893 1718 3947; x_wconf 87' lang='lat' dir='ltr'>ad</span> <span class='ocrx_word' id='word_1_534' title='bbox 1744 3895 1964 3965; x_wconf 79' lang='lat' dir='ltr'>inferna</span> 
     </span>
    </p>
   </div>
   <div class='ocr_carea' id='block_1_73' title="bbox 309 3979 1963 4053">
    <p class='ocr_par' dir='ltr' id='par_1_73' title="bbox 309 3979 1963 4053">
     <span class='ocr_line' id='line_1_73' title="bbox 309 3979 1963 4053; baseline -0.002 -12"><span class='ocrx_word' id='word_1_535' title='bbox 309 3983 636 4041; x_wconf 83' lang='lat' dir='ltr'>descendunt</span> <span class='ocrx_word' id='word_1_536' title='bbox 663 3983 801 4051; x_wconf 84' lang='lat' dir='ltr'>(Job.</span> <span class='ocrx_word' id='word_1_537' title='bbox 855 3980 993 4051; x_wconf 82' lang='lat' dir='ltr'>xx1).</span> <span class='ocrx_word' id='word_1_538' title='bbox 1046 3980 1325 4035; x_wconf 65' lang='lat' dir='ltr'>Praeterea</span> <span class='ocrx_word' id='word_1_539' title='bbox 1373 3979 1482 4035; x_wconf 92' lang='lat' dir='ltr'>hoc</span> <span class='ocrx_word' id='word_1_540' title='bbox 1527 3980 1672 4035; x_wconf 90' lang='lat' dir='ltr'>mihi</span> <span class='ocrx_word' id='word_1_541' title='bbox 1726 3981 1963 4053; x_wconf 88' lang='lat' dir='ltr'>subjicit</span> 
     </span>
    </p>
   </div>
   <div class='ocr_carea' id='block_1_74' title="bbox 310 4069 1957 4143">
    <p class='ocr_par' dir='ltr' id='par_1_74' title="bbox 310 4069 1957 4143">
     <span class='ocr_line' id='line_1_74' title="bbox 310 4069 1957 4143; baseline -0.002 -13"><span class='ocrx_word' id='word_1_542' title='bbox 310 4091 497 4141; x_wconf 88' lang='lat' dir='ltr'>mens,</span> <span class='ocrx_word' id='word_1_543' title='bbox 519 4070 773 4128; x_wconf 90' lang='lat' dir='ltr'>voluisse</span> <span class='ocrx_word' id='word_1_544' title='bbox 796 4070 980 4126; x_wconf 92' lang='lat' dir='ltr'>Deum</span> <span class='ocrx_word' id='word_1_545' title='bbox 1005 4069 1178 4124; x_wconf 88' lang='lat' dir='ltr'>rebus</span> <span class='ocrx_word' id='word_1_546' title='bbox 1212 4069 1357 4142; x_wconf 90' lang='lat' dir='ltr'>ipsis</span> <span class='ocrx_word' id='word_1_547' title='bbox 1382 4087 1482 4125; x_wconf 90' lang='lat' dir='ltr'>vos</span> <span class='ocrx_word' id='word_1_548' title='bbox 1512 4070 1758 4142; x_wconf 85' lang='lat' dir='ltr'>experiri</span> <span class='ocrx_word' id='word_1_549' title='bbox 1783 4087 1957 4143; x_wconf 90' lang='lat' dir='ltr'>quam</span> 
     </span>
    </p>
   </div>
   <div class='ocr_carea' id='block_1_75' title="bbox 310 4159 1959 4232">
    <p class='ocr_par' dir='ltr' id='par_1_75' title="bbox 310 4159 1959 4232">
     <span class='ocr_line' id='line_1_75' title="bbox 310 4159 1959 4232; baseline -0.002 -13"><span class='ocrx_word' id='word_1_550' title='bbox 310 4162 388 4219; x_wconf 87' lang='lat' dir='ltr'>sit</span> <span class='ocrx_word' id='word_1_551' title='bbox 416 4160 615 4217; x_wconf 85' lang='lat' dir='ltr'>infelix</span> <span class='ocrx_word' id='word_1_552' title='bbox 644 4159 744 4231; x_wconf 91' lang='lat' dir='ltr'>qui</span> <span class='ocrx_word' id='word_1_553' title='bbox 774 4159 834 4214; x_wconf 92' lang='lat' dir='ltr'>in</span> <span class='ocrx_word' id='word_1_554' title='bbox 865 4162 1212 4231; x_wconf 88' lang='lat' dir='ltr'>perpetuum</span> <span class='ocrx_word' id='word_1_555' title='bbox 1245 4159 1599 4231; x_wconf 87' lang='lat' dir='ltr'>abjungatur</span> <span class='ocrx_word' id='word_1_556' title='bbox 1622 4160 1694 4216; x_wconf 89' lang='lat' dir='ltr'>ab</span> <span class='ocrx_word' id='word_1_557' title='bbox 1727 4159 1874 4232; x_wconf 90' lang='lat' dir='ltr'>ipso,</span> <span class='ocrx_word' id='word_1_558' title='bbox 1900 4160 1959 4215; x_wconf 90' lang='lat' dir='ltr'>in</span> 
     </span>
    </p>
   </div>
   <div class='ocr_carea' id='block_1_76' title="bbox 309 4246 1960 4324">
    <p class='ocr_par' dir='ltr' id='par_1_76' title="bbox 309 4246 1960 4324">
     <span class='ocr_line' id='line_1_76' title="bbox 309 4246 1960 4324; baseline -0.002 -17"><span class='ocrx_word' id='word_1_559' title='bbox 309 4268 425 4324; x_wconf 91' lang='lat' dir='ltr'>quo</span> <span class='ocrx_word' id='word_1_560' title='bbox 456 4253 545 4305; x_wconf 89' lang='lat' dir='ltr'>est</span> <span class='ocrx_word' id='word_1_561' title='bbox 573 4251 851 4320; x_wconf 88' lang='lat' dir='ltr'>perpetua</span> <span class='ocrx_word' id='word_1_562' title='bbox 869 4252 925 4304; x_wconf 91' lang='lat' dir='ltr'>et</span> <span class='ocrx_word' id='word_1_563' title='bbox 953 4264 1088 4303; x_wconf 90' lang='lat' dir='ltr'>vera</span> <span class='ocrx_word' id='word_1_564' title='bbox 1115 4246 1439 4316; x_wconf 89' lang='lat' dir='ltr'>delectatio,</span> <span class='ocrx_word' id='word_1_565' title='bbox 1461 4248 1509 4303; x_wconf 91' lang='lat' dir='ltr'>si</span> <span class='ocrx_word' id='word_1_566' title='bbox 1538 4252 1661 4302; x_wconf 89' lang='lat' dir='ltr'>tam</span> <span class='ocrx_word' id='word_1_567' title='bbox 1688 4249 1960 4304; x_wconf 90' lang='lat' dir='ltr'>immani-</span> 
     </span>
    </p>
   </div>
   <div class='ocr_carea' id='block_1_77' title="bbox 309 4335 1957 4407">
    <p class='ocr_par' dir='ltr' id='par_1_77' title="bbox 309 4335 1957 4407">
     <span class='ocr_line' id='line_1_77' title="bbox 309 4335 1957 4407; baseline -0.002 -11"><span class='ocrx_word' id='word_1_568' title='bbox 309 4344 400 4396; x_wconf 89' lang='lat' dir='ltr'>ter</span> <span class='ocrx_word' id='word_1_569' title='bbox 429 4337 646 4394; x_wconf 81' lang='lat' dir='ltr'>afﬁciat</span> <span class='ocrx_word' id='word_1_570' title='bbox 673 4335 810 4392; x_wconf 89' lang='lat' dir='ltr'>licet</span> <span class='ocrx_word' id='word_1_571' title='bbox 841 4336 1112 4392; x_wconf 82' lang='lat' dir='ltr'>ﬁdissimi</span> <span class='ocrx_word' id='word_1_572' title='bbox 1156 4340 1330 4407; x_wconf 88' lang='lat' dir='ltr'>atque</span> <span class='ocrx_word' id='word_1_573' title='bbox 1379 4335 1712 4401; x_wconf 84' lang='lat' dir='ltr'>charissimi</span> <span class='ocrx_word' id='word_1_574' title='bbox 1758 4342 1957 4393; x_wconf 89' lang='lat' dir='ltr'>tamen</span> 
     </span>
    </p>
   </div>
   <div class='ocr_carea' id='block_1_78' title="bbox 308 4422 1958 4495">
    <p class='ocr_par' dir='ltr' id='par_1_78' title="bbox 308 4422 1958 4495">
     <span class='ocr_line' id='line_1_78' title="bbox 308 4422 1958 4495; baseline -0.003 -12"><span class='ocrx_word' id='word_1_575' title='bbox 308 4426 587 4492; x_wconf 87' lang='lat' dir='ltr'>hominis,</span> <span class='ocrx_word' id='word_1_576' title='bbox 621 4428 1029 4481; x_wconf 88' lang='lat' dir='ltr'>momentanea</span> <span class='ocrx_word' id='word_1_577' title='bbox 1057 4423 1365 4495; x_wconf 87' lang='lat' dir='ltr'>separatio.</span> <span class='ocrx_word' id='word_1_578' title='bbox 1399 4422 1545 4477; x_wconf 90' lang='lat' dir='ltr'>Cum</span> <span class='ocrx_word' id='word_1_579' title='bbox 1586 4422 1708 4477; x_wconf 74' lang='lat' dir='ltr'>haec</span> <span class='ocrx_word' id='word_1_580' title='bbox 1754 4424 1958 4479; x_wconf 86' lang='lat' dir='ltr'>verisi-</span> 
     </span>
    </p>
   </div>
   <div class='ocr_carea' id='block_1_79' title="bbox 2074 3362 3733 3436">
    <p class='ocr_par' dir='ltr' id='par_1_79' title="bbox 2074 3362 3733 3436">
     <span class='ocr_line' id='line_1_79' title="bbox 2074 3362 3733 3436; baseline 0 -16"><span class='ocrx_word' id='word_1_581' title='bbox 2074 3366 2353 3420; x_wconf 62' lang='lat' dir='ltr'>Prmstare</span> <span class='ocrx_word' id='word_1_582' title='bbox 2402 3363 2527 3419; x_wconf 91' lang='lat' dir='ltr'>vult</span> <span class='ocrx_word' id='word_1_583' title='bbox 2557 3362 2654 3434; x_wconf 88' lang='lat' dir='ltr'>qui</span> <span class='ocrx_word' id='word_1_584' title='bbox 2706 3379 2769 3419; x_wconf 92' lang='lat' dir='ltr'>se</span> <span class='ocrx_word' id='word_1_585' title='bbox 2798 3368 2864 3418; x_wconf 89' lang='lat' dir='ltr'>ut</span> <span class='ocrx_word' id='word_1_586' title='bbox 2892 3367 3147 3436; x_wconf 87' lang='lat' dir='ltr'>rogetur,</span> <span class='ocrx_word' id='word_1_587' title='bbox 3197 3362 3529 3432; x_wconf 87' lang='lat' dir='ltr'>admonuit,</span> <span class='ocrx_word' id='word_1_588' title='bbox 3561 3365 3733 3420; x_wconf 73' lang='lat' dir='ltr'>Petita</span> 
     </span>
    </p>
   </div>
   <div class='ocr_carea' id='block_1_80' title="bbox 2071 3451 3729 3525">
    <p class='ocr_par' dir='ltr' id='par_1_80' title="bbox 2071 3451 3729 3525">
     <span class='ocr_line' id='line_1_80' title="bbox 2071 3451 3729 3525; baseline -0.002 -15"><span class='ocrx_word' id='word_1_589' title='bbox 2071 3462 2124 3510; x_wconf 89' lang='lat' dir='ltr'>et</span> <span class='ocrx_word' id='word_1_590' title='bbox 2154 3454 2433 3525; x_wconf 85' lang='lat' dir='ltr'>accipietis</span> <span class='ocrx_word' id='word_1_591' title='bbox 2455 3452 2630 3524; x_wconf 86' lang='lat' dir='ltr'>(Joan.</span> <span class='ocrx_word' id='word_1_592' title='bbox 2650 3455 2787 3520; x_wconf 77' lang='lat' dir='ltr'>xw).</span> <span class='ocrx_word' id='word_1_593' title='bbox 2807 3451 2989 3507; x_wconf 84' lang='lat' dir='ltr'>Petito</span> <span class='ocrx_word' id='word_1_594' title='bbox 3009 3455 3075 3507; x_wconf 92' lang='lat' dir='ltr'>ut</span> <span class='ocrx_word' id='word_1_595' title='bbox 3102 3451 3227 3523; x_wconf 89' lang='lat' dir='ltr'>ipse</span> <span class='ocrx_word' id='word_1_596' title='bbox 3256 3451 3421 3507; x_wconf 89' lang='lat' dir='ltr'>vobis</span> <span class='ocrx_word' id='word_1_597' title='bbox 3453 3452 3729 3508; x_wconf 74' lang='lat' dir='ltr'>affectum</span> 
     </span>
    </p>
   </div>
   <div class='ocr_carea' id='block_1_81' title="bbox 2073 3539 3730 3614">
    <p class='ocr_par' dir='ltr' id='par_1_81' title="bbox 2073 3539 3730 3614">
     <span class='ocr_line' id='line_1_81' title="bbox 2073 3539 3730 3614; baseline -0.001 -18"><span class='ocrx_word' id='word_1_598' title='bbox 2073 3542 2320 3614; x_wconf 88' lang='lat' dir='ltr'>inspiret</span> <span class='ocrx_word' id='word_1_599' title='bbox 2365 3539 2627 3612; x_wconf 89' lang='lat' dir='ltr'>rogandi,</span> <span class='ocrx_word' id='word_1_600' title='bbox 2676 3543 2734 3595; x_wconf 92' lang='lat' dir='ltr'>et</span> <span class='ocrx_word' id='word_1_601' title='bbox 2781 3540 3052 3595; x_wconf 73' lang='lat' dir='ltr'>effectum</span> <span class='ocrx_word' id='word_1_602' title='bbox 3102 3539 3227 3612; x_wconf 89' lang='lat' dir='ltr'>ipse</span> <span class='ocrx_word' id='word_1_603' title='bbox 3274 3540 3497 3595; x_wconf 88' lang='lat' dir='ltr'>tribuat</span> <span class='ocrx_word' id='word_1_604' title='bbox 3544 3540 3730 3613; x_wconf 88' lang='lat' dir='ltr'>impe-</span> 
     </span>
    </p>
   </div>
   <div class='ocr_carea' id='block_1_82' title="bbox 2070 3626 3730 3700">
    <p class='ocr_par' dir='ltr' id='par_1_82' title="bbox 2070 3626 3730 3700">
     <span class='ocr_line' id='line_1_82' title="bbox 2070 3626 3730 3700; baseline -0.001 -15"><span class='ocrx_word' id='word_1_605' title='bbox 2070 3628 2475 3685; x_wconf 89' lang='lat' dir='ltr'>trandi.Dicite</span> <span class='ocrx_word' id='word_1_606' title='bbox 2491 3628 2644 3700; x_wconf 92' lang='lat' dir='ltr'>quod</span> <span class='ocrx_word' id='word_1_607' title='bbox 2664 3626 3030 3683; x_wconf 87' lang='lat' dir='ltr'>clarissimus</span> <span class='ocrx_word' id='word_1_608' title='bbox 3048 3627 3323 3700; x_wconf 89' lang='lat' dir='ltr'>idemque</span> <span class='ocrx_word' id='word_1_609' title='bbox 3339 3628 3730 3684; x_wconf 85' lang='lat' dir='ltr'>suavissimus</span> 
     </span>
    </p>
   </div>
   <div class='ocr_carea' id='block_1_83' title="bbox 2072 3715 3726 3791">
    <p class='ocr_par' dir='ltr' id='par_1_83' title="bbox 2072 3715 3726 3791">
     <span class='ocr_line' id='line_1_83' title="bbox 2072 3715 3726 3791; baseline -0.001 -17"><span class='ocrx_word' id='word_1_610' title='bbox 2072 3722 2275 3774; x_wconf 87' lang='lat' dir='ltr'>auctor</span> <span class='ocrx_word' id='word_1_611' title='bbox 2303 3716 2667 3791; x_wconf 86' lang='lat' dir='ltr'>Augustinus</span> <span class='ocrx_word' id='word_1_612' title='bbox 2699 3715 2822 3789; x_wconf 90' lang='lat' dir='ltr'>(lib.</span> <span class='ocrx_word' id='word_1_613' title='bbox 2857 3734 2893 3771; x_wconf 88' lang='lat' dir='ltr'>x</span> <span class='ocrx_word' id='word_1_614' title='bbox 2922 3716 3187 3789; x_wconf 81' lang='lat' dir='ltr'>Confess.,</span> <span class='ocrx_word' id='word_1_615' title='bbox 3212 3733 3343 3789; x_wconf 89' lang='lat' dir='ltr'>cap.</span> <span class='ocrx_word' id='word_1_616' title='bbox 3367 3718 3460 3772; x_wconf 84' lang='lat'>29.</span> <span class='ocrx_word' id='word_1_617' title='bbox 3483 3718 3576 3786; x_wconf 88' lang='grc'>31,</span> <span class='ocrx_word' id='word_1_618' title='bbox 3600 3718 3726 3790; x_wconf 84' lang='lat'>3’7):</span> 
     </span>
    </p>
   </div>
   <div class='ocr_carea' id='block_1_84' title="bbox 2069 3805 3728 3879">
    <p class='ocr_par' dir='ltr' id='par_1_84' title="bbox 2069 3805 3728 3879">
     <span class='ocr_line' id='line_1_84' title="bbox 2069 3805 3728 3879; baseline 0 -17"><span class='ocrx_word' id='word_1_619' title='bbox 2069 3808 2152 3862; x_wconf 91' lang='lat' dir='ltr'>Da</span> <span class='ocrx_word' id='word_1_620' title='bbox 2197 3806 2338 3879; x_wconf 91' lang='lat' dir='ltr'>quod</span> <span class='ocrx_word' id='word_1_621' title='bbox 2377 3806 2558 3876; x_wconf 88' lang='lat' dir='ltr'>jubes,</span> <span class='ocrx_word' id='word_1_622' title='bbox 2604 3814 2657 3861; x_wconf 89' lang='lat' dir='ltr'>et</span> <span class='ocrx_word' id='word_1_623' title='bbox 2673 3806 2808 3877; x_wconf 86' lang='lat' dir='ltr'>jube</span> <span class='ocrx_word' id='word_1_624' title='bbox 2845 3805 2987 3877; x_wconf 90' lang='lat' dir='ltr'>quod</span> <span class='ocrx_word' id='word_1_625' title='bbox 3016 3807 3116 3861; x_wconf 88' lang='lat' dir='ltr'>vis.</span> <span class='ocrx_word' id='word_1_626' title='bbox 3149 3805 3453 3877; x_wconf 90' lang='lat' dir='ltr'>Siquidem</span> <span class='ocrx_word' id='word_1_627' title='bbox 3486 3823 3599 3862; x_wconf 86' lang='lat' dir='ltr'>sua</span> <span class='ocrx_word' id='word_1_628' title='bbox 3626 3822 3728 3862; x_wconf 91' lang='lat' dir='ltr'>nos</span> 
     </span>
    </p>
   </div>
   <div class='ocr_carea' id='block_1_85' title="bbox 2069 3893 3729 3967">
    <p class='ocr_par' dir='ltr' id='par_1_85' title="bbox 2069 3893 3729 3967">
     <span class='ocr_line' id='line_1_85' title="bbox 2069 3893 3729 3967; baseline 0.001 -17"><span class='ocrx_word' id='word_1_629' title='bbox 2069 3895 2223 3951; x_wconf 88' lang='lat' dir='ltr'>Deus</span> <span class='ocrx_word' id='word_1_630' title='bbox 2254 3894 2442 3967; x_wconf 86' lang='lat' dir='ltr'>gratia</span> <span class='ocrx_word' id='word_1_631' title='bbox 2466 3898 2531 3950; x_wconf 92' lang='lat' dir='ltr'>ut</span> <span class='ocrx_word' id='word_1_632' title='bbox 2558 3893 2702 3950; x_wconf 88' lang='lat' dir='ltr'>velle</span> <span class='ocrx_word' id='word_1_633' title='bbox 2733 3910 2798 3949; x_wconf 89' lang='lat' dir='ltr'>ac</span> <span class='ocrx_word' id='word_1_634' title='bbox 2829 3910 3000 3966; x_wconf 91' lang='lat' dir='ltr'>posse</span> <span class='ocrx_word' id='word_1_635' title='bbox 3031 3893 3249 3967; x_wconf 88' lang='lat' dir='ltr'>aliquid</span> <span class='ocrx_word' id='word_1_636' title='bbox 3274 3894 3411 3950; x_wconf 90' lang='lat' dir='ltr'>boni</span> <span class='ocrx_word' id='word_1_637' title='bbox 3440 3912 3729 3967; x_wconf 84' lang='lat' dir='ltr'>queamus</span> 
     </span>
    </p>
   </div>
   <div class='ocr_carea' id='block_1_86' title="bbox 2068 3982 3731 4056">
    <p class='ocr_par' dir='ltr' id='par_1_86' title="bbox 2068 3982 3731 4056">
     <span class='ocr_line' id='line_1_86' title="bbox 2068 3982 3731 4056; baseline 0 -16"><span class='ocrx_word' id='word_1_638' title='bbox 2068 3989 2125 4040; x_wconf 91' lang='lat' dir='ltr'>et</span> <span class='ocrx_word' id='word_1_639' title='bbox 2153 3983 2432 4056; x_wconf 80' lang='lat' dir='ltr'>praevenit</span> <span class='ocrx_word' id='word_1_640' title='bbox 2461 3987 2518 4039; x_wconf 91' lang='lat' dir='ltr'>et</span> <span class='ocrx_word' id='word_1_641' title='bbox 2546 3982 2950 4055; x_wconf 87' lang='lat' dir='ltr'>subsequitur.</span> <span class='ocrx_word' id='word_1_642' title='bbox 2973 3983 3136 4049; x_wconf 89' lang='lat' dir='ltr'>Quod</span> <span class='ocrx_word' id='word_1_643' title='bbox 3166 3982 3462 4040; x_wconf 89' lang='lat' dir='ltr'>evidenter</span> <span class='ocrx_word' id='word_1_644' title='bbox 3493 3984 3554 4039; x_wconf 91' lang='lat' dir='ltr'>in</span> <span class='ocrx_word' id='word_1_645' title='bbox 3577 3983 3731 4040; x_wconf 87' lang='lat' dir='ltr'>Psal-</span> 
     </span>
    </p>
   </div>
   <div class='ocr_carea' id='block_1_87' title="bbox 2069 4072 3729 4145">
    <p class='ocr_par' dir='ltr' id='par_1_87' title="bbox 2069 4072 3729 4145">
     <span class='ocr_line' id='line_1_87' title="bbox 2069 4072 3729 4145; baseline 0.001 -17"><span class='ocrx_word' id='word_1_646' title='bbox 2069 4073 2183 4129; x_wconf 90' lang='lat' dir='ltr'>mis</span> <span class='ocrx_word' id='word_1_647' title='bbox 2214 4072 2550 4137; x_wconf 89' lang='lat' dir='ltr'>didicimus,</span> <span class='ocrx_word' id='word_1_648' title='bbox 2598 4072 2698 4127; x_wconf 92' lang='lat' dir='ltr'>ubi</span> <span class='ocrx_word' id='word_1_649' title='bbox 2746 4073 3033 4145; x_wconf 90' lang='lat' dir='ltr'>scriptum</span> <span class='ocrx_word' id='word_1_650' title='bbox 3083 4075 3171 4128; x_wconf 91' lang='lat' dir='ltr'>est</span> <span class='ocrx_word' id='word_1_651' title='bbox 3198 4089 3211 4127; x_wconf 92' lang='lat'>:</span> <span class='ocrx_word' id='word_1_652' title='bbox 3243 4074 3387 4128; x_wconf 83' lang='lat' dir='ltr'>Deus</span> <span class='ocrx_word' id='word_1_653' title='bbox 3416 4089 3592 4141; x_wconf 87' lang='lat' dir='ltr'>meus,</span> <span class='ocrx_word' id='word_1_654' title='bbox 3620 4075 3729 4129; x_wconf 87' lang='lat' dir='ltr'>mi-</span> 
     </span>
    </p>
   </div>
   <div class='ocr_carea' id='block_1_88' title="bbox 2066 4161 3725 4235">
    <p class='ocr_par' dir='ltr' id='par_1_88' title="bbox 2066 4161 3725 4235">
     <span class='ocr_line' id='line_1_88' title="bbox 2066 4161 3725 4235; baseline 0 -17"><span class='ocrx_word' id='word_1_655' title='bbox 2066 4162 2363 4218; x_wconf 87' lang='lat' dir='ltr'>sericordia</span> <span class='ocrx_word' id='word_1_656' title='bbox 2404 4162 2522 4233; x_wconf 86' lang='lat' dir='ltr'>ejus</span> <span class='ocrx_word' id='word_1_657' title='bbox 2565 4163 2859 4229; x_wconf 64' lang='lat' dir='ltr'>praeveniet</span> <span class='ocrx_word' id='word_1_658' title='bbox 2905 4177 2993 4216; x_wconf 87' lang='lat' dir='ltr'>me</span> <span class='ocrx_word' id='word_1_659' title='bbox 3022 4162 3191 4233; x_wconf 89' lang='lat' dir='ltr'>(Psal.</span> <span class='ocrx_word' id='word_1_660' title='bbox 3225 4166 3399 4235; x_wconf 84' lang='lat' dir='ltr'>Lvm).</span> <span class='ocrx_word' id='word_1_661' title='bbox 3432 4161 3651 4234; x_wconf 87' lang='lat' dir='ltr'>Utique</span> <span class='ocrx_word' id='word_1_662' title='bbox 3675 4170 3725 4218; x_wconf 86' lang='lat' dir='ltr'>et</span> 
     </span>
    </p>
   </div>
   <div class='ocr_carea' id='block_1_89' title="bbox 2064 4250 3725 4321">
    <p class='ocr_par' dir='ltr' id='par_1_89' title="bbox 2064 4250 3725 4321">
     <span class='ocr_line' id='line_1_89' title="bbox 2064 4250 3725 4321; baseline 0 -13"><span class='ocrx_word' id='word_1_663' title='bbox 2064 4250 2445 4307; x_wconf 84' lang='lat' dir='ltr'>misericordia</span> <span class='ocrx_word' id='word_1_664' title='bbox 2475 4258 2573 4305; x_wconf 89' lang='lat' dir='ltr'>tua</span> <span class='ocrx_word' id='word_1_665' title='bbox 2597 4251 2952 4321; x_wconf 86' lang='lat' dir='ltr'>subsequetur</span> <span class='ocrx_word' id='word_1_666' title='bbox 2980 4266 3066 4305; x_wconf 88' lang='lat' dir='ltr'>me</span> <span class='ocrx_word' id='word_1_667' title='bbox 3093 4251 3345 4306; x_wconf 87' lang='lat' dir='ltr'>omnibus</span> <span class='ocrx_word' id='word_1_668' title='bbox 3373 4250 3569 4307; x_wconf 87' lang='lat' dir='ltr'>diebus</span> <span class='ocrx_word' id='word_1_669' title='bbox 3596 4254 3725 4308; x_wconf 65' lang='lat' dir='ltr'>vitae</span> 
     </span>
    </p>
   </div>
   <div class='ocr_carea' id='block_1_90' title="bbox 2062 4337 3724 4413">
    <p class='ocr_par' dir='ltr' id='par_1_90' title="bbox 2062 4337 3724 4413">
     <span class='ocr_line' id='line_1_90' title="bbox 2062 4337 3724 4413; baseline 0.001 -18"><span class='ocrx_word' id='word_1_670' title='bbox 2062 4355 2203 4397; x_wconf 64' lang='lat' dir='ltr'>inea:</span> <span class='ocrx_word' id='word_1_671' title='bbox 2229 4339 2403 4407; x_wconf 88' lang='lat' dir='ltr'>(Psal.</span> <span class='ocrx_word' id='word_1_672' title='bbox 2434 4342 2589 4409; x_wconf 70' lang='grc' dir='ltr'>χχιι).</span> <span class='ocrx_word' id='word_1_673' title='bbox 2610 4337 2974 4410; x_wconf 89' lang='lat' dir='ltr'>Acquiescite</span> <span class='ocrx_word' id='word_1_674' title='bbox 2995 4338 3237 4412; x_wconf 89' lang='lat' dir='ltr'>Spiritui</span> <span class='ocrx_word' id='word_1_675' title='bbox 3263 4343 3470 4395; x_wconf 89' lang='lat' dir='ltr'>sancto</span> <span class='ocrx_word' id='word_1_676' title='bbox 3490 4357 3598 4413; x_wconf 90' lang='lat' dir='ltr'>per</span> <span class='ocrx_word' id='word_1_677' title='bbox 3619 4341 3724 4396; x_wconf 86' lang='lat' dir='ltr'>Da-</span> 
     </span>
    </p>
   </div>
   <div class='ocr_carea' id='block_1_91' title="bbox 2062 4427 3718 4503">
    <p class='ocr_par' dir='ltr' id='par_1_91' title="bbox 2062 4427 3718 4503">
     <span class='ocr_line' id='line_1_91' title="bbox 2062 4427 3718 4503; baseline 0.001 -19"><span class='ocrx_word' id='word_1_678' title='bbox 2062 4429 2254 4485; x_wconf 88' lang='lat' dir='ltr'>videm</span> <span class='ocrx_word' id='word_1_679' title='bbox 2285 4427 2582 4484; x_wconf 89' lang='lat' dir='ltr'>monenti:</span> <span class='ocrx_word' id='word_1_680' title='bbox 2612 4429 2765 4484; x_wconf 83' lang='lat' dir='ltr'>laeta</span> <span class='ocrx_word' id='word_1_681' title='bbox 2784 4429 2845 4483; x_wconf 89' lang='lat' dir='ltr'>in</span> <span class='ocrx_word' id='word_1_682' title='bbox 2874 4429 3104 4484; x_wconf 86' lang='lat' dir='ltr'>Domino</span> <span class='ocrx_word' id='word_1_683' title='bbox 3128 4444 3318 4483; x_wconf 86' lang='lat' dir='ltr'>curam</span> <span class='ocrx_word' id='word_1_684' title='bbox 3345 4436 3523 4497; x_wconf 88' lang='lat' dir='ltr'>tuam,</span> <span class='ocrx_word' id='word_1_685' title='bbox 3537 4438 3589 4486; x_wconf 87' lang='lat' dir='ltr'>et</span> <span class='ocrx_word' id='word_1_686' title='bbox 3610 4432 3718 4503; x_wconf 81' lang='lat' dir='ltr'>ipse</span> 
     </span>
    </p>
   </div>
   <div class='ocr_carea' id='block_1_92' title="bbox 308 4511 3712 4589">
    <p class='ocr_par' dir='ltr' id='par_1_92' title="bbox 308 4511 3712 4589">
     <span class='ocr_line' id='line_1_92' title="bbox 308 4511 3712 4589; baseline 0.001 -17"><span class='ocrx_word' id='word_1_687' title='bbox 308 4515 473 4572; x_wconf 88' lang='lat' dir='ltr'>milia</span> <span class='ocrx_word' id='word_1_688' title='bbox 502 4531 630 4572; x_wconf 88' lang='lat' dir='ltr'>esse</span> <span class='ocrx_word' id='word_1_689' title='bbox 658 4514 985 4583; x_wconf 86' lang='lat' dir='ltr'>videantur,</span> <span class='ocrx_word' id='word_1_690' title='bbox 1018 4511 1265 4578; x_wconf 88' lang='lat' dir='ltr'>abolete,</span> <span class='ocrx_word' id='word_1_691' title='bbox 1297 4526 1513 4582; x_wconf 75' lang='lat' dir='ltr'>quaeso,</span> <span class='ocrx_word' id='word_1_692' title='bbox 1539 4515 1830 4582; x_wconf 89' lang='lat' dir='ltr'>quantum</span> <span class='ocrx_word' id='word_1_693' title='bbox 1863 4528 1960 4584; x_wconf 88' lang='lat' dir='ltr'>po-</span> <span class='ocrx_word' id='word_1_694' title='bbox 2066 4525 2116 4573; x_wconf 90' lang='lat' dir='ltr'>te</span> <span class='ocrx_word' id='word_1_695' title='bbox 2143 4518 2379 4573; x_wconf 87' lang='lat' dir='ltr'>enutrict</span> <span class='ocrx_word' id='word_1_696' title='bbox 2397 4516 2564 4588; x_wconf 82' lang='lat' dir='ltr'>(Psal.</span> <span class='ocrx_word' id='word_1_697' title='bbox 2590 4516 2700 4589; x_wconf 80' lang='lat' dir='ltr'>LIV)</span> <span class='ocrx_word' id='word_1_698' title='bbox 2722 4535 2735 4585; x_wconf 92' lang='lat'><strong>;</strong></span> <span class='ocrx_word' id='word_1_699' title='bbox 2760 4533 2825 4572; x_wconf 90' lang='lat' dir='ltr'>ac</span> <span class='ocrx_word' id='word_1_700' title='bbox 2847 4516 3094 4572; x_wconf 89' lang='lat' dir='ltr'>Domino</span> <span class='ocrx_word' id='word_1_701' title='bbox 3125 4516 3481 4573; x_wconf 83' lang='lat' dir='ltr'>ﬁducialiter</span> <span class='ocrx_word' id='word_1_702' title='bbox 3504 4518 3712 4577; x_wconf 79' lang='lat' dir='ltr'>dicite:</span> 
     </span>
    </p>
   </div>
   <div class='ocr_carea' id='block_1_93' title="bbox 306 4600 3713 4689">
    <p class='ocr_par' dir='ltr' id='par_1_93' title="bbox 306 4600 3713 4689">
     <span class='ocr_line' id='line_1_93' title="bbox 306 4600 3713 4689; baseline 0.001 -27"><span class='ocrx_word' id='word_1_703' title='bbox 306 4605 495 4673; x_wconf 86' lang='lat' dir='ltr'>testis,</span> <span class='ocrx_word' id='word_1_704' title='bbox 529 4605 601 4660; x_wconf 89' lang='lat' dir='ltr'>de</span> <span class='ocrx_word' id='word_1_705' title='bbox 646 4619 761 4674; x_wconf 92' lang='lat' dir='ltr'>quo</span> <span class='ocrx_word' id='word_1_706' title='bbox 807 4618 1000 4658; x_wconf 90' lang='lat' dir='ltr'>sermo</span> <span class='ocrx_word' id='word_1_707' title='bbox 1054 4600 1319 4689; x_wconf 85' lang='lat' dir='ltr'>habetur,</span> <span class='ocrx_word' id='word_1_708' title='bbox 1355 4615 1693 4689; x_wconf 82' lang='lat' dir='ltr'>maerorem,</span> <span class='ocrx_word' id='word_1_709' title='bbox 1716 4604 1775 4655; x_wconf 88' lang='lat' dir='ltr'>et</span> <span class='ocrx_word' id='word_1_710' title='bbox 1820 4616 1954 4656; x_wconf 89' lang='lat' dir='ltr'>cum</span> <span class='ocrx_word' id='word_1_711' title='bbox 1983 4625 2031 4689; x_wconf 82' lang='lat' dir='ltr'><strong>D</strong></span> <span class='ocrx_word' id='word_1_712' title='bbox 2070 4607 2144 4661; x_wconf 86' lang='lat' dir='ltr'>Tu</span> <span class='ocrx_word' id='word_1_713' title='bbox 2171 4622 2226 4661; x_wconf 85' lang='lat' dir='ltr'>es</span> <span class='ocrx_word' id='word_1_714' title='bbox 2255 4606 2535 4675; x_wconf 83' lang='lat' dir='ltr'>refugium</span> <span class='ocrx_word' id='word_1_715' title='bbox 2560 4622 2741 4661; x_wconf 89' lang='lat' dir='ltr'>meum</span> <span class='ocrx_word' id='word_1_716' title='bbox 2766 4623 2801 4661; x_wconf 92' lang='lat' dir='ltr'>a</span> <span class='ocrx_word' id='word_1_717' title='bbox 2820 4606 3175 4663; x_wconf 83' lang='lat' dir='ltr'>tribulatione</span> <span class='ocrx_word' id='word_1_718' title='bbox 3201 4621 3328 4679; x_wconf 66' lang='lat' dir='ltr'>qua?</span> <span class='ocrx_word' id='word_1_719' title='bbox 3355 4608 3713 4665; x_wconf 81' lang='lat' dir='ltr'>circumdedit</span> 
     </span>
    </p>
   </div>
   <div class='ocr_carea' id='block_1_94' title="bbox 305 4688 3709 4767">
    <p class='ocr_par' dir='ltr' id='par_1_94' title="bbox 305 4688 3709 4767">
     <span class='ocr_line' id='line_1_94' title="bbox 305 4688 3709 4767; baseline 0.001 -17"><span class='ocrx_word' id='word_1_720' title='bbox 305 4694 417 4751; x_wconf 85' lang='lat' dir='ltr'>Job</span> <span class='ocrx_word' id='word_1_721' title='bbox 447 4691 619 4748; x_wconf 90' lang='lat' dir='ltr'>dicite</span> <span class='ocrx_word' id='word_1_722' title='bbox 648 4708 662 4746; x_wconf 89' lang='lat'>:</span> <span class='ocrx_word' id='word_1_723' title='bbox 697 4693 965 4747; x_wconf 85' lang='lat' dir='ltr'>Dominus</span> <span class='ocrx_word' id='word_1_724' title='bbox 992 4688 1155 4754; x_wconf 85' lang='lat' dir='ltr'>dedit,</span> <span class='ocrx_word' id='word_1_725' title='bbox 1210 4689 1476 4743; x_wconf 84' lang='lat' dir='ltr'>Dominus</span> <span class='ocrx_word' id='word_1_726' title='bbox 1518 4688 1764 4743; x_wconf 88' lang='lat' dir='ltr'>abstulit.</span> <span class='ocrx_word' id='word_1_727' title='bbox 1804 4690 1957 4745; x_wconf 87' lang='lat' dir='ltr'>Sicut</span> <span class='ocrx_word' id='word_1_728' title='bbox 1985 4688 2017 4689; x_wconf 28' lang='grc' dir='ltr'>ί</span> <span class='ocrx_word' id='word_1_729' title='bbox 2060 4712 2148 4750; x_wconf 78' lang='lat' dir='ltr'>me</span> <span class='ocrx_word' id='word_1_730' title='bbox 2175 4694 2622 4766; x_wconf 77' lang='lat' dir='ltr'>(Psal.xxx1).Et</span> <span class='ocrx_word' id='word_1_731' title='bbox 2650 4711 2786 4750; x_wconf 90' lang='lat' dir='ltr'>cum</span> <span class='ocrx_word' id='word_1_732' title='bbox 2815 4693 3088 4767; x_wconf 93' lang='lat' dir='ltr'>Apostolo</span> <span class='ocrx_word' id='word_1_733' title='bbox 3110 4695 3235 4767; x_wconf 87' lang='lat' dir='ltr'>jam</span> <span class='ocrx_word' id='word_1_734' title='bbox 3268 4695 3632 4754; x_wconf 82' lang='lat' dir='ltr'>exsultantes</span> <span class='ocrx_word' id='word_1_735' title='bbox 3650 4698 3709 4752; x_wconf 89' lang='lat' dir='ltr'>in</span> 
     </span>
    </p>
   </div>
   <div class='ocr_carea' id='block_1_95' title="bbox 306 4772 1955 4852">
    <p class='ocr_par' dir='ltr' id='par_1_95' title="bbox 306 4772 1955 4852">
     <span class='ocr_line' id='line_1_95' title="bbox 306 4772 1955 4852; baseline -0.004 -13"><span class='ocrx_word' id='word_1_736' title='bbox 306 4783 539 4840; x_wconf 87' lang='lat' dir='ltr'>Domino</span> <span class='ocrx_word' id='word_1_737' title='bbox 565 4781 793 4852; x_wconf 87' lang='lat' dir='ltr'>placuit,</span> <span class='ocrx_word' id='word_1_738' title='bbox 828 4780 907 4835; x_wconf 88' lang='lat' dir='ltr'>ita</span> <span class='ocrx_word' id='word_1_739' title='bbox 932 4777 1140 4852; x_wconf 79' lang='lat' dir='ltr'>factum</span> <span class='ocrx_word' id='word_1_740' title='bbox 1172 4795 1188 4830; x_wconf 86' lang='lat'>:</span> <span class='ocrx_word' id='word_1_741' title='bbox 1219 4779 1292 4832; x_wconf 86' lang='lat' dir='ltr'>sit</span> <span class='ocrx_word' id='word_1_742' title='bbox 1320 4792 1515 4831; x_wconf 85' lang='lat' dir='ltr'>nomen</span> <span class='ocrx_word' id='word_1_743' title='bbox 1545 4772 1766 4832; x_wconf 65' lang='lat' dir='ltr'>Dommi</span> <span class='ocrx_word' id='word_1_744' title='bbox 1797 4779 1955 4834; x_wconf 86' lang='lat' dir='ltr'>bene-</span> 
     </span>
    </p>
   </div>
   <div class='ocr_carea' id='block_1_96' title="bbox 305 4864 1955 4943">
    <p class='ocr_par' dir='ltr' id='par_1_96' title="bbox 305 4864 1955 4943">
     <span class='ocr_line' id='line_1_96' title="bbox 305 4864 1955 4943; baseline -0.005 -14"><span class='ocrx_word' id='word_1_745' title='bbox 305 4872 513 4929; x_wconf 85' lang='lat' dir='ltr'>dictum</span> <span class='ocrx_word' id='word_1_746' title='bbox 539 4870 678 4943; x_wconf 85' lang='lat' dir='ltr'>(Job.</span> <span class='ocrx_word' id='word_1_747' title='bbox 711 4869 773 4940; x_wconf 82' lang='lat'>1).</span> <span class='ocrx_word' id='word_1_748' title='bbox 816 4869 1045 4923; x_wconf 90' lang='lat' dir='ltr'>Etcum</span> <span class='ocrx_word' id='word_1_749' title='bbox 1092 4864 1367 4937; x_wconf 89' lang='lat' dir='ltr'>Apostolo</span> <span class='ocrx_word' id='word_1_750' title='bbox 1399 4864 1459 4918; x_wconf 89' lang='lat' dir='ltr'>in</span> <span class='ocrx_word' id='word_1_751' title='bbox 1488 4865 1587 4920; x_wconf 91' lang='lat' dir='ltr'>Dei</span> <span class='ocrx_word' id='word_1_752' title='bbox 1618 4865 1955 4937; x_wconf 87' lang='lat' dir='ltr'>spatiamini</span> 
     </span>
    </p>
   </div>
   <div class='ocr_carea' id='block_1_97' title="bbox 306 4954 1956 5017">
    <p class='ocr_par' dir='ltr' id='par_1_97' title="bbox 306 4954 1956 5017">
     <span class='ocr_line' id='line_1_97' title="bbox 306 4954 1956 5017; baseline -0.003 0"><span class='ocrx_word' id='word_1_753' title='bbox 306 4959 581 5017; x_wconf 89' lang='lat' dir='ltr'>laudibus</span> <span class='ocrx_word' id='word_1_754' title='bbox 611 4959 905 5013; x_wconf 89' lang='lat' dir='ltr'>dicentes:</span> <span class='ocrx_word' id='word_1_755' title='bbox 931 4954 1249 5012; x_wconf 85' lang='lat' dir='ltr'>Benedictus</span> <span class='ocrx_word' id='word_1_756' title='bbox 1275 4959 1423 5009; x_wconf 89' lang='lat' dir='ltr'>Deus</span> <span class='ocrx_word' id='word_1_757' title='bbox 1450 4962 1499 5009; x_wconf 89' lang='lat' dir='ltr'>ct</span> <span class='ocrx_word' id='word_1_758' title='bbox 1527 4955 1694 5010; x_wconf 83' lang='lat' dir='ltr'>Pater</span> <span class='ocrx_word' id='word_1_759' title='bbox 1721 4955 1821 5011; x_wconf 73' lang='lat'><strong>15</strong></span> <span class='ocrx_word' id='word_1_760' title='bbox 1850 4960 1956 5012; x_wconf 84' lang='lat' dir='ltr'>Do-</span> 
     </span>
    </p>
   </div>
   <div class='ocr_carea' id='block_1_98' title="bbox 305 5043 1955 5111">
    <p class='ocr_par' dir='ltr' id='par_1_98' title="bbox 305 5043 1955 5111">
     <span class='ocr_line' id='line_1_98' title="bbox 305 5043 1955 5111; baseline -0.003 -6"><span class='ocrx_word' id='word_1_761' title='bbox 305 5051 450 5107; x_wconf 86' lang='lat' dir='ltr'>mini</span> <span class='ocrx_word' id='word_1_762' title='bbox 477 5048 651 5104; x_wconf 85' lang='lat' dir='ltr'>nostri</span> <span class='ocrx_word' id='word_1_763' title='bbox 693 5048 818 5103; x_wconf 75' lang='lat' dir='ltr'>Iesu</span> <span class='ocrx_word' id='word_1_764' title='bbox 865 5045 1089 5109; x_wconf 81' lang='lat' dir='ltr'>Christi,</span> <span class='ocrx_word' id='word_1_765' title='bbox 1137 5046 1303 5099; x_wconf 87' lang='lat' dir='ltr'>Pater</span> <span class='ocrx_word' id='word_1_766' title='bbox 1346 5043 1874 5111; x_wconf 87' lang='lat' dir='ltr'>misericordiarum,</span> <span class='ocrx_word' id='word_1_767' title='bbox 1905 5054 1955 5100; x_wconf 84' lang='lat' dir='ltr'>et</span> 
     </span>
    </p>
   </div>
   <div class='ocr_carea' id='block_1_99' title="bbox 307 5132 1957 5204">
    <p class='ocr_par' dir='ltr' id='par_1_99' title="bbox 307 5132 1957 5204">
     <span class='ocr_line' id='line_1_99' title="bbox 307 5132 1957 5204; baseline -0.003 -9"><span class='ocrx_word' id='word_1_768' title='bbox 307 5140 446 5195; x_wconf 88' lang='lat' dir='ltr'>Deus</span> <span class='ocrx_word' id='word_1_769' title='bbox 476 5138 640 5193; x_wconf 89' lang='lat' dir='ltr'>totius</span> <span class='ocrx_word' id='word_1_770' title='bbox 669 5135 1076 5198; x_wconf 86' lang='lat' dir='ltr'>consolationis,</span> <span class='ocrx_word' id='word_1_771' title='bbox 1111 5134 1209 5204; x_wconf 89' lang='lat' dir='ltr'>qui</span> <span class='ocrx_word' id='word_1_772' title='bbox 1234 5132 1544 5187; x_wconf 88' lang='lat' dir='ltr'>consolatur</span> <span class='ocrx_word' id='word_1_773' title='bbox 1570 5149 1667 5188; x_wconf 87' lang='lat' dir='ltr'>nos</span> <span class='ocrx_word' id='word_1_774' title='bbox 1715 5136 1777 5188; x_wconf 87' lang='lat' dir='ltr'>in</span> <span class='ocrx_word' id='word_1_775' title='bbox 1805 5136 1957 5190; x_wconf 90' lang='lat' dir='ltr'>omni</span> 
     </span>
    </p>
   </div>
   <div class='ocr_carea' id='block_1_100' title="bbox 310 5221 1959 5294">
    <p class='ocr_par' dir='ltr' id='par_1_100' title="bbox 310 5221 1959 5294">
     <span class='ocr_line' id='line_1_100' title="bbox 310 5221 1959 5294; baseline -0.002 -11"><span class='ocrx_word' id='word_1_776' title='bbox 310 5226 666 5283; x_wconf 88' lang='lat' dir='ltr'>tribulatione</span> <span class='ocrx_word' id='word_1_777' title='bbox 697 5232 883 5279; x_wconf 88' lang='lat' dir='ltr'>nostra</span> <span class='ocrx_word' id='word_1_778' title='bbox 909 5222 981 5294; x_wconf 88' lang='lat' dir='ltr'>(II</span> <span class='ocrx_word' id='word_1_779' title='bbox 1009 5222 1129 5277; x_wconf 85' lang='lat' dir='ltr'>Cor.</span> <span class='ocrx_word' id='word_1_780' title='bbox 1153 5225 1215 5287; x_wconf 88' lang='lat'>1).</span> <span class='ocrx_word' id='word_1_781' title='bbox 1241 5221 1440 5276; x_wconf 80' lang='lat' dir='ltr'>Restat</span> <span class='ocrx_word' id='word_1_782' title='bbox 1459 5237 1595 5293; x_wconf 87' lang='lat' dir='ltr'>pars</span> <span class='ocrx_word' id='word_1_783' title='bbox 1620 5221 1800 5279; x_wconf 87' lang='lat' dir='ltr'>altera</span> <span class='ocrx_word' id='word_1_784' title='bbox 1832 5240 1959 5279; x_wconf 86' lang='lat' dir='ltr'>sus-</span> 
     </span>
    </p>
   </div>
   <div class='ocr_carea' id='block_1_101' title="bbox 311 5310 1957 5388">
    <p class='ocr_par' dir='ltr' id='par_1_101' title="bbox 311 5310 1957 5388">
     <span class='ocr_line' id='line_1_101' title="bbox 311 5310 1957 5388; baseline -0.002 -17"><span class='ocrx_word' id='word_1_785' title='bbox 311 5315 464 5388; x_wconf 91' lang='lat' dir='ltr'>cepti</span> <span class='ocrx_word' id='word_1_786' title='bbox 520 5312 783 5386; x_wconf 88' lang='lat' dir='ltr'>negotii:</span> <span class='ocrx_word' id='word_1_787' title='bbox 836 5327 965 5383; x_wconf 67' lang='lat' dir='ltr'>qua:</span> <span class='ocrx_word' id='word_1_788' title='bbox 1025 5310 1367 5381; x_wconf 88' lang='lat' dir='ltr'>stringenda</span> <span class='ocrx_word' id='word_1_789' title='bbox 1413 5310 1663 5366; x_wconf 89' lang='lat' dir='ltr'>breviter</span> <span class='ocrx_word' id='word_1_790' title='bbox 1717 5316 1826 5380; x_wconf 90' lang='lat' dir='ltr'>est,</span> <span class='ocrx_word' id='word_1_791' title='bbox 1887 5329 1957 5368; x_wconf 91' lang='lat' dir='ltr'>ne</span> 
     </span>
    </p>
   </div>
   <div class='ocr_carea' id='block_1_102' title="bbox 310 5397 1959 5475">
    <p class='ocr_par' dir='ltr' id='par_1_102' title="bbox 310 5397 1959 5475">
     <span class='ocr_line' id='line_1_102' title="bbox 310 5397 1959 5475; baseline -0.002 -15"><span class='ocrx_word' id='word_1_792' title='bbox 310 5404 457 5460; x_wconf 85' lang='lat' dir='ltr'>forte</span> <span class='ocrx_word' id='word_1_793' title='bbox 489 5402 658 5475; x_wconf 74' lang='lat' dir='ltr'>plura</span> <span class='ocrx_word' id='word_1_794' title='bbox 686 5399 886 5456; x_wconf 89' lang='lat' dir='ltr'>dicens</span> <span class='ocrx_word' id='word_1_795' title='bbox 916 5397 1029 5454; x_wconf 90' lang='lat' dir='ltr'>sim</span> <span class='ocrx_word' id='word_1_796' title='bbox 1056 5397 1351 5469; x_wconf 91' lang='lat' dir='ltr'>oneri,qui</span> <span class='ocrx_word' id='word_1_797' title='bbox 1375 5400 1619 5471; x_wconf 84' lang='lat' dir='ltr'>gestiam</span> <span class='ocrx_word' id='word_1_798' title='bbox 1653 5416 1781 5456; x_wconf 90' lang='lat' dir='ltr'>esse</span> <span class='ocrx_word' id='word_1_799' title='bbox 1812 5400 1959 5456; x_wconf 90' lang='lat' dir='ltr'>sola-</span> 
     </span>
    </p>
   </div>
   <div class='ocr_carea' id='block_1_103' title="bbox 310 5486 1958 5557">
    <p class='ocr_par' dir='ltr' id='par_1_103' title="bbox 310 5486 1958 5557">
     <span class='ocr_line' id='line_1_103' title="bbox 310 5486 1958 5557; baseline -0.002 -9"><span class='ocrx_word' id='word_1_800' title='bbox 310 5492 412 5548; x_wconf 88' lang='lat' dir='ltr'>tio.</span> <span class='ocrx_word' id='word_1_801' title='bbox 435 5490 581 5545; x_wconf 87' lang='lat' dir='ltr'>Hinc</span> <span class='ocrx_word' id='word_1_802' title='bbox 611 5486 1079 5553; x_wconf 86' lang='lat' dir='ltr'>instaurari,imo</span> <span class='ocrx_word' id='word_1_803' title='bbox 1111 5503 1472 5557; x_wconf 89' lang='lat' dir='ltr'>perseverare</span> <span class='ocrx_word' id='word_1_804' title='bbox 1501 5487 1718 5545; x_wconf 89' lang='lat' dir='ltr'>doloris</span> <span class='ocrx_word' id='word_1_805' title='bbox 1745 5488 1958 5545; x_wconf 90' lang='lat' dir='ltr'>vulnus</span> 
     </span>
    </p>
   </div>
   <div class='ocr_carea' id='block_1_104' title="bbox 311 5573 1959 5650">
    <p class='ocr_par' dir='ltr' id='par_1_104' title="bbox 311 5573 1959 5650">
     <span class='ocr_line' id='line_1_104' title="bbox 311 5573 1959 5650; baseline -0.002 -14"><span class='ocrx_word' id='word_1_806' title='bbox 311 5576 666 5644; x_wconf 86' lang='lat' dir='ltr'>asseruistis,</span> <span class='ocrx_word' id='word_1_807' title='bbox 701 5576 854 5647; x_wconf 89' lang='lat' dir='ltr'>quod</span> <span class='ocrx_word' id='word_1_808' title='bbox 887 5573 1216 5646; x_wconf 90' lang='lat' dir='ltr'>duplicatus</span> <span class='ocrx_word' id='word_1_809' title='bbox 1254 5576 1512 5648; x_wconf 89' lang='lat' dir='ltr'>quotidie</span> <span class='ocrx_word' id='word_1_810' title='bbox 1557 5578 1959 5650; x_wconf 89' lang='lat' dir='ltr'>dispositionis</span> 
     </span>
    </p>
   </div>
   <div class='ocr_carea' id='block_1_105' title="bbox 311 5662 1962 5739">
    <p class='ocr_par' dir='ltr' id='par_1_105' title="bbox 311 5662 1962 5739">
     <span class='ocr_line' id='line_1_105' title="bbox 311 5662 1962 5739; baseline 0.001 -18"><span class='ocrx_word' id='word_1_811' title='bbox 311 5665 475 5724; x_wconf 83' lang='lat' dir='ltr'>labor</span> <span class='ocrx_word' id='word_1_812' title='bbox 503 5664 645 5737; x_wconf 91' lang='lat' dir='ltr'>quid</span> <span class='ocrx_word' id='word_1_813' title='bbox 668 5662 801 5719; x_wconf 92' lang='lat' dir='ltr'>boni</span> <span class='ocrx_word' id='word_1_814' title='bbox 822 5662 1195 5735; x_wconf 89' lang='lat' dir='ltr'>perdideritis</span> <span class='ocrx_word' id='word_1_815' title='bbox 1215 5665 1544 5733; x_wconf 85' lang='lat' dir='ltr'>admoneat,</span> <span class='ocrx_word' id='word_1_816' title='bbox 1559 5682 1625 5721; x_wconf 88' lang='lat' dir='ltr'>ac</span> <span class='ocrx_word' id='word_1_817' title='bbox 1654 5671 1962 5739; x_wconf 88' lang='lat' dir='ltr'>prepterea</span> 
     </span>
    </p>
   </div>
   <div class='ocr_carea' id='block_1_106' title="bbox 2063 4782 3709 4859">
    <p class='ocr_par' dir='ltr' id='par_1_106' title="bbox 2063 4782 3709 4859">
     <span class='ocr_line' id='line_1_106' title="bbox 2063 4782 3709 4859; baseline 0.001 -20"><span class='ocrx_word' id='word_1_818' title='bbox 2063 4783 2165 4839; x_wconf 87' lang='lat' dir='ltr'>Dei</span> <span class='ocrx_word' id='word_1_819' title='bbox 2193 4782 2467 4839; x_wconf 90' lang='lat' dir='ltr'>laudibus</span> <span class='ocrx_word' id='word_1_820' title='bbox 2497 4783 2857 4856; x_wconf 89' lang='lat' dir='ltr'>ingeminare</span> <span class='ocrx_word' id='word_1_821' title='bbox 2901 4783 3167 4856; x_wconf 88' lang='lat' dir='ltr'>poteritis</span> <span class='ocrx_word' id='word_1_822' title='bbox 3200 4802 3213 4841; x_wconf 93' lang='lat'>:</span> <span class='ocrx_word' id='word_1_823' title='bbox 3249 4786 3449 4841; x_wconf 84' lang='lat' dir='ltr'>Omnia</span> <span class='ocrx_word' id='word_1_824' title='bbox 3493 4803 3709 4859; x_wconf 83' lang='lat' dir='ltr'>possum</span> 
     </span>
    </p>
   </div>
   <div class='ocr_carea' id='block_1_107' title="bbox 2063 4872 3709 4944">
    <p class='ocr_par' dir='ltr' id='par_1_107' title="bbox 2063 4872 3709 4944">
     <span class='ocr_line' id='line_1_107' title="bbox 2063 4872 3709 4944; baseline 0 -16"><span class='ocrx_word' id='word_1_825' title='bbox 2063 4874 2124 4928; x_wconf 90' lang='lat' dir='ltr'>in</span> <span class='ocrx_word' id='word_1_826' title='bbox 2152 4887 2212 4928; x_wconf 90' lang='lat' dir='ltr'>eo</span> <span class='ocrx_word' id='word_1_827' title='bbox 2266 4873 2364 4944; x_wconf 89' lang='lat' dir='ltr'>qui</span> <span class='ocrx_word' id='word_1_828' title='bbox 2404 4889 2491 4928; x_wconf 89' lang='lat' dir='ltr'>me</span> <span class='ocrx_word' id='word_1_829' title='bbox 2537 4874 2805 4943; x_wconf 81' lang='lat' dir='ltr'>con/artat</span> <span class='ocrx_word' id='word_1_830' title='bbox 2831 4872 3094 4944; x_wconf 85' lang='lat' dir='ltr'>(Philipp.</span> <span class='ocrx_word' id='word_1_831' title='bbox 3130 4873 3226 4943; x_wconf 83' lang='lat' dir='ltr'>Iv).</span> <span class='ocrx_word' id='word_1_832' title='bbox 3264 4875 3512 4931; x_wconf 86' lang='lat' dir='ltr'>Tristitia</span> <span class='ocrx_word' id='word_1_833' title='bbox 3561 4876 3709 4932; x_wconf 87' lang='lat' dir='ltr'>enim</span> 
     </span>
    </p>
   </div>
   <div class='ocr_carea' id='block_1_108' title="bbox 2061 4960 3709 5033">
    <p class='ocr_par' dir='ltr' id='par_1_108' title="bbox 2061 4960 3709 5033">
     <span class='ocr_line' id='line_1_108' title="bbox 2061 4960 3709 5033; baseline 0 -16"><span class='ocrx_word' id='word_1_834' title='bbox 2061 4961 2256 5018; x_wconf 65' lang='grc' dir='ltr'>δεταιιί</span> <span class='ocrx_word' id='word_1_835' title='bbox 2280 4968 2511 5016; x_wconf 90' lang='lat' dir='ltr'>mortem</span> <span class='ocrx_word' id='word_1_836' title='bbox 2538 4968 2794 5033; x_wconf 86' lang='lat' dir='ltr'>operatur</span> <span class='ocrx_word' id='word_1_837' title='bbox 2824 4961 2897 5032; x_wconf 85' lang='lat' dir='ltr'>(II</span> <span class='ocrx_word' id='word_1_838' title='bbox 2924 4963 3048 5018; x_wconf 84' lang='lat' dir='ltr'>Cor.</span> <span class='ocrx_word' id='word_1_839' title='bbox 3081 4960 3200 5032; x_wconf 84' lang='lat' dir='ltr'>vn),</span> <span class='ocrx_word' id='word_1_840' title='bbox 3261 4962 3416 5017; x_wconf 85' lang='lat' dir='ltr'>haud</span> <span class='ocrx_word' id='word_1_841' title='bbox 3468 4963 3709 5020; x_wconf 90' lang='lat' dir='ltr'>dubium</span> 
     </span>
    </p>
   </div>
   <div class='ocr_carea' id='block_1_109' title="bbox 2063 5048 3710 5124">
    <p class='ocr_par' dir='ltr' id='par_1_109' title="bbox 2063 5048 3710 5124">
     <span class='ocr_line' id='line_1_109' title="bbox 2063 5048 3710 5124; baseline 0.001 -19"><span class='ocrx_word' id='word_1_842' title='bbox 2063 5049 2206 5123; x_wconf 90' lang='lat' dir='ltr'>quin</span> <span class='ocrx_word' id='word_1_843' title='bbox 2234 5048 2619 5122; x_wconf 91' lang='lat' dir='ltr'>spiritualem,</span> <span class='ocrx_word' id='word_1_844' title='bbox 2635 5050 2736 5104; x_wconf 82' lang='lat' dir='ltr'>sed</span> <span class='ocrx_word' id='word_1_845' title='bbox 2764 5052 2822 5104; x_wconf 87' lang='lat' dir='ltr'>et</span> <span class='ocrx_word' id='word_1_846' title='bbox 2852 5048 3315 5121; x_wconf 87' lang='lat' dir='ltr'>corporalem,ut</span> <span class='ocrx_word' id='word_1_847' title='bbox 3342 5051 3568 5124; x_wconf 87' lang='lat' dir='ltr'>optime</span> <span class='ocrx_word' id='word_1_848' title='bbox 3586 5068 3710 5107; x_wconf 88' lang='lat' dir='ltr'>nos-</span> 
     </span>
    </p>
   </div>
   <div class='ocr_carea' id='block_1_110' title="bbox 2063 5136 3708 5210">
    <p class='ocr_par' dir='ltr' id='par_1_110' title="bbox 2063 5136 3708 5210">
     <span class='ocr_line' id='line_1_110' title="bbox 2063 5136 3708 5210; baseline 0 -16"><span class='ocrx_word' id='word_1_849' title='bbox 2063 5138 2161 5207; x_wconf 89' lang='lat' dir='ltr'>tis,</span> <span class='ocrx_word' id='word_1_850' title='bbox 2186 5154 2338 5210; x_wconf 71' lang='lat' dir='ltr'>szepe</span> <span class='ocrx_word' id='word_1_851' title='bbox 2367 5136 2695 5194; x_wconf 89' lang='lat' dir='ltr'>consciscit.</span> <span class='ocrx_word' id='word_1_852' title='bbox 2712 5138 3100 5202; x_wconf 75' lang='lat' dir='ltr'>Quamobrem</span> <span class='ocrx_word' id='word_1_853' title='bbox 3131 5139 3411 5195; x_wconf 68' lang='lat' dir='ltr'>aerumnis</span> <span class='ocrx_word' id='word_1_854' title='bbox 3442 5141 3708 5197; x_wconf 89' lang='lat' dir='ltr'>vitiorum</span> 
     </span>
    </p>
   </div>
   <div class='ocr_carea' id='block_1_111' title="bbox 2066 5226 3707 5300">
    <p class='ocr_par' dir='ltr' id='par_1_111' title="bbox 2066 5226 3707 5300">
     <span class='ocr_line' id='line_1_111' title="bbox 2066 5226 3707 5300; baseline 0 -18"><span class='ocrx_word' id='word_1_855' title='bbox 2066 5227 2282 5300; x_wconf 87' lang='lat' dir='ltr'>quibus</span> <span class='ocrx_word' id='word_1_856' title='bbox 2313 5227 2638 5298; x_wconf 89' lang='lat' dir='ltr'>premimur</span> <span class='ocrx_word' id='word_1_857' title='bbox 2674 5226 3109 5295; x_wconf 76' lang='lat' dir='ltr'>contristamur,</span> <span class='ocrx_word' id='word_1_858' title='bbox 3146 5231 3203 5283; x_wconf 91' lang='lat' dir='ltr'>et</span> <span class='ocrx_word' id='word_1_859' title='bbox 3232 5228 3304 5284; x_wconf 86' lang='lat' dir='ltr'>ab</span> <span class='ocrx_word' id='word_1_860' title='bbox 3335 5245 3541 5285; x_wconf 89' lang='lat' dir='ltr'>eorum</span> <span class='ocrx_word' id='word_1_861' title='bbox 3571 5228 3707 5285; x_wconf 82' lang='lat' dir='ltr'>falsa</span> 
     </span>
    </p>
   </div>
   <div class='ocr_carea' id='block_1_112' title="bbox 2065 5315 3710 5391">
    <p class='ocr_par' dir='ltr' id='par_1_112' title="bbox 2065 5315 3710 5391">
     <span class='ocr_line' id='line_1_112' title="bbox 2065 5315 3710 5391; baseline 0.001 -20"><span class='ocrx_word' id='word_1_862' title='bbox 2065 5315 2621 5388; x_wconf 90' lang='lat' dir='ltr'>dulcedine,quanta</span> <span class='ocrx_word' id='word_1_863' title='bbox 2632 5332 2947 5388; x_wconf 90' lang='lat' dir='ltr'>possumus</span> <span class='ocrx_word' id='word_1_864' title='bbox 2960 5316 3350 5373; x_wconf 88' lang='lat' dir='ltr'>amaritudine</span> <span class='ocrx_word' id='word_1_865' title='bbox 3362 5317 3617 5391; x_wconf 82' lang='lat' dir='ltr'>separari</span> <span class='ocrx_word' id='word_1_866' title='bbox 3630 5317 3710 5373; x_wconf 89' lang='lat' dir='ltr'>ni-</span> 
     </span>
    </p>
   </div>
   <div class='ocr_carea' id='block_1_113' title="bbox 2065 5403 3707 5479">
    <p class='ocr_par' dir='ltr' id='par_1_113' title="bbox 2065 5403 3707 5479">
     <span class='ocr_line' id='line_1_113' title="bbox 2065 5403 3707 5479; baseline 0.001 -21"><span class='ocrx_word' id='word_1_867' title='bbox 2065 5408 2354 5469; x_wconf 89' lang='lat' dir='ltr'>tamur,ac</span> <span class='ocrx_word' id='word_1_868' title='bbox 2383 5404 2561 5475; x_wconf 90' lang='lat' dir='ltr'>hujus</span> <span class='ocrx_word' id='word_1_869' title='bbox 2594 5403 2913 5460; x_wconf 90' lang='lat' dir='ltr'>incolatum</span> <span class='ocrx_word' id='word_1_870' title='bbox 2940 5404 3090 5470; x_wconf 67' lang='lat' dir='ltr'>vitae,</span> <span class='ocrx_word' id='word_1_871' title='bbox 3116 5405 3175 5459; x_wconf 92' lang='lat' dir='ltr'>in</span> <span class='ocrx_word' id='word_1_872' title='bbox 3199 5422 3317 5478; x_wconf 88' lang='lat' dir='ltr'>qua</span> <span class='ocrx_word' id='word_1_873' title='bbox 3337 5406 3466 5462; x_wconf 89' lang='lat' dir='ltr'>sine</span> <span class='ocrx_word' id='word_1_874' title='bbox 3486 5404 3707 5479; x_wconf 83' lang='lat' dir='ltr'>querela</span> 
     </span>
    </p>
   </div>
   <div class='ocr_carea' id='block_1_114' title="bbox 2066 5492 3705 5566">
    <p class='ocr_par' dir='ltr' id='par_1_114' title="bbox 2066 5492 3705 5566">
     <span class='ocr_line' id='line_1_114' title="bbox 2066 5492 3705 5566; baseline 0 -19"><span class='ocrx_word' id='word_1_875' title='bbox 2066 5510 2182 5549; x_wconf 92' lang='lat' dir='ltr'>non</span> <span class='ocrx_word' id='word_1_876' title='bbox 2210 5492 2442 5559; x_wconf 90' lang='lat' dir='ltr'>vivitur,</span> <span class='ocrx_word' id='word_1_877' title='bbox 2476 5493 2734 5550; x_wconf 89' lang='lat' dir='ltr'>modeste</span> <span class='ocrx_word' id='word_1_878' title='bbox 2774 5494 3051 5549; x_wconf 85' lang='lat' dir='ltr'>feramus.</span> <span class='ocrx_word' id='word_1_879' title='bbox 3086 5495 3395 5566; x_wconf 63' lang='lat' dir='ltr'>Caeterum,</span> <span class='ocrx_word' id='word_1_880' title='bbox 3424 5495 3643 5551; x_wconf 89' lang='lat' dir='ltr'>veniam</span> <span class='ocrx_word' id='word_1_881' title='bbox 3672 5509 3705 5547; x_wconf 88' lang='lat' dir='ltr'>a</span> 
     </span>
    </p>
   </div>
   <div class='ocr_carea' id='block_1_115' title="bbox 2065 5581 3703 5654">
    <p class='ocr_par' dir='ltr' id='par_1_115' title="bbox 2065 5581 3703 5654">
     <span class='ocr_line' id='line_1_115' title="bbox 2065 5581 3703 5654; baseline -0.001 -18"><span class='ocrx_word' id='word_1_882' title='bbox 2065 5581 2181 5637; x_wconf 90' lang='lat' dir='ltr'>Deo</span> <span class='ocrx_word' id='word_1_883' title='bbox 2212 5585 2632 5653; x_wconf 87' lang='lat' dir='ltr'>exspectantes,</span> <span class='ocrx_word' id='word_1_884' title='bbox 2667 5581 2727 5637; x_wconf 93' lang='lat' dir='ltr'>in</span> <span class='ocrx_word' id='word_1_885' title='bbox 2757 5598 2824 5637; x_wconf 90' lang='lat' dir='ltr'>eo</span> <span class='ocrx_word' id='word_1_886' title='bbox 2874 5582 3046 5654; x_wconf 91' lang='lat' dir='ltr'>plena</span> <span class='ocrx_word' id='word_1_887' title='bbox 3088 5584 3204 5639; x_wconf 80' lang='lat' dir='ltr'>fide</span> <span class='ocrx_word' id='word_1_888' title='bbox 3230 5583 3513 5641; x_wconf 67' lang='lat' dir='ltr'>laetemur.</span> <span class='ocrx_word' id='word_1_889' title='bbox 3544 5582 3703 5640; x_wconf 87' lang='lat' dir='ltr'>Deni-</span> 
     </span>
    </p>
   </div>
   <div class='ocr_carea' id='block_1_116' title="bbox 2067 5669 3708 5745">
    <p class='ocr_par' dir='ltr' id='par_1_116' title="bbox 2067 5669 3708 5745">
     <span class='ocr_line' id='line_1_116' title="bbox 2067 5669 3708 5745; baseline -0.001 -19"><span class='ocrx_word' id='word_1_890' title='bbox 2067 5686 2182 5742; x_wconf 87' lang='lat' dir='ltr'>que</span> <span class='ocrx_word' id='word_1_891' title='bbox 2209 5669 2351 5726; x_wconf 90' lang='lat' dir='ltr'>illud</span> <span class='ocrx_word' id='word_1_892' title='bbox 2387 5673 2480 5726; x_wconf 78' lang='grc'><strong>17</strong></span> <span class='ocrx_word' id='word_1_893' title='bbox 2519 5671 2674 5742; x_wconf 91' lang='lat' dir='ltr'>quod</span> <span class='ocrx_word' id='word_1_894' title='bbox 2705 5669 2766 5726; x_wconf 93' lang='lat' dir='ltr'>in</span> <span class='ocrx_word' id='word_1_895' title='bbox 2797 5670 3105 5745; x_wconf 89' lang='lat' dir='ltr'>Evangelio</span> <span class='ocrx_word' id='word_1_896' title='bbox 3135 5673 3532 5745; x_wconf 86' lang='lat' dir='ltr'>promittitur:</span> <span class='ocrx_word' id='word_1_897' title='bbox 3562 5671 3708 5728; x_wconf 80' lang='lat' dir='ltr'>Beati</span> 
     </span>
    </p>
   </div>
  </div>
