3856 6200
297 335 417 397 447

1282 333 1354 395 Β.
1403 332 1470 395 S.
1512 331 1696 396 LUPI
1739 329 2072 394 ABBATIS
2120 329 2717 394 FERRARIENSIS.

3584 335 3693 398 448

297 472 534 545 propter
559 467 910 544 legationem
942 466 1055 525 sibi
1096 465 1494 535 commissam,
1529 466 1601 522 ad
1649 464 1944 538 liqutdum
1975 465 2031 533 Α
2057 462 2327 519 videntur
2344 463 2558 521 habere
2589 464 2955 539 productam,
2968 481 3183 540 magna
3210 465 3505 524 haesitatio
3533 469 3693 536 est,in

299 561 448 617 seire
480 577 594 615 non
618 558 834 631 potuit;
860 562 1034 630 atque
1063 557 1135 613 ob
1167 574 1294 613 eam
1328 574 1449 612 rem
1477 555 1744 611 hortatus
1767 558 1855 610 est
1886 558 1950 609 ut

298 651 553 706 reditum
588 664 784 703 meum
817 647 889 702 ad
907 647 1055 702 Non.
1088 646 1224 702 Jun.
1256 646 1568 723 dill’errem,
1597 644 1827 716 quando
1860 659 1949 698 so-

298 738 573 795 lemnitas
594 735 782 793 sancti
806 735 1080 792 Bonifacii
1115 751 1175 791 se
1207 736 1411 790 abesse
1444 733 1686 788 minime
1709 732 1945 799 sineret,

298 827 412 884 nisi
435 828 580 883 forte
604 825 963 898 ipsiquoque
985 822 1754 896 imperialisjussionisetea
1771 837 1945 892 quam

298 913 1059 990 gravissimaprwjudicaret
1075 912 1619 983 auetoritas.ltaque
1632 926 1762 964 cum
1778 926 1843 963 su
1853 925 1946 963 am

298 1008 430 1078 post
485 1001 907 1076 regressionem
956 1001 1355 1056 Marcwardus
1386 1017 1453 1054 ex
1504 1016 1595 1053 me
1634 997 1947 1070 qumsitum

297 1094 532 1167 quando
564 1090 936 1164 potissimum
971 1089 1173 1145 reverti
1194 1088 1401 1144 vellem
1432 1087 1948 1153 misisset,memo-

299 1186 437 1238 ratae
470 1180 551 1236 rei
574 1196 752 1235 causa
775 1196 957 1251 equos
978 1178 1093 1233 huc
1115 1178 1488 1232 adducendos
1510 1180 1573 1231 ut
1592 1175 1777 1247 pridie
1797 1175 1942 1230 Non.

296 1271 435 1327 Jun.
460 1272 689 1324 curaret
721 1266 879 1340 petii,
915 1283 1029 1339 quo
1075 1265 1299 1320 Christo
1334 1265 1584 1337 prepitio
1610 1263 1681 1337 (τι)
1704 1281 1825 1319 vm.
1860 1263 1942 1318 Id.

296 1359 561 1429 ejusdem
584 1355 804 1412 mensis
826 1357 938 1411 iter
966 1356 1037 1411 ad
1065 1371 1165 1410 vos
1198 1371 1430 1427 possem
1467 1353 1722 1424 arripere
1747 1370 1759 1407 :
1788 1352 1944 1424 quod

294 1447 411 1515 ille,
446 1447 494 1501 si
546 1447 667 1501 vita
724 1463 918 1500 comes
979 1443 1173 1510 fuerit,
1210 1442 1611 1497 indubitanter
1654 1440 1941 1512 implebit.

295 1539 483 1604 Quare
513 1542 734 1591 certum
768 1535 920 1588 diem
951 1533 1210 1606 quidem,
1246 1548 1361 1603 quo
1392 1531 1460 1586 ad
1512 1548 1613 1586 vos
1662 1534 1945 1585 venturus

296 1623 768 1696 sim,exprimere
790 1638 903 1677 non
932 1621 1144 1688 audeo;
1166 1620 1264 1676 sed
1297 1620 1450 1674 intra
1472 1635 1599 1675 eam
1632 1618 1947 1673 hebdoma-

295 1715 431 1771 dam
457 1731 583 1787 qum
614 1712 761 1767 Non.
794 1710 931 1766 Jun.
952 1710 1193 1782 coeperit
1223 1709 1462 1764 omnino
1495 1725 1588 1764 me
1607 1711 1940 1774 venturum,

294 1807 407 1858 Deo
448 1800 693 1866 volente,
728 1799 1029 1855 conﬁrmo.
1061 1799 1250 1870 Atque
1295 1796 1521 1852 utinam
1566 1800 1943 1852 exoneratum

294 1890 453 1947 omni
483 1904 757 1945 curarum
790 1886 1059 1943 molestia
1076 1891 1337 1943 vestrum
1364 1885 1613 1958 reperire
1642 1889 1783 1940 tunc
1826 1902 1943 1940 me-

293 1996 425 2036 rear
453 1977 820 2045 animum,ut
850 1992 964 2031 non
996 1979 1157 2030 vacet
1193 1974 1368 2030 modo
1402 1992 1505 2046 pro
1537 1973 1709 2030 solita
1740 1972 1944 2046 dlgna-

292 2068 451 2125 tione
476 2081 838 2139 quaecunque
860 2062 1129 2120 amicalia
1152 2064 1507 2118 videbuntur
1537 2079 1766 2119 mecum
1809 2079 1946 2118 con-

294 2157 466 2223 ferre,
493 2170 696 2210 verum
726 2152 903 2209 etiam
934 2152 1034 2207 ubi
1064 2151 1151 2208 vel
1183 2169 1378 2207 meum
1430 2151 1520 2207 vel
1570 2150 1818 2207 aliorum
1853 2167 1947 2206 me

295 2244 511 2309 deﬁcit,
566 2245 829 2299 vestrum
878 2241 1033 2296 adsit
1084 2240 1419 2297 consultum
1478 2239 1818 2313 ingenium;
1853 2240 1945 2294 cui

296 2336 586 2406 quantum
609 2332 1354 2402 assurgam,quantumque
1375 2327 1946 2401 deteram,quantum

296 2422 550 2495 denique
570 2437 636 2476 eo
659 2435 752 2475 me
772 2418 858 2474 vel
881 2418 1151 2489 adjutum
1168 2417 1255 2474 vel
1274 2418 1343 2473 ad
1343 2419 1366 2489 j
1377 2417 1673 2473 uvandum
1692 2417 1946 2484 credam,

296 2515 363 2568 ut
393 2508 747 2567 adulationis
782 2524 1046 2563 morsum
1074 2506 1369 2581 effugiam,
1404 2505 1537 2561 nolo
1570 2505 1824 2577 amplius
1855 2504 1947 2560 di-

297 2616 459 2669 cere;
485 2604 635 2655 Deus
655 2595 881 2665 viderit,
906 2597 1075 2668 cujus
1098 2596 1177 2651 idi
1187 2612 1357 2668 psum
1386 2595 1573 2669 gratia
1592 2594 1942 2666 procuravit.

298 2691 391 2746 2|
422 2687 660 2744 Interim
682 2686 802 2742 haec
821 2702 947 2758 quae
962 2684 1184 2755 subjeci
1209 2689 1593 2758 paterna,qua
1607 2701 1700 2738 me
1717 2700 1948 2757 semper

298 2777 521 2845 fovetis,
536 2775 752 2849 pietate
773 2774 1144 2831 considerare
1167 2773 1590 2848 dignamini,ut
1620 2789 1687 2829 ea
1704 2772 1945 2845 praevisa

296 2866 441 2923 mihi
462 2864 693 2922 facilius
723 2863 1139 2936 expediatis.In
1163 2862 1343 2937 priori
1376 2862 1523 2918 libro
1554 2861 1943 2918 Arithmeticae

297 2956 529 3013 Boetius
564 2958 772 3029 quarto
804 2952 1058 3026 capitulo
1080 2951 1165 3009 sic
1187 2951 1350 3024 ponit
1370 2952 1519 3021 Quod
1538 2960 1721 3007 autem
1738 2950 1946 3007 dictum

296 3052 376 3102 est
395 3044 696 3101 secundum
732 3042 967 3099 duorum
1012 3058 1272 3111 generum
1316 3042 1622 3097 contrarias
1662 3043 1943 3112 passiones

297 3134 609 3208 hujusmodi
634 3141 727 3199 est,
753 3132 825 3187 ab
856 3148 923 3187 eo
952 3131 1078 3185 loco
1111 3146 1297 3201 usque
1329 3131 1401 3184 ad
1444 3130 1567 3185 hmo
1596 3130 1789 3200 verba,
1815 3147 1941 3201 quae

298 3223 500 3296 paucis
533 3219 854 3292 interjectis
902 3217 1320 3289 subjiciuntur,
1352 3217 1537 3288 Spatia
1577 3225 1652 3273 est
1698 3220 1944 3273 maxime

294 3313 616 3386 parcissime
627 3306 1157 3381 quantitate,minus
1171 3305 1314 3360 mihi
1333 3322 1508 3378 quam
1524 3305 1698 3361 velim
1722 3305 1946 3363 clarum

298 3406 406 3457 est.
440 3404 507 3456 In
537 3398 742 3455 eodem
776 3395 947 3463 libro,
982 3393 1238 3467 capitulo
1269 3396 1357 3464 21,
1381 3398 1553 3467 negat
1574 3411 1701 3451 esse
1720 3395 1949 3466 difﬁcile

299 3487 679 3557 diligentibus,
711 3487 921 3557 praeter
968 3499 1115 3555 quas
1170 3483 1295 3556 ipse
1342 3483 1690 3556 expresserit
1730 3488 1946 3556 partes,

300 3574 657 3647 multiplices
686 3571 1143 3644 superpatientis
1182 3573 1505 3627 secundum
1558 3576 1948 3628 monstratum

302 3683 337 3722 a
362 3681 424 3720 se
446 3662 687 3718 modum
712 3665 950 3716 crateras
981 3660 1240 3732 reperiri.
1257 3661 1418 3726 Quod
1443 3660 1491 3715 si
1515 3676 1618 3731 per
1646 3677 1747 3715 vos
1785 3660 1951 3732 plene

302 3753 457 3827 quod
490 3749 664 3824 paulo
696 3748 976 3824 praemisit
1005 3749 1277 3822 superius
1315 3748 1651 3805 intellexere
1698 3748 1799 3804 ubi
1847 3747 1947 3816 ait,

307 3842 751 3912 Vocabunturque
786 3839 847 3894 hi
888 3838 1186 3894 secundum
1226 3840 1487 3911 proprias
1527 3845 1707 3910 partes
1749 3838 1953 3910 duplex

300 3930 787 4002 superbiparliens,
809 3930 865 3982 et
895 3927 1222 3999 sequentia,
1242 3926 1522 3982 nimirum
1546 3926 1689 3982 mihi
1711 3944 1825 3983 non
1844 3926 1953 3982 erit

306 4017 726 4075 difﬁcile.ldem
739 4020 942 4073 auctor
953 4015 1201 4072 eximius
1214 4016 1471 4071 secundo
1484 4017 1747 4088 ejusdem
1761 4016 1951 4088 operis

302 4108 474 4176 libro,
506 4105 764 4178 itemque
794 4105 1050 4162 secundo
1081 4104 1290 4176 capite,
1321 4113 1374 4161 et
1400 4113 1460 4160 ut
1480 4106 1581 4171 ait,
1612 4104 1824 4177 inquit,
1849 4106 1952 4161 Ni-

304 4197 627 4254 chomchus
668 4196 1069 4262 inmusitatum,
1095 4193 1232 4263 sive,
1263 4198 1324 4249 ut
1370 4193 1506 4249 alibi
1552 4195 1738 4266 reperi
1768 4211 1954 4250 enmu-

303 4288 506 4342 sita-ten
536 4284 805 4339 theorema
836 4284 1150 4355 proﬁciens,
1181 4286 1287 4338 etc.
1317 4300 1329 4351 ;
1363 4299 1491 4354 quae
1537 4282 1714 4337 verba
1759 4286 1955 4339 Graeca

305 4390 485 4448 quam
515 4372 768 4428 habeant
797 4372 1211 4444 proprietatem
1241 4371 1436 4426 nescio
1469 4370 1517 4426 si
1542 4375 1693 4426 recte
1731 4388 1954 4443 recepe-

306 4464 439 4520 rim.
465 4462 527 4518 In
560 4462 763 4518 eodem
795 4459 965 4530 libro,
992 4477 1120 4532 cap.
1158 4461 1247 4526 25,
1283 4460 1354 4514 ab
1385 4475 1451 4514 eo
1495 4458 1621 4513 loco
1671 4459 1771 4514 ubi
1804 4460 1951 4516 scri-

2057 570 2174 625 qua
2194 570 2285 608 me
2309 552 2500 609 adhuc
2520 552 2783 610 laborare
2801 555 3095 627 proﬁteor;
3116 560 3459 613 utrumnam
3489 561 3698 614 natura

2056 642 2427 698 serviendum
2460 643 2558 711 sit,
2583 647 2649 698 ut
2677 641 3022 714 penultima,
3040 649 3106 700 ut
3127 649 3235 712 est,
3254 644 3434 718 longa
3454 663 3700 718 pronun-

2057 731 2263 800 tietur;
2287 748 2361 786 an
2386 736 2618 804 propter
2646 731 2791 787 illud
2825 734 2981 805 quod
3006 739 3264 791 Donatus
3292 734 3399 802 ait,
3420 734 3482 791 Si
3505 736 3701 807 penul-

2056 820 2200 876 tima
2221 820 2506 892 positione
2534 820 2710 894 longa
2740 821 2934 888 fuerit,
2968 822 3099 895 ipsa
3127 827 3393 891 acuetur,
3427 826 3494 879 ut
3527 824 3702 880 Catul-

2058 910 2176 977 lus;
2206 910 2286 964 ita
2314 913 2508 965 tamen
2542 909 2591 964 si
2633 909 2922 981 positione
2968 910 3163 985 longa,
3199 928 3315 967 non
3349 928 3423 967 ex
3464 916 3626 968 muta
3652 917 3705 969 et

2056 997 2279 1070 liquida
2301 997 2491 1065 fuerit,
2526 1015 2661 1053 nam
2696 998 2950 1055 mutabit
2978 1003 3305 1067 accentum,
3326 1005 3396 1055 ut
3409 1000 3697 1073 pharetra,

2054 1085 2113 1141 in
2146 1091 2357 1143 natura
2385 1086 2564 1142 simul
2593 1091 2651 1142 et
2681 1086 2781 1142 tali
2804 1086 3092 1159 positione
3113 1087 3447 1160 productis,
3459 1104 3708 1144 commu—

2055 1175 2148 1231 nis
2180 1174 2404 1248 syllaba
2433 1179 2653 1234 naturze
2683 1177 3042 1249 prazjudicet,
3058 1181 3115 1232 et
3144 1182 3426 1233 accentus
3459 1177 3519 1232 in
3552 1181 3708 1235 ante-

2054 1264 2439 1336 penultimam
2471 1266 2877 1320 transferatur.
2902 1265 3166 1338 Namque
3196 1265 3342 1322 nihil
3370 1265 3431 1321 in
3466 1267 3707 1322 auctori-

2055 1355 2166 1409 bus
2197 1353 2450 1409 solidum
2483 1353 2673 1409 adhuc
2705 1354 2955 1425 reperire
2978 1354 3140 1426 potui
3165 1355 3319 1411 unde
3350 1358 3488 1410 uter
3515 1371 3706 1413 eorum

2056 1460 2265 1499 sensus
2298 1447 2401 1498 aut
2430 1443 2614 1499 astrui
2648 1446 2749 1498 aut
2769 1442 3029 1498 abdicari
3057 1443 3204 1499 mihi
3228 1460 3404 1516 posse
3423 1444 3703 1500 videatur.

2053 1530 2176 1586 Erit
2206 1530 2383 1603 igitur
2400 1535 2601 1587 vestrae
2622 1530 2945 1604 prudentia:
2968 1530 3119 1587 hanc
3142 1531 3596 1606 ambiguitatem
3627 1531 3707 1588 di-

2056 1619 2266 1676 rimere
2288 1624 2353 1675 ut
2374 1623 2572 1676 utrum
2594 1636 2795 1676 eorum
2811 1619 3007 1693 aliquo
3021 1621 3372 1677 documento
3392 1621 3709 1677 fortissimo

2054 1709 2344 1764 roborare.
2380 1707 2684 1781 Siquidem
2717 1708 2789 1763 ad
2822 1707 3254 1775 difﬁcultatem,
3286 1709 3451 1781 quod
3501 1712 3708 1773 certam

2053 1796 2189 1853 hinc
2203 1796 2425 1854 nullius
2447 1797 2670 1870 reperio
2685 1796 3203 1870 regulam,accedit
3223 1797 3405 1854 etiam
3428 1797 3543 1854 hoc
3562 1798 3706 1869 quod

2057 1887 2118 1942 in
2147 1891 2332 1942 metro
2356 1886 2666 1959 ejusmodi,
2701 1891 2766 1941 ut
2793 1890 2901 1951 est,
2934 1895 3227 1955 aratrum,
3249 1903 3491 1959 semper
3512 1887 3710 1959 produ-

2055 1981 2209 2032 ctam
2258 1975 2487 2032 invenio
2535 1974 2946 2048 penultimam,
2977 1993 3112 2032 eum
3163 1976 3213 2032 si
3256 1975 3318 2031 in
3370 1971 3707 2031 naturaliter

2056 2082 2289 2136 quoque
2306 2063 2497 2137 longis
2517 2063 2850 2120 communis
2872 2063 3097 2138 syllaba
3111 2063 3701 2131 valeat,:nanifestum

2056 2155 2133 2210 sit
2150 2163 2339 2219 aratra
2360 2153 2739 2222 nominativo,
2769 2154 3120 2225 accusativo,
3143 2158 3201 2209 et
3226 2152 3493 2209 vocativo
3524 2150 3701 2224 plut-ao

2055 2242 2211 2298 libus
2233 2260 2336 2315 per
2365 2240 2662 2315 dactylum
2690 2242 2827 2314 poni
2859 2241 3144 2315 potuisse.
3163 2243 3315 2298 Sunt
3336 2245 3399 2298 et
3431 2240 3546 2298 alia
3559 2257 3703 2297 com-

2056 2331 2229 2404 plura
2255 2331 2685 2404 interroganda,
2701 2347 2828 2403 quae
2860 2335 3062 2387 notata
3086 2335 3548 2403 teneo,quzeque
3567 2345 3703 2385 com-

2056 2419 2310 2486 modius,
2344 2419 2393 2474 si
2424 2420 2578 2475 Deus
2611 2435 2829 2491 vosque
2859 2418 3268 2492 permiseritis,
3300 2434 3567 2492 praesens
3595 2416 3701 2473 dis-

2058 2507 2309 2580 quiram.
2344 2508 2410 2562 Et
2442 2508 2681 2563 obsecro
2713 2523 2817 2580 per
2845 2524 3022 2579 quam
3054 2506 3200 2562 mihi
3248 2506 3534 2579 pietatem
3581 2521 3698 2579 gra-

2055 2595 2202 2653 tuito
2233 2612 2462 2668 semper
2492 2595 2842 2651 exhibuistis
2874 2601 2941 2651 ut
2976 2595 3169 2668 quoad
3219 2594 3460 2651 veniam
3488 2594 3561 2650 ad
3589 2611 3695 2661 vos,

2055 2702 2183 2758 quae
2213 2684 2547 2741 necessaria
2573 2684 2716 2740 mihi
2751 2684 2916 2741 scitis
2948 2701 3042 2741 me
3075 2685 3230 2741 unde
3258 2683 3491 2740 discam
3514 2681 3621 2739 nisi
3640 2699 3697 2738 ex

2052 2774 2216 2831 vobis
2248 2777 2484 2842 restare,
2509 2790 2577 2830 ex
2607 2774 2825 2830 abditis
2872 2777 3073 2829 vestras
3112 2773 3415 2830 memoria
3466 2772 3695 2845 diligen-

2053 2863 2172 2920 tius
2205 2879 2405 2919 eruere
2434 2879 2501 2918 ac
2540 2862 2686 2918 mihi
2709 2864 2844 2935 jure
2870 2862 3132 2919 caritatis
3162 2866 3220 2918 et
3248 2861 3529 2918 amicitia
3558 2858 3695 2916 ultro

2053 2952 2276 3027 aperire
2305 2951 2667 3025 dignemini;
2702 2956 2767 3007 ut
2796 2952 3023 3009 semina
3047 2951 3108 3006 in
3156 2966 3250 3006 me
3296 2950 3483 3007 vestri
3530 2950 3694 3023 ﬁgen-

2051 3046 2139 3099 tes
2186 3040 2425 3115 ingenii,
2458 3042 2686 3114 frugem
2736 3040 2894 3098 illius
2940 3041 3014 3097 ad
3053 3040 3341 3114 plurimos
3402 3037 3695 3095 transmit-

2055 3131 2214 3188 tatis.

1975 3200 2017 3266 C
2126 3221 2225 3278 28
2258 3220 2537 3275 Praeterea
2568 3218 2819 3290 scriptor
2850 3218 3045 3292 regius
3090 3218 3460 3274 Bsrtcaudus
3499 3216 3696 3274 dicitur

2056 3310 2432 3387 antiquarum
2464 3306 3114 3378 litterarum,duntaxat
3141 3323 3345 3363 earum
3374 3322 3510 3379 quae
3531 3303 3694 3361 maxi-

2057 3416 2165 3455 mis
2192 3401 2414 3465 sunt,et
2432 3396 2694 3452 unciales
2715 3414 2749 3452 a
2778 3397 3133 3468 quibusdam
3154 3394 3346 3454 vocari
3363 3394 3697 3452 existiman-

2056 3492 2173 3556 tur,
2189 3488 2405 3544 habere
2433 3503 2771 3543 mensuram
2816 3486 3191 3559 descriptam.
3219 3486 3427 3558 Itaque
3457 3483 3507 3540 si
3539 3496 3697 3557 penes

2057 3596 2159 3634 vos
2191 3582 2298 3646 est,
2334 3576 2549 3631 mittite
2580 3574 2725 3630 mihi
2759 3591 2888 3631 eam
2922 3591 3024 3648 per
3061 3574 3241 3643 hunc,
3275 3590 3503 3646 quaso,
3535 3571 3696 3644 picto-

2058 3683 2203 3734 rem,
2235 3682 2369 3721 cum
2400 3664 2656 3733 redierit,
2690 3663 2972 3720 schedula
3014 3668 3215 3720 tamen
3263 3658 3698 3736 diligentissime

2059 3754 2251 3829 sigillo
2285 3754 2534 3810 munita.

2120 3846 2194 3919 Α.
2213 3842 2463 3900 Gellium
2494 3841 2816 3910 misissem,
2838 3841 2954 3898 nisi
2986 3858 3193 3897 rursus
3224 3839 3395 3896 illum
3422 3839 3505 3914 (α)
3534 3837 3696 3894 abbas

2061 3931 2418 3999 retinuisset,
2452 3934 2695 4003 questus
2726 3930 2977 3987 necdum
3009 3930 3124 3987 sibi
3153 3946 3287 3986 eum
3318 3945 3458 3989 esse
3499 3924 3697 3984 descri-

2059 4026 2249 4095 ptum.
2278 4019 2645 4092 Scripturum
2685 4036 2747 4076 se
2775 4022 2973 4075 tamen
3004 4018 3169 4075 vobis
3198 4017 3345 4074 dixit
3381 4018 3542 4090 quod
3570 4029 3695 4088 pra-

2060 4111 2248 4167 fatum
2278 4109 2496 4165 librum
2520 4108 2576 4164 vi
2607 4108 2751 4164 mihi
2782 4107 3340 4165 extorserit.Verum
3369 4112 3433 4162 et
3464 4105 3626 4162 illum
3650 4106 3696 4158 et

2060 4216 2265 4257 omnes
2298 4201 2553 4265 caeteros,
2573 4197 2790 4271 quibus
2821 4201 3014 4253 vestra
3039 4193 3391 4251 liberalitate
3416 4195 3598 4259 fruor,
3610 4205 3697 4263 per

2060 4305 2174 4356 me,
2203 4287 2253 4343 si
2276 4287 2424 4343 Deus
2446 4284 2589 4354 vult,
2620 4285 2783 4341 vobis
2815 4284 2942 4357 ipse
2972 4285 3262 4341 restituet.

2130 4375 2344 4432 Abdita
2372 4374 2433 4430 in
2463 4373 2590 4448 lege
2618 4377 2676 4429 et
2706 4373 2959 4429 maxime
2991 4372 3188 4429 Graeca
3228 4371 3497 4440 nomina,
3518 4362 3585 4427 et
3599 4366 3696 4425 alia

2061 4480 2129 4520 ex
2156 4461 2351 4519 Servio
2380 4460 2522 4517 item
2569 4462 2783 4529 Graeca,
2803 4477 2932 4533 quae
2965 4460 3134 4516 initio
3173 4459 3339 4516 vobis
3369 4459 3574 4525 direxi,
3605 4452 3697 4513 sal-

305 4557 472 4625 ptum
501 4554 590 4606 est
622 4566 635 4606 :
667 4549 853 4605 Omnis
885 4564 1093 4621 quoque
1120 4549 1290 4602 cubus
1312 4548 1408 4617 qui
1443 4563 1512 4601 ex
1542 4551 1955 4616 tetragonorum
1988 4570 2031 4635 D
2062 4555 2181 4607 tem
2205 4566 2361 4618 nunc
2393 4549 2619 4605 utinam
2648 4564 2721 4604 ne
2752 4547 3076 4622 gravemini
3122 4547 3455 4621 explanare.
3486 4545 3692 4610 Valeas,

304 4642 597 4714 superficie
626 4640 686 4694 in
711 4637 1145 4710 profunditatem
1169 4636 1410 4707 corporis
1441 4636 1631 4703 crevit,
1663 4652 1850 4708 usque
1880 4638 1949 4693 ad

307 4747 463 4798 eum,
496 4729 737 4799 Angulos
769 4744 889 4784 vero
919 4735 1051 4797 octo,
1083 4742 1313 4799 quorum
1353 4724 1589 4795 singulis
1628 4725 1727 4781 sub
1775 4727 1954 4783 tribus

306 4819 574 4892 ejusmodi
623 4818 947 4883 continetur,
991 4816 1178 4887 quales
1226 4815 1443 4885 priores
1488 4816 1643 4885 fuere
1686 4818 1957 4884 tetragoni

308 4909 453 4966 unde
478 4908 644 4964 cubus
674 4909 787 4980 ipse
812 4906 1107 4978 productus
1135 4907 1306 4971 est,ut
1324 4904 1497 4959 verbo
1519 4902 1707 4976 ipsius
1725 4902 1952 4976 loquar,

311 5000 562 5072 figuram
585 4996 665 5052 rei
689 4995 923 5052 subtilis
955 5012 1070 5050 non
1088 5009 1393 5065 assequor,
1405 4996 1461 5048 et
1490 4997 1555 5048 ut
1584 5009 1687 5065 per
1708 5010 1807 5049 vos
1828 4994 1956 5065 ejus

309 5084 671 5143 intellectum
700 5083 928 5156 capiam
958 5082 1331 5138 vehementer
1359 5080 1612 5152 indigeo.
1639 5081 1700 5137 In
1718 5081 1958 5138 Victorii

313 5189 547 5248 quoque
577 5170 869 5228 calculum
896 5169 1108 5243 praevia
1138 5168 1239 5223 Dei
1269 5168 1457 5241 gratia
1485 5173 1793 5242 vestraque
1822 5171 1958 5227 doc-

312 5264 468 5319 trina
498 5260 725 5333 ingredi
755 5256 1104 5330 cupio.Quin
1120 5256 1298 5311 etiam
1319 5255 1379 5312 in
1398 5256 1737 5329 hujusmodi
1758 5259 1960 5316 dictio-

313 5351 592 5416 nibus,ut
623 5352 712 5404 est
740 5354 1007 5414 aratrum,
1039 5345 1299 5410 salubris,
1332 5349 1390 5400 et
1431 5345 1669 5415 similia,
1702 5349 1801 5405 22
1833 5366 1958 5421 quae

314 5456 429 5494 non
463 5437 635 5493 modo
665 5435 970 5508 positione,
1003 5432 1103 5488 sed
1135 5431 1308 5487 etiam
1340 5438 1550 5489 natura
1577 5435 1959 5507 penultimam

387 5543 689 5623 (a).Abbas.
750 5540 910 5596 Idem
961 5541 1052 5593 est
1101 5537 1394 5608 Rabanus,
1449 5540 1644 5597 Abbas
1684 5541 2011 5599 Fuldensis.

318 5615 508 5676 densL

2063 4639 2388 4696 clarissime
2417 4640 2737 4710 praeceptor
2778 4641 2835 4692 et
2879 4637 3045 4693 Pater
3074 4635 3438 4704 dulcissime,
3474 4648 3692 4709 prospe-

2063 4727 2262 4800 risque
2290 4730 2571 4800 perpetuo
2600 4725 2973 4783 successibus
3004 4723 3244 4797 polleas.

2670 4867 3018 4924 EPISTOLA
3044 4866 3120 4923 VI

2615 4973 2687 5011 AD
2727 4972 3160 5013 REGINBER’I‘UM.

2138 5081 2495 5139 Charissimo
2518 5084 2577 5137 et
2599 5079 3139 5137 desiderantissime
3153 5077 3502 5152 Reginberto
3516 5077 3689 5147 Lupus

2068 5176 2126 5228 et
2149 5170 2406 5244 Adalgus
2437 5174 2709 5226 aeternam
2738 5168 3010 5226 salutem.

2140 5260 2401 5317 Graviter
2430 5259 2490 5314 in
2522 5274 2616 5314 me
2638 5259 2869 5331 Lupum
2901 5257 3105 5314 litterae
3148 5260 3259 5313 tua:
3286 5254 3524 5312 invectae
3553 5251 3685 5314 sunt,

2070 5349 2225 5422 quod
2253 5347 2521 5403 videlicet
2551 5347 2711 5403 omni
2742 5346 3125 5420 germanitate
3170 5349 3348 5416 atque
3399 5348 3599 5399 natura
3634 5351 3685 5392 eo

2072 5454 2259 5509 usque
2279 5439 2535 5492 mentem
2556 5436 2815 5491 exuerim
2833 5439 2899 5490 ut
2919 5433 3322 5489 infelicitatem
3332 5435 3499 5488 tuam
3510 5427 3684 5487 saltem

2070 5543 2217 5600 Nam
2265 5546 2393 5598 tum
2443 5543 2642 5615 Lupus
2682 5541 3020 5599 morabatur
3065 5540 3128 5597 in
3175 5538 3529 5597 monasterio
3573 5530 3686 5593 Ful-
