3856 6200
156 417 276 479 465

158 656 364 696 cessus
396 639 558 696 illius
589 641 908 698 vindictam
955 647 1162 698 nostrae
1195 643 1586 715 deprecationi
1619 643 1817 698 remit-

159 734 285 785 tere
322 747 438 785 non
489 731 909 802 dedigncmini.
961 731 1260 802 Siquidem
1309 732 1652 788 temeritatis
1699 750 1816 788 suae

159 819 308 874 adeo
339 819 584 890 dignum
611 820 785 875 refert
806 820 1081 891 pretium,
1105 825 1168 874 ut
1190 820 1238 874 si
1261 820 1359 892 qui
1383 821 1530 876 forte
1551 821 1668 876 sint
1689 821 1817 892 eius

157 907 408 974 inimici,
441 913 636 976 tanta),
686 912 806 963 tam
857 907 1132 976 molestae,
1167 913 1286 963 tam
1329 909 1580 980 denique
1631 910 1818 965 infru-

157 1002 380 1053 ctuosa:
403 997 887 1069 peregrinationis
908 997 1398 1052 illiusexsaturari
1420 999 1817 1070 possintinju-

159 1086 271 1141 ria.
326 1086 690 1142 Pcrditorum
747 1087 840 1141 37
879 1087 1034 1141 enim
1082 1086 1387 1142 hominum
1439 1088 1818 1159 acquiescens

157 1175 647 1231 circumventioni
674 1191 818 1247 pene
841 1192 1026 1246 usque
1049 1177 1121 1230 ad
1146 1175 1386 1231 ultimas
1407 1176 1600 1232 Galliae
1624 1182 1819 1249 partes

156 1265 456 1320 abductus
486 1268 614 1331 est;
661 1263 938 1336 omnique
970 1281 1075 1336 ope
1108 1265 1381 1331 nudatus,
1431 1265 1565 1320 inde
1615 1267 1685 1320 ad
1717 1283 1818 1322 vos

157 1369 380 1426 magno
407 1370 542 1408 cum
559 1353 790 1423 rubore,
826 1357 892 1408 ut
917 1352 1146 1423 videtis,
1181 1354 1506 1408 revertitur.
1541 1355 1819 1420 Quocirca

157 1448 360 1497 vestra
407 1441 720 1498 clementia
768 1441 988 1497 nostris
1020 1443 1166 1497 ﬂexa
1196 1441 1468 1514 precibus
1498 1447 1555 1498 et
1584 1443 1816 1516 culpam

157 1531 480 1604 dignanter
522 1531 844 1604 indulgeat,
876 1535 933 1586 et
963 1529 1196 1602 pietatis
1241 1530 1530 1603 gremium
1563 1531 1611 1588 ei
1645 1532 1818 1588 citius

155 1620 473 1694 pcenitenti
503 1620 746 1694 aperiat.

701 1790 1049 1846 EPISTOLA
1085 1789 1276 1846 XVIII.

1661 415 2089 480 EPISTOLE.

158 550 546 609 destinandas
577 551 962 620 decrevimus,
987 552 1202 626 quibus
1225 550 1610 626 imploramus
1631 557 1695 608 ut
1725 569 1814 609 ex-
1841 551 1900 618 Α
1954 563 1960 568 ’

3451 423 3570 486 466

2493 551 2840 610 EPISTOLA
2861 553 3002 611 XIX.

2259 643 2333 713 (ε)
2369 659 2443 698 AD
2484 659 2855 700 IIERIBOLDUM
2894 661 3236 701 EPISCOPUM.

1998 754 2495 812 Excellentissimo
2527 757 2761 829 praesuli
2793 758 3131 816 Heriboldos
3165 761 3383 833 Lupus.

1998 844 2245 909 Quidam
2258 850 2514 901 vestrum
2529 847 3221 912 monachus,cuiJoannis
3235 868 3447 908 nomen
3463 858 3571 922 est,

1926 935 2231 990 nobiscum
2265 936 2322 990 in
2375 936 2725 992 monasterio
2779 942 2974 993 nostro
3023 945 3306 1008 versatur,
3340 950 3578 1016 propter

1927 1025 2243 1095 quamdam
2275 1025 2679 1081 necessitatem
2710 1044 2744 1080 a
2774 1028 3027 1098 quodam
3061 1030 3236 1085 fratre
3267 1036 3466 1088 nostro
3487 1052 3576 1090 ve-

1926 1116 2112 1179 catus,
2146 1130 2179 1166 a
2209 1129 2301 1167 me
2352 1117 2546 1168 autem
2587 1119 2787 1185 postea
2818 1121 3097 1182 retentus,
3131 1121 3285 1189 quod
3317 1126 3372 1176 et
3403 1124 3574 1179 nobis

1925 1201 2180 1271 prodest,
2208 1205 2266 1255 et
2296 1201 2352 1255 in
2376 1202 2636 1258 coenobio
2668 1207 2816 1275 ejus,
2841 1209 2904 1259 ut
2926 1208 3278 1276 audivimus,
3314 1210 3576 1285 indigen-

1926 1289 2009 1343 tia
2038 1287 2357 1345 laboratur.
2410 1293 2532 1356 Quo
2563 1294 2902 1365 congregari
2942 1297 3200 1368 undique
3231 1298 3440 1356 fratres
3474 1319 3574 1357 vos

1927 1377 2269 1449 praecepisse
2291 1381 2672 1451 comperiens,
2693 1381 3024 1439 celsitudini
3046 1391 3247 1442 vestrae
3268 1388 3375 1444 hos
3393 1390 3576 1446 direxi

1929 1466 2142 1537 apices,
2168 1467 2474 1538 postulans
2500 1473 2566 1524 ut
2591 1470 2824 1526 ethunc
2850 1471 2992 1526 mihi
3015 1473 3356 1546 aliquandiu
3379 1494 3580 1534 conce-

1927 1554 2100 1622 datis,
2134 1560 2191 1610 et
2233 1561 2521 1627 quantum
2571 1559 2756 1615 audeo
2788 1560 3130 1633 suppliciter
3159 1563 3483 1636 implorans
3514 1570 3580 1623 ut

1929 1645 2253 1699 secundum
2286 1645 2606 1718 ingenitam
2626 1648 2789 1705 vobis
2810 1649 3228 1723 benignitatem
3260 1658 3316 1710 et
3337 1654 3578 1726 imposi-

1929 1736 2049 1788 tam
2081 1733 2256 1789 officii
2285 1734 2648 1808 diligentiam
2668 1737 2792 1794 loco
2825 1738 2908 1794 illi
2942 1741 3260 1798 consulatis
3287 1762 3299 1811 ;
3333 1761 3404 1800 ne
3436 1745 3580 1801 forte

1931 1821 2178 1878 fratrum
2210 1824 2454 1895 penuria
2481 1842 2598 1881 non
2649 1827 2842 1883 solum
2875 1829 3028 1885 bona
3065 1836 3259 1887 vestra
3286 1834 3578 1902 obscuret,

156 1923 916 1972 QUIBUSDAMFRATRIBUSEX
929 1907 1817 1978 MONASTERIO((I)SANCTIAMASDI.
1852 1923 1899 1988 Β
1927 1927 2130 1967 verum
2161 1912 2338 1968 etiam
2361 1913 2460 1970 Dei
2484 1915 2691 1986 nostri,
2717 1917 2788 1972 ad
2811 1919 2980 1989 cujus
3011 1921 3272 1991 quotidie
3285 1923 3580 1992 judicium

236 2068 621 2125 Charissimis
651 2068 932 2124 fratribus
964 2069 1164 2141 Lupus
1195 2068 1254 2123 in
1278 2068 1524 2124 Domino
1551 2068 1822 2126 salutem.

235 2159 317 2231 (b)
339 2158 552 2213 Curam
570 2157 744 2214 vestri
766 2174 872 2212 nec
890 2174 982 2213 me
1007 2157 1216 2229 cupide
1234 2157 1528 2229 appetisse
1551 2175 1653 2214 nec
1676 2159 1828 2216 inso-

156 2247 358 2303 lenter
404 2246 698 2318 excepisse
744 2246 993 2313 vidistis,
1035 2247 1188 2318 quod
1239 2247 1584 2318 parvitatem
1632 2265 1824 2305 meam

158 2335 387 2408 duplici
434 2351 609 2390 onere
655 2336 905 2408 gravari,
955 2353 1071 2391 non
1118 2335 1374 2407 provehi,
1410 2336 1576 2392 facile
1607 2337 1824 2394 sentie-

159 2427 305 2482 bam
331 2443 344 2492 ;
378 2428 435 2480 et
464 2440 619 2479 nunc
637 2426 904 2482 eamdem
931 2441 1133 2480 curam
1150 2423 1209 2479 in
1235 2429 1507 2496 promptu
1531 2429 1616 2480 est
1640 2427 1824 2498 conji-

157 2531 298 2571 cere
330 2530 422 2569 me
451 2513 700 2569 libenter
729 2514 1036 2586 deponere,
1069 2531 1174 2569 nec
1209 2512 1382 2568 alicui
1433 2531 1560 2570 eam
1600 2515 1824 2587 gerenti

158 2602 541 2675 aliquatenus
575 2602 864 2670 invidere;
892 2602 1181 2674 siquidem
1210 2606 1267 2656 et
1291 2602 1415 2657 sine
1436 2601 1633 2658 dolore
1655 2603 1825 2658 amit-

156 2695 376 2748 tuntur
405 2708 530 2763 quae
554 2691 776 2763 absque
801 2689 1202 2746 delectationis
1224 2689 1496 2746 illecebra
1520 2693 1826 2763 possiden-

157 2786 298 2849 tur;
332 2785 389 2835 et
411 2781 582 2851 juxta
610 2784 672 2834 B.
706 2779 1049 2852 Apostolum
1083 2779 1268 2850 (Phil.
1294 2779 1356 2851 1),
1381 2779 1499 2836 sive
1522 2797 1590 2836 ex
1610 2781 1826 2837 verita-

155 2874 241 2938 te,
298 2869 418 2924 sive
465 2885 533 2924 ex
579 2869 904 2938 occasione,
947 2869 1215 2924 Christus
1245 2869 1647 2937 annuntietur,
1681 2874 1737 2926 et
1767 2869 1825 2926 in

157 2959 279 3014 hoc
311 2958 535 3031 gaudeo
566 2963 624 3013 et
660 2959 946 3030 gaudebo.
981 2958 1226 3014 Proinde
1257 2958 1488 3014 videtur
1518 2958 1662 3014 mihi
1691 2959 1826 3015 obe-

156 3048 449 3104 diendum
478 3046 644 3102 vobis
677 3064 804 3103 esse
835 3046 928 3102 cui
962 3045 1317 3119 praecipitur,
1351 3051 1409 3102 et
1439 3047 1510 3102 ad
1558 3047 1826 3119 generale

155 3135 450 3208 placitum
465 3136 910 3200 occurrendum,
927 3136 1080 3207 quod
1097 3135 1153 3190 in
1175 3135 1390 3207 praedio
1405 3136 1659 3206 quodam
1675 3136 1828 3191 Pari-

156 3224 414 3295 siorum,
431 3224 520 3279 cui
538 3223 898 3296 (c)Bonogilo
922 3241 1131 3280 nomen
1147 3229 1256 3290 est,
1283 3223 1520 3297 incipiet
1544 3224 1667 3280 Kal.
1683 3225 1824 3281 Julii

155 3313 468 3371 celebrari.
485 3313 568 3384 (d)
583 3313 770 3368 Sacris
793 3313 948 3368 enim
970 3313 1122 3385 regis
1144 3312 1347 3379 obniti,
1373 3313 1693 3385 praesertim
1714 3313 1824 3369 hoc

156 3407 454 3474 tempore,
506 3401 897 3474 periculosum
929 3401 1218 3458 existimo.
1272 3401 1660 3474 Exiguitatem
1690 3418 1823 3458 vero

160 3505 385 3553 meam,
421 3487 471 3543 si
502 3487 619 3542 vita
647 3505 844 3544 comes
894 3488 1085 3555 fuerit,
1120 3489 1341 3560 absque
1391 3487 1732 3544 difﬁcultate
1763 3490 1822 3544 in

157 3580 457 3634 conventu
477 3576 794 3648 reperietis.
809 3578 971 3644 Quod
986 3578 1033 3632 si
1059 3578 1286 3633 tardius
1303 3593 1478 3649 quam
1492 3576 1824 3635 voluissetis

146 3670 480 3740 praesentes
529 3665 693 3721 vobis
749 3665 984 3721 reddita:
1040 3665 1255 3722 fuerint
1289 3665 1511 3731 litterae,
1547 3667 1823 3723 noveritis

144 3760 353 3812 vestra
387 3772 442 3809 Ix
473 3754 597 3810 Kal.
631 3754 748 3810 Jul.
779 3754 924 3809 mihi
957 3755 1138 3811 fuisse
1180 3755 1404 3822 allatas,
1440 3759 1498 3810 et
1528 3771 1688 3811 meas
1720 3756 1821 3813 88

142 3843 438 3918 postridie
486 3845 614 3915 ejus
645 3844 759 3898 diei
806 3845 1074 3900 traditas.
1107 3845 1216 3900 Mei
1251 3844 1501 3916 benigne
1532 3860 1822 3901 memores

140 3933 326 4006 cupio
359 3949 462 3988 vos
493 3932 686 3989 valere
718 3932 982 3990 feliciter.

218 4078 312 4157 (αὶ
339 4076 552 4131 Sancti
571 4077 844 4132 Amandi.
869 4074 1236 4142 Elnonensis,
1261 4074 1320 4128 in
1342 4073 1576 4130 dioecesi
1605 4074 1819 4129 Torna-

141 4164 336 4203 061131.

223 4220 310 4286 (ὁ)
326 4220 544 4274 Curam
560 4219 758 4272 vestri.
779 4217 1078 4272 Assentior
1098 4217 1320 4272 Donato
1339 4214 1615 4286 Candido,
1635 4213 1732 4286 qui
1752 4231 1821 4286 ex

147 4285 262 4344 hoc
288 4289 416 4344 loco
435 4288 668 4360 collegit
685 4305 885 4343 curam
914 4285 1547 4360 monacﬁhorumﬁsancti
1570 4285 1818 4340 Amandi

149 4361 322 4432 Lupo
336 4359 692 4432 quandoque
711 4360 889 4414 fuisse
908 4359 1313 4432 commissam.
1327 4359 1393 4412 Et
1414 4362 1572 4429 patet
1591 4361 1817 4432 Lupum

145 4428 281 4488 tum
316 4428 500 4511 fuisse
559 4428 830 4511 abbatem
883 4431 1036 4485 alius
1087 4428 1430 4511 cuj‘uspiam’
1451 4428 1816 4511 monasterii,

148 4519 372 4574 nempe
389 4503 793 4569 Ferrariensis,
821 4519 951 4557 cum
969 4502 1386 4574 monasterium
1407 4502 1592 4556 sancti
1612 4502 1822 4554 Aman-

149 4574 210 4629 di
254 4573 368 4644 ipsi
419 4574 801 4628 commissum
834 4578 940 4628 est.
972 4573 1117 4627 Nam
1161 4591 1261 4644 per
1288 4589 1387 4644 eas
1424 4575 1816 4644 tempestates

152 4643 328 4700 facile
353 4644 648 4716 principes
665 4644 834 4716 plura
855 4643 1561 4716 monasteriatribuebant
1585 4643 1682 4716 uni
1704 4643 1818 4696 Ab-

149 4716 300 4771 bati.
320 4714 696 4786 Verum‘quia
718 4721 773 4770 et
796 4715 1228 4786 Lupusduplici
1253 4731 1423 4786 onere
1445 4714 1816 4786 gravabatur,

150 4794 209 4843 et
241 4786 520 4868 monachi
546 4785 629 4840 illi
652 4803 800 4869 aegre
823 4785 1372 4869 ferebant’e‘umhsibi
1397 4786 1520 4867 dari
1545 4785 1816 4869 abbatem

151 4859 256 4930 qui
293 4875 424 4939 raro
457 4856 826 4939 prasentiam
854 4857 1423 4939 “suamegthibiturus
1447 4856 1598 4938 ipsis
1642 4859 1814 4939 esset,

153 4927 591 5000 monasterium
639 4928 783 4983 illud
817 4929 913 4984 alii
948 4929 1198 5000 cuipiam
1245 4927 1631 5000 commissum
1664 4932 1752 4980 est
1787 4943 1820 4979 a

153 5000 446 5074 principe,
469 4999 633 5074 facile
652 4997 1397 5074 lubenterqueassentiente
1415 4997 1818 5074 Lupodonum

154 5066 270 5148 sibi
305 5066 514 5148 datum
550 5071 609 5125 in
641 5071 822 5148 alium
853 5066 1170 5148 transferri.
1209 5070 1431 5148 Quippe
1460 5066 1823 5148 intelligebat

156 5143 304 5199 satis
335 5141 447 5197 sibi
479 5142 933 5214 occupationum
966 5143 1124 5197 domi
1153 5138 1392 5214 essefet
1421 5156 1554 5194 eum
1585 5138 1676 5192 vix
1709 5138 1821 5192 sibi

158 5214 437 5295 sufficere
457 5211 737 5295 posse'qui
758 5213 852 5295 vel.
866 5213 1041 5268 unius
1056 5211 1393 5269 monasterii
1409 5227 1609 5266 curam
1627 5223 1824 5264 susce-

160 5284 791 5360 perit,_multo__mix_ius
822 5286 1094 5360 duorum.
1131 5355 1141 5360 _
1183 5353 1194 5360 .
1313 5353 1324 5360 .
1621 5351 1659 5360 ﬁ
1784 5347 1797 5360 ο

233 5351 656 5434 (εγΒοηοςιὶέο.
687 5356 827 5434 _Vie_o
859 5355 982 5434 agri
1007 5353 1588 5434 farisiensis,_quem
1621 5351 1825 5430 Bonoi-

161 5425 532 5502 lum_vocant
563 5427 838 5502 Capitula
859 5425 1044 5502 Caroli
1087 5425 1262 5502 Calvi,
1296 5429 1350 5502 et
1381 5425 1734 5502 llinpniarus
1762 5425 1823 5500 in

162 5498 505 5571 prazfatione
537 5492 876 5571 posterioris
899 5497 1267 5571 refutationis
1290 5492 1670 5571 Goteschalci.
1697 5492 1824 5571 Exi.

163 5566 371 5626 stimet
421 5566 631 5642 autem,
668 5569 1016 5642 Sirmendus
1068 5568 1446 5642 lIiAncmarum
1480 5566 1549 5619 de
1597 5579 1662 5642 eo
1699 5566 1824 5642 ipso

168 5644 462 5721 conventu
482 5639 1330 5721 aputhonoi'lum‘lo‘quieujus
1353 5639 1493 5721 Acta
1514 5636 1741 5721 eestant
1763 5636 1824 5686 in

167 5711 392 5768 eisdem
423 5705 613 5767 Caroli
645 5711 796 5766 Calvi
828 5705 1131 5783 Capitulis,
1171 5705 1640 5783 Lupumdealio
1675 5719 1824 5774 quo-

171 5783 304 5839 dam
339 5785 661 5856 superiore.
693 5783 842 5838 Fieri
874 5777 1069 5838 tamen
1093 5777 1284 5854 potest
1316 5782 1378 5833 ut
1407 5777 1664 5832 indictus
1695 5790 1826 5828 con-

1934 2017 2342 2072 properamus,
2393 2008 2662 2074 provocet
2709 2005 3012 2074 otl‘ensam,
3043 2013 3101 2065 et
3145 2009 3582 2068 irrevocabilem

1933 2089 2214 2145 acceleret
2241 2089 2580 2147 vindictam.
2615 2093 2728 2150 Res
2757 2093 2913 2150 enim
2945 2096 3347 2154 ecclesiastica
3379 2103 3435 2154 et
3465 2101 3585 2156 ani-

1933 2195 2164 2233 marum
2196 2197 2336 2235 cura
2367 2186 2588 2252 quanta
2617 2183 2844 2238 cautela
2872 2187 3186 2241 tractanda
3212 2188 3332 2242 sint
3355 2204 3458 2243 nec
3482 2190 3583 2244 ad-

1934 2267 2159 2322 monita
2187 2273 2379 2324 vestra
2405 2270 2560 2326 videt
2613 2273 2940 2343 prudentia.
2976 2275 3221 2331 Proinde
3251 2281 3308 2330 et
3337 2277 3500 2334 vobis
3530 2283 3588 2334 et

1933 2354 2050 2412 illis
2083 2356 2362 2413 fratribus
2392 2359 2697 2426 consulite,
2729 2365 2794 2416 ut
2823 2365 2881 2417 et
2907 2363 2979 2417 de
3007 2369 3202 2419 vestra
3221 2364 3590 2438 indulgentia

1933 2448 1990 2498 et
2020 2445 2092 2500 de
2140 2444 2376 2501 illorum
2425 2447 2823 2506 sublevatione
2871 2451 3230 2522 gloriﬁcetur
3278 2454 3451 2521 Deus,
3487 2454 3588 2526 qui

1935 2532 2185 2605 singulis
2219 2535 2332 2590 cito
2369 2536 2652 2592 retribuet
2673 2539 2827 2610 quod
2862 2547 3178 2596 merentur.
3206 2541 3436 2608 Valeas,
3472 2544 3590 2600 Do-

1934 2621 2091 2678 mine
2112 2622 2477 2692 charissime,
2514 2625 2744 2698 meique
2773 2628 3059 2700 praecipue
3088 2630 3144 2684 in
3175 2631 3356 2686 sacris
3377 2632 3590 2690 oratio-

1935 2710 2110 2766 nibus
2143 2711 2485 2769 meminisse
2518 2715 2798 2787 digneris.

2446 2838 2548 2895 39
2579 2840 2920 2898 EPISTOLA
2959 2843 3072 2899 XX.

2502 2945 2576 2982 AD
2599 2929 2677 3000 (f)
2706 2947 3025 2988 ALTUINUM.

2007 3039 2972 3118 CharissimofratriAltuinoLupus
2986 3047 3302 3121 plurimam
3317 3050 3591 3108 salutem.

2008 3130 2238 3186 Litterae
2269 3131 2596 3188 sanctitatis
2625 3138 2736 3189 tua;
2761 3152 2822 3190 ιιι
2855 3136 2981 3193 Kal.
3016 3138 3152 3194 Maii
3184 3139 3330 3195 mihi
3354 3142 3592 3197 redditae

1938 3224 2105 3274 sunt:
2141 3236 2392 3291 quarum
2415 3223 2708 3278 sententia
2735 3240 2986 3296 pronum
3010 3227 3069 3281 in
3093 3244 3184 3284 me
3209 3233 3378 3284 tuum
3401 3229 3592 3286 decla-

1854 3289 1896 3357 C
1936 3309 2082 3365 ravit
2110 3289 2403 3380 affectum,
2427 3289 2883 3385 haudquaquam
2916 3332 3055 3371 sane
3079 3317 3248 3373 aliter
3264 3335 3438 3390 quam
3454 3335 3580 3391 per-

1933 3413 2197 3469 ceperam
2231 3397 2428 3452 animo
2459 3415 2524 3454 ac
2555 3399 2890 3458 firmissime
2939 3403 3280 3460 retinebam.
3315 3406 3581 3477 Namque

1933 3502 2066 3542 cum
2116 3490 2237 3541 tam
2286 3487 2666 3554 concorditer,
2709 3493 2948 3562 tamque
2969 3493 3252 3563 jucunde,
3287 3511 3352 3549 ac
3382 3494 3581 3550 forsan

1932 3580 2054 3631 tam
2083 3575 2360 3646 proficue,
2392 3575 2732 3647 aliquandiu
2753 3595 2991 3653 peregre
3011 3581 3346 3650 vixerimus,
3367 3581 3468 3655 qui
3487 3599 3583 3655 po-

1931 3668 2079 3719 terat
2112 3680 2277 3719 amor
2297 3669 2416 3719 tam
2441 3665 2613 3738 longo
2638 3685 2749 3723 usu
2773 3675 3078 3727 concretus
3095 3671 3470 3728 labefactari?
3491 3672 3583 3727 In-

1931 3753 2273 3807 firmitatem
2291 3769 2424 3808 vero
2448 3771 2624 3825 quam
2648 3756 2963 3830 contigisse
2979 3759 3123 3814 mihi
3142 3759 3357 3816 audisti
3381 3777 3588 3833 cogno-

1931 3858 2063 3896 scas
2087 3842 2438 3897 exuberante
2461 3843 2616 3898 circa
2639 3861 2751 3912 me,
2789 3851 2851 3900 ut
2882 3863 3114 3919 semper
3134 3852 3190 3902 et
3206 3848 3264 3903 in
3288 3848 3584 3915 omnibus,

1930 3927 2128 3985 divina
2157 3928 2346 4001 gratia
2375 3930 2707 3987 detrimenti
2742 3933 2907 4000 nihil,
2932 3939 2990 3989 at
3011 3935 3390 3992 emolumenti
3412 3937 3590 4009 pluri-

1925 4072 2138 4124 ventus
2155 4069 2329 4147 fuerit
2350 4071 2424 4147 ad
2446 4072 2736 4147 Kalendas
2752 4073 2911 4147 Julii,
2937 4075 3037 4130 sed
3060 4079 3322 4147 Augusto
3345 4077 3584 4135 demum

1929 4155 2130 4194 mense
2152 4139 2770 4218 A_celebratus_._AMulta
2799 4139 2954 4218 enim
2980 4139 3243 4218 persaepe
3291 4148 3579 4218 insidunt,

1929 4210 2250 4292 praesertim
2275 4211 2332 4292 in
2352 4212 2650 4292 republica
2673 4210 3199 4292 perturbati-Seium,
3216 4235 3350 4292 qua:
3377 4210 3586 4292 tracta;

1925 4285 2144 4361 tionem
2168 4285 2430 4361 gravium
2446 4285 2813 4361 negotiorum
2824 4285 3423 4361 differriprzecipiunt.
3441 4291 3584 4346 Con-

1925 4356 2133 4408 ventus
2156 4352 2326 4429 porro
2343 4352 2441 4410 ille
2463 4352 2614 4426 apud
2641 4357 2940 4412 Bonoilum
2963 4352 3200 4415 habitus
3223 4352 3332 4427 est,
3356 4367 3421 4416 ut
3441 4362 3580 4429 dixi,

1928 4440 2129 4502 mense
2179 4426 2464 4498 Augusto,
2518 4444 2671 4483 anno
2701 4445 2833 4484 vero
2860 4431 2987 4500 856,
3046 4426 3333 4502 praesente
3380 4426 3582 4490 Carolo

1929 4495 2096 4550 Calvo
2131 4495 2284 4566 rege.

2002 4566 2077 4637 (ιί)
2099 4569 2298 4646 Sacris
2313 4583 2412 4655 reg
2424 4569 2474 4622 is
2497 4571 2783 4655 οὐρίᾳ...ξά
2808 4575 2918 4654 est,
2940 4571 3222 4655 principis
3235 4574 3408 4655 jussa
3430 4591 3587 4655 sper-

1934 4654 2090 4706 nere,
2111 4641 2372 4716 qiueipse
2401 4641 2636 4713 srriptis
2655 4641 2862 4716 litteris
2875 4641 3314 4715 signiﬁcaverit;
3338 4644 3396 4700 id
3421 4641 3584 4700 aatate

1935 4725 2043 4763 sua
2077 4711 2484 4788 periculosum
2517 4711 2655 4788 esse
2695 4711 3068 4788 existimabat
3095 4711 3314 4787 Lupus,
3351 4721 3587 4788 propter

1935 4733 2043 4763 sua
2077 4733 2484 4791 .pprwulosum
2517 4733 2645 4768 esse
2695 4733 3068 4770 OXISleaDat
3095 4733 3314 4787 Lupus,
3351 4733 3583 4841 propter

1925 4797 2321 4862 suspicionem
2345 4783 2769 4862 secessioniset
2789 4787 3068 4862 partium.
3095 4788 3240 4842 Nam
3267 4788 3346 4843 Ga
3369 4787 3453 4862 lia
3474 4787 3583 4842 mi-

1927 4852 2245 4929 serandqm
2277 4853 2334 4907 in
2369 4855 2608 4929 modum
2634 4852 2819 4929 scissa
2847 4863 2988 4912 erat.
3014 4859 3212 4929 Itaque
3241 4860 3447 4915 suadet
3467 4876 3584 4915 mo-

1929 4921 2132 5002 nachis
2154 4923 2578 5002 E‘lnonensibus
2598 4930 2661 5002 ut
2679 4927 2753 5002 ad
2769 4921 3582 5002 conventum'Bonogilensem

1929 4994 2228 5060 accedant,
2253 4995 2720 5052 neinfortunium
2741 4997 2797 5052 in
2817 5015 2878 5054 se
2897 5006 3216 5055 aeeersant.
3237 4994 3583 5057 Tiinendum

1931 5081 2186 5139 namque
2214 5072 2352 5139 erat,
2387 5085 2458 5123 ne
2489 5067 2851 5139 suspicacem
2885 5069 3070 5125 Caroli
3111 5071 3267 5126 Calvi
3318 5073 3583 5128 animum

1932 5136 2270 5215 percelleret
2299 5138 2441 5215 illud
2458 5136 2735 5215 facinus,
2755 5139 3039 5215 si_adesse
3066 5142 3444 5215 negligerent.

2005 5206 2398 5296 ςφβξξηςνίὸο
2409 5209 2589 5296 {plan}.
2608 5206 3198 5296 Antis‘siodoreqserﬁ,
3213 5206 3367 5296 quod
3388 5215 3586 5296 prazfe-

1934 5276 2096 5330 rebat
2125 5279 2332 5353 titulus
2353 5281 2608 5353 epistolae
2632 5283 2689 5336 in
2716 5283 2968 5338 editione
2993 5276 3269 5340 Masso-ni.
3290 5276 3406 5340 Nos
3429 5286 3584 5341 sedis

1934 5351 2449 5427 nomenomissum
2467 5353 2758 5427 voluimus
2775 5353 2960 5427 inhac
2974 5361 3198 5424 nostra,
3221 5357 3294 5413 ob
3319 5358 3583 5412 studium

1935 5420 2325 5500 antiquitatis,
2355 5427 2410 5500 et
2441 5425 2794 5500 quiadeerat
2827 5426 2883 5480 in
2910 5420 3329 5500 manuscripto.
3355 5428 3586 5500 Virgfuit

1935 5492 2129 5572 magni
2152 5492 2529 5572 nominisp‘er
2551 5495 3100 5572 illa_s__tempestates,
3128 5492 3299 5570 upote
3326 5498 3474 5572 sacri
3493 5516 3587 5572 pa.

1932 5559 2604 5684 Legiliqgc‘lgcapellanus.
2639 5567 2782 5624 Vide
2813 5559 2939 5640 quae
2972 5559 3326 5626 adnotamus
3357 5570 3427 5625 ad
3460 5559 3585 5640 epi-

1936 5647 2146 5685 SIOlﬂm
2178 5647 2264 5685 ξεί.

2005 5701 2078 5774 (f)
2122 5702 2452 5757 .llluinum.
2488 5705 2630 5761 Vide
2663 5713 2829 5765 notas
2861 5712 2932 5766 ad
2962 5711 3272 5784 epistolam
3305 5713 3392 5766 34.
