3856 6200
293 412 412 477 46³7

295 565 460 605 mum
477 544 792 604 addidisse.
816 545 1039 619 Quippe
1058 543 1204 601 nihil
1225 544 1580 600 incommodi
1606 547 1812 616 praeter
1832 542 1941 597 lor-
1967 545 2023 609 Α

294 637 577 694 midinem
600 635 785 693 solam
803 634 957 691 tulit.
973 635 1111 691 Orta
1127 635 1284 689 enim
1302 633 1386 704 (a)
1405 632 1463 688 in
1482 632 1683 687 dextro
1704 630 1943 703 inguine

293 725 534 800 pustula
562 725 1000 799 impendentem
1035 723 1229 779 solum
1278 722 1501 777 minata
1538 725 1627 776 est
1671 724 1939 775 mortem.

294 817 543 873 Tantam
577 818 771 870 autem
803 814 1131 887 orationum
1164 811 1387 884 peperit
1415 809 1664 882 copiam,
1688 824 1945 879 quacun-

296 922 409 978 que
438 920 635 960 meum
667 904 825 959 fama
853 918 1055 958 casum
1087 901 1490 972 dissipaverat,
1514 904 1581 953 ut
1602 897 1826 970 opinari
1848 914 1946 951 au-

296 994 466 1050 deam
497 1010 632 1050 eum
662 991 855 1048 divino
903 990 1048 1046 mihi
1087 989 1366 1045 beneﬁcio
1406 992 1802 1060 procuratum.
1838 986 1945 1040 Re-

297 1098 538 1157 gressus
569 1099 604 1137 a
632 1080 1101 1137 Transrhenanis
1135 1078 1421 1151 partibus,
1454 1076 1553 1131 ubi
1584 1079 1801 1131 statum
1835 1074 1945 1129 loci

298 1172 483 1228 nostri
514 1170 888 1244 deprehendi,
922 1184 1145 1224 morem
1177 1183 1376 1240 gerere
1406 1165 1582 1222 statui
1616 1164 1833 1237 quibus
1854 1164 1948 1219 de-

298 1259 549 1328 bebam;
580 1263 657 1325 et,
690 1259 917 1314 favente
942 1258 1042 1313 Dei
1064 1256 1394 1320 clementia,
1418 1254 1760 1310 ﬁrmissima
1788 1253 1950 1307 fruor

298 1348 511 1423 quiete,
539 1347 840 1419 otiumque
863 1363 1060 1402 meum
1090 1350 1179 1401 est
1208 1344 1349 1399 mihi
1374 1347 1709 1415 pergratum
1732 1342 1949 1397 condu-

298 1436 456 1494 cibili
485 1436 750 1492 lectionis
782 1435 1033 1508 negotio.
1067 1434 1242 1489 Vides
1274 1432 1454 1506 igitur
1484 1430 1676 1487 nullos
1708 1447 1801 1486 me
1831 1430 1948 1486 itus

296 1525 489 1583 moliri
513 1542 580 1582 ac
607 1525 852 1581 reditus.
885 1523 1163 1589 Quocirca
1193 1523 1241 1578 si
1269 1522 1376 1577 tibi
1408 1519 1804 1577 necessarium
1835 1520 1947 1574 du—

297 1615 382 1672 cis
413 1630 609 1671 meum
628 1613 1008 1686 colloquium,
1034 1611 1297 1668 adultam
1320 1614 1583 1667 aestatem
1600 1613 1836 1681 propter
1855 1625 1951 1680 pa-

295 1702 419 1760 buli
450 1703 754 1776 penuriam
785 1700 1141 1775 praastoleris
1161 1704 1405 1773 oportet,
1435 1699 1668 1772 quando
1699 1714 1815 1753 non
1845 1697 1952 1751 im-

296 1791 564 1865 pediente
584 1808 725 1847 cura
738 1807 1026 1863 equorum
1046 1790 1232 1846 facere
1252 1788 1558 1845 nobiscum
1583 1786 1706 1843 dies
1727 1785 1951 1857 aliquot

294 1879 508 1937 valeas.
542 1880 783 1936 Interim
814 1897 942 1952 quae
963 1895 1032 1935 ex
1062 1895 1155 1934 me
1177 1877 1460 1951 quaesisti,
1634 1892 1703 1932 ea
1730 1876 1946 1931 dunta-
1980 1912 2027 1976 Β

295 1973 395 2025 xat
423 1985 676 2041 quorum
705 1968 903 2025 videor
941 1967 1086 2023 mihi
1118 1967 1381 2039 attigisse
1430 1965 1720 2033 notitiam,
1773 1980 1950 2036 quam

254 2082 277 2101 ο
297 2075 539 2131 possum
572 2057 823 2115 breviter
850 2056 1107 2113 absolvo.
1157 2056 1540 2111 Communem
1570 2053 1856 2126 syllabam
1883 2069 1952 2108 ex

297 2151 466 2203 muta
493 2150 551 2202 et
580 2145 806 2219 liquida
836 2145 961 2201 ﬁeri
993 2145 1051 2200 in
1082 2144 1169 2200 eis
1198 2143 1340 2199 solis
1388 2160 1515 2215 quae
1547 2158 1651 2214 per
1679 2146 1948 2197 naturam

298 2233 496 2291 brevia
526 2239 668 2290 sunt
698 2250 1074 2305 nequaquam
1106 2232 1514 2288 dubitaverim.
1550 2231 1764 2303 Primo,
1795 2230 1950 2303 quod

300 2327 511 2379 natura
541 2339 687 2395 pene
720 2340 954 2394 semper
981 2322 1090 2377 arti
1125 2322 1485 2394 praejudicat.
1522 2321 1758 2387 Deinde,
1794 2320 1949 2393 quod

298 2417 365 2467 ut
381 2411 629 2468 sentiam
649 2411 990 2483 hujusmodi
1013 2411 1259 2467 suadent
1276 2409 1800 2482 pronuntiationes.
1821 2417 1952 2467 Pec—

297 2507 469 2557 cator
511 2504 669 2556 creat
711 2517 781 2556 ex
828 2516 890 2556 se
949 2500 1235 2556 feminum
1288 2501 1628 2571 peccatrix;
1689 2506 1947 2573 amator,

296 2590 606 2657 amatrix;
647 2597 881 2645 venator
926 2591 1224 2656 venatrix,
1274 2587 1574 2661 multaque
1618 2588 1853 2655 similia,
1886 2589 1946 2643 in

296 2678 513 2751 quibus
545 2677 871 2750 penultima
900 2676 1125 2750 syllaba
1145 2675 1345 2733 nullus
1364 2694 1627 2749 unquam
1660 2677 1948 2734 dubitavit

295 2766 635 2841 ponendum
667 2772 993 2841 accentum.
1030 2766 1176 2821 Nam
1207 2766 1255 2822 si
1293 2764 1641 2838 positionem
1674 2784 1945 2839 sequere-

296 2872 452 2924 mur,
485 2855 833 2911 femininum
856 2871 1042 2927 genus
1063 2858 1233 2911 acuta
1252 2854 1713 2927 antepenultima
1736 2855 1950 2927 profer-

296 2960 516 3000 remus.
550 2945 713 3011 Quod
745 2961 924 3017 quam
969 2944 1047 3000 sit
1076 2944 1421 3010 absurdum,
1456 2944 1573 2999 imo
1606 2944 1942 3013 barbarum,

296 3032 430 3106 quis
460 3050 577 3089 non
607 3032 941 3107 intelligat?
968 3034 1268 3089 Postremo
1325 3050 1685 3105 quaecunque
1733 3037 1945 3088 natura

295 3122 540 3195 produxi
573 3121 794 3178 nullius
824 3126 1002 3194 poetzr.
1036 3121 1370 3177 testimonio
1402 3138 1652 3193 usquam
1683 3126 1947 3193 correpta

297 3210 542 3282 reperio,
579 3226 920 3283 quanquam
951 3209 1050 3264 diu
1083 3209 1160 3264 sit
1190 3209 1345 3282 quod
1377 3209 1436 3265 id
1465 3209 1773 3281 vigilanter
1792 3228 1945 3283 qum-

1277 410 1348 473 B.
1394 409 1458 472 S.
1505 408 1687 472 LUPI
1734 404 2062 471 ABBATIS
2108 402 2716 466 FERRARIENSIS.

3585 400 3694 463 468

2304 573 2316 587 .
2355 572 2368 585 .
2406 573 2418 586 .
2455 537 2677 587 Divisior
2705 534 3014 599 blaspheme
3040 535 3131 586 Dei
3163 534 3258 600 (ὁ).

2053 638 2197 694 Hinc
2219 636 2397 709 igitur
2415 635 2586 705 longe
2605 634 2838 705 lateque
2863 634 3123 690 manavit
3142 637 3209 689 ut
3222 636 3316 690 41
3343 634 3702 705 blasphemus

2052 730 2109 783 et
2139 725 2480 797 blasphemo
2510 727 2814 779 accentum
2847 723 2905 779 in
2939 722 3266 795 penultima
3294 722 3522 795 syllaba
3541 725 3701 780 sorti-

2054 819 2273 870 rentur.
2288 818 2361 882 (c)
2376 818 2423 870 N
2429 814 2573 869 undi
2576 829 2677 868 nas
2688 811 2905 869 inTeod
2915 810 3014 867 ulﬁ
3032 811 3415 886 carminelegi
3429 813 3703 885 producta

2054 903 2397 977 penultima.
2432 902 2593 966 Quod
2626 906 2825 957 utrum
2867 902 3017 972 ejus,
3054 918 3128 956 an
3159 906 3579 973 praeceptorum
3610 920 3704 957 au-

2054 993 2337 1056 ctoritate,
2354 1006 2531 1064 penes
2546 990 2712 1045 illum
2739 991 2883 1045 ﬁdes
2904 990 3213 1046 habeatur.
3231 992 3318 1058 (ά)
3332 988 3643 1065 Loquelam
3656 998 3709 1047 et

2052 1098 2222 1156 quere
2232 1081 2461 1152 lamper
2476 1096 2657 1135 unum
2678 1078 2699 1133 ι
2707 1078 2895 1151 ,Capri
2910 1078 3389 1152 orthographiam
3403 1084 3708 1152 sequentes

2056 1169 2425 1242 proferimus.
2459 1167 2741 1224 Medelam
2762 1185 2919 1239 vero,
2944 1168 3099 1223 sicut
3122 1167 3460 1236 suadelam,
3495 1168 3709 1241 absque

2056 1258 2463 1314 retractatione
2485 1257 2835 1325 diceremus,
2856 1257 2915 1312 ni
2931 1255 3364 1330 conjugationis
3387 1256 3713 1314 similitudi-

2056 1364 2192 1403 nem
2210 1346 2914 1402 confunderetdiversitas
2928 1345 3184 1418 generis,
3208 1350 3264 1400 et
3283 1346 3554 1402 omnium
3576 1363 3712 1418 pene

2056 1436 2479 1509 exemplarium
2509 1453 2621 1491 non
2650 1435 3081 1491 contemnenda
3112 1440 3471 1509 repugnaret
3491 1452 3714 1492 concor»

2058 1527 2173 1581 dia.
2210 1526 2598 1591 Quamobrem
2618 1525 2675 1580 in
2701 1525 2894 1580 medio
2911 1524 3338 1596 relinquamus,
3373 1541 3483 1581 nec
3506 1528 3715 1581 temere

2059 1620 2323 1671 nostrum
2354 1620 2756 1687 permutemus
2778 1630 2976 1680 usum,
3000 1614 3193 1686 quoad
3212 1613 3262 1670 si
3281 1630 3397 1669 non
3415 1613 3717 1671 sufﬁciunt

2059 1722 2187 1777 quae
2237 1704 2376 1770 dixi,
2407 1704 2496 1759 vel
2527 1720 2561 1759 a
2591 1703 2760 1760 nobis
2801 1701 2888 1759 vel
2920 1703 2992 1758 ab
3045 1702 3450 1759 obnitentibus
3501 1702 3713 1776 aliquid

2057 1793 2362 1849 robustius
2391 1792 2743 1848 inveniatur.
2776 1792 3027 1848 Sistmm
3059 1791 3356 1847 musicum
3386 1795 3484 1847 est
3512 1790 3716 1847 instru-

2058 1886 2345 1949 mentum,
2397 1882 2553 1954 quod
2607 1881 2736 1949 Isis,
2789 1884 2854 1937 ut
2901 1878 3214 1953 scripsisti,
3271 1897 3457 1935 manu
3499 1884 3717 1953 gestare

2062 1969 2408 2041 ﬁngebatur,
2471 1984 2742 2023 accessus
2802 1972 2858 2023 et
2902 1985 3171 2024 recessus
3214 1967 3326 2023 Nili
3360 1967 3629 2024 ﬂuminis
3656 1985 3714 2024 eo

2059 2056 2420 2128 signiﬁcans.
2440 2056 2601 2112 Unde
2620 2055 2987 2127 Cleopatram
3012 2054 3315 2130 Virgilius,
3341 2059 3409 2111 ut
3430 2073 3713 2113 commen-

2057 2144 2245 2200 titiam
2261 2146 2311 2217 ej
2320 2162 2389 2201 us
2402 2149 2746 2218 potestatem
2762 2143 2873 2201 sibi
2888 2160 3194 2218 arrogasse
3208 2132 3383 2202 solita
3395 2143 3714 2202 subtilitate

2060 2234 2283 2306 aperire
2312 2235 2559 2303 (/Enez'd.
2593 2234 2716 2306 vm)
2739 2251 2751 2288 :

2276 2379 2290 2391 .
2330 2378 2342 2390 .
2380 2379 2391 2390 .
2429 2342 2619 2402 Patrio,
2655 2342 2848 2406 inquit,
2880 2345 3035 2391 vocat
3064 2342 3280 2406 agmina
3311 2342 3495 2391 sistro.

2056 2448 2263 2507 Fialas
2295 2452 2560 2521 correpta
2605 2448 2930 2521 penultima
2969 2465 3032 2504 ea
3067 2465 3247 2504 causa
3275 2449 3542 2507 dicimus
3572 2451 3712 2522 quod

2058 2538 2203 2594 ﬁala:
2222 2538 2513 2605 dicuntur,
2531 2539 2671 2610 quia
2693 2538 2839 2593 ﬁunt
2857 2554 2927 2592 ex
2948 2537 3116 2606 vitro,
3139 2539 3294 2611 quod
3318 2538 3505 2595 Graeci
3529 2538 3714 2594 hialin

2058 2627 2374 2700 appellant.
2424 2625 2613 2683 Hialin
2669 2631 2868 2682 autem
2900 2626 3082 2683 habes
3135 2627 3194 2682 in
3227 2627 3478 2702 Virgilio
3514 2626 3636 2699 (lib.
3666 2645 3716 2684 iv

2058 2716 2322 2790 Georg.):

2302 2814 2601 2878 Carpebant
2629 2814 2791 2865 hialin
2820 2818 3002 2865 saturo
3032 2814 3212 2865 fucata
3239 2814 3440 2865 colore.

2053 2920 2195 2976 Item
2225 2922 2379 2994 apud
2420 2921 2744 2979 Martialem
2771 2939 2784 2977 :

2209 3020 2344 3078 Quid
2373 3020 2469 3069 tibi
2499 3035 2621 3069 cum
2644 3020 2762 3069 ﬁala
2790 3019 3009 3084 ligulam
3038 3019 3371 3070 committere
3404 3033 3614 3084 posses.

2057 3117 2133 3172 De
2163 3117 2407 3173 cometis
2438 3118 2537 3190 qui
2581 3118 2687 3174 visi
2739 3121 2878 3174 sunt
2924 3116 3257 3173 timendum
3290 3118 3496 3189 potius
3548 3135 3713 3191 quam

2052 3206 2461 3262 disserendum
2510 3206 2762 3263 videtur.
2817 3208 2886 3262 Et
2939 3206 3082 3279 quia
3110 3206 3182 3262 de
3227 3206 3321 3262 his
3354 3206 3437 3261 nil
3476 3223 3715 3280 usquam

239 3334 245 3339 -
300 3280 518 3355 sierim.
552 3280 800 3354 Videtur
825 3313 961 3369 ergo
992 3296 1133 3352 mihi
1165 3280 1223 3353 et
1253 3280 1607 3369 quibusdam
1632 3280 1947 3354 doctiseis-
1978 3280 2020 3346 C
2059 3294 2253 3350 divina
2283 3294 2545 3368 loquitur
2575 3296 2916 3363 auctoritas,
2944 3295 3002 3351 id
3032 3295 3283 3367 opinari,
3309 3294 3430 3351 imo
3467 3301 3716 3352 metuere

298 3386 549 3458 demque
573 3383 1026 3441 studiosissimis
1044 3382 1203 3451 viris,
1228 3383 1325 3455 qui
1346 3400 1576 3439 mecum
1600 3383 1740 3440 talia
1760 3384 1947 3458 pensi-

297 3477 518 3540 tarunt,
582 3473 868 3538 salubris,
928 3478 1229 3538 aratrum,
1288 3476 1345 3528 et
1402 3472 1637 3538 similia,
1699 3455 1944 3528 accentu

295 3562 620 3635 penultimo
648 3561 1051 3616 indubitanter
1100 3562 1474 3616 moderanda.
1512 3562 1945 3619 Bibliothecam

294 3651 794 3722 quemadmodum
806 3648 1109 3705 enuntiare
1127 3650 1443 3705 debeamus
1467 3650 1749 3706 Martialis
1769 3669 1941 3708 versu

294 3737 646 3803 ostenditur,

512 3860 680 3919 Quem
709 3872 827 3909 mea
855 3872 965 3909 non
984 3862 1157 3910 totum
1185 3859 1511 3911 bibliotheca
1539 3862 1696 3925 capit.

292 3968 356 4024 In
370 3966 633 4024 versibus
646 3966 967 4023 moralibus
981 3984 1128 4040 quos
1140 3965 1421 4024 Alouinus
1437 3967 1651 4025 dicitur
1664 3969 1938 4039 edidisse,

288 4062 523 4115 statera
554 4057 640 4113 sic
672 4055 862 4129 posita
890 4061 1017 4113 est:

445 4182 563 4231 Non
591 4180 689 4231 tibi
717 4181 786 4230 sit
814 4180 1027 4231 modius
1056 4181 1271 4245 duplex,
1302 4195 1401 4232 nec
1431 4186 1631 4234 statera
1659 4184 1875 4248 duplex.

360 4302 747 4376 Blasphemus
776 4304 1039 4360 Graecum
1068 4321 1197 4362 esse
1228 4322 1341 4361 non
1376 4305 1665 4362 dubitabit
1696 4307 1807 4364 nisi
1838 4308 1938 4380 qui

290 4391 350 4448 id
381 4409 484 4465 per
507 4411 548 4465 ρ
578 4396 636 4448 et
667 4393 706 4448 Ιι
736 4392 912 4449 scribi
943 4410 1151 4466 parum
1181 4394 1447 4450 attendit.
1480 4394 1679 4465 Itaque
1705 4395 1938 4454 Graecus

292 4481 532 4555 quidam
552 4484 781 4538 Graecos
804 4481 1179 4555 blasphemus
1198 4482 1389 4537 dicere
1409 4486 1671 4554 correpta
1692 4485 1939 4555 penulti-

290 4586 387 4626 ma
403 4569 548 4625 mihi
564 4575 898 4626 constanter
913 4569 1183 4637 asseruit,
1203 4575 1259 4625 et
1280 4568 1334 4624 id
1357 4570 1549 4640 ipsum
1570 4570 1938 4643 Eginhardus

2053 3400 2370 3455 possumus
2403 3386 2559 3457 quod
2590 3384 2841 3457 gentiles
2872 3383 2990 3439 illis
3023 3384 3448 3456 apparentibus
3489 3402 3601 3441 usu
3633 3384 3718 3440 de-

2052 3472 2507 3544 prehenderunt.
2543 3474 2608 3529 Hi
2640 3473 2988 3545 portendere
3015 3476 3275 3529 cometas
3299 3471 3714 3545 pestilentiam,

2050 3560 2138 3616 vel
2168 3562 2382 3627 famen,
2415 3561 2502 3618 vel
2534 3561 2687 3619 bella
2727 3562 3119 3618 tradiderunt.
3165 3560 3313 3617 Hinc
3362 3561 3715 3617 Mantuanus

2048 3654 2421 3713 vates,morte
2433 3652 2676 3707 Caesaris
2689 3668 2754 3706 ac
2771 3650 2938 3706 bellis
2958 3649 3228 3706 civilibus
3241 3649 3710 3715 imminentibus,

2048 3736 2202 3793 inter
2231 3737 2345 3793 alia
2374 3756 2501 3810 quae
2531 3739 2695 3812 ponit
2727 3742 2997 3795 monstra
3030 3738 3257 3812 (Georg.
3291 3738 3354 3806 1):

2176 3881 2189 3894 .
2230 3884 2243 3897 .
2283 3883 2296 3895 .
2332 3849 2437 3897 Nec
2466 3846 2566 3896 diri
2597 3847 2801 3912 (inquit)
2835 3847 2992 3896 toties
3020 3859 3195 3896 arsere
3225 3848 3476 3896 cometa.

2047 3956 2150 4013 42
2174 3954 2467 4028 Josephus
2490 3970 2722 4027 quoque
2753 3953 2968 4025 prodit,
2994 3952 3341 4025 priusquam
3358 3957 3712 4009 everteretur

2049 4043 2432 4111 Hierusalem,
2449 4043 2633 4099 fuisse
2649 4041 2875 4097 stellam
2893 4042 2953 4097 in
2972 4058 3193 4097 morem
3209 4040 3391 4115 gladii
3405 4058 3516 4114 per
3530 4046 3706 4097 totum

2047 4150 2271 4189 annum
2285 4149 2463 4205 super
2476 4132 2742 4188 eamdem
2760 4132 2963 4187 urbem
2974 4130 3104 4187 .Sed
3118 4130 3251 4186 utin
3266 4147 3436 4202 spem
3451 4130 3705 4203 aliquam

2046 4223 2411 4278 adducamur
2428 4220 2805 4276 clementiora
2823 4218 3177 4291 experiendi,
3198 4219 3375 4275 refert
3397 4219 3708 4292 Pompeius

2045 4312 2272 4383 Trogus
2303 4308 2656 4365 Mithridatis
2695 4308 2847 4381 regis
2881 4308 3137 4363 futuram
3168 4307 3581 4364 excellentiam
3613 4323 3702 4364 co-

2045 4404 2200 4455 meta
2211 4400 2718 4471 praamonstratam
2732 4396 2826 4453 his
2837 4395 3029 4453 verbis
3044 4397 3344 4468 (Justinus,
3370 4394 3476 4451 lib.
3491 4413 3700 4463 XXXVII,

2044 4504 2093 4543 c.
2128 4488 2203 4559 2):
2239 4510 2265 4537 «
2300 4487 2447 4543 Nam
2477 4489 2534 4542 et
2552 4503 2617 4541 eo
2649 4503 2763 4558 quo
2800 4486 3038 4559 genitus
3068 4489 3159 4541 est
3190 4501 3365 4552 anno,
3401 4489 3463 4541 et
3493 4501 3563 4541 eo
3595 4500 3702 4558 quo

2043 4591 2285 4647 regnare
2305 4574 2562 4646 primum
2586 4574 2775 4646 ccepit,
2798 4572 2968 4629 stella
2988 4576 3243 4629 cometes
3267 4588 3369 4643 per
3385 4575 3701 4644 utrumque

289 4663 489 4715 noster
535 4658 801 4714 astruxit.
857 4661 1076 4714 Tamen
1111 4657 1381 4713 Aurelius
1430 4658 1801 4727 Prudentius,
1838 4663 1938 4734 qui
1967 4650 2018 4716 Β
2046 4667 2280 4735 tempus
2310 4663 2683 4734 septuaginta
2711 4661 2916 4717 diebus
2942 4661 3023 4716 ita
3044 4660 3191 4715 luxit
3212 4665 3276 4715 ut
3295 4659 3509 4715 cmlum
3533 4677 3699 4716 omne

287 4747 442 4819 apud
456 4746 765 4820 plerosque
775 4746 1288 4803 vehementissime
1300 4744 1711 4815 celebratur,id
1724 4765 1938 4806 nomen

288 4834 372 4893 sic
398 4834 631 4909 posuit:

359 4976 442 5047 (α)
467 4980 540 5049 ΑΙη
554 4976 763 5049 ἁεαξινο
784 4978 1048 5049 inguine.
1070 4976 1254 5049 Istum
1273 4975 1543 5049 mogbum
1566 4976 1727 5049 Lupo
1744 4979 1934 5036 adhuc

277 5046 481 5118 juveni
512 5047 772 5103 evenisse
803 5046 867 5102 in
898 5046 1251 5102 monasterio
1284 5047 1341 5118 S_.
1376 5046 1673 5118 Trudonis
1699 5065 1764 5104 eo
1795 5056 1936 5106 tem-

285 5116 433 5190 pore
450 5136 565 5190 quo
590 5116 1609 5190 Franconot'urluﬁmproﬁciscebatur
1633 5136 1767 5174 cum
1791 5120 1935 5177 Odo-

285 5187 357 5260 ne
388 5187 733 5260 abbatesuo
763 5193 1011 5244 testatur
1042 5187 1430 5260 Hildegarius,
1461 5188 1769 5260 episcopus
1791 5192 1929 5247 Mel-

284 5259 486 5335 densis
516 5259 576 5314 in
607 5259 738 5335 \ﬁta
760 5260 945 5335 s_an_cti
972 5257 1235 5335 Ifaronis,
1253 5259 1421 5329 cujus
1442 5257 1615 5314 verba
1643 5257 1933 5335 descripta

284 5334 424 5386 sunt
452 5329 611 5403 inter
632 5330 831 5403 Elogia
862 5329 1026 5403 Lupi:

355 5404 433 5481 (b)
460 5398 766 5481 PrudentJ
792 5398 968 5481 initio
988 5398 1304 5481 flamartig,

355 5474 427 5554 (ο)
450 5473 754 5529 Nundinas
782 5472 843 5554 in
880 5469 1165 5554 Teutam,
1197 5469 1450 5554 episcopi
1468 5472 1925 5554 Aurelianensis,

280 5540 452 5615 mus
483 5544 932 5615 operaiexstant,
964 5540 1183 5615 editaya
1205 5540 1530 5615 clarissimo
1561 5543 1683 5600 viro
1712 5540 1928 5603 Jacobo

281 5611 611 5687 Sirmondo.
634 5613 1070 5687 Versusautcm
1094 5611 1417 5687 Theodulﬁ,
1448 5615 1506 5669 in
1526 5633 1640 5687 quo
1666 5619 1930 5687 producit

319 5681 663 5737 enultimam
696 5681 986 5759 syllabam
1018 5683 1172 5739 vocis
1201 5686 1506 5753 nundinis,
1530 5681 1743 5759 legitur
1773 5690 1830 5744 in
1863 5689 1928 5745 Ii-

318 5769 380 5807 ro
412 5768 473 5817 11,
504 5768 683 5808 carm.
715 5756 853 5812 357:

2048 4752 2291 4823 ﬂagrare
2307 4752 2620 4806 videretur.
2644 4751 2790 4808 Nam
2805 4753 2863 4806 et
2884 4750 3289 4823 magnitudine
3314 4748 3409 4805 sui
3431 4753 3695 4821 quartam

2048 4838 2171 4895 coeli
2232 4845 2458 4913 partem
2515 4842 2916 4912 occupaverat,
2969 4845 3026 4896 et
3072 4838 3324 4912 fulguris
3372 4837 3468 4893 sui
3524 4837 3697 4893 radiis

2137 4983 2323 5046 Frugc,
2350 4995 2472 5045 ope.
2503 4982 2780 5040 nundinis,
2804 4981 3040 5043 pulchris
3062 4985 3115 5031 et
3142 4982 3304 5032 rebus
3333 4978 3637 5030 abundans.

2041 5052 2121 5124 Ex
2151 5052 2269 5124 hoc,
2293 5069 2462 5124 porro
2486 5052 2629 5124 Lupi
2648 5052 2985 5124 testimonio
3008 5055 3161 5108 recte
3182 5050 3415 5124 collegit
3426 5049 3694 5124 _Sirmon-

2041 5123 2153 5177 dus
2176 5120 2510 5195 falli—virum
2529 5120 2785 5191 doctum,
2811 5122 2912 5195 qui
2930 5140 3163 5195 carmen
3187 5123 3294 5195 hoc
3316 5120 3691 5195 a'l‘heodullo

2040 5194 2430 5266 compositum
2483 5195 2733 5266 negavit,
2782 5191 2864 5266 ea,
2899 5194 3167 5251 videlicet
3195 5194 3269 5266 de
3314 5191 3685 5266 causaquod

2039 5263 2197 5321 illius
2212 5267 2428 5337 mentio
2441 5263 2626 5337 exstet
2638 5266 2792 5337 apud
2806 5265 3118 5337 Alcuinum
3134 5266 3205 5320 de
3219 5263 3433 5337 divinis
3449 5263 3685 5337 Ofﬁciis,

2039 5353 2164 5407 cap.
2208 5336 2285 5401 lli,
2340 5340 2393 5407 et
2435 5332 2751 5392 Alcuinum
2800 5341 3026 5392 certum
3068 5336 3146 5407 sit
3177 5336 3248 5392 ad
3301 5332 3682 5407 Ludovici__l_’_ii

2038 5403 2406 5484 imperatoris
2426 5410 2691 5484 tempora
2708 5425 2822 5484 non
2847 5406 3458 5484 pervenisse_.__Verum,
3492 5407 3558 5484 ut
3576 5403 3684 5484 illic

2036 5474 2213 5532 etiam
2245 5478 2513 5533 observat
2542 5474 2913 5547 Sirmondu's,
2937 5479 3153 5535 librum
3174 5476 3344 5533 illum
3377 5476 3449 5531 de
3476 5474 3683 5531 divinis

2035 5548 2256 5604 Ofﬁciis
2287 5548 2515 5603 Alcuini
2551 5567 2665 5605 non
2696 5567 2825 5606 esse
2849 5551 2973 5606 iam
3004 5548 3102 5605 alii
3133 5549 3533 5605 observarunt.

2110 5567 2256 5604 ucns
2287 5567 2515 5603 Alcuim
2551 5567 2665 5605 non
2696 5567 2825 5606 esse
2879 5568 2973 5606 am
3004 5567 3102 5605 am
3133 5567 3533 5605 onservarunr.

2109 5620 2192 5697 (at)
2220 5619 2531 5697 Loquetam
2542 5637 2651 5697 per
2662 5567 2891 5697 unuml.
2907 5622 3051 5677 Hinc
3064 5624 3232 5697 patet
3244 5619 3424 5697 fuisse
3435 5611 3678 5697 olimgui

2035 5686 2359 5763 scriberent
2405 5686 2697 5763 taquella.
2742 5693 2894 5748 Sane
2925 5708 3029 5763 ego
3061 5686 3120 5746 i'n
3153 5690 3358 5763 multis
3388 5686 3679 5763 codicibus

2036 5778 2179 5817 mss.
2199 5760 2452 5833 antiquis
2474 5754 2627 5834 saepe
2643 5762 2754 5835 legi
2780 5754 3066 5837 loquella,
3086 5754 3674 5836 guerella,medella.
