3856 6200
95 338 228 398 4Ἱ3

95 561 518 634 flagitaverim,
555 568 620 618 ut
645 568 835 620 vestra
885 563 1170 620 celsitudo
1201 565 1544 636 parvitatem
1576 583 1766 621 meam

94 668 226 707 non
261 657 630 724 aspernetur,
655 653 755 708 sed
791 652 931 709 olim
963 670 1300 709 concessam
1333 653 1599 709 notitiam
1632 672 1768 710 con-

98 741 674 812 descensionemque
697 742 944 796 retinere
965 741 1257 813 dignetur.
1274 742 1362 796 Me
1386 759 1520 797 vero
1549 743 1772 798 noverit

98 828 168 884 in
198 829 300 885 sui
343 830 693 902 obsequium
745 829 993 885 ﬁdeliter
1040 835 1450 903 praeparatum.
1488 832 1769 888 Caeterum

97 924 365 974 vestram
391 919 862 990 opinatissimam
886 919 1084 992 ﬂagito
1112 919 1518 978 liberalitatem
1542 927 1605 976 ut
1625 923 1772 979 duos

102 1012 348 1063 nostros
382 1007 635 1064 famulos
666 1026 700 1062 a
727 1009 939 1064 vestris
971 1009 1172 1074 fabris,
1207 1026 1355 1080 quos
1386 1011 1774 1082 peritissimos

99 1111 215 1151 vos
248 1096 461 1151 habere
492 1096 664 1169 longe
695 1095 925 1169 lateque
956 1097 1114 1152 fama
1143 1097 1418 1170 vulgavit,
1444 1099 1570 1154 auri
1601 1106 1657 1155 et
1687 1119 1775 1156 ar-

103 1185 277 1258 genti
293 1185 568 1257 operibus
585 1186 801 1241 erudiri
813 1186 1290 1257 jubeatis,vestro
1310 1188 1590 1244 beneficio
1607 1191 1775 1247 nobis

107 1278 172 1329 et
191 1274 402 1330 vicinis
427 1275 644 1330 nostris
661 1273 986 1346 plurimum
1006 1275 1536 1346 profuturos.Unde
1557 1295 1628 1333 ne
1651 1297 1779 1335 nos*

108 1365 207 1418 tra
238 1367 371 1418 vota
403 1363 652 1418 nimium
683 1364 1075 1428 differrentur,
1101 1363 1148 1419 si
1173 1366 1326 1436 quod
1351 1365 1606 1436 petimus
1636 1368 1780 1424 obti'

106 1467 253 1507 nere
284 1452 630 1521 meruimus,
667 1470 850 1508 unum
893 1469 1095 1508 eorum
1143 1470 1291 1525 quos
1333 1453 1582 1527 dirigere
1613 1457 1775 1529 cupi-

106 1555 250 1596 mus
281 1557 350 1596 ea
371 1541 497 1612 jam
519 1540 902 1597 imbuendum
927 1545 1050 1597 arte
1073 1542 1774 1614 procuravimus.Aurum

107 1633 396 1702 praeterea
423 1631 579 1702 quod
610 1631 704 1686 hic
736 1631 913 1687 frater
942 1635 1140 1688 noster
1171 1633 1323 1704 apud
1355 1649 1456 1690 vos
1503 1634 1778 1707 deposuit

105 1718 306 1774 eidem
329 1720 536 1789 jubete
563 1720 795 1776 restitui
819 1739 832 1788 ;
854 1724 918 1776 ut
948 1737 1119 1793 Opere
1143 1720 1584 1794 inspecto,quid
1607 1724 1776 1781 nobis

107 1809 409 1882 agendum
440 1809 519 1865 sit
557 1810 846 1866 aestimare
893 1809 1213 1866 valeamus.
1247 1811 1392 1884 Opto
1440 1829 1542 1868 vos
1587 1813 1776 1870 valere

109 1896 362 1953 feliciter
390 1902 447 1954 et
473 1897 758 1955 virtutum
792 1899 850 1954 in
899 1899 1024 1954 dies
1070 1916 1276 1972 capere
1324 1900 1772 1958 incrementum.

591 2158 686 2212 47
731 2155 1081 2212 EPISTULA
1115 2155 1302 2212 XXIII.

386 2296 521 2335 ITBM
561 2295 634 2336 AD
674 2298 918 2337 EUMDEM
952 2298 1020 2335 EX
1060 2297 1268 2337 ODONIS
1309 2299 1510 2338 PARTE.

188 2501 550 2558 Clarissimis
571 2501 891 2559 honoribus
915 2503 1120 2559 merito
1145 2504 1416 2561 decorate
1440 2506 1776 2580 Ludoguieo

115 2591 365 2648 ultimus
397 2591 697 2658 abbatum,
729 2592 808 2664 (α)
843 2591 963 2648 Odo
1004 2597 1061 2648 et
1091 2593 1362 2649 universa
1391 2594 1778 2653 Ferrariensis

115 2680 366 2737 caenobii
397 2679 757 2736 unanimitas
789 2680 1104 2754 plurimam
1147 2681 1416 2739 salutem.

188 2769 428 2836 Quoties
459 2767 654 2842 aliqua
675 2770 1132 2842 perturbationis
1151 2770 1238 2827 vel
1262 2772 1626 2829 necessitatis
1646 2791 1779 2847 pro-

117 2858 269 2914 cella
300 2858 621 2931 quatimur,
653 2859 724 2914 ad
756 2858 1166 2916 benevolentiae
1197 2865 1399 2917 vestrae
1425 2866 1657 2934 portum
1689 2881 1779 2921 se-

119 2947 246 3004 curi
278 2947 689 3021 confugimus:
728 2966 854 3020 qua:
887 2949 1162 3005 omnibus
1193 2950 1263 3004 ad
1297 2950 1779 3009 benefaciendum

119 3037 408 3110 exposita,
443 3036 736 3092 neminem
772 3037 998 3109 repellit
1031 3037 1132 3110 qui
1163 3055 1289 3095 sese
1330 3057 1498 3111 opem
1530 3043 1779 3113 petendo

117 3125 450 3198 ingesserit.
483 3126 700 3181 Verum
733 3143 803 3182 ne
833 3144 934 3182 vos
966 3127 1022 3180 in
1054 3126 1295 3201 longum
1329 3129 1636 3200 ducamus,
1666 3149 1780 3188 me-

1611 339 2040 404 EPISTOLAE.

94 470 354 546 antiquo
384 475 588 530 nostro
619 490 816 530 amore
845 473 1136 548 colligere.
1167 471 1311 530 Illud
1346 473 1590 531 forsitan
1608 476 1768 548 juste
1797 475 1853 543 Α

3419 343 3546 406 474

2351 474 2452 532 48
2492 474 2836 534 EPISTOLA
2872 473 3062 534 XXIV.

2355 616 2493 654 ITEM
2530 617 2604 655 AD
2646 618 2804 663 QUEM
2846 618 3056 657 SUPRA.

1956 767 2218 823 Summis
2251 769 2573 826 honoribus
2619 770 2964 843 dignissimo
3017 770 3345 843 Ludogvico
3395 771 3536 841 Odo,

1881 856 2159 912 abbatum
2191 858 2458 925 ultimus,
2492 859 2809 932 plurimam
2861 859 2919 914 in
2968 859 3215 916 Domino
3265 859 3536 918 salutem.

1952 947 2240 1002 Atrectum
2272 953 2472 1003 vestrae
2495 949 2905 1004 benevolentia:
2933 965 3180 1020 pronum
3209 949 3267 1003 in
3293 950 3540 1020 parvita-

1881 1037 1999 1088 tem
2035 1052 2223 1090 meam
2257 1036 2386 1092 luce
2432 1036 2647 1092 clarius
2680 1037 3010 1108 pervidens,
3043 1055 3149 1110 ago
3183 1037 3541 1110 multiplices

1883 1124 2102 1195 gratias
2134 1125 2433 1198 Deumque
2466 1126 2583 1181 fore
2637 1126 2834 1197 pietati
2883 1130 3086 1182 vestrae
3130 1127 3539 1182 retributorem

1883 1217 2109 1284 exopto.
2144 1215 2272 1286 Ipse
2313 1220 2508 1270 autem
2555 1218 2796 1287 paratus
2846 1232 3002 1280 sum,
3049 1215 3099 1270 si
3151 1215 3292 1287 quid
3333 1216 3542 1286 jubere

1882 1306 2076 1357 vestra
2106 1303 2378 1376 dignetur
2423 1303 2786 1372 excellentia,
2821 1303 3069 1359 fideliter
3117 1303 3539 1376 obtemperare.

1885 1390 2167 1446 Caeterum
2202 1393 2448 1464 impellit
2480 1410 2572 1449 me
2603 1394 2918 1449 necessitas
2948 1393 3161 1448 iterum
3185 1392 3359 1449 vestri
3380 1393 3542 1464 adju-

1883 1479 2015 1535 torii
2068 1483 2456 1552 patrocinium
2508 1481 2850 1555 suppliciter
2893 1481 3223 1554 implorare.
3275 1483 3542 1555 Namque

1885 1573 2201 1641 postquam
2229 1571 2395 1626 vobis
2426 1570 2844 1626 auxiliantibus
2873 1570 3186 1643 impetrata
3206 1570 3441 1627 licentia
3468 1572 3541 1628 ab

1885 1658 2250 1728 expeditione
2279 1660 2627 1732 Aquitanica
2677 1665 2953 1733 gravatus
3001 1659 3341 1716 infirmitate
3373 1659 3539 1729 redii,

1885 1747 2088 1802 eadem
2119 1765 2267 1820 pene
2298 1765 2528 1821 semper
2558 1749 2818 1816 attritus,
2847 1749 3097 1805 necdum
3129 1747 3344 1804 revalui
3371 1766 3385 1805 ε
3414 1766 3543 1822 qua

1806 1849 1854 1916 Β
1887 1852 1976 1890 res
2010 1853 2081 1892 ne
2103 1854 2237 1892 cum
2265 1837 2396 1894 aliis
2418 1839 2490 1894 ad
2516 1838 2850 1894 condictum
2875 1854 3238 1894 occurrerem
3261 1837 3542 1910 placitum

1885 1925 2206 1996 prohibuit.
2241 1926 2371 1982 Misi
2417 1930 2613 1983 tamen
2663 1927 2933 1982 homines
2981 1931 3212 1983 nostros
3260 1944 3378 1982 una
3407 1942 3543 1982 cum

1885 2012 2094 2068 comite
2125 2013 2280 2087 pagi,
2299 2015 2400 2086 qui
2424 2014 2809 2086 expeditionis
2831 2014 3023 2071 ofﬁcia
3052 2031 3214 2070 more
3245 2014 3416 2071 solito
3445 2031 3542 2071 ex-

1885 2107 2290 2173 sequerentur.
2323 2103 2590 2160 Vestram
2622 2103 2802 2176 igitur
2833 2103 3236 2176 supplicamus
3267 2102 3543 2175 pietatem

1887 2196 1952 2245 ut
1995 2208 2100 2247 nos
2149 2194 2380 2248 offensae
2412 2197 2574 2248 metu
2619 2191 2807 2248 levare
2857 2192 3205 2266 dignemini.
3238 2191 3543 2264 Siquidem

1887 2296 2226 2353 quanquam
2244 2283 2315 2337 ab
2337 2282 2782 2354 obsequendum
2801 2298 2936 2337 cum
2955 2281 3086 2336 aliis
3103 2281 3543 2354 paratissimam

1887 2367 2162 2424 haberem
2195 2369 2576 2438 voluntatem,
2629 2369 3013 2426 imbecillitati
3065 2374 3264 2426 tamen
3311 2370 3544 2426 obviare

1889 2474 2005 2516 non
2041 2458 2226 2531 potui.

2433 2645 2792 2702 EPISTOLA
2830 2645 2993 2700 XXV.

2366 2787 2502 2826 ITEM
2539 2788 2613 2825 AD
2654 2787 2813 2833 QUEM
2855 2785 3063 2826 SUPRA.

1959 2947 2128 3003 Omni
2148 2947 2476 3004 reverentiae
2494 2947 2656 3020 apice
2677 2947 3050 3019 suspiciende
3072 2947 3193 3003 viro
3214 2946 3540 3006 clarissimo

1889 3036 2177 3093 Ludovico
2207 3039 2278 3106 (ε)
2316 3037 2403 3104 0.,
2438 3037 2701 3092 omnium
2733 3036 3012 3092 abbatum
3044 3035 3290 3092 ultimus
3316 3042 3373 3093 et
3405 3037 3540 3094 uni-

1885 3142 2053 3181 versa
2083 3125 2467 3181 Ferrariensis
2498 3124 2743 3182 ccenobii
2776 3126 2876 3181 49
2922 3124 3170 3181 societas
3201 3125 3259 3180 in
3294 3127 3538 3184 Domino

119 3213 380 3270 ministis
398 3213 565 3270 nobis
582 3216 657 3282 (b)
672 3214 1012 3270 Zachariam
1030 3216 1300 3272 abbatem
1325 3217 1431 3273 hoc
1452 3236 1606 3275 anno
1624 3237 1778 3277 com-
1807 3215 1849 3285 C
1889 3215 2160 3272 salutem.

124 3303 399 3371 missum,
433 3303 667 3374 quando
691 3307 746 3359 et
774 3307 966 3359 vestra
993 3306 1303 3376 prudentia
1333 3306 1392 3361 in
1420 3311 1649 3364 tantum
1681 3328 1780 3365 no-

121 3393 213 3449 bis
246 3392 388 3447 favit
417 3396 482 3446 ut
513 3407 659 3464 pene
689 3409 804 3447 non
839 3392 1026 3460 nobis,
1053 3394 1153 3449 sed
1185 3394 1318 3451 aliis
1346 3399 1779 3455 commendare-

116 3487 233 3537 tur.
268 3480 433 3535 Nunc
463 3480 616 3536 idem
650 3481 832 3537 abbas
863 3481 1169 3537 dominum
1212 3500 1406 3557 regem
1458 3486 1598 3555 adit,
1634 3487 1772 3560 quid

113 3569 163 3625 ei
182 3569 560 3641 potissimum
579 3570 870 3641 agendum
895 3568 970 3625 sit
992 3571 1066 3626 ab
1086 3587 1152 3626 eo
1173 3573 1776 3643 quaesiturusﬂabeat

114 3658 295 3731 igitur
321 3661 515 3713 vestra
567 3657 818 3731 insignis
867 3658 1160 3715 industria
1204 3662 1510 3718 tenuitatis
1561 3669 1771 3720 nostrae

112 3745 662 3814 considerationem,
714 3751 771 3802 et
799 3745 1075 3820 dignetur
1122 3747 1419 3806 elaborare
1467 3756 1533 3807 ut
1579 3753 1664 3808 vel
1697 3755 1770 3809 ad

109 3835 306 3893 locum
329 3836 483 3892 unde
500 3836 570 3892 ad
594 3853 703 3892 nos
722 3836 880 3891 venit
899 3835 987 3892 vel
1010 3837 1080 3892 ad
1105 3837 1284 3893 alium
1310 3840 1629 3912 quemlibet
1642 3843 1771 3913 jam

109 3925 434 3998 dirigatur;
460 3924 621 3997 quia,
655 3929 718 3980 ut
745 3941 870 3980 rem
897 3925 1064 3982 vobis
1094 3926 1179 3982 uti
1209 3932 1297 3982 est
1329 3927 1671 4000 simpliciter
1693 3932 1769 3986 fa-

106 4018 360 4080 teamur,
385 4030 503 4069 non
535 4013 909 4069 mediocriter
940 4031 1048 4070 nos
1078 4020 1325 4087 gravant
1354 4033 1616 4088 expensa
1641 4036 1766 4090 qua

103 4101 265 4159 illius
294 4101 639 4158 hominibus
661 4103 1026 4158 tribuuntur.
1044 4103 1207 4160 Unde
1231 4121 1334 4176 per
1350 4123 1453 4161 vos
1474 4106 1764 4163 sublevari

105 4191 503 4264 deposcimus,
537 4195 604 4246 ut
634 4191 711 4248 sit
747 4192 902 4248 unde
934 4191 1066 4248 aliis
1096 4193 1166 4247 ad
1198 4209 1304 4249 nos
1335 4195 1765 4254 confluentibus

105 4278 416 4352 hospitalis
441 4278 689 4352 gratiam
718 4279 1056 4353 impendere
1085 4280 1406 4339 valeamus.

103 4516 166 4566 ut
192 4512 368 4593 docet
399 4510 796 4594 ipse-Carolus
817 4511 877 4594 in
902 4516 1188 4594 praecepto
1215 4515 1471 4594 quodam
1502 4533 1604 4587 pro
1635 4534 1762 4574 mo-

1957 3307 2081 3362 Non
2107 3323 2314 3362 sumus
2337 3305 2514 3362 nescii
2539 3302 2858 3360 multarum
2882 3302 3386 3376 maximarumque
3407 3320 3541 3360 cau-

1886 3412 2086 3452 sarum
2119 3395 2377 3467 undique
2408 3392 2829 3449 conﬂuentium
2859 3410 2960 3448 vos
2983 3391 3237 3448 molibus
3263 3391 3536 3465 opprimi,

1883 3484 2084 3556 eisque
2115 3483 2532 3556 componendis
2562 3482 2655 3538 vix
2686 3487 2949 3555 tempora
2969 3482 3096 3553 ipsa
3120 3482 3538 3538 sufficere.Sed

1880 3578 2082 3629 vestrae
2114 3572 2312 3645 pietati
2367 3589 2433 3628 eo
2481 3588 2669 3644 usque
2718 3570 3072 3626 confidimus
3123 3573 3189 3624 ut
3233 3569 3388 3641 apud
3437 3587 3538 3625 vos

1881 3662 2097 3718 nostris
2127 3663 2301 3718 rebus
2349 3661 2543 3718 locum
2576 3677 2809 3733 semper
2837 3663 3034 3732 patere
3064 3659 3392 3716 credamus.
3425 3660 3539 3716 Ex-

1879 3750 2081 3823 plicari
2113 3755 2308 3806 autem
2342 3750 2432 3805 vix
2462 3753 2654 3822 potest
2682 3766 2862 3821 quam
2895 3748 3082 3804 simus
3113 3749 3300 3821 parati
3329 3754 3534 3805 vestras

1875 3839 2182 3907 voluntati,
2208 3839 2254 3895 si
2287 3838 2428 3909 quid
2452 3838 2658 3908 jubere
2689 3837 3033 3909 dignemini,
3061 3837 3462 3909 obtemperare
3482 3842 3540 3894 et

1877 3928 2183 4001 condignis
2209 3926 2608 3982 excellentiam
2639 3929 2894 3980 vestram
2917 3924 3214 3996 obsequiis
3234 3927 3532 3998 prosequi.

1875 4017 2134 4083 Interim,
2187 4015 2341 4086 quod
2384 4013 2666 4080 valemus,
2718 4012 3130 4068 devotissimas
3177 4030 3375 4085 preces
3425 4014 3534 4070 Do-

1875 4106 2035 4160 mino
2054 4109 2167 4159 Deo
2186 4107 2386 4158 nostro
2405 4119 2507 4175 pro
2525 4105 2717 4157 vestra
2729 4101 2918 4158 salute
2935 4104 3109 4172 atque
3126 4102 3532 4174 prosperitate,

1873 4210 2051 4267 quam
2082 4197 2138 4249 et
2167 4195 2428 4248 nostram
2478 4189 2774 4257 ducimus,
2810 4189 3209 4246 indesinenter
3250 4192 3532 4265 dependi-

1873 4283 2148 4339 mus.Vos
2171 4285 2367 4339 autem
2390 4277 2632 4352 accipite
2650 4278 2855 4334 iterum
2883 4277 3223 4351 petitionem
3246 4285 3530 4374 nostram,

1868 4513 2120 4570 tissimis
2150 4508 2640 4574 Sammartbanis,
2656 4507 2766 4580 qui.
2789 4523 2999 4564 nomen
3014 4505 3183 4580 illius
3207 4508 3529 4579 praetermi-

103 4584 357 4660 nasterio
389 4578 573 4660 sancti
605 4583 864 4660 Dionysii
901 4578 919 4638 Ξ
949 4607 976 4632 ‹‹
1152 4578 1593 4660 νθιίθιιεὶὸὶιίδέο
1623 4606 1758 4660 pro-
1791 4583 1840 4650 Β
1871 4591 2076 4660 serunt
2107 4587 2168 4660 in
2197 4583 2460 4660 catalogo
2493 4578 3284 4660 abbatumnFerrariep‘sium.

102 4655 361 4726 pinquus
395 4657 594 4710 noster
645 4655 993 4721 Ludovicus,
1027 4655 1208 4711 abbas
1240 4659 1573 4714 monasterii
1604 4655 1757 4741 Ᾱρο-

99 4725 389 4811 stolorum
419 4725 722 4811 principis,
755 4725 1497 4811 exce‘llenti‘ss'imor‘umque
1514 4731 1754 4811 “Christi

99 4802 424 4874 martyrum
459 4797 981 4869 Dionysii,Rustici
1014 4803 1076 4874 et
1100 4797 1434 4874 Eleutherii.
1461 4823 1489 4850 »
1514 4803 1757 4874 Propin-

99 4867 277 4939 quum
311 4867 453 4923 item
483 4867 656 4923 suum
688 4873 1022 4944 eum_vocat_
1062 4869 1216 4944 idem
1247 4871 1488 4944 Carolus
1520 4872 1578 4927 in
1607 4867 1757 4944 prie-

96 4938 396 5016 ceptopro
430 4938 784 5016 monasterio
818 4939 1350 5016 Cen_tulen_si,quod
1381 4948 1568 5016 exstat
1599 4938 1754 5016 apud

97 5008 436 5082 Hariulfum
457 5009 558 5082 lib.
587 5013 648 5065 lii
671 5010 883 5066 Chron.
908 5011 1159 5077 Centul.,
1179 5008 1305 5082 cap.
1329 5016 1382 5066 7.
1403 5013 1567 5070 Illius
1597 5008 1752 5073 enim

97 5079 440 5136 monasterii
474 5081 655 5136 abbas
685 5082 856 5136 etiam
889 5081 998 5136 fuit
1027 5082 1136 5138 iste
1169 5079 1514 5146 Ludovicus.
1551 5087 1754 5144 Fuisse

132 5156 374 5231 {veterea
399 5151 663 5221 ejusdem
690 5151 1058 5231 Caroliregis
1084 5154 1498 5231 cancellarium
1523 5157 1754 5231 collegit

97 5168 374 5276 praeterea
399 5168 663 5221 ejusdem
696 5168 881 5208 uarou
905 5170 1058 5225 regis
1084 5168 1498 5211 canceuarium
1523 5168 1751 5231 collegit

97 5292 114 5300 _
135 5223 444 5300 irmondus
471 5239 567 5300 ex
611 5223 860 5294 epistola
886 5227 958 5300 27
1007 5224 1152 5300 Lupi
1185 5227 1406 5300 nostri;
1441 5228 1501 5283 in
1532 5246 1649 5300 qua
1680 5232 1751 5286 de

96 5292 385 5370 Ludovico
408 5291 822 5370 isto__loquens,
857 5295 937 5370 ait
969 5313 982 5350 :
1014 5291 1303 5370 epistolam
1334 5291 1402 5352 ἔνι’
1417 5291 1630 5370 palatio
1657 5319 1749 5370 ge-

95 5380 212 5419 rens
231 5366 497 5437 officium.
514 5364 863 5421 Nominatur
881 5364 1334 5437 inter—praesides
1363 5364 1590 5425 concilii
1614 5364 1752 5428 Ver-

95 5436 308 5510 nensis.
345 5437 590 5490 Exstant
636 5442 833 5492 autem
877 5436 1256 5510 quamplures
1303 5441 1447 5510 Lupi
1493 5443 1564 5496 ad
1612 5460 1747 5498 eum

95 5506 368 5580 epistolae,
392 5523 521 5580 qua:
552 5524 849 5564 summam
880 5506 1010 5579 ejus
1041 5506 1472 5580 dignitatem'et
1501 5515 1750 5570 auctori-

97 5579 267 5632 tatem
298 5579 620 5633 declarant.

157 5651 236 5726 _(a)
421 5649 1064 5726 Abbasllkrrariensis,
1101 5652 1165 5705 ut
1196 5649 1452 5726 diximus
1483 5653 1552 5706 ad
1589 5655 1743 5726 epis-

100 5717 267 5804 tolam
293 5722 390 5776 21.
421 5720 566 5804 Ejus
595 5720 770 5804 etiam
803 5725 942 5777 sunt
971 5725 1092 5804 tres
1121 5719 1375 5804 epistola:
1407 5717 1738 5804 sequentes.

99 5786 162 5845 Ut
183 5791 402 5849 mirum
417 5786 694 5848 valdesit
711 5791 769 5848 id
787 5809 902 5848 non
922 5786 1392 5852 animadversum
1409 5811 1444 5850 a
1461 5786 1600 5854 viris
1612 5813 1744 5857 ocu-

1939 4659 2023 4732 (b)_
2041 4657 2203 4732 Zacﬁ.
2228 4657 2355 4710 abb.
2379 4649 2746 4732 (Seminissztm.
2768 4651 3051 4732 Solemne.
3067 4650 3123 4704 id
3153 4649 3523 4732 vocabulum,

1865 4722 2317 4803 quotiesdicere
2345 4725 2617 4803 volebant
2643 4724 2849 4803 datum
2879 4722 3521 4803 alicuiumonasteripm

1870 4794 1903 4855 εἰ
1933 4800 2214 4871 principe,
2248 4803 2313 4853 ut
2344 4797 2461 4851 illic
2493 4796 2674 4871 abbas
2706 4795 3310 4871 esset,_eeu‘dieemus
3335 4794 3521 4871 infra.

1868 4863 1977 4928 Sed
2010 4863 2273 4927 hoc-loco
2307 4886 2423 4924 non
2456 4868 2741 4938 accipitur
2770 4884 2836 4921 ea
2858 4863 3302 4938 significatione.
3317 4864 3525 4938 Agitur

1865 4943 2024 4999 enim
2053 4944 2122 4997 de
2152 4942 2364 5016 abbate
2406 4936 2685 5016 quodam_
2712 4936 2940 4993 exsule"
2958 4953 3023 5016 ac
3058 4936 3393 5016 peregrino,
3427 4937 3521 5015 cui

1866 5031 1998 5069 cum
2033 5012 2231 5068 omnia
2261 5007 2594 5074 deficerent,
2614 5009 2789 5064 etiam
2812 5026 2938 5079 qua:
2962 5007 3136 5062 victui
3171 5007 3517 5074 necessaria,

1864 5103 1899 5140 a
1927 5085 2128 5140 Carolo
2160 5098 2292 5154 rege
2324 5082 2544 5154 missus
2576 5085 2663 5134 est
2695 5078 3024 5154 Ferrarias;
3049 5081 3521 5154 praeceptumque

1863 5160 1953 5212 est
2005 5155 2188 5210 Odoni
2225 5149 2437 5207 "abbati
2470 5155 2526 5206 et
2558 5150 2861 5205 monachis
2895 5149 3054 5203 illius
3084 5149 3420 5203 monasterii
3457 5153 3521 5204 ut

1861 5243 1993 5283 eum
2028 5226 2331 5295 sociosque
2349 5224 2476 5293 ejus
2498 5220 2741 5295 alerent.
2758 5219 3260 5295 Itaque_quoniam
3289 5237 3519 5275 monas-

1862 5299 2075 5354 terium
2109 5291 2474 5352 Ferrariense
2503 5293 2552 5348 ei
2585 5291 2745 5347 oneri
2779 5291 3014 5346 ferendo
3061 5307 3168 5363 par
3206 5307 3320 5346 non
3371 5296 3514 5356 erat,

1861 5386 1960 5425 eos
1991 5368 2103 5423 alio
2136 5365 2287 5420 mitti
2318 5368 2504 5420 erant.

1929 5444 1998 5507 (ε)
2035 5439 2094 5493 0.
2127 5438 2190 5492 Id
2221 5441 2308 5492 est
2338 5436 2478 5507 Odo,
2511 5433 2666 5507 idem
2711 5433 2812 5505 qui
2865 5433 2940 5507 in
2976 5432 3205 5507 duabus
3233 5430 3514 5507 epistolis

1857 5502 2278 5583 superioribus.
2300 5507 2362 5562 In
2384 5502 2858 5583 editione_tamen
2887 5503 3141 5559 Massoni
3169 5502 3394 5583 Odonis
3415 5520 3513 5558 no-

1857 5574 1989 5638 men
2019 5581 2306 5637 omissum
2356 5583 2446 5633 est
2489 5577 2595 5631 hoc
2645 5575 2808 5643 loco;
2843 5591 2946 5645 pro
2989 5591 3173 5644 eoque
3224 5574 3511 5645 scriptum

1855 5654 1996 5725 Lupi
2053 5669 2263 5707 nomen
2315 5650 2423 5704 hoc
2486 5648 2656 5704 modo
2691 5664 2704 5704 :
2743 5647 3002 5704 Ludovico
3034 5647 3232 5718 Lupus,
3266 5647 3511 5701 omnium

1851 5726 2129 5788 abbatum,
2159 5729 2265 5778 etc.
