3856 6200
144 356 283 416 »493

1667 351 2095 415 ΕΡῙΞΤΟΙΛΕ.

3463 357 3581 415 494

158 484 227 542 in
255 485 459 553 altero,
491 485 759 542 videatur
786 482 844 540 in
877 483 1093 557 seipso,
1130 483 1469 539 videaturin
1504 482 1645 538 coelo
1677 501 1820 539 novo
1849 485 1903 553 Α
1934 490 2117 541 catur.
2154 485 3582 558 Prmmonstratisverbissuperquorumscntcntia

161 578 223 630 et
252 580 411 631 terra
440 592 591 631 nova
621 579 796 646 atque
828 574 887 629 in
922 572 1081 628 omni
1114 590 1239 645 quae
1270 577 1410 627 tunc
1444 571 1616 627 fuerit
1655 589 1819 627 crea-

160 668 302 720 tura
332 665 430 736 [de
477 666 658 721 Civil.
694 664 820 734 Dei,
855 662 960 717 lib.
992 679 1129 727 xxii,
1164 678 1290 734 cap.
1322 662 1431 730 29).
1468 683 1495 709 ››
1528 661 1819 716 Hactenus

160 753 267 823 qui
328 752 451 808 haec
516 753 693 808 verba
754 750 1129 807 obscuritatis
1186 750 1416 821 pariant
1465 766 1581 804 non
1629 748 1815 804 video.

158 841 390 914 Quippe
424 840 789 897 clarissimus
823 838 1202 910 auctor,quia
1221 836 1429 892 divinae
1462 836 1817 893 ructoritatis

159 929 742 1000 observantissimus,
777 927 1276 1001 quemadmodum
1302 926 1381 982 sit
1412 927 1643 981 futurus
1662 925 1815 981 Deus

158 1018 365 1074 omnia
393 1019 452 1073 in
482 1018 758 1073 omnibus
788 1016 1085 1089 copiosius
1114 1014 1367 1087 explicat
1391 1034 1403 1083 ;
1428 1014 1813 1086 scilicetquod

157 1106 365 1164 electis
395 1107 591 1162 divina
621 1106 809 1179 gratia
839 1105 911 1161 ad
940 1104 1261 1177 angelicam
1288 1104 1568 1176 provectis
1583 1102 1815 1175 aequali-

156 1200 365 1264 tatem,
396 1201 618 1253 remoto
651 1196 913 1269 pristinze
945 1195 1288 1268 ignorantiae
1339 1193 1558 1261 nubilo,
1595 1194 1694 1250 59
1731 1210 1816 1249 se-

159 1286 483 1358 metipsum
515 1284 682 1358 plene
712 1284 1068 1349 manifestet,
1083 1300 1149 1340 ac
1172 1301 1280 1339 sua
1302 1281 1814 1338 ineil‘abilivisione

157 1374 219 1430 in
262 1377 615 1448 perpetuum
664 1373 977 1444 heatificet,
1008 1377 1288 1444 tantaque
1327 1389 1445 1427 suae
1493 1370 1813 1443 praesentiae

157 1463 415 1519 laetiﬁcat
446 1461 733 1519 evidentia
764 1466 829 1517 ut
860 1461 1326 1533 uniuscujusque
1358 1459 1599 1531 spiritus
1639 1459 1812 1514 dubi-

155 1558 283 1609 tare
312 1569 429 1608 non
462 1552 650 1625 possit
675 1549 817 1623 quin
851 1549 1021 1606 nobis
1045 1554 1099 1606 et
1123 1548 1365 1621 reliquis
1387 1549 1605 1604 sanctis
1623 1548 1812 1603 omni-

154 1642 271 1698 bus
300 1640 443 1698 insit
471 1641 625 1696 Deus
662 1643 843 1711 atque
866 1637 1289 1694 cuilibetalicui
1311 1640 1586 1693 creatura:
1608 1655 1620 1705 ;
1646 1637 1728 1691 ita
1748 1641 1815 1691 ut

155 1729 568 1787 rationabilem
600 1728 1009 1784 tantummodo
1041 1727 1131 1782 sui
1161 1725 1370 1782 notitia
1403 1725 1704 1798 gloriﬁcet,
1736 1725 1812 1780 ir-

1932 592 2045 629 non
2079 578 2143 629 ut
2171 574 2490 640 voluimus,
2523 576 2623 631 sed
2657 578 2721 629 ut
2749 574 3044 630 valuimus
3073 577 3190 642 (res
3220 574 3373 630 enim
3398 591 3578 646 quam

1928 663 2260 735 signiﬁcant
2307 662 2919 737 incomprehensibilis
2965 668 3097 731 est),
3130 662 3356 718 diutule
3399 663 3576 731 locuti

1927 769 2155 820 sumus,
2202 752 2358 807 idem
2400 751 2688 807 mirabilis
2738 757 2943 807 auctor
3001 751 3252 823 subjccit
3305 753 3570 825 (August.

1926 840 2102 913 ibid.)
2139 858 2151 896 :
2187 864 2213 890 «
2247 841 2315 895 Et
2338 858 2439 913 per
2468 857 2712 913 corpora
2740 840 2799 895 in
2832 841 2991 896 omni
3022 856 3282 912 corpore,
3315 857 3575 912 quocun-

1925 947 2038 1001 que
2068 929 2283 985 fuerint
2312 929 2591 1002 spiritalis
2615 929 2873 1002 corporis
2894 929 3045 985 oeuli
3063 928 3183 985 acie
3200 928 3571 1001 perveniente

1924 1019 2145 1074 directi.
2183 1041 2210 1068 ››
2244 1018 2346 1074 Hie
2369 1017 2455 1074 vel
2485 1035 2693 1091 parum
2727 1017 2989 1074 saeculari
3019 1017 3346 1074 litteratura
3373 1018 3566 1075 imbu-

1922 1112 2019 1163 tus
2048 1124 2217 1163 nemo
2248 1107 2480 1181 dubitat
2510 1125 2541 1162 a
2574 1107 2871 1162 communi
2904 1107 3400 1175 subaudiendum,
3433 1112 3568 1165 etut

1920 1196 2187 1251 videatur
2216 1195 2423 1268 spiritu
2446 1213 2548 1267 per
2577 1212 2821 1267 corpora
2848 1196 2907 1250 in
2938 1197 3098 1252 omni
3138 1214 3395 1271 corpore.
3430 1197 3565 1272 Opi-

1922 1285 2157 1341 nionem
2182 1285 2337 1339 enim
2370 1283 2552 1352 illam,
2570 1288 2634 1339 ut
2652 1283 2832 1339 videri
2855 1285 3040 1357 possit
3052 1286 3206 1342 Deus
3230 1286 3564 1343 carnalibus

1921 1373 2257 1441 oculis,nisi
2291 1372 2513 1445 aliquid
2549 1374 2760 1429 mentis
2792 1373 3309 1447 obtinuerint,ipse
3326 1376 3567 1433 manife-

1921 1462 2182 1518 stissime
2208 1466 2481 1518 removet.
2516 1462 2662 1529 Quid
2694 1479 2827 1518 vero
2851 1462 2910 1518 in
2940 1479 3005 1518 eo
3026 1461 3273 1520 voluerit
3316 1463 3565 1538 intelligi

1922 1552 2075 1623 quod
2109 1551 2328 1620 ait,per
2354 1568 2595 1620 corpora
2623 1553 2687 1607 in
2706 1553 2869 1607 omni
2887 1552 3565 1625 corpore,scrupulosius

1922 1639 2102 1711 quaeri
2134 1645 2350 1712 posset,
2387 1639 2499 1695 nisi
2538 1640 2803 1697 eamdem
2838 1657 2979 1708 rem,
3009 1641 3271 1698 adhibita
3309 1643 3565 1714 quadam

1921 1727 2325 1798 similitudine,
2346 1729 2794 1802 praestruxisset.
2810 1729 3068 1801 Denique
3079 1730 3566 1805 praemisit(Aug.,

156 1817 571 1918 rationabilem
602 1833 758 1883 vero,
785 1816 895 1872 hoc
927 1821 1035 1883 est,
1070 1818 1375 1926 terramet
1399 1814 1632 1881 caelum,
1666 1831 1811 1926 pia»
1842 1852 1889 1926 Β
1921 1818 1994 1874 de
2030 1818 2200 1873 Civit.
2233 1820 2367 1884 Dei,
2400 1817 2503 1872 lib.
2536 1817 2691 1885 xxu,‘
2709 1835 2837 1891 cap.
2869 1819 2960 1890 29)
2991 1835 3003 1873 :
3039 1842 3067 1869 ‹‹
3099 1818 3292 1875 Vitam
3323 1820 3563 1892 quidem

154 1925 294 1964 sens
325 1907 547 1979 ubique
579 1910 737 1962 totus
754 1905 1136 1979 gubernando
1155 1904 1472 1960 contineat.
1490 1909 1570 1958 Ac
1587 1919 1690 1975 per
1704 1902 1811 1958 hoc

156 1995 496 2053 rationabili
530 1994 719 2051 aderit
748 2012 851 2066 per
883 1994 1146 2050 notitiam
1180 1997 1237 2048 et
1268 1991 1813 2065 praesentiam,irra-

154 2085 423 2142 tionabili
451 2101 555 2157 per
584 2083 771 2139 solam
805 2082 1173 2156 praesentiam
1210 2099 1223 2136 :
1259 2100 1386 2154 quae
1416 2085 1613 2136 tamen
1643 2080 1813 2153 longe

155 2174 535 2248 praestantius
566 2189 744 2246 quam
777 2188 931 2227 nunc
964 2172 1034 2227 ad
1050 2170 1365 2226 electorum
1392 2170 1687 2225 notionem
1712 2170 1811 2225 de-

155 2265 355 2329 ducta,
376 2267 441 2318 ut
456 2266 838 2335 augmentum
875 2259 1150 2328 scientiae,
1168 2259 1248 2315 ita
1276 2259 1452 2315 etiam
1482 2258 1812 2314 incremen-

152 2358 280 2409 tum
304 2351 601 2408 felicitatis
645 2351 872 2407 factura
900 2353 1009 2406 est.
1044 2350 1190 2404 Nam
1223 2354 1279 2404 et
1314 2365 1472 2404 nunc
1503 2347 1814 2419 praesentia

154 2458 267 2497 sua
297 2441 447 2513 regit
476 2438 685 2495 ccelum
717 2443 773 2493 et
804 2443 1041 2503 terram,
1066 2437 1237 2508 cujus
1267 2435 1518 2491 veridica
1545 2452 1651 2490 vox
1682 2439 1771 2489 est
1796 2451 1808 2489 :

155 2532 386 2589 Caelum
431 2535 486 2585 et
533 2535 760 2585 terram
798 2544 908 2599 ego
947 2525 1168 2595 impleo
1199 2528 1350 2591 (Jer.
1380 2524 1562 2593 xxm).
1597 2523 1709 2578 Sed
1741 2522 1811 2577 ad

152 2618 783 2692 comprehendendum
842 2615 1337 2687 quemadmoqum
1372 2617 1531 2668 totus
1562 2612 1619 2667 in
1651 2611 1810 2678 coelo,

154 2716 321 2765 totus
374 2709 431 2762 in
482 2713 639 2763 terra
698 2707 796 2770 sit,
849 2704 1003 2759 acies
1055 2703 1269 2758 mentis
1319 2707 1528 2757 nostra:
1580 2701 1810 2772 caligat,

154 2796 425 2872 quandiu
455 2812 665 2868 corpus
675 2795 830 2867 quod
842 2795 1167 2864 corrumpi!
1177 2812 1206 2846 ιι
1216 2809 1289 2845 ra
1297 2800 1541 2864 ggravat
1554 2792 1661 2845 aui
1665 2806 1815 2845 mam

153 2894 324 2961 (Sap.
359 2890 456 2954 Ix),
488 2901 562 2940 ne
592 2890 814 2939 natura:
848 2899 966 2938 suae
997 2882 1112 2936 vim
1144 2880 1315 2935 licere
1345 2885 1514 2952 queat
1564 2896 1811 2934 exerere.

157 2976 328 3043 Quod
361 2992 495 3030 eum
526 2974 706 3029 totius
739 2970 1131 3044 corruptionis
1160 2986 1273 3024 non
1307 2967 1576 3023 molestia
1620 2968 1815 3037 modo,

156 3079 367 3119 verum
399 3063 576 3118 etiam
608 3059 943 3133 suspicione
958 3057 1129 3114 fuerit
1150 3055 1819 3128 liberatum,gloriﬁcata

159 3154 467 3220 duntaxat,
502 3167 617 3206 non
649 3153 876 3204 mutata
908 3151 1343 3219 natura(neque
1365 3145 1520 3200 enim
1554 3144 1689 3199 hinc
1711 3161 1818 3200 nos

1922 1922 2092 1961 suam
2112 1906 2331 1975 »(haud
2360 1907 2455 1962 6|
2494 1906 2742 1962 dubium
2776 1906 2919 1979 quin
2951 1906 3217 1979 spiritus)
3231 1932 3259 1959 ‹‹
3279 1925 3565 1981 quanunc

1918 1994 2058 2050 vivit
2105 1995 2165 2049 in
2217 2011 2473 2067 corpore,
2508 1999 2566 2049 et
2614 1995 2734 2050 haec
2765 1999 2994 2051 terrena
3025 1997 3289 2054 membra
3314 2003 3563 2071 vegetat,

1922 2084 2177 2155 facitque
2204 2084 2473 2152 viventia,
2506 2083 2778 2139 interiore
2798 2100 2977 2140 seusu
3002 2084 3249 2157 quisque
3298 2102 3413 2141 non
3463 2103 3568 2159 per

1922 2188 2230 2244 corporeos
2257 2171 2456 2229 oculos
2488 2171 2663 2227 novit.
2678 2171 2938 2227 Aliorum
2958 2189 3093 2229 vero
3114 2172 3282 2243 vitas,
3298 2190 3433 2229 eum
3448 2175 3568 2230 sint

1923 2260 2268 2329 invisibiles,
2301 2277 2405 2332 per
2453 2277 2665 2333 corpus
2705 2260 2883 2316 videt.
2918 2261 3066 2316 Nam
3117 2262 3272 2318 unde
3314 2262 3569 2320 viventia

1921 2349 2315 2406 discernimus
2349 2366 2383 2405 a
2413 2366 2529 2405 non
2551 2348 2879 2405 viventibus
2909 2365 3171 2422 corpora,
3186 2350 3301 2407 nisi
3325 2367 3569 2426 corpora

1925 2439 2105 2495 simul
2132 2439 2400 2510 vitasque
2431 2438 2754 2505 videamus,
2782 2454 2928 2510 quas
2960 2437 3073 2494 nisi
3103 2456 3207 2512 per
3244 2456 3456 2513 corpus
3483 2441 3567 2498 vi-

1922 2529 2055 2583 dere
2088 2544 2202 2582 non
2234 2528 2636 2599 possumus?»
2651 2526 2951 2597 Siquidem
2984 2527 3090 2582 hac
3118 2528 3246 2599 ejus
3276 2529 3573 2585 tamlueu-

1923 2617 2080 2672 lenta
2111 2614 2399 2672 sententia
2429 2614 2726 2687 colligitur
2748 2616 3026 2687 quodper
3053 2617 3570 2687 corpora,hocest,

1924 2723 2026 2778 per
2071 2703 2330 2776 corporis
2369 2702 2589 2770 oculos,
2626 2705 2689 2758 in
2734 2706 2899 2758 omni
2926 2721 3192 2774 corpore,
3226 2708 3379 2777 quod
3414 2708 3572 2763 idem

1924 2793 2331 2865 conspexerint
2359 2791 2535 2856 oculi,
2570 2791 2855 2847 videndus
2886 2792 2961 2847 sit
2988 2793 3160 2859 Deus,
3192 2812 3308 2850 non
3361 2795 3419 2849 in
3465 2812 3574 2852 sua

1926 2883 2439 2954 substantia,quod
2462 2881 2828 2954 privilegium
2863 2882 3094 2954 spiritui
3117 2886 3571 2951 reservatur,sed

1925 2976 1982 3028 in
2017 2971 2454 3028 evidentissima
2483 2971 2923 3042 gubernationis
2939 2973 3381 3042 prmsentia.Sic
3412 2975 3576 3036 enim~

1926 3080 2059 3119 cum
2090 3079 2193 3134 per
2221 3078 2432 3116 sensus
2461 3076 2767 3131 corporeos
2797 3059 2946 3116 vitas
2976 3059 3225 3116 aliorum
3247 3060 3307 3116 in
3330 3078 3571 3134 corpore

1927 3152 2244 3219 intuemur,
2274 3166 2387 3205 non
2419 3148 2568 3204 vitas
2602 3148 2925 3205 invisibiles
2963 3149 3315 3222 aspicimus;
3340 3151 3439 3207 sed
3471 3168 3569 3207 eas

160 3258 360 3299 errare
403 3239 675 3313 permisit
721 3237 820 3311 qui
876 3237 957 3293 ait
991 3254 1003 3292 :
1039 3237 1310 3308 Palpate,
1341 3243 1396 3290 et
1436 3235 1630 3290 videte
1674 3235 1818 3307 quia
1846 3216 1889 3282 Ο
1929 3246 2124 3297 tamen
2157 3239 2349 3295 inesse
2392 3237 2797 3293 vivificationis
2838 3216 3102 3310 potentia
3137 3216 3406 3295 dubitare
3456 3257 3573 3295 non

158 3331 410 3405 spiritus
437 3345 677 3385 carnem
708 3333 761 3383 et
793 3342 927 3383 orsa
957 3344 1073 3381 non
1105 3325 1469 3395 habet,sicut
1499 3341 1590 3379 me
1608 3324 1821 3380 videtis

165 3421 382 3476 habere
429 3418 585 3489 [l.uc.
635 3415 835 3487 xxtv]),
882 3419 1225 3487 tantamque
1263 3430 1395 3469 cum
1445 3412 1674 3485 spiritu,
1725 3416 1820 3467 cui

164 3524 326 3565 nunc
387 3509 692 3581 repugnat,
736 3502 1009 3560 habuerit
1066 3502 1436 3558 concordiam
1485 3506 1543 3557 et
1590 3517 1723 3556 cum
1755 3516 1821 3556 eo

165 3598 446 3670 deinceps
475 3612 580 3652 nec
608 3594 748 3651 velit
778 3609 1016 3666 peccare
1040 3609 1145 3648 nec
1166 3592 1373 3664 possit,
1397 3590 1552 3646 idem
1581 3588 1823 3662 spiritus

167 3689 288 3744 Deo
318 3704 426 3743 suo
457 3691 598 3741 tunc
627 3698 760 3740 vere
790 3681 1149 3749 inhzerendo,
1181 3697 1365 3736 unum
1399 3696 1534 3735 cum
1581 3696 1647 3735 eo
1688 3678 1823 3734 eil’e-

167 3782 321 3844 ctus,
338 3773 556 3831 intueri
577 3771 898 3829 merebitur
909 3770 1296 3826 habitatorem
1312 3768 1402 3824 sui
1420 3767 1825 3839 similiumque

169 3869 599 3931 creaturarum,
651 3864 993 3917 caaterarum
1045 3875 1178 3914 vero
1228 3861 1531 3913 rectorem.
1568 3858 1693 3912 llaec
1740 3860 1827 3912 est

167 3956 340 4022 visio,
366 3954 427 4009 in
460 3970 578 4026 qua
607 3950 831 4009 scilicet
861 3948 1155 4006 constabit
1183 3951 1240 4003 et
1270 3946 1741 4003 securafecilitas
1770 3950 1829 4001 et

169 4045 311 4102 felix
346 4043 670 4111 securitas,
717 4040 811 4097 cui
867 4038 1127 4095 videndae
1168 4035 1368 4093 oculos
1399 4054 1513 4092 non
1546 4036 1825 4107 corporis,

172 4134 279 4190 sed
327 4132 542 4197 cordis,
582 4130 692 4186 hoc
736 4133 824 4185 est
865 4126 1103 4194 mentis,
1138 4127 1240 4181 (ιο
1293 4123 1568 4180 mandari
1616 4123 1831 4180 veritas

172 4222 441 4298 praecipit
472 4238 486 4277 :
514 4219 702 4290 Beati,
736 4217 951 4289 inquit,
971 4215 1184 4272 mundo
1215 4214 1701 4286 corde,quoniam
1715 4214 1833 4283 ipsi

175 4318 368 4369 Deum
398 4310 669 4367 videbunt
702 4306 922 4380 (Matth.
946 4304 1023 4377 v).
1054 4302 1405 4375 Hujusmodi
1432 4319 1565 4358 vero
1588 4302 1833 4357 munda-

174 4402 405 4457 tioncm
438 4399 583 4454 ﬁdes
611 4397 708 4454 hie
736 4395 990 4463 inchoat,
1007 4392 1125 4448 illic
1148 4392 1404 4448 charitas
1435 4394 1831 4448 consummat.

173 4492 325 4548 Nam
374 4505 492 4561 quo
508 4503 696 4560 usque
725 4485 968 4542 allectus
1000 4486 1200 4539 noster
1236 4481 1426 4537 dicere
1448 4481 1563 4537 Deo
1610 4480 1832 4553 possit:

1926 3345 2265 3402 possumus,
2300 3327 2413 3382 Nec
2446 3326 2824 3382 sustinebunt
2853 3326 3178 3398 quidquam
3209 3327 3578 3385 contumelia

1929 3416 2102 3484 oculi,
2135 3416 2184 3471 si
2216 3413 2427 3487 spiritu
2463 3415 2642 3469 Deum
2673 3412 2894 3485 ubique
2926 3417 3272 3485 praesentem
3314 3430 3577 3487 compre-

1930 3506 2239 3571 hendente,
2265 3502 2347 3559 illi
2374 3520 2509 3559 eum
2540 3502 2951 3558 tantummodo
2978 3502 3037 3557 in
3070 3502 3444 3575 corporibun,
3462 3520 3579 3576 quo

1918 3594 2245 3657 .direxerint
2276 3592 2481 3663 aciem,
2502 3592 3000 3664 quemadmodum
3034 3592 3306 3664 superius
3330 3591 3581 3661 ostendi,

1932 3686 2205 3757 poterunt
2219 3681 2426 3737 intueri
2444 3698 2459 3750 ;
2474 3681 2626 3736 sicut
2642 3697 2831 3752 neque
2857 3697 3014 3737 nunc
3028 3681 3332 3753 patiuntur
3361 3680 3585 3754 aliquid

1930 3770 2436 3845 ignominiaa,cum
2460 3785 2638 3825 sensu
2662 3768 2894 3824 aurium
2914 3768 3328 3827 dulcissimum
3342 3767 3588 3842 quemli-

1932 3860 2029 3914 bet
2057 3874 2269 3915 sonum
2296 3857 2580 3930 capiente,
2601 3856 2713 3929 ipsi
2744 3857 2901 3912 intra
2926 3861 3113 3913 metas
3145 3857 3364 3930 proprii
3383 3872 3588 3913 mune-

1936 3948 2016 4004 ris
2058 3947 2422 4003 cohibentur.
2466 3945 2570 4000 Hie
2613 3962 2648 4000 a
2696 3962 2788 4000 me
2840 3949 3205 4002 monstratus
3252 3943 3584 4002 intellectus

1936 4034 2176 4108 capituli
2207 4035 2481 4090 omnibus
2512 4039 2568 4089 te
2598 4050 2746 4105 quas
2780 4033 3139 4105 proposuisti
3189 4035 3584 4105 quaestionum

1938 4123 2227 4197 angustiis
2267 4120 2577 4188 liberabit;
2612 4120 2764 4176 inter
2812 4138 2938 4192 quae
2994 4120 3169 4177 etiam
3217 4120 3403 4177 oculis
3438 4120 3585 4177 nihil

1939 4211 2130 4270 simile
2170 4209 2384 4266 mentis
2424 4208 2781 4265 habentibus
2821 4209 2881 4263 in
2931 4208 3136 4281 quovis
3187 4226 3445 4283 corpore,
3478 4225 3586 4266 nec

1940 4301 2192 4376 proprie,
2225 4315 2331 4354 nec
2363 4298 2630 4371 figurate,
2650 4302 2831 4353 Deum
2848 4296 2966 4353 fore
2989 4298 3371 4372 consplcuum
3400 4298 3588 4356 decla-

1942 4391 2114 4447 rabit.
2142 4389 2407 4460 Namque
2436 4386 2852 4458 proprietatem
2885 4386 3014 4457 ejus
3047 4387 3378 4460 cognitione
3420 4386 3590 4460 spiri-

1941 4485 2039 4536 tus
2062 4478 2175 4535 sibi
2206 4476 2462 4550 dignitas
2484 4474 2823 4531 vindicabit.
2858 4474 3020 4538 Quod
3050 4479 3247 4530 autem
3301 4480 3421 4531 tam
3471 4474 3590 4531 evi-

174 4578 504 4652 Quidmihi
518 4576 672 4633 estin
692 4572 1200 4646 calo,elatequid
1220 4573 1379 4627 volui
1394 4587 1569 4643 super
1582 4572 1840 4626 terram?
1868 4588 1915 4653 D
1945 4571 2148 4626 denter
2178 4570 2479 4622 creaturas
2510 4581 2650 4620 suas
2682 4562 2878 4653 divina
2905 4567 3066 4637 reget
3115 4563 3394 4635 majestas
3425 4567 3491 4618 ut
3519 4579 3593 4618 ne

177 4670 356 4739 (Psal.
394 4666 591 4738 nmo.)
620 4665 731 4720 hoc
763 4667 872 4729 est,
908 4659 1171 4736 quandiu
1210 4660 1267 4714 in
1303 4658 1555 4715 caelestis
1586 4658 1839 4730 alicujus

174 4762 465 4814 creatura:
501 4753 763 4828 potentia
791 4751 880 4808 vel
921 4749 1273 4808 excellentiae
1306 4747 1835 4804 mundanasillece-

178 4848 305 4916 bra,
335 4850 399 4902 et
449 4861 565 4901 non
614 4844 675 4899 in
723 4843 862 4909 Deo,
895 4858 929 4896 a
958 4856 1074 4912 quo
1125 4855 1335 4894 sumus
1384 4837 1625 4906 conditi,
1672 4853 1837 4908 spem

179 4941 396 4993 nostrae
427 4931 810 4990 beatitudinis
842 4928 1206 5002 reponimus,
1237 4943 1508 5001 grassum
1535 4925 1844 4999 glaucoma

179 5024 402 5083 nostris
432 5023 761 5079 obductum
796 5017 987 5075 oculis
1011 5017 1521 5090 patimur.Atcum
1536 5014 1847 5070 salubriter

180 5133 248 5171 ea
301 5113 546 5169 sordere
599 5109 879 5184 eruperint
927 5125 1054 5181 quae
1086 5105 1249 5178 prius
1282 5105 1547 5184 animum
1580 5108 1846 5159 nostrum

180 5201 512 5276 perniciose
548 5204 652 5256 aut
688 5180 1008 5255 eludebant
1059 5193 1404 5267 opinionum
1456 5180 1710 5248 falsitate
1750 5197 1851 5249 aut

181 5291 561 5348 oblectabant
580 5287 772 5345 fallaci
795 5286 1084 5342 suavitate
1106 5281 1389 5357 paulatim
1415 5282 1516 5338 Dei
1539 5280 1850 5338 clementia

182 5381 496 5438 fatiscente
545 5376 814 5450 caligine,
865 5378 1064 5430 noster
1106 5372 1269 5429 visus
1325 5376 1730 5442 recuperatur,
1780 5389 1847 5427 ac

182 5471 518 5527 divinorum
549 5470 969 5540 praceptorum
996 5463 1056 5518 in
1088 5463 1213 5518 dies
1245 5460 1548 5517 exacuitur
1588 5459 1843 5530 collyrio,

182 5562 368 5616 donec
402 5555 671 5630 deposita
700 5551 1076 5610 mortalitatis
1118 5548 1371 5615 sarcina,
1408 5549 1479 5602 ad
1528 5547 1844 5604 videndum

183 5666 339 5723 eum,
360 5647 423 5707 in
448 5660 629 5723 quem
658 5647 780 5703 tota
808 5643 1002 5702 fuerat
1032 5637 1317 5703 translata
1347 5636 1615 5709 intentio,
1630 5637 1843 5713 perdu-

1949 4657 2148 4716 oculos
2180 4655 2416 4729 quidem
2440 4670 2746 4726 corporeos
2767 4651 2947 4709 latere
2970 4651 3173 4725 possit,
3197 4650 3343 4708 nihil
3366 4656 3596 4725 praster-

1945 4764 2121 4821 quam
2154 4745 2311 4817 quod
2342 4744 2564 4816 geritur
2594 4742 2924 4816 significare
2938 4742 3038 4799 62
3053 4741 3245 4798 omnis
3273 4739 3374 4813 qui
3403 4739 3595 4796 sobrie

1948 4837 2102 4909 sapit
2130 4833 2295 4891 facile
2322 4830 2584 4888 advertil.
2616 4831 2700 4886 Ad
2734 4830 2888 4886 hunc
2918 4830 3073 4887 enim
3103 4830 3319 4886 exitum
3344 4828 3596 4884 circum-

1958 4925 2198 4990 stantia,
2229 4922 2355 4978 sine
2386 4918 2827 4992 superstitionis
2852 4918 3171 4992 pervicacia
3207 4916 3595 4983 considerata,

1952 5012 2685 5081 cautuminstructumque
2733 5007 3008 5064 lectorem
3055 5007 3401 5079 perducunt.
3435 5003 3599 5071 Quod

1957 5104 2099 5160 adeo
2131 5100 2278 5156 mihi
2308 5102 2538 5155 constat
2564 5100 2629 5152 ut
2659 5096 2836 5152 etiam
2868 5095 3275 5152 beatissimum
3325 5092 3603 5167 Augusti-

1959 5209 2125 5257 num,
2178 5190 2227 5245 si
2276 5186 2662 5252 revivisceret,
2715 5184 2886 5240 aliter
2933 5200 3296 5257 quemquam
3346 5181 3604 5239 sensisse

1958 5280 2190 5338 credam
2224 5293 2340 5333 non
2372 5274 2739 5331 mediocriter
2768 5273 3067 5328 miratum.
3097 5271 3342 5328 Proinde
3374 5284 3607 5342 semper

1958 5368 2231 5426 solveudo
2263 5368 2319 5421 et
2335 5379 2639 5435 nunquam
2654 5360 3041 5434 persolvendo
3060 5359 3365 5416 cbaritatis
3388 5357 3604 5425 debito,

1957 5464 2031 5525 te,
2065 5452 2435 5527 suspiciende
2464 5453 2660 5520 frater,
2678 5450 2952 5506 exhortor
2974 5453 3040 5504 ut
3055 5465 3433 5521 nequaquam
3452 5446 3608 5503 ultra

1954 5548 2017 5602 in
2048 5543 2268 5601 talibus
2302 5546 2470 5597 tuum
2512 5539 2816 5612 ingenium
2859 5542 3127 5595 conteras
3156 5555 3170 5594 :
3205 5555 3278 5594 ne
3319 5536 3414 5595 his
3451 5536 3609 5594 ultra

1954 5651 2132 5712 quam
2163 5634 2391 5708 oportet
2419 5632 2757 5705 occupatus,
2775 5628 2847 5686 ad
2870 5626 3105 5687 utiliora
3120 5626 3464 5707 vestiganda
3484 5624 3603 5689 sive
