3856 6200
202 372 326 435 497

1709 377 2144 445 ΕΡῙΞΤΟῙΛΕ.

3502 384 3627 450 498

206 516 293 585 (α)
309 508 596 583 quidquid
618 508 882 567 muneris
904 510 1178 585 consequi
1202 511 1365 586 potui
1387 529 1485 586 per
1499 530 1599 570 vos
1613 514 1860 571 offcren-
1890 516 1947 582 Α
1977 515 2413 573 admonendum
2445 519 2554 589 est,
2588 534 2660 575 ne
2691 518 2857 589 forte,
2891 520 3046 594 quod
3070 518 3241 592 absit,
3276 537 3455 596 quam
3486 522 3629 579 inte-

206 600 349 657 dum
364 599 570 654 direxi:
585 600 737 672 quod
753 603 985 674 gratum
1009 600 1080 669 ei,
1101 601 1411 657 sicutmihi
1435 602 1703 675 expedire
1716 603 1865 658 vide-

203 689 304 757 tis,
320 706 516 763 qumso
536 690 569 744 d
581 689 861 762 ignamini
877 690 1225 745 facere.1deo
1238 695 1433 747 autem
1449 692 1562 746 dixi
1577 691 1663 747 illi
1677 710 1770 749 me
1783 696 1866 748 to-

201 782 334 834 tum
363 779 517 851 quod
540 778 802 834 invenire
821 777 1135 834 voluissem
1158 779 1410 835 fideliter
1440 780 1673 836 misisse
1706 782 1862 853 quod

200 873 441 941 propter
470 868 600 939 ejus
632 868 904 939 frequens
925 868 1246 936 servitium,
1281 870 1433 940 quod
1468 870 1632 942 prius
1663 888 1697 926 a
1727 889 1867 944 prte-

199 957 537 1013 cessoribus
589 956 736 1012 meis
785 972 899 1011 non
952 956 1309 1029 exigebatur,
1344 962 1401 1013 et
1439 962 1676 1031 propter
1706 958 1864 1016 cella:

197 1051 413 1103 nostra;
442 1045 927 1112 subtractionem,
971 1050 1028 1100 et
1062 1046 1340 1101 frumenti
1374 1051 1509 1103 ante
1540 1047 1864 1104 inauditam

199 1134 539 1209 penuriam,
573 1133 771 1189 omnia
791 1134 917 1205 jam
950 1134 1235 1190 exhausta
1267 1139 1425 1203 sunt,
1457 1136 1539 1191 ita
1569 1140 1633 1191 ut
1661 1137 1866 1210 empti-

199 1225 286 1282 tio
318 1225 616 1280 frumento
648 1224 856 1279 fratres
878 1224 1005 1295 jam
1040 1240 1240 1280 mense
1272 1223 1499 1297 integro
1531 1229 1867 1282 sustentem-

199 1318 322 1379 tur,
356 1314 561 1370 eodem
595 1315 757 1367 tanta
787 1311 1115 1384 prolixitate
1137 1329 1324 1385 usque
1352 1313 1425 1369 ad
1456 1331 1636 1369 novas
1666 1315 1864 1388 fruges

199 1402 413 1460 victuri
440 1421 453 1470 ;
486 1418 593 1457 nec
615 1402 970 1457 suffecerunt
991 1419 1119 1474 quae
1142 1402 1213 1456 ad
1237 1419 1580 1459 communes
1602 1421 1747 1460 usus
1768 1421 1869 1476 pa:

197 1497 332 1550 rata
382 1492 649 1557 fuerant;
701 1491 803 1546 sed
838 1494 1081 1564 urgente
1135 1490 1454 1547 inevitabili
1498 1492 1865 1549 necessitate,

199 1580 567 1656 paucissima
592 1596 732 1635 vasa
776 1583 834 1634 et
864 1583 1071 1635 caetera
1101 1584 1442 1636 ornamenta
1475 1580 1729 1637 ecclesiae
1761 1598 1864 1637 no-

197 1674 362 1735 stris,
385 1665 720 1723 dolentibus
733 1666 1031 1737 omnibus,
1048 1666 1457 1722 distrahuntur
1495 1670 1627 1733 Quae
1646 1686 1736 1725 res
1750 1687 1865 1742 quo

196 1757 509 1823 redundet,
534 1761 591 1811 et
619 1760 904 1828 quantum
943 1756 1237 1828 publicam
1271 1757 1719 1829 prosperitatem
1753 1759 1861 1814 im-

194 1848 401 1921 pedire
431 1845 638 1919 possit,
671 1861 777 1900 nec
808 1845 1109 1900 admonita
1129 1850 1321 1901 vestra
1351 1845 1504 1901 videt
1527 1848 1857 1919 prudentia.

194 1936 450 1993 Proinde
479 1939 732 1990 vestram
764 1934 1008 2007 supplex
1035 1933 1282 2007 imploro
1329 1935 1601 2007 pietatem
1640 1941 1705 1991 ut
1735 1938 1856 2010 regi

194 2043 365 2083 meas
396 2029 454 2080 et
482 2024 728 2080 fratrum
762 2023 1159 2093 necessitates,
1191 2024 1309 2080 imo
1333 2025 1460 2096 jam
1492 2042 1658 2081 veras
1690 2026 1860 2082 mise-

192 2116 319 2171 rias
349 2113 647 2187 aperiatis,
668 2117 1050 2185 suggerentes
1073 2117 1137 2168 ut
1157 2114 1311 2185 quod
1345 2131 1450 2169 suo
1481 2114 1735 2170 maxime
1758 2132 1856 2188 pe-

192 2203 386 2261 riculo
415 2202 476 2258 in
524 2203 761 2258 beatum
795 2202 1029 2257 Petrum
1061 2206 1117 2258 et
1146 2219 1252 2259 nos
1303 2202 1454 2271 fecit,
1488 2203 1601 2258 voti
1634 2220 1859 2260 memor

198 2294 359 2367 quod
378 2309 441 2349 se
464 2293 540 2365 (ὁ)
558 2292 666 2347 hoc
688 2308 840 2346 anno
852 2290 1149 2365 obligavit,
1172 2292 1406 2347 tandem
1426 2291 1859 2364 aliquandoim-

198 2386 435 2440 mutare
465 2380 757 2454 dignetur,
791 2384 855 2436 ut
886 2386 942 2435 et
988 2380 1312 2453 principem
1357 2380 1755 2454 apostolorum
1796 2382 1854 2437 in

197 2472 331 2531 suis
362 2471 539 2527 rebus
570 2469 765 2525 dubiis
796 2470 865 2525 ad
865 2471 1145 2541 jutorem,
1169 2475 1226 2526 et
1248 2487 1353 2526 nos
1374 2487 1577 2526 omnes
1597 2487 1664 2526 ex
1685 2472 1858 2527 corde

198 2562 392 2636 possit
420 2560 634 2615 habere
683 2557 1121 2614 intercessores.
1155 2559 1353 2631 Neque
1382 2559 1541 2614 enim
1592 2562 1856 2616 contem-

196 2667 340 2707 nere
372 2650 542 2704 debet
574 2647 863 2704 orationes
896 2664 1194 2703 servorum
1216 2646 1469 2715 Domini,
1493 2664 1625 2703 cum
1648 2649 1717 2704 de
1739 2666 1855 2705 uno

194 2739 463 2814 quolibet
483 2738 648 2809 justo
674 2736 928 2793 dicitur:
965 2738 1201 2794 Multum
1232 2738 1369 2792 valet
1396 2737 1699 2809 deprecatio
1724 2738 1859 2803 iusti

192 2828 428 2885 assidua
452 2828 586 2897 (Jac.
620 2830 695 2894 v);
730 2830 785 2881 et
833 2826 901 2881 de
934 2825 1201 2898 pluribus
1249 2826 1480 2882 Domini
1532 2826 1855 2882 cultoribus

193 2935 367 2975 sacer
397 2917 629 2971 insonet
652 2914 952 2988 psalmus:
982 2916 1319 2971 Voluntatem
1351 2917 1666 2971 timentium
1694 2932 1751 2971 se
1770 2919 1854 2979 fa-

192 3011 323 3074 ciet,
369 3014 424 3063 et
462 3005 891 3077 deprecationem
930 3021 1118 3060 eorum
1163 3004 1422 3060 exaudiet
1446 3005 1614 3075 (Psal.
1648 3008 1853 3074 CXLIV).

195 3098 317 3154 Nec
351 3096 423 3151 de
456 3094 637 3151 nostri
662 3093 1085 3149 instauratione
1106 3094 1351 3149 ccenobii
1383 3098 1633 3159 tantum,
1654 3110 1855 3150 verum

195 3185 381 3244 etiam
414 3185 485 3240 de
532 3182 712 3239 totius
766 3181 1031 3238 Ecclesize
1060 3183 1161 3238 (ιο
1190 3186 1347 3238 statu
1398 3181 1645 3238 sollicite
1693 3182 1858 3239 vobis

278 3309 359 3436 Sa)
389 3306 674 3381 Quidquid
702 3308 966 3362 muneris.
999 3307 1061 3362 In
1094 3322 1271 3380 regno
1304 3307 1658 3364 Francorum
1710 3324 1855 3363 non-

278 3381 373 3436 ila
418 3396 519 3436 ner
563 3396 663 3435 eas
694 3382 1068 3436 tempestates
1106 3382 1272 3433 erant
1326 3378 1682 3434 monasteria
1728 3396 1855 3436 quas

200 3378 373 3438 nulla
412 3378 519 3451 per
552 3378 663 3435 'eas
694 3382 1069 3451 tempestates
1106 3378 1272 3451 erant
1326 3378 1682 3434 monasteria
1728 3396 1856 3450 qua;

201 3452 337 3525 regi
362 3449 652 3525 debebant
680 3449 834 3525 dona
862 3449 1241 3525 et__mil_itiam,
1277 3454 1527 3525 utpatet
1565 3449 1857 3525 ex___veteri

204 3519 430 3581 thitia
457 3539 491 3577 a
520 3521 829 3576 Sirmondo
857 3520 1014 3576 edita
1046 3521 1105 3575 in
1134 3524 1293 3575 tomo
1343 3519 1419 3576 IlI
1467 3519 1856 3577 Conciliorum

204 3595 434 3661 Galliae,
457 3610 591 3666 qua:
623 3593 754 3648 dein
782 3608 986 3666 recusa
1014 3596 1104 3666 est
1133 3609 1167 3647 a
1197 3591 1545 3666 Duchesnio.
1592 3592 1856 3666 Idipgsum

204 3668 381 3724 docet
394 3663 571 3721 etiam
588 3668 790 3719 auctor
804 3663 1062 3719 ineditus
1077 3664 1394 3718 Annalium
1414 3663 1858 3729 Anianensium,

203 3738 305 3795 his
332 3735 562 3793 verbis:
607 3735 785 3807 Erant
832 3735 1007 3791 etiam
1065 3735 1331 3807 quaedam
1389 3736 1857 3807 monasteriaex

204 3810 316 3878 eis,
352 3824 594 3863 munera
642 3805 1033 3877 militiamque
1082 3805 1506 3878 exercentes.»
1533 3806 1721 3878 Inhis
1751 3806 1862 3861 fuit

208 3876 601 3950 Ferrariense,
626 3882 691 3933 ut
719 3876 1007 3950 discimus
1022 3894 1089 3933 ex
1111 3878 1313 3933 eadem
1336 3877 1571 3950 Notitia,
1604 3876 1862 3950 itemque

207 3970 280 4030 ex
298 3948 565 4024 epistolis
586 3949 756 4030 _Lupi.
780 3948 901 4030 Quo
923 3949 1116 4030 fiebat,
1141 3950 1450 4030 opinor,_ut
1464 3948 1714 4030 singulis
1737 3948 1864 4030 qiui-

206 4019 634 4095 busqueannis
652 4019 1143 4095 incumberetillis
1165 4019 1533 4095 monasteriis
1544 4019 1862 4095 necessitas

207 4090 492 4151 efferendi
524 4109 772 4148 munera
801 4091 1074 4163 principi,
1096 4091 1355 4162 itemque
1378 4091 1434 4163 in
1458 4090 1863 4163 occasionibus

208 4166 545 4239 ingentium
569 4162 932 4235 sumptuum.
968 4162 1208 4239 Afflictis
1240 4179 1375 4239 ergo
1399 4162 1708 4239 Garol_i__rcs
1732 4179 1864 4217 con-

210 4232 384 4293 sueta
415 4253 659 4316 munera
686 4232 1003 4316 exegerunt
1034 4252 1067 4288 a
1098 4235 1288 4316 Lupo,
1311 4232 1525 4288 Praeter
1554 4232 1654 4316 illa
1692 4250 1864 4316 porro

210 4307 574 4364 monasteria
604 4323 735 4378 qua;
763 4304 881 4378 regi
929 4306 1081 4361 dona
1108 4304 1509 4378 militiamque
1555 4304 1863 4371 debebant,

211 4383 386 4437 erant
415 4376 658 4450 insuper
688 4376 802 4433 alia
821 4376 948 4449 quas
971 4377 1322 4450 tenebantur
1349 4376 1420 4430 ad
1454 4376 1607 4430 dona
1636 4379 1867 4450 tantum

213 4451 347 4509 sine
368 4447 594 4504 militia.
615 4447 862 4504 Domum
876 4447 1162 4519 nonnulla
1181 4451 1346 4503 erant
1366 4464 1491 4519 quos
1516 4469 1543 4496 ‹‹
1568 4464 1671 4519 nec
1692 4448 1865 4512 dona,

215 4540 326 4579 nec
360 4520 654 4587 militiam,
680 4520 779 4576 sed
804 4518 959 4575 solas
978 4518 1268 4574 orationes
1289 4517 1400 4589 pro
1414 4518 1602 4573 salute
1623 4517 1869 4589 impera-

215 4593 366 4650 toris
394 4592 479 4647 vel
516 4591 769 4647 filiorum
801 4591 928 4662 ejus
978 4607 1041 4644 ac
1074 4588 1386 4646 stabilitate
1434 4588 1660 4662 imperii
1692 4588 1867 4662 dene-

215 4666 386 4721 bant.
414 4687 441 4711 »
474 4663 535 4718 In
566 4662 680 4728 his,
712 4660 921 4734 praeter
948 4678 1015 4734 ea
1073 4678 1199 4734 qua:
1249 4660 1781 4734 commemorantur
1811 4660 1871 4714 in

216 4735 440 4793 Notitia
476 4734 647 4806 paulo
678 4731 955 4806 superius
965 4731 1220 4806 laudata,
1242 4733 1352 4806 fuit
1368 4732 1544 4787 etiam
1563 4731 1872 4788 Tutelense

216 4809 279 4863 in
316 4803 842 4869 Lemovicibus—ut
883 4804 1059 4859 fidem
1090 4803 1229 4859 facit
1258 4804 1315 4857 in
1364 4808 1713 4859 testamento
1764 4819 1871 4858 suo

216 4879 568 4943 Ademarus,
597 4876 919 4931 vicecomes
938 4874 1240 4930 Scalarum
1262 4880 1317 4929 et
1339 4875 1522 4930 abbas
1546 4873 1732 4929 laicus
1755 4890 1873 4929 mo-

220 4948 464 5007 nasterii
491 4946 841 5004 Tutelensis.
879 4969 906 4996 ‹‹
936 4946 1085 5001 Sunt
1115 4951 1308 5001 autem
1332 4945 1624 5009 monachi,
1658 4944 1871 5016 inquit,

218 5021 280 5077 in
304 5020 642 5076 munburdo
661 5019 814 5091 regis
835 5017 1119 5091 adlocum
1135 5016 1362 5091 salvum
1382 5017 1731 5091 faciendum,
1757 5033 1872 5091 non

220 5093 293 5148 ad
326 5090 549 5163 aliquid
577 5087 1063 5163 persolvendum,
1088 5088 1202 5163 nisi
1228 5088 1382 5163 solas
1402 5087 1715 5163 orationes.
1746 5110 1772 5163 ὴ
1794 5087 1874 5141 De

221 5158 547 5221 Sarlaténsi
570 5158 631 5216 in
664 5159 1007 5217 Petrocoriis
1036 5161 1211 5215 ﬁdem
1244 5159 1382 5215 facit
1403 5159 1494 5214 his
1524 5158 1716 5214 verbis
1748 5162 1877 5213 Ber-

223 5236 467 5302 nardus,
500 5249 695 5288 comes
746 5232 1229 5295 Petrocoriorum,
1270 5231 1371 5303 qui
1425 5230 1532 5286 sub
1587 5229 1877 5285 Ludovico

222 5303 648 5362 Transmarino
681 5303 895 5368 floruit,
929 5307 1240 5375 postquam
1272 5303 1665 5375 praefatusgest
1694 5317 1756 5356 se
1786 5316 1875 5375 re-

226 5383 492 5434 staurare
541 5375 685 5431 velle
735 5372 1153 5430 monasterium
1188 5372 1367 5428 illud:
1423 5397 1448 5422 ‹‹
1484 5372 1667 5444 Igitur
1708 5372 1877 5444 trado

270 5448 537 5503 rzefatum
562 5446 756 5501 locum
777 5447 992 5501 domno
1015 5444 1200 5501 Odoni
1221 5450 1276 5499 et
1306 5442 1757 5498 domnoﬁAdacio
1780 5443 1880 5497 ab-

270 5467 537 5503 Relatum
564 5467 756 5501 IOCUID
777 5467 992 5501 (ΙΟΙΠΠΟ
1015 5467 1200 5501 υαοῐιι
1221 5467 1276 5499 ει
1306 5467 1519 5498 [ιυωιιυ
1545 5467 1757 5498 Λιιιιυιυ
1780 5467 1880 5497 uu-

226 5467 463 5576 Batibus
479 5522 538 5598 et
558 5516 862 5598 monachis
882 5533 1033 5598 quos
1044 5515 1243 5598 .ibiyel.
1268 5513 1615 5569 adduxerint
1634 5513 1719 5568 vel
1743 5530 1881 5568 con-

230 5589 620 5665 gregaverint,
653 5593 719 5643 ut
748 5585 1013 5643 videlicet
1041 5585 1155 5659 ipsi
1196 5590 1253 5665 et
1282 5601 1647 5665 successores
1662 5601 1879 5665 ‘eorum

232 5654 364 5718 ἷειῐῖ
370 5660 703 5717 coenobium
723 5676 900 5731 quam
914 5654 1458 5731 omnémgabbatiam
1478 5656 1604 5711 sine
1621 5654 1739 5710 ulla
1750 5672 1884 5710 con-

231 5733 583 5790 tradictione
602 5726 857 5797 teneant,
884 5734 949 5786 ut
968 5734 1100 5803 post
1129 5727 1363 5784 illorum
1386 5726 1714 5782 discessum
1739 5743 1882 5796 qua-

1902 4635 1948 4699 D
1978 4601 2146 4734 agt;

1974 621 2140 678 gram
2180 606 2423 679 accepit.
2474 607 2720 664 scissam
2780 608 2951 666 nobis
3001 609 3296 679 ﬂentibus,
3356 610 3627 669 hostibus

1974 698 2168 750 autem
2201 696 2329 766 ejus
2360 701 2476 752 tam
2506 696 2751 754 occultis
2783 716 2961 772 quam
2985 701 3313 757 manifestis
3334 701 3629 758 irridenti-

1975 782 2106 851 bus,
2141 784 2469 857 relinquere
2491 786 2897 860 compellatur.
2923 788 3158 846 Utinam
3190 790 3241 845 ei
3266 808 3379 846 non
3402 791 3630 847 contin-

1974 877 2074 945 gat
2104 874 2259 945 quod
2288 874 2443 930 Deus
2475 876 2600 931 suis
2646 877 3145 949 contemptoribus
3197 879 3625 936 comminatur:

1973 961 2102 1018 Sola
2132 966 2345 1019 vexatio
2392 966 2723 1021 intellectum
2770 965 2925 1022 dabit
2968 967 3187 1023 auditui
3231 969 3359 1040 (lea.
3407 969 3626 1041 xxvm.)

1975 1051 2090 1107 Nec
2122 1052 2453 1124 experiatur
2481 1055 2635 1125 quod
2663 1055 2747 1110 ait
2773 1055 3085 1126 Apostolus
3110 1074 3123 1112 :
3156 1059 3509 1114 Horrendum
3550 1067 3631 1116 est

1975 1141 2214 1197 incidere
2262 1143 2323 1196 in
2367 1158 2564 1198 manus
2610 1145 2711 1199 Dei
2755 1146 2983 1200 viventis
3028 1146 3206 1217 (Hebr.
3233 1146 3311 1218 x).
3361 1148 3424 1203 In
3455 1164 3626 1220 expe-

1975 1228 2194 1286 ditione
2222 1229 2572 1303 Aquitanica
2600 1231 2764 1298 olim,
2811 1237 2877 1288 ut
2907 1234 3112 1303 nostis,
3147 1236 3345 1292 omnia
3375 1236 3622 1309 perdidi.

1977 1318 2356 1392 (c)Superiore
2370 1337 2522 1376 anno
2536 1320 2757 1376 missus
2770 1321 3461 1395 inBurgundiam,decem
3475 1342 3625 1398 quos

1977 1407 2168 1463 amisi.
2193 1408 2359 1464 Nunc
2378 1426 2485 1465 nos
2506 1426 2683 1481 quam
2706 1410 3026 1483 significavi
3045 1412 3259 1484 premit
3277 1413 3493 1486 inopia.
3518 1414 3626 1470 Cu-

1976 1496 2071 1569 pio
2093 1497 2291 1563 etiam,
2316 1496 2365 1553 si
2386 1498 2501 1554 Deo
2525 1497 2734 1571 placet,
2758 1500 2911 1572 quod
2934 1500 3111 1556 didici
3134 1505 3191 1557 et
3211 1518 3442 1574 semper
3462 1503 3625 1560 disco

1977 1585 2199 1641 docere.
2257 1586 2412 1650 Quas
2464 1604 2555 1643 res
2588 1590 2819 1660 (praeter
2861 1587 3153 1658 ultimam,
3187 1607 3254 1646 ea
3284 1590 3440 1646 enim
3469 1592 3627 1648 velut

1975 1674 2139 1747 Reip.
2170 1674 2398 1731 inutilis
2424 1676 2814 1747 judicaretur,
2842 1694 2967 1749 quae
2998 1695 3127 1734 meo
3149 1679 3375 1749 judicio
3398 1684 3625 1737 eastern-

1973 1781 2104 1819 rum
2136 1768 2225 1820 est
2254 1765 2642 1839 gravissima),
2677 1766 2726 1821 si
2761 1783 2854 1822 me
2886 1784 3123 1823 evocare
3152 1768 3397 1825 voluerit
3426 1770 3496 1825 ad
3528 1787 3620 1826 co-

1972 1852 2268 1923 mitatum,
2300 1853 2442 1927 regi,
2469 1871 2687 1927 quasso,
2711 1856 3026 1927 suggerite,
3051 1857 3329 1928 quoniam
3352 1858 3463 1915 nisi
3486 1876 3622 1932 spo-

1968 1940 2104 1997 liem
2126 1942 2364 2014 aliquod
2386 1942 2588 2011 altare,
2614 1947 2715 1999 aut
2735 1945 2944 2000 fratres
2974 1945 3329 2018 importabili
3361 1947 3617 2021 affligam

1967 2030 2183 2097 inedia,
2202 2048 2318 2086 non
2335 2030 2520 2087 habeo
2541 2033 2697 2087 unde
2718 2036 2846 2088 oc’to
2870 2032 2995 2089 dies
3016 2034 3076 2089 in
3098 2035 3226 2107 ejus
3247 2037 3470 2107 possim
3490 2053 3619 2092 ver-

1967 2118 2084 2175 sari
2133 2119 2365 2175 servitio
2414 2120 2596 2176 donec
2645 2138 2803 2177 nova:
2833 2122 3031 2195 fruges
3078 2127 3335 2195 optatam
3368 2126 3621 2181 referant

1966 2206 2324 2264 facultatem.
2347 2207 2471 2264 Nisi
2492 2212 2688 2264 autem
2711 2211 2931 2282 absque
2952 2211 3210 2283 periculo
3229 2214 3488 2284 possitis,
3515 2213 3620 2269 mi-

1966 2296 2226 2352 litarium
2246 2297 2551 2354 hominum
2576 2302 2911 2355 nostrorum
2936 2299 3068 2356 nolo
3089 2317 3190 2357 vos
3214 2301 3394 2357 otium
3422 2303 3622 2375 depre-

1967 2385 2106 2456 cari,
2140 2403 2479 2459 quanquam
2511 2391 2570 2443 et
2597 2387 2713 2443 illis
2735 2404 2913 2461 quam
2946 2388 3021 2444 sit
3051 2390 3448 2447 necessarium
3470 2391 3621 2448 ultro

1966 2475 2336 2549 cognoscitis.
2355 2476 2430 2549 (Δ)
2446 2476 2977 2549 Congratulationis
2992 2478 3059 2534 ch
3068 2478 3401 2549 artulam,si
3418 2480 3622 2537 utilem

1967 2566 2228 2621 futuram
2257 2581 2325 2620 ex
2357 2582 2587 2621 morum
2629 2567 2758 2637 ejus
2789 2560 3622 2640 qualitate—deprehenderitis,

1966 2655 2073 2710 hoc
2105 2658 2213 2722 est,
2242 2658 2400 2710 utea
2425 2655 2496 2710 ad
2530 2654 2675 2711 bene
2701 2655 2993 2726 agendum
3018 2656 3213 2729 aliquo
3233 2658 3403 2713 modo
3425 2658 3625 2714 incite-

1964 2748 2080 2809 tur,
2115 2759 2184 2798 ex
2222 2742 2525 2815 parvitatis
2557 2759 2700 2799 mea:
2731 2744 2968 2799 nomine
2997 2746 3340 2801 tradendam
3395 2751 3613 2802 curate.

1966 2832 2067 2888 Sin
2098 2836 2315 2898 autem,
2350 2832 2490 2903 quid
2523 2832 2719 2887 animo
2745 2831 3074 2888 contineam
3104 2851 3207 2889 vos
3238 2850 3411 2890 nosse
3440 2836 3614 2891 suffe-

1966 2920 2126 2976 cerit.
2160 2920 2239 2975 De
2270 2919 2483 2975 annuis
2504 2920 2693 2987 donis,
2723 2938 2848 2993 quae
2869 2920 3058 2976 adhuc
3084 2938 3259 2993 penes
3291 2939 3384 2978 me
3404 2922 3611 2993 habeo,

1966 3009 2106 3082 quid
2138 3007 2281 3064 mihi
2306 3009 2599 3082 agendum
2630 3010 2706 3065 sit
2736 3026 2838 3082 per
2859 3026 3057 3066 meum
3080 3011 3356 3067 nuntium
3387 3028 3614 3069 reman-

1965 3099 2117 3153 date.
2133 3096 2463 3152 Munusculi
2476 3097 2919 3153 similitudinem
2932 3142 2946 3167 ,
2961 3115 3137 3170 quam
3153 3098 3616 3156 nimiaverecun-

1966 3187 2081 3253 dia,
2110 3186 2264 3257 quod
2288 3184 2445 3240 aliud
2469 3202 2583 3241 non
2607 3184 2806 3254 habui,
2833 3184 3162 3241 celsitudini
3184 3190 3390 3243 vestrae
3409 3187 3611 3259 direxi,

1965 3310 2082 3366 lem
2102 3310 2391 3382 voluerint
2412 3310 2738 3365 secundum
2758 3309 3037 3382 Regulam
3062 3311 3420 3368 S.Benedicti
3442 3312 3616 3368 abba-

1963 3381 2386 3456 temeligantet
2402 3382 2512 3456 sibi
2533 3381 2909 3456 constituant.
2932 3382 3058 3437 Sint
3069 3387 3263 3456 autem
3287 3388 3345 3456 et
3364 3383 3476 3456 ipsi
3494 3399 3618 3456 Vmo-

1967 3453 2136 3509 nachi
2152 3452 2207 3508 in
2224 3453 2353 3525 subj
2362 3453 2581 3509 ectione
2596 3453 2746 3525 regis
2759 3454 2829 3508 ad
2846 3452 3269 3509 locumsalvum
3283 3452 3615 3510 faciendum

1967 3529 2024 3580 et
2037 3542 2148 3580 non
2163 3525 2234 3580 ad
2249 3523 2471 3596 aliquid
2486 3523 2865 3596 persol‘vendu
2876 3542 2929 3580 rn
2940 3570 2953 3591 ,
2969 3525 3081 3580 nisi
3098 3525 3253 3581 solas
3266 3526 3577 3582 orationes.
3588 3547 3617 3575 ››

1967 3596 2089 3667 Odo
2119 3600 2175 3652 et
2203 3596 2454 3651 Adacius
2480 3597 2741 3661 abbates,
2774 3600 2840 3651 ut
2870 3596 2977 3652 hoc
3010 3596 3197 3652 obiter
3226 3596 3622 3667 moneam,in—

1968 3666 2266 3740 telligendi
2297 3668 2538 3740 suntgde
2564 3668 2761 3723 Odone
2791 3672 2848 3723 et
2874 3668 3108 3733 Adacio,
3133 3667 3231 3740 qui
3254 3667 3433 3740 simul
3452 3666 3622 3740 Tute-

1968 3738 2129 3795 lense
2147 3738 2569 3794 monasterium
2593 3742 2883 3804 rexerunt,
2910 3744 2975 3794 ut
2996 3738 3337 3795 monuimus
3357 3738 3417 3795 in
3440 3739 3618 3795 Addi-

1971 3811 2126 3866 tione
2176 3810 2248 3865 ad
2296 3809 2513 3865 librum
2544 3827 2641 3865 VIII
2677 3810 2756 3864 De
2812 3810 3134 3866 Concordia
3194 3810 3514 3866 Sacerdotii
3564 3814 3623 3867 et

1972 3880 2225 3954 Imperii,
2253 3896 2379 3952 cap.
2534 3880 2697 3954 Unde
2737 3880 3029 3953 colligitur
3057 3879 3386 3954 Sarlatense
3418 3897 3621 3954 mena:

1972 3952 2215 4007 sterium
2238 3956 2363 4006 tum
2394 3952 2575 4006 fuisse
2596 3952 2926 4020 subjectum
2950 3953 3303 4006 monasterio
3323 3952 3622 4009 Tutelensi

1971 4028 2028 4079 et
2056 4021 2345 4077 coloniam
2387 4038 2516 4077 esse
2546 4021 2874 4076 Tutelensis
2907 4022 3266 4077 monasterii.
3301 4022 3622 4079 Distinzuit

1973 4097 2168 4149 autem
2202 4092 2531 4146 Bernardus
2572 4109 2770 4147 comes
2802 4092 2955 4147 inter
2995 4091 3324 4147 cmnobium
3355 4097 3413 4148 et
3442 4091 3624 4149 amia-

1972 4166 2136 4230 tiam,
2181 4180 2249 4218 ea
2279 4163 2541 4217 videlicet
2587 4164 2659 4217 de
2688 4179 2864 4217 causa
2912 4163 3066 4233 quod
3114 4164 3326 4218 veteris
3376 4163 3622 4219 abbatis:

1974 4237 2126 4291 bona
2160 4233 2572 4307 penesipsum
2619 4233 3190 4307 ess_ent,_co3no_bium
3221 4240 3511 4307 verotum
3539 4251 3626 4307 re-

1976 4304 2177 4362 center
2219 4304 2603 4360 adificaretur
2647 4305 2719 4359 ad
2751 4304 3112 4376 recipiendos
3157 4306 3495 4363 monachos.
3529 4304 3625 4362 Sic

1974 4378 2298 4433 Ademarus
2328 4376 2648 4431 vicecomes
2672 4375 2970 4431 Scalarum
2992 4377 3416 4433 monasterium
3446 4378 3625 4434 Tute-

1974 4449 2136 4505 lense
2154 4447 2420 4502 distinxit
2438 4448 2493 4501 iu
2520 4453 2768 4502 veterem
2792 4446 3085 4502 abbatiam
3108 4452 3164 4503 et
3180 4448 3623 4504 monasterium.

1980 4521 2040 4577 In
2072 4518 2279 4590 Anglia
2300 4535 2531 4590 quoque
2553 4517 2831 4574 nonnulla
2862 4522 3029 4590 erant
3048 4519 3424 4585 monasteria,
3446 4520 3628 4575 soluta

2058 4589 2237 4662 quieta
2268 4589 2336 4645 at}
2365 4589 2615 4645 omnibus
2669 4589 3025 4662 excularibas
3066 4590 3324 4662 servitiis,
3371 4594 3436 4645 ut
3464 4591 3631 4662 docet

2191 4661 2305 4716 hus
2328 4662 2510 4717 abbas
2525 4659 2992 4734 Croylandensis,
3017 4660 3185 4731 cujus
3203 4660 3627 4718 monasterium

1981 4679 2226 4788 iuguign
2237 4679 2305 4716 us
2328 4679 2510 4717 annas
2525 4679 2724 4734 uroyia

1979 4734 2082 4789 illa
2111 4734 2147 4787 1|
2197 4738 2378 4788 ertatc
2407 4734 2724 4788 fruebatur.

2054 4806 2130 4875 (b)
2162 4805 2268 4875 Hoc
2298 4820 2464 4860 anno.
2496 4804 2557 4859 Id
2582 4808 2689 4869 est,
2722 4819 2875 4860 anno
2895 4804 3022 4875 845,
3045 4806 3110 4858 ut
3131 4801 3406 4875 diximus.
3430 4801 3631 4875 Itaque

1981 4875 2118 4948 hinc
2146 4874 2428 4948 discimus
2447 4880 2646 4948 votum
2667 4875 2853 4948 quod,
2871 4874 3152 4929 suadente
3177 4873 3508 4948 Iiincmaro,
3531 4873 3633 4948 Ga-

1984 4944 2379 5018 rolusCalvus
2408 4944 2858 5018 concepit—apud
2891 4950 3159 5018 sanctum
3178 4944 3547 5015 Dionysium,
3566 4946 3633 4998 ut

1983 5018 2041 5072 in
2073 5016 2321 5089 epistola
2350 5018 2418 5071 42
2464 5016 2663 5089 Lupus
2705 5016 2971 5085 testatur,
3004 5016 3289 5072 emissum
3319 5032 3449 5071 esse
3479 5031 3631 5071 anno

2056 5161 2124 5229 (c)
2153 5157 2441 5230 superiore
2469 5175 2633 5215 anno.
2666 5158 2784 5215 Hoc
2810 5162 2920 5230 est,
2942 5174 3095 5230 anno
3127 5158 3251 5213 844.
3285 5158 3485 5228 Itaque
3505 5160 3633 5230 tum

1987 5226 2185 5355 Llipus
2216 5226 2503 5311 legatione
2532 5231 2590 5285 in
2626 5228 2964 5302 Burgundia
2981 5228 3216 5285 functus
3238 5233 3325 5285 est
3338 5226 3513 5300 jussu
3533 5226 3637 5284 Ca-

1988 5318 2093 5355 I‘Ol
2128 5317 2299 5355 P0218.

1988 5317 2093 5356 ron
2128 5317 2299 5371 regis.

2060 5372 2132 5441 (d)
2162 5368 2663 5440 Cbngratututionis
2693 5371 3017 5426 chartulam.
3044 5370 3107 5425 Id
3139 5373 3247 5435 est,
3280 5368 3637 5441 Exhortatio-

1989 5459 2122 5497 nem
2154 5443 2225 5497 ad
2275 5459 2485 5514 regem,
2521 5442 2813 5514 Carolum,
2867 5446 2997 5514 post
3040 5446 3337 5514 acceptam
3358 5440 3637 5514 "cladem.

1990 5514 2187 5585 Itaque
2218 5511 2491 5569 Ludovici
2535 5513 2755 5584 judicio
2802 5511 3087 5585 permittit
3116 5511 3196 5567 an
3240 5529 3315 5585 ea
3354 5511 3643 5585 Exhorta-

1991 5586 2070 5640 tio
2094 5582 2231 5666 regi.
2246 5582 2549 5666 reddenda
2598 5585 2693 5641 sit.
2728 5582 2819 5640 Ea'
2857 5589 3056 5640 autem
3083 5588 3274 5640 exstat
3302 5583 3362 5639 in
3394 5582 3643 5656 epistola

1992 5660 2281 5729 sequenti.
