3856 6200
279 348 284 350 ⁷
300 347 418 431 49‘9

1286 374 1356 435 B.
1405 376 1469 438 S.
1515 377 1696 438 LUPI
1744 373 2071 437 ABBATIS
2117 377 2717 443 FERRARIENSIS.

3593 383 3704 445 soo

297 518 588 561 memores
618 504 817 578 primae
847 505 1114 562 amicitiae
1145 511 1358 563 nostrae
1389 509 1482 565 61
1527 525 1722 580 quaeso
1753 525 1825 564 ne
1851 507 1943 564 di-
1970 507 2026 575 Α
2055 500 2196 564 dum
2229 509 2305 565 sit
2335 510 2650 568 debeamus
2681 511 2996 586 inquirere,
3030 517 3087 571 et
3114 532 3251 572 cum
3280 514 3703 587 invenerimus,

295 592 557 666 gnemini
581 596 902 667 aspernari.
926 596 1271 668 Exiguitatis
1296 614 1433 652 mea:
1457 597 1707 671 benigne
1729 615 1943 653 memo-

292 698 388 737 res
418 683 565 738 bene
594 700 695 739 vos
721 684 911 739 valere
958 685 1152 757 cupio,
1186 690 1243 741 et
1292 687 1360 741 ad
1397 687 1680 741 bonorum
1720 686 1941 742 emolu-

291 774 556 828 mentum
587 773 885 845 prosperis
916 791 1149 847 semper
1171 776 1370 848 augeri
1403 776 1797 832 successibus.

826 916 1173 974 EPISTOLA
1196 918 1410 973 XXXIII

613 1021 963 1062 EXHORTATIO
1000 1023 1074 1062 AD
1115 1024 1367 1063 DOMNUM
1406 1024 1618 1063 REGEM.

368 1128 906 1188 Precellentissime
953 1132 1209 1201 domine,
1243 1136 1317 1201 et,
1351 1133 1401 1189 si
1440 1133 1630 1190 dicere
1671 1136 1939 1201 audeam,

284 1218 723 1289 amantissime,
744 1220 943 1276 audita
964 1238 1150 1293 nuper
1171 1226 1359 1278 status
1379 1223 1551 1278 vestri
1577 1223 1939 1291 adversitate,

294 1307 573 1364 ineffabili
604 1309 802 1366 dolore
845 1310 1122 1365 distabui.
1156 1311 1420 1383 Namque
1448 1329 1679 1368 mecum
1711 1317 1943 1384 reputa-

294 1396 432 1454 bam
462 1402 665 1455 vestrae
696 1398 1017 1456 nobilitatis
1039 1399 1316 1467 indolem,
1346 1418 1520 1472 quam
1555 1400 1724 1473 cupio
1755 1402 1943 1458 aetatis

294 1487 633 1544 maturitate
647 1505 713 1544 ac
725 1487 1021 1561 sapientiae
1032 1489 1313 1561 gravitate
1329 1491 1745 1556 consummari,
1767 1491 1944 1547 nimis

293 1574 611 1632 immature
637 1576 808 1632 nobis
838 1577 1114 1633 ablatam.
1147 1579 1207 1634 Id
1239 1579 1376 1651 quia
1405 1579 1945 1653 irrecuperabilevi-

294 1666 562 1734 debatur,
608 1666 883 1739 quoniam
918 1668 975 1722 id
1006 1672 1342 1724 constanter
1370 1667 1544 1724 fallax
1575 1669 1732 1724 fama
1754 1670 1940 1741 jacta-

292 1759 400 1819 ret,
432 1759 624 1812 totum
656 1773 748 1812 me
779 1773 913 1812 cum
944 1757 1221 1814 fratribus
1252 1757 1351 1830 qui
1385 1775 1476 1813 me
1505 1775 1640 1813 cum
1671 1758 1787 1814 Deo
1821 1774 1938 1814 ser-

2052 602 2281 653 matura
2313 599 2682 656 festinatione
2712 604 3009 674 perﬁcere,
3042 608 3099 660 et
3120 606 3275 677 quod
3299 605 3399 661 diu
3424 622 3500 679 ap
3512 623 3704 678 paran-

2051 687 2191 741 dum
2227 688 2303 743 sit
2322 688 2539 745 bellum
2564 695 2628 745 ut
2658 690 2920 747 celeriter
2940 693 3209 749 vincatur
3230 693 3495 761 (Sallust.
3525 697 3587 751 in
3611 697 3702 752 Ca-

2051 778 2257 848 tilina).
2292 777 2421 833 Hmc
2451 779 2702 835 breviter
2731 780 3067 836 celsitudini
3095 787 3299 838 vestrae
3325 783 3624 857 suggessi,
3650 789 3706 839 ut

2051 865 2245 921 divina
2288 871 2344 922 et
2371 866 2634 923 humana
2663 871 3009 927 auctoritate
3042 871 3183 944 quid
3214 872 3379 928 vobis
3411 873 3704 946 agendum

2050 954 2129 1009 sit
2157 954 2556 1012 indubitanter
2575 958 2825 1030 possetis
2848 975 3214 1032 cognoscere.
3239 961 3343 1016 Det
3364 967 3565 1017 autem
3590 961 3706 1034 ipse

2054 1044 2205 1099 Deus
2236 1048 2301 1099 ut
2331 1045 2671 1117 spiritaliter
2699 1052 2755 1103 et
2786 1048 3163 1120 corporaliter
3213 1054 3503 1122 quantum
3539 1051 3704 1124 cupio

2050 1130 2311 1188 valeatis.

2515 1225 2614 1280 69
2654 1225 3003 1282 EPISTOLA
3042 1226 3276 1283 XXXIV.

2407 1315 2487 1381 (τι)
2517 1330 2587 1368 AD
2632 1329 2950 1371 ALTW’INUM
3002 1333 3344 1372 MONACHUM.

2121 1399 2447 1456 Venerabili
2462 1401 2621 1457 fratri
2633 1402 3085 1476 AltwinoLupus
3098 1414 3437 1478 perpetuam
3452 1405 3704 1465 salutem

2124 1488 2182 1545 Si
2226 1494 2388 1545 tanta
2436 1490 2711 1548 facilitate
2768 1492 2983 1548 discuti
3041 1499 3280 1566 possent
3310 1513 3345 1551 a
3403 1512 3704 1569 quoquam

2051 1583 2271 1650 quanta
2302 1585 2609 1636 moventur
2637 1581 3012 1654 quaestiones,
3043 1582 3183 1638 olim
3217 1584 3290 1639 ad
3327 1600 3705 1641 consumma-

2049 1671 2168 1722 tam
2189 1668 2433 1725 studiosi
2453 1670 2672 1742 quique
2694 1670 3041 1743 sapientiam
3065 1671 3406 1729 evasissent.
3431 1674 3607 1730 Nunc
3627 1674 3708 1730 lit-

2049 1761 2303 1812 terarum
2337 1758 2549 1813 studiis
2583 1775 2728 1830 pene
2754 1760 3052 1830 obsoletis,
3086 1765 3303 1833 quotus
3334 1761 3594 1835 quisque
3626 1764 3706 1819 in-

289 1843 411 1900 vire
441 1848 736 1919 satagunt,
771 1846 842 1901 ad
874 1845 1302 1918 impetrandam
1334 1846 1584 1902 salutem
1609 1847 1815 1903 animae
1847 1864 1941 1902 ve-
1974 1880 2017 1944 Β
2046 1845 2228 1899 veniri
2262 1845 2447 1918 possit
2477 1847 2577 1919 qui
2610 1849 2681 1903 de
2728 1849 3146 1923 magistrorum
3177 1850 3496 1923 imperitia,
3532 1852 3707 1909 libro-

292 1936 425 1988 straa
455 1932 837 2001 contuleram,
860 1934 955 1989 cui
974 1934 1344 1990 vehementer
1364 1936 1641 1992 timebam
1665 1952 1941 2009 quorum-

291 2022 426 2077 dam
445 2039 561 2078 non
579 2022 724 2078 satis
741 2023 925 2078 Deum
940 2022 1269 2079 timentium
1286 2023 1694 2096 persuasiones
1715 2025 1938 2081 obesse.

289 2110 507 2167 Verum
537 2112 815 2184 quoniam
838 2111 1117 2185 sospitate
1142 2116 1334 2168 vestra
1364 2114 1562 2168 donati
1593 2130 1821 2179 sumus,
1845 2113 1941 2168 in-

292 2200 555 2256 credibili
585 2200 800 2273 gaudio
822 2200 1047 2272 repleti,
1073 2200 1299 2257 sincera
1320 2203 1434 2258 fide
1460 2204 1827 2275 majestatem
1848 2221 1938 2259 ve-

291 2294 422 2346 straa
453 2289 822 2345 celsitudinis
872 2290 1258 2346 admonemus
1290 2295 1356 2346 ut
1402 2292 1785 2363 omnipotenti
1820 2294 1936 2350 Deo

289 2379 600 2436 nobiscum
624 2379 910 2435 maximas
930 2380 1149 2452 gratias
1171 2380 1433 2436 habeatis
1455 2385 1511 2436 et
1534 2382 1815 2447 referatis,
1836 2383 1934 2455 qui

288 2467 458 2523 nobis
489 2472 777 2541 quantum
800 2485 864 2525 se
893 2486 1089 2525 amare
1110 2469 1370 2525 debeatis
1393 2471 1665 2539 ostendit,
1691 2488 1847 2538 cum,
1872 2478 1936 2527 ut

286 2574 427 2630 pace
466 2562 809 2614 cunctorum
842 2558 1372 2624 dixerim,humano
1404 2564 1668 2616 cessante
1696 2560 1930 2628 auxilio,

282 2645 409 2719 ipse
437 2664 540 2704 vos
579 2651 843 2720 potenter
863 2652 920 2703 et
950 2647 1041 2719 pie
1071 2649 1335 2716 servavit,
1362 2654 1418 2702 et
1449 2653 1734 2720 quantum
1767 2651 1836 2706 de
1866 2666 1933 2706 eo

284 2753 638 2808 praesumere
653 2737 913 2793 debeatis
928 2738 1304 2793 manifestare
1322 2738 1597 2811 dignatus
1615 2743 1722 2793 est.
1746 2739 1933 2796 Nolite

283 2824 464 2899 igitur
490 2842 631 2882 casu
653 2827 941 2882 contrario
963 2826 1211 2881 nimium
1235 2827 1585 2891 contristari,
1612 2828 1709 2882 sed
1737 2830 1931 2900 potius

283 2916 497 2972 credite
526 2915 794 2972 veridicis
823 2916 1014 2972 verbis
1040 2918 1168 2989 ejus
1192 2934 1204 2972 :
1240 2918 1370 2973 Sine
1414 2933 1499 2972 me
1526 2917 1673 2973 nihil
1710 2920 1931 2989 potestis

280 3009 460 3078 facere
491 3009 665 3076 (Joan.
696 3006 810 3079 xv).
846 3007 945 3062 Et:
1003 3009 1121 3063 Non
1169 3016 1246 3062 est
1287 3009 1532 3071 volentis,
1584 3025 1758 3080 neque
1803 3028 1928 3065 cur-

282 3098 469 3163 rentis,
505 3097 606 3153 08
634 3097 726 3152 sed
770 3098 1078 3151 miserantis
1101 3096 1202 3151 Dei
1244 3096 1414 3166 (Rom.
1451 3096 1547 3168 Ix).
1582 3099 1685 3152 Et:
1722 3101 1930 3155 Omnia

279 3202 617 3259 quacunque
663 3187 836 3241 voluit
881 3186 1148 3241 Dominus
1176 3186 1305 3255 fecit
1334 3187 1391 3239 in
1436 3186 1564 3241 οωιο
1593 3196 1642 3242 et
1673 3189 1732 3242 in
1781 3197 1927 3244 terra

277 3275 448 3346 (Psal.
481 3275 655 3346 exui).
692 3275 796 3329 Et:
850 3274 1037 3329 Omnis
1070 3272 1323 3329 voluntas
1350 3291 1470 3329 mea
1496 3276 1588 3344 ﬁet
1631 3278 1757 3344 (Isa.
1790 3282 1919 3345 va).

275 3364 384 3420 Et:
431 3364 549 3421 Non
602 3364 848 3419 solvatur
884 3379 984 3417 rex
1026 3378 1127 3433 per
1172 3363 1405 3418 multam
1449 3366 1718 3419 virtutem.
1752 3366 1919 3433 (Psal.

272 3456 472 3520 xxxu).
504 3453 614 3509 Et:
663 3454 780 3509 Non
808 3460 886 3507 est
916 3452 1142 3506 Domino
1170 3452 1385 3507 salvere
1428 3452 1656 3524 difﬁcile
1685 3456 1745 3509 in
1776 3457 1918 3511 mul-

273 3542 508 3597 titudine
537 3543 620 3596 vel
650 3543 708 3596 in
733 3541 925 3612 pauris
955 3540 1003 3611 (1
1027 3546 1158 3608 Reg.
1197 3543 1334 3608 xxv).
1370 3543 1474 3596 Et:
1520 3543 1624 3610 Qui
1652 3544 1926 3615 glori/ient

269 3647 376 3695 me,
407 3630 721 3701 gloriﬁcabo
750 3646 873 3684 eum
895 3648 911 3691 :
937 3631 1034 3701 qui
1057 3637 1238 3685 autem
1266 3640 1619 3687 contemnunt
1633 3649 1736 3701 me,
1760 3644 1920 3691 erant

270 3719 539 3788 ignobiles
565 3719 613 3785 (I
640 3721 767 3786 Reg.
802 3723 879 3785 ιι).
921 3720 990 3774 Et
1038 3723 1229 3790 spreto
1279 3720 1602 3775 carnalium
1652 3723 1915 3793 consilio,

271 3808 342 3864 de
374 3807 590 3879 quibus
637 3806 884 3863 dicitur:
935 3810 1198 3863 Dominus
1234 3809 1481 3880 dissipat
1513 3813 1743 3868 consilia
1785 3831 1915 3881 gen-

269 3899 431 3962 tium,
462 3898 716 3972 reprobat
760 3903 940 3952 autem
985 3898 1334 3965 cogitationes
1371 3900 1715 3970 populorum,
1748 3910 1798 3958 et
1824 3920 1915 3958 re-

264 3989 460 4059 probat
503 3987 739 4042 consilia
762 3987 1116 4058 principum,-
1145 3987 1437 4042 consilium
1473 3997 1654 4044 autem
1688 3994 1918 4048 Domini

267 4077 330 4131 in
355 4084 625 4133 (uernum
651 4083 833 4130 manet
864 4075 1030 4141 (Psal.
1065 4076 1232 4144 xLIv),
1284 4075 1634 4147 acquiescite
1674 4079 1913 4136 consilio

267 4166 425 4236 quod
455 4180 556 4236 per
572 4164 918 4236 Prophetam
948 4164 1071 4234 ipse
1094 4163 1370 4236 dignatur
1389 4166 1525 4221 dare
1543 4167 1908 4225 mortalibus:

263 4253 419 4309 Jacta
462 4254 754 4323 cogitatum
807 4261 959 4306 tuum
998 4253 1061 4307 in
1107 4257 1304 4317 Deum,
1364 4262 1413 4309 et
1459 4257 1569 4325 ipse
1611 4264 1661 4311 te
1706 4259 1912 4313 nutriet

263 4340 435 4410 (Psal.
475 4340 601 4410 LIV).
651 4340 755 4395 Et:
806 4340 1090 4412 Sperantes
1139 4342 1201 4395 in
1255 4342 1481 4398 Domino
1536 4344 1911 4401 misericordia

254 4428 622 4485 circumdabit
648 4429 820 4498 (Psal.
853 4433 1025 4496 XXXI).
1056 4430 1152 4483 Et:
1189 4430 1323 4483 Cum
1351 4446 1488 4485 esses
1532 4434 1796 4501 parvulus
1850 4437 1925 4498 in.

260 4519 433 4573 oculis
476 4520 607 4582 tuis,
636 4526 797 4590 caput
840 4519 900 4572 in
932 4517 1183 4572 tribubus
1214 4518 1381 4573 Israel
1406 4520 1585 4589 factus
1615 4537 1669 4575 es
1697 4522 1747 4586 (I
1778 4524 1902 4590 Reg.

2048 1951 2179 1989 rum
2212 1936 2472 2007 penuria,
2498 1935 2596 1992 otii
2631 1936 2882 2009 denique
2914 1937 3109 2010 inepia
3136 1939 3342 1995 merito
3366 1956 3486 1995 non
3510 1956 3709 2013 quera-

2047 2024 2192 2079 tur?
2221 2027 2342 2090 Quo
2389 2025 2587 2081 minus
2624 2025 2919 2099 indignari
2953 2027 3097 2083 mihi
3147 2028 3347 2094 debes,
3382 2028 3433 2085 si
3486 2022 3705 2100 perexi-

2042 2129 2226 2184 guum
2259 2113 2378 2179 otii,
2415 2116 2567 2186 quod
2601 2115 2745 2170 mihi
2770 2117 2861 2170 vix
2884 2116 3152 2190 obtingit,
3189 2116 3548 2191 indagandis
3583 2136 3703 2191 qua:

2045 2203 2325 2269 nesciam,
2377 2221 2554 2275 quam
2605 2204 2955 2261 ventilandis
3004 2223 3132 2278 qua:
3175 2207 3301 2278 jam
3350 2213 3702 2265 consecutus

2045 2308 2200 2357 sum,
2228 2292 2486 2363 judicem
2529 2294 2994 2365 expendendum.
3026 2295 3158 2360 Nec,
3192 2299 3258 2351 ut
3287 2294 3519 2368 opinor,
3555 2315 3701 2365 erro,

2044 2381 2093 2436 si
2125 2382 2337 2454 quibus
2359 2381 2551 2437 divino
2574 2382 2765 2438 favore
2789 2381 2939 2438 viam
2963 2382 3364 2457 intelligentiae
3388 2385 3478 2440 vel
3500 2389 3697 2459 aperui

2039 2469 2125 2525 vel
2160 2469 2482 2542 planiorem
2515 2470 2640 2539 feci,
2676 2488 2852 2543 quam
2878 2471 3270 2544 praecesserim
3296 2475 3589 2546 sequendi
3614 2493 3702 2531 ne-

2041 2559 2372 2615 cessitatem
2404 2560 2658 2614 indicam
2683 2586 2696 2624 ς
2738 2560 2845 2615 hoc
2875 2565 2985 2632 est,
3017 2559 3262 2617 lectione
3291 2563 3586 2635 magistra
3614 2564 3696 2620 vel

2041 2653 2236 2716 utens,
2264 2646 2352 2703 vel
2372 2666 2538 2719 usus,
2559 2649 2606 2703 si
2627 2648 2995 2705 auditoribus
3019 2650 3163 2705 meis
3185 2654 3287 2705 aut
3306 2653 3699 2722 praesentibus

2041 2737 2097 2791 id
2132 2737 2327 2809 ipsum
2364 2754 2652 2805 sermone,
2687 2738 3148 2794 autabsentibus
3179 2739 3475 2796 obstinato
3510 2741 3695 2815 impo«

2040 2842 2176 2880 nam
2207 2825 2455 2881 silentio.
2488 2827 2751 2881 Obtinuit
2780 2831 2974 2882 tamen
3002 2831 3103 2882 tua
3131 2827 3415 2884 instantia
3446 2835 3515 2885 ut
3544 2849 3697 2902 qua:-

2038 2912 2173 2968 dam
2205 2932 2272 2970 ex
2304 2914 2374 2970 iis
2407 2933 2531 2987 quae
2563 2915 2822 2970 studiose
2852 2915 3135 2988 quaesiisti
3171 2916 3564 2974 enuclearem.
3599 2922 3694 2975 Lo-

2035 3005 2216 3076 cuples
2248 3004 2632 3076 ponultimam
2665 3005 2901 3075 genitivi
2934 3005 3255 3078 producere
3287 3006 3373 3062 sic
3398 3010 3557 3079 apud
3586 3009 3704 3064 Pri-

2036 3093 2301 3149 scianum
2334 3094 2612 3164 probatur
2642 3093 2699 3148 in
2733 3092 2879 3150 libro
2907 3112 2961 3161 ν,
2995 3111 3127 3150 cum
3162 3095 3232 3149 de
3263 3096 3608 3153 nominibus
3642 3097 3695 3153 in

2033 3183 2447 3254 esproductam
2470 3182 2874 3239 desinentibus
2905 3182 3248 3256 disputaret.
3283 3184 3696 3257 «Appellativa

1954 3246 1997 3313 δ
2035 3287 2190 3336 vero,
2225 3271 2436 3342 inquit,
2473 3270 2523 3326 si
2570 3271 2689 3327 sint
2720 3272 2790 3326 ad
2824 3270 3090 3327 homines
3140 3271 3512 3344 pertinentia,
3566 3291 3692 3346 qua:

2031 3361 2184 3432 apud
2217 3362 2444 3416 Graecos
2467 3360 2804 3416 communia
2827 3359 2911 3415 vel
2936 3359 3200 3425 mobilia,
3224 3362 3380 3433 apud
3406 3378 3516 3418 nos
3538 3379 3691 3418 com-

2031 3450 2235 3504 munia
2280 3453 2418 3504 sunt
2451 3453 2514 3504 ut
2543 3450 2741 3520 haeres,
2778 3450 3031 3521 locuples.
3068 3472 3095 3497 ››
3128 3449 3284 3505 Idem
3319 3449 3379 3506 in
3411 3452 3687 3524 septimo,

2030 3538 2351 3611 penultima
2389 3537 2568 3593 tertia:
2606 3537 3011 3593 declinationis
3043 3539 3276 3610 quando
3310 3541 3554 3612 produci
3588 3542 3687 3597 de-

2028 3627 2161 3682 beat
2189 3626 2273 3682 vcl
2302 3627 2510 3698 corripi
2545 3627 2693 3681 mira
2724 3626 3025 3698 diligentia
3050 3627 3383 3694 ostendens,
3410 3652 3439 3678 ‹‹
3466 3628 3684 3686 Produ-

2026 3715 2199 3783 citur,
2233 3714 2446 3787 inquit,
2472 3715 2529 3769 in
2553 3714 2645 3770 his
2662 3731 2909 3786 quorum
2928 3714 3326 3772 nominativus
3352 3718 3454 3772 πθ
3474 3718 3535 3772 in
3558 3718 3682 3775 lon-

2026 3821 2159 3875 gam
2193 3803 2407 3858 desinit
2436 3820 2538 3858 seu
2574 3808 2782 3858 natura
2802 3820 2905 3858 seu
2936 3802 3242 3875 positione,
3277 3810 3342 3860 ut
3392 3808 3494 3876 sol,
3526 3809 3680 3875 solis,

2025 3895 2230 3965 infans,
2256 3895 2506 3964 infantis.
2532 3891 2913 3964 Excipiuntur
2934 3892 2992 3946 in
3017 3909 3086 3948 on
3108 3892 3438 3951 desinentia
3459 3896 3675 3964 Graeca,

2024 3986 2080 4037 et
2111 3981 2168 4036 in
2199 3998 2229 4038 o
2260 3986 2379 4037 tam
2412 3981 2809 4053 Latinaquam
2837 3980 3032 4048 notha,
3062 3999 3187 4054 quae
3213 3981 3534 4056 aliquando
3556 4003 3679 4042 cor-

2023 4070 2268 4142 ripiunt,
2292 4070 2607 4142 aliquando
2639 4070 2972 4142 producunt
2994 4070 3379 4142 penultimam
3412 4075 3673 4147 genitivi.

2021 4159 2302 4214 Prmterea
2333 4158 2391 4213 in
2414 4176 2512 4225 ms,
2538 4158 2621 4213 vel
2657 4160 2734 4225 bs,
2767 4157 2850 4212 vel
2878 4176 2963 4229 ps,
2994 4157 3082 4214 vel
3110 4176 3152 4213 ,τ
3172 4159 3524 4230 desinentia,
3549 4181 3675 4235 qua:

2019 4248 2406 4321 ponultimam
2420 4247 2654 4321 genitivi
2670 4266 2788 4304 sem
2798 4248 3057 4320 percurri
3065 4248 3252 4320 piunt.
3271 4250 3415 4306 Item
3427 4268 3552 4323 par,
3567 4254 3673 4324 lar,

2018 4355 2131 4404 vus,
2144 4354 2258 4409 pes,
2275 4338 2448 4403 Ceres,
2463 4353 2694 4407 compos,
2711 4338 2821 4403 bos;
2838 4354 2952 4404 sus,
2971 4354 3103 4406 grus
3115 4356 3134 4393 :
3148 4355 3274 4410 qua:
3287 4340 3671 4412 producentia

2018 4443 2090 4480 no
2101 4426 2426 4489 minativos,
2447 4424 2772 4496 corripiunt
2790 4424 3176 4497 penultimam
3194 4426 3457 4498 genitivi.
3474 4451 3502 4479 ››
3528 4432 3666 4486 Cum

2014 4514 2195 4586 igitur
2213 4515 2495 4586 producta
2519 4514 2877 4569 nominativo
2898 4512 2987 4570 vel
3010 4519 3223 4570 natura
3242 4515 3328 4571 vel
3355 4518 3661 4589 positione,

258 4611 375 4674 xv).
428 4607 536 4662 Et:
596 4607 823 4662 Immola
872 4607 978 4661 Deo
1024 4606 1359 4675 sacriﬁcium
1407 4607 1607 4673 laudis,
1656 4618 1710 4664 et
1745 4610 1979 4678 reddeD
2014 4602 3664 4675 penultimasgenitivorumconsequenterproducant(his

257 4695 532 4752 Altissimo
580 4701 698 4750 vota
728 4701 840 4749 tua.
874 4695 936 4748 Et
972 4696 1159 4749 invoca
1181 4710 1268 4749 me
1289 4694 1457 4749 indie
1488 4697 1863 4755 tribulationis
1886 4718 1905 4755 :

255 4800 447 4840 eruam
476 4793 547 4849 te,
579 4791 628 4839 et
667 4782 1050 4852 honoriﬁcabis
1077 4797 1164 4838 me
1210 4782 1374 4853 (Psal.
1403 4787 1574 4851 xux).
1627 4787 1905 4844 Praeterea

256 4875 609 4928 mementote
640 4870 795 4943 quod
831 4869 1104 4926 Salomon
1147 4871 1219 4925 ad
1252 4872 1570 4943 regendum
1620 4874 1901 4945 populum

256 4959 453 5027 Israel,
487 4958 581 5015 cui
603 4960 702 5015 diu
723 4958 780 5014 in
805 4958 1059 5013 maxima
1081 4975 1219 5030 pace
1241 4960 1528 5031 praesedit,
1554 4963 1901 5033 sapientiam

255 5046 629 5119 potissimum
662 5046 992 5118 postulavit.
1028 5047 1142 5100 Nec
1174 5046 1462 5117 spernatis
1493 5049 1666 5105 etiam
1699 5069 1896 5109 eorum

252 5134 624 5192 hortamenta
653 5134 772 5207 qui,
822 5136 1005 5190 Deum
1047 5134 1403 5205 ignorantes,
1438 5136 1602 5193 utilia
1634 5157 1747 5195 non
1778 5146 1897 5198 tam

236 5218 365 5281 "sibi
387 5230 563 5295 quam
588 5223 757 5279 nobis
778 5224 1075 5289 Viderunt;
1109 5222 1168 5276 in
1195 5223 1409 5293 quibus
1430 5224 1723 5283 invenitur
1742 5232 1896 5301 quod

251 5317 384 5368 ante
405 5328 582 5384 quam
600 5310 823 5383 aliquid
842 5308 1211 5381 incipiamus,
1236 5312 1551 5382 prudenter
1569 5316 1706 5387 quid
1728 5335 1897 5391 agen-

318 5469 395 5539 (a)
425 5469 502 5539 Ad
521 5471 830 5525 Altwinum.
855 5467 1203 5523 Monachum
1233 5470 1409 5526 fuisse
1431 5472 1649 5530 indicat
1686 5476 1891 5534 titulus

247 5538 543 5612 epistolae;
587 5542 910 5612 cuiusnam
953 5554 1084 5612 vero
1142 5545 1499 5611 monasterii,
1544 5564 1656 5601 non
1703 5550 1886 5605 docet.

249 5607 458 5679 Papirii
491 5607 745 5666 Massoni
771 5607 950 5666 editio
982 5607 1171 5679 habet,
1204 5613 1281 5667 Ad
1302 5607 1587 5672 Altuin'um
1614 5619 1888 5677 Senonen-

243 5678 357 5734 sem
411 5681 752 5736 monachum.
807 5678 1023 5735 Verum
1063 5698 1131 5735 ex
1171 5683 1416 5755 epistola
1444 5689 1515 5742 20
1544 5695 1700 5760 patet
1729 5708 1884 5760 eum,

2014 4709 2113 4747 sex
2142 4691 2395 4763 exceptis
2426 4691 2785 4755 nominibus,
2809 4708 2937 4763 quae
2968 4689 3144 4764 longa
3175 4692 3545 4749 observantia
3571 4694 3665 4749 de-

2011 4780 2298 4853 prehensa
2330 4781 2567 4844 notavit,
2588 4780 2888 4847 quoniam,
2923 4780 3049 4851 ipso
3081 4784 3245 4848 teste,
3271 4781 3508 4854 locuples
3529 4782 3583 4837 in
3604 4800 3664 4838 es

2010 4869 2353 4941 productam
2404 4869 2646 4935 linitur),
2698 4869 2901 4923 eodem
2943 4872 3178 4925 auctore
3208 4868 3462 4942 genitivo
3492 4870 3661 4943 longa

2011 4957 2334 5029 penultima
2365 4958 2705 5028 proferetur.
2741 4956 2904 5022 Quod
2934 4973 3168 5029 possem
3212 4958 3389 5014 etiam
3436 4960 3657 5032 poetico

2007 5044 2343 5101 testimonio
2365 5046 2729 5113 conﬁrmare,
2758 5044 2869 5101 nisi
2890 5046 3045 5117 apud
3064 5047 3460 5103 contentiosos
3480 5064 3622 5119 quos
3636 5079 3653 5089 -

2010 5151 2121 5206 que
2152 5133 2299 5188 tanti
2330 5134 2434 5188 viri
2467 5138 2695 5189 tantum
2747 5139 2942 5206 posset
2991 5134 3326 5191 auctoritas.
3372 5136 3651 5209 Locupleto

2006 5226 2222 5287 autem,
2242 5223 2396 5294 quod
2419 5222 2743 5295 penultima
2759 5223 3042 5294 producta
3058 5240 3431 5297 nequaquam
3453 5225 3649 5281 dubito

2003 5312 2413 5385 proferendum
2446 5312 2620 5383 (sicut
2647 5311 2925 5383 quoniam
2958 5312 3144 5378 robur,
3177 5313 3389 5369 roboris
3419 5312 3647 5387 corripi-

2001 5472 2207 5529 saltem
2240 5488 2375 5526 cum
2405 5470 2649 5540 epistola
2688 5470 2788 5527 illa
2817 5471 3035 5543 scripta
3066 5476 3175 5537 est,
3226 5478 3641 5530 commoratum

2000 5545 2182 5599 fuisse
2210 5543 2268 5597 in
2299 5543 2632 5615 Germania,
2659 5544 2915 5615 adeoque
2941 5543 3291 5599 monachum
3316 5545 3492 5601 fuisse
3513 5544 3637 5615 Ful-

1999 5616 2259 5671 denscm.
2296 5614 2438 5668 Vide
2486 5615 2629 5669 Acta
2657 5614 3003 5671 Sanctorum
3055 5615 3280 5671 ordinis
3312 5618 3370 5673 S.
3403 5614 3636 5673 Benedi-

1998 5687 2074 5742 cti
2106 5690 2247 5742 tom.
2280 5684 2373 5751 Vl,
2407 5701 2540 5756 pag.
2573 5687 2662 5741 60.
