3898 6194
67 250 206 331 εις

1593 248 1717 309 EPl
1727 249 2023 313 STOLAS.

3387 250 3506 311 522

72 396 260 439 meas
278 380 583 438 dill‘erente
598 379 1272 457 propterabsentiam,ut
1288 380 1520 447 fatetur,
1536 378 1750 434 Odulﬁ.
1780 381 1833 455 Α
1863 378 2088 434 aditum
2123 379 2441 451 respondit,
2469 397 2584 452 quo
2629 381 2914 439 hactenus
2957 380 3039 435 uti
3075 379 3515 452 contempserit,

74 470 140 526 Is
187 470 478 542 languere
530 468 764 533 dicitur,
797 484 903 524 nec
931 471 1055 523 tam
1088 466 1410 539 periculose
1441 471 1505 522 ut
1535 466 1621 522 vel
1652 468 1751 522 ad-

75 558 362 615 monitus
394 557 744 631 corrigatur,
766 556 924 629 quod
954 560 1313 628 optaramus,
1340 572 1442 611 nec
1475 560 1594 611 tam
1622 571 1751 628 gra-

73 646 246 704 viter
266 651 331 703 ut
354 646 660 711 moriatur,
676 645 830 717 quod
855 648 1091 718 propter
1114 645 1242 716 ejus
1264 644 1340 715 (a)
1365 642 1753 700 certissimam

76 728 543 792 damnationem
577 733 928 790 doleremus.
948 733 1257 805 Properate
1285 733 1485 805 itaque
1517 738 1758 805 ut,quo-

76 824 262 880 niam
319 823 620 897 propiores
678 821 1112 894 aliquantulum
1166 822 1303 877 facti
1362 838 1591 891 sumus,
1625 825 1757 894 post

74 916 265 969 tanta
297 911 493 985 spatia
521 910 868 967 desideratis
900 909 1160 966 refovear
1183 909 1546 982 alloquiis,et
1564 913 1755 966 vestro

74 1002 338 1069 annisu,
371 1004 609 1057 auctore
634 999 833 1055 divina
863 998 1068 1071 gratia,
1091 997 1303 1054 liberer
1327 998 1644 1070 angoribus
1664 997 1757 1052 vix

70 1089 381 1146 ferendis.
414 1088 607 1156 Tales,
631 1104 851 1161 quaeso,
873 1085 1090 1143 nostris
1110 1090 1294 1142 estote
1322 1087 1522 1159 pueris
1553 1084 1755 1158 quales

79 1194 212 1233 non
244 1178 420 1234 modo
449 1176 688 1242 nostris,
710 1192 913 1232 verum
936 1174 1113 1231 etiam
1142 1174 1315 1247 vulgo
1347 1175 1542 1231 fuistis
1574 1174 1756 1230 omni-

78 1266 209 1322 bus
235 1265 648 1339 paternitatem
669 1269 922 1321 vestram
950 1263 1041 1338 pie
1061 1264 1477 1337 quaerentibus.
1504 1264 1605 1320 98
1628 1261 1756 1319 Exi-

79 1354 349 1429 guitatis
379 1370 520 1411 meae
551 1352 787 1409 nomine
819 1351 1233 1409 charissimum
1264 1353 1507 1428 Eigilem
1540 1358 1597 1409 et
1625 1352 1757 1409 reli-

79 1460 251 1517 quos
280 1461 492 1501 omnes
510 1443 729 1499 'fratres
756 1441 1083 1515 dignamini
1117 1440 1760 1499 salutare.Laboriosis-

78 1534 328 1589 simum
346 1532 694 1589 difﬁcillimo
722 1535 982 1609 tempore
1005 1531 1323 1604 negotium,
1339 1532 1660 1605 praesertim
1679 1530 1761 1587 ni-

78 1621 175 1678 hil
196 1621 654 1690 meritus,vobis
672 1620 970 1693 imponere
994 1619 1450 1693 haudquaquam
1475 1637 1759 1693 praesum-

80 1710 383 1783 psissem,
419 1710 533 1767 nisi
566 1711 722 1783 quod
757 1726 855 1765 rex
894 1713 1095 1765 noster
1139 1727 1240 1766 vos
1288 1710 1359 1765 ad
1404 1709 1759 1783 colloquium

82 1800 382 1856 invitaret
411 1798 835 1872 comperissem
861 1815 876 1867 ;
908 1799 1051 1854 adeo
1096 1802 1159 1853 ut
1207 1797 1354 1854 mihi
1385 1816 1619 1871 quoque
1650 1798 1760 1855 hoc

80 1894 370 1961 tempore
401 1886 737 1961 praeceperit
767 1891 831 1942 ut
861 1887 910 1942 si
942 1888 1087 1943 forte
1114 1888 1185 1942 ad
1210 1887 1633 1943 monasterium
1657 1904 1758 1943 no-

84 1981 295 2035 strum
330 1976 708 2047 accederetis,
741 1976 813 2031 ad
845 1993 907 2032 se
935 1993 1037 2031 vos
1061 1975 1432 2032 deducendos
1462 1992 1756 2043 curarem;

85 2072 285 2139 utque
334 2064 631 2121 licentiam
682 2064 1073 2137 impetraturi,
1108 2063 1257 2119 inter
1304 2062 1418 2120 alia
1457 2064 1761 2120 commode

82 2155 447 2229 imperatori
504 2170 813 2227 suggerere
868 2154 1119 2231 possetis
1152 2170 1186 2208 a
1222 2170 1314 2209 me
1364 2154 1761 2225 fratribusque

88 2245 351 2311 nostris,
382 2243 484 2317 qui
517 2260 620 2317 pro
668 2258 736 2299 eo
781 2258 1015 2314 semper
1058 2259 1314 2310 oremus,
1348 2260 1449 2298 vos
1489 2242 1761 2315 precibus

91 2333 373 2406 fatigari;
398 2337 463 2388 ut
492 2331 769 2407 quoniam
799 2334 876 2400 (b)
908 2332 979 2387 de
1009 2332 1133 2387 loco
1165 2337 1363 2388 nostro
1396 2331 1546 2399 sitis,
1581 2348 1614 2387 a
1645 2347 1761 2403 quo

88 2439 199 2478 vos
232 2434 495 2494 corpore
515 2422 797 2476 duntaxat
829 2419 1226 2475 ecclesiastica
1257 2419 1480 2476 utilitas
1506 2421 1761 2475 abduxe-

95 2512 195 2580 rit,
211 2510 397 2583 isque
427 2509 817 2565 diminutione
848 2508 1192 2565 facultatum
1226 2509 1595 2565 vehementer
1623 2514 1765 2565 atte-

95 2606 351 2667 nuetur,
386 2604 561 2671 atque
582 2598 857 2671 .religioni
890 2598 1644 2672 paupertasimpedimento
1664 2599 1763 2666 sit,

98 2687 554 2746 intercessionis
570 2704 737 2760 opem
754 2687 1159 2745 instaurationi
1179 2687 1307 2758 ejus
1329 2687 1764 2760 impensissime

84 2776 310 2841 studio
346 2776 679 2833 conferatis.
714 2774 873 2844 Vale,
908 2775 1142 2832 domine
1177 2776 1458 2847 Paterque
1488 2775 1764 2832 charissi-

97 2885 213 2939 me,
254 2866 529 2940 Lupique
560 2865 645 2921 tui
676 2881 909 2938 semper
936 2864 1186 2938 benigne
1219 2865 1577 2921 memineris.

678 3007 1028 3063 EPISTOLA
1071 3007 1204 3064 LVI.

613 3096 683 3169 (ε)
717 3113 1007 3153 amanare
1046 3113 1266 3153 ABBATI.

170 3221 364 3277 Bonis
394 3220 669 3276 omnibus
718 3219 1123 3293 amplectenda
1175 3221 1449 3278 Ratberto
1486 3228 1681 3297 Lupus
1706 3221 1764 3277 in

101 3311 366 3367 Domino
396 3307 666 3365 salutem.

174 3397 402 3455 Habita
430 3396 737 3471 diligenter
758 3398 1212 3471 opportunitatis
1243 3398 1771 3474 ratione,suggessi

106 3489 358 3545 domino
376 3485 514 3561 regi,
531 3487 830 3544 annitente
850 3485 1146 3561 Vulfegiso
1169 3492 1387 3558 nostro,
1414 3493 1773 3561 superlvone

110 3576 167 3632 id
206 3593 319 3633 vos
371 3574 668 3647 postulare
699 3579 765 3631 ut
793 3576 1069 3648 quoniam
1100 3594 1208 3633 nec
1238 3578 1309 3633 ad
1350 3578 1772 3635 monasterium

113 3670 467 3732 remeasset,
482 3669 539 3720 et
549 3663 863 3721 verisimile
882 3670 1037 3721 esset
1064 3681 1201 3722 eum
1223 3683 1349 3739 quia
1375 3669 1547 3723 fuerit
1567 3668 1776 3725 solitus

117 3756 359 3823 iterare,
395 3754 445 3811 si
477 3754 712 3827 quando
755 3753 962 3811 reverti
1013 3757 1283 3825 tentaret,
1316 3773 1388 3813 ne
1419 3756 1478 3812 in
1510 3756 1603 3813 sui
1633 3756 1777 3813 alio-

119 3859 385 3917 rumque
399 3841 716 3916 perniciem
729 3842 1037 3916 potestatis
1057 3845 1187 3916 ejus
1207 3844 1478 3917 przssidio
1500 3846 1777 3902 muniret.

120 3933 436 4007 Siquidem
468 3935 623 3988 esset
653 3931 962 4005 indignum
993 3932 1122 4004 ejus
1152 3935 1479 4005 majestate,
1503 3934 1615 3991 nisi
1647 3934 1784 3991 resi-

1862 471 2037 539 atque
2070 468 2175 523 hoc
2208 469 2319 525 sibi
2352 470 2537 525 satius
2582 469 2763 525 videri
2797 486 2868 525 ne
2898 474 3093 541 pereat
3124 474 3189 524 ut
3217 469 3517 525 constrin-

1863 562 2037 629 gatur
2095 558 2464 614 convcnienti
2513 558 2780 615 custodia
2828 558 3177 630 priusquam
3226 557 3520 613 societatis

1865 646 2342 704 communionem
2375 652 2693 720 recuperet.
2709 648 2825 703 Nos
2847 663 3002 713 vero,
3019 646 3260 703 tametsi
3285 646 3519 705 oﬂ'erret

1863 750 1992 806 quae
2025 751 2259 808 sperare
2289 736 2382 792 vix
2431 735 2670 792 omnino
2721 752 3052 809 possemus,
3084 734 3281 808 idque,
3316 738 3380 790 ut
3408 751 3517 813 par

1863 827 2005 893 erat,
2023 823 2528 897 amplecteremur,
2542 842 2643 881 vos
2663 842 2765 881 nec
2788 824 2931 881 citra
2952 824 3249 883 decretum
3274 822 3514 901 [Regula

1864 911 2187 969 subsistere
2210 930 2312 969 nec
2337 913 2488 969 ultra
2508 913 2653 969 velle
2672 914 2942 986 progredi
2974 916 3310 973 constanter
3329 916 3517 975 aettur

1864 1001 2080 1058 ximus.
2114 1002 2195 1059 De
2225 1002 2573 1059 liberalitate
2620 1006 2813 1058 vestra
2857 1002 3001 1074 quid
3051 1002 3301 1058 sentiam
3352 1000 3513 1058 nolui

1866 1090 2146 1163 praecipiti
2196 1091 2494 1149 declarare
2540 1091 2846 1165 praeconio,
2880 1091 3064 1151 donec
3114 1090 3405 1163 experirer
3439 1107 3514 1145 an

1867 1179 2033 1251 copia
2064 1179 2477 1253 piscium,qua3
2508 1186 2754 1236 ventura
2783 1185 2907 1235 erat
2934 1196 3068 1235 cum
3099 1179 3514 1247 maxima,tum

1868 1268 2064 1337 etiam,
2092 1269 2469 1342 ut0pinabar,
2494 1268 2733 1342 optima,
2760 1268 2874 1324 mei
2897 1268 3412 1342 supergrederetur
3428 1268 3516 1324 in-

1868 1356 2083 1431 genioli
2117 1358 2474 1417 facultatem.

2414 1464 2765 1521 EPISTULA
2802 1464 2971 1540 LVII.

2595 1554 2788 1593 EIDEM.

1941 1624 2335 1683 Dilectissimo
2366 1626 2562 1682 abbati
2596 1626 2870 1683 Ratherto
2892 1625 3091 1698 Lupus
3121 1623 3520 1691 omnimodam

1870 1714 2142 1771 salutem.

1941 1804 2103 1870 Quod
2152 1803 2461 1877 ﬂagitastis
2508 1801 2746 1876 exsequi
2795 1803 3015 1876 absque
3066 1800 3341 1867 dilatione
3382 1818 3520 1865 con-

1868 1892 2060 1960 tendi;
2086 1891 2447 1964 evolutisque
2472 1890 3016 1948 ratiocinationibus
3043 1890 3353 1957 multis,-ad
3368 1890 3520 1953 hanc

1868 1980 2060 2035 virum
2092 1979 2347 2054 compuli
2372 1979 2766 2036 conditionem
2790 1984 2855 2035 ut
2878 1997 2989 2039 non
3011 1980 3183 2037 modo
3206 1984 3411 2043 noceat
3439 1977 3522 2035 ni-

1871 2068 1974 2134 hil,
1996 2086 2199 2124 verum
2229 2070 2406 2124 etiam
2437 2069 2624 2141 prosit
2649 2067 2991 2142 plurimum,
3016 2068 3063 2124 si
3088 2067 3374 2142 ergaejus
3394 2082 3523 2139 pros

1871 2158 2291 2231 pinquum,qui
2315 2163 2575 2230 tempore
2603 2156 2898 2214 tumultus
2918 2155 3208 2223 discessit,
3229 2161 3287 2212 et
3301 2155 3525 2217 instau-

1871 2251 1998 2302 rata
2030 2264 2168 2319 pace
2211 2250 2617 2311 reverteretur,
2648 2244 2888 2319 benigni
2936 2243 3292 2305 exstiteritis.
3329 2243 3393 2307 ld
3424 2260 3525 2308 vos

1870 2341 1927 2392 et
1945 2335 2196 2393 libenter
2217 2336 2479 2391 facturos
2496 2335 2626 2391 etin
2646 2334 2922 2391 omnibus
2955 2350 3081 2406 qua:
3103 2333 3312 2405 jubere
3326 2332 3528 2407 digna-

1872 2429 2032 2481 retur
2070 2425 2475 2491 obsecuturos,
2522 2424 2665 2480 dum
2726 2424 2855 2495 ejus
2913 2422 3106 2497 gratia
3165 2420 3524 2488 frueremini,

1873 2513 2223 2569 ﬁducialiter
2252 2513 2538 2585 spopondi
2567 2517 2778 2585 ;atque
2812 2529 2877 2567 eo
2909 2527 3096 2585 usque
3128 2511 3314 2566 institi
3344 2511 3528 2569 donec

1873 2602 2212 2658 firmissime
2263 2601 2629 2674 promitteret
2678 2601 2828 2657 nihil
2858 2617 2920 2656 se
2950 2599 3114 2655 vobis
3156 2601 3524 2667 effecturum,

1872 2689 1986 2745 nisi
2018 2689 2183 2761 prius
2221 2704 2452 2744 mecum
2503 2705 2744 2745 causam
2796 2688 3103 2745 conferret.
3136 2688 3294 2745 109
3324 2688 3526 2760 Itaque

1875 2778 2117 2833 modum
2159 2776 2457 2851 petitionis
2507 2793 2647 2833 mea:
2698 2776 2807 2832 hoc
2853 2775 2967 2832 ﬁne
3017 2776 3348 2845 terminavi,
3382 2781 3448 2839 ut
3476 2776 3524 2832 si

1875 2868 2112 2941 quando
2140 2866 2385 2925 rebelles
2442 2867 2571 2938 ejus
2622 2867 2813 2922 favore
2861 2882 2999 2921 suas
3041 2863 3306 2938 querelas
3336 2863 3526 2922 fulciri

1876 2957 2278 3029 deposcerent,
2311 2973 2425 3012 non
2473 2955 2646 3028 vulgo
2701 2952 3116 3028 acquiesceret,
3174 2970 3377 3015 verum
3435 2969 3527 3010 res

1879 3046 2162 3103 duntaxat
2182 3046 2393 3119 dignas
2415 3048 2618 3101 vestrae
2639 3042 3009 3100 conscientiae
3024 3044 3533 3111 reservaret.Quse-

1797 3119 1840 3188 C
1879 3136 2015 3191 dam
2047 3134 2161 3191 alia
2191 3134 2449 3207 comperi
2479 3137 2600 3190 tam
2631 3136 2799 3190 caute
2823 3132 3130 3190 revelanda
3152 3136 3219 3188 ut
3234 3148 3305 3188 ea
3319 3130 3532 3187 litteris

1879 3224 2374 3297 comprehendere
2409 3228 2604 3280 tutum
2639 3240 2753 3279 non
2785 3221 3133 3296 putaverim,
3165 3224 3403 3294 tamque
3431 3236 3532 3285 ne-

1879 3314 2134 3370 cessaria
2165 3314 2422 3387 cognitu,
2449 3316 2516 3369 ut
2537 3329 2715 3384 quam
2747 3311 2993 3385 potestis
3024 3309 3292 3379 celerius,
3304 3314 3536 3383 praeter-

1880 3404 1964 3460 ita
1992 3402 2258 3475 qualibet
2300 3402 2417 3459 alia
2467 3401 2738 3468 utilitate,
2771 3399 2919 3459 mihi
2948 3401 3022 3459 ad
3053 3398 3411 3473 colloquium
3441 3415 3538 3479 oe-

1882 3508 2114 3548 currere
2144 3490 2425 3547 debeatis.
2457 3494 2763 3557 Caeterum,
2797 3489 2910 3547 nisi
2936 3489 3061 3562 jam
3095 3488 3410 3546 molestum
3437 3488 3537 3557 sit,

1884 3581 2214 3653 profecturo
2247 3578 2393 3635 mihi
2434 3596 2569 3635 cum
2619 3594 2772 3652 rege,
2805 3578 2854 3634 si
2884 3578 3039 3634 Deus
3066 3576 3213 3647 vult,
3242 3578 3318 3643 ad
3350 3575 3535 3634 Silva-

1885 3685 2022 3726 cum
2042 3669 2318 3725 nuntium
2351 3667 2584 3740 dirigite
2600 3685 2614 3733 ;
2632 3672 2696 3723 ut
2712 3683 2846 3722 cum
2864 3666 3084 3739 gratias
3100 3683 3269 3741 agere
3286 3681 3532 3740 ccipere,

1889 3759 2129 3817 uberius
2150 3756 2381 3814 dicendi
2401 3756 2569 3829 copia
2590 3758 2806 3812 frustm
2825 3759 3133 3813 conantem
3148 3755 3402 3828 plurima
3418 3771 3532 3811 non

1891 3846 2279 3905 destituat.Ut
2300 3862 2432 3901 vero
2462 3843 2769 3917 epistolam
2800 3843 2951 3899 serio
2982 3842 3274 3911 claudam,
3296 3844 3539 3900 obsecro

1893 3952 1965 3992 ne
1986 3934 2099 3991 sim
2121 3934 2285 3990 vobis
2306 3932 2465 3989 oneri
2492 3933 2644 4005 quod
2669 3932 2863 3987 nimia:
2887 3930 3301 3987 familiaritatis
3324 3931 3541 3991 fiducia

123 4020 519 4094 piscentibus,
543 4019 829 4093 perversis
849 4021 1073 4094 aperire
1095 4038 1420 4089 accessum,
1445 4024 1548 4079 99
1567 4023 1784 4080 nedum
1896 4022 2081 4080 multa
2110 4020 2342 4094 postulo
2366 4038 2379 4075 :
2406 4021 2547 4094 quia
2562 4021 2613 4076 si
2628 4020 2805 4075 vitam
2838 4024 2895 4076 et
2923 4020 3371 4093 prosperitatem
3388 4019 3543 4079 Deus

124 4108 511 4185 impunitatis
559 4108 864 4183 indulgere
912 4110 1305 4167 securitatem.
1342 4110 1464 4178 Ille,
1499 4128 1614 4184 quo
1643 4111 1790 4169 solet
1899 4112 2045 4168 mihi
2073 4108 2444 4176 concesserit,
2477 4126 2593 4165 non
2645 4125 2778 4165 sum
2831 4124 2987 4165 nunc
3034 4109 3106 4165 ad
3136 4107 3541 4182 accipiendum

125 4199 295 4256 vultu
319 4215 462 4255 cum
482 4198 775 4272 gratiosus
791 4203 1049 4272 apparet,
1073 4203 1204 4272 post
1220 4200 1487 4272 quaedam
1510 4199 1791 4272 alia,jure
1899 4200 2158 4276 paratior
2203 4215 2381 4272 quam
2431 4198 2727 4271 quondam
2776 4197 2850 4254 ad
2888 4196 3256 4270 largiendum
3284 4212 3416 4255 esse
3445 4213 3547 4253 cu-

129 4305 189 4344 se
218 4288 339 4364 ipsi
374 4286 664 4344 monacho
704 4287 981 4362 deinceps
1029 4293 1378 4363 negaturum
1428 4290 1793 4347 auctoritatis
1902 4291 2061 4347 rabo.

204 4448 283 4525 (a)
292 4447 675 4525 {lenissimum
689 4447 1199 4525 damnationemlflx
1210 4449 1549 4525 hujusmodi
1567 4469 1799 4525 persua-

137 4520 417 4575 sionibus
446 4524 653 4576 natum
680 4525 771 4576 est
799 4522 1097 4577 somnium
1120 4522 1191 4577 de
1212 4520 1588 4581 damnatione
1610 4523 1797 4581 Caroli

140 4589 420 4647 Martelli.
453 4589 884 4649 Existimabant
921 4592 1080 4649 enim
1127 4596 1254 4649 tum
1305 4595 1573 4650 nonnulli
1602 4601 1798 4652 actum

141 4679 391 4737 prorsus
421 4662 495 4717 de
524 4660 713 4737 salute
743 4664 874 4734 ejus
904 4664 1003 4737 qui
1031 4664 1127 4737 vel
1148 4681 1342 4737 ungue
1364 4683 1618 4732 summo,
1637 4672 1701 4722 ut
1720 4668 1803 4723 ita

141 4732 419 4807 dixerim,
445 4732 836 4807 perstringere
856 4732 1268 4807 au—deretbona
1289 4738 1801 4795 monasteriorum.

142 4805 313 4878 Apud
348 4804 666 4878 Caesarium
698 4804 839 4863 sane
870 4805 1492 4878 Heisterbachiensem,
1527 4810 1625 4878 qui
1671 4816 1805 4865 ante

145 4876 620 4949 quadringentos
651 4894 838 4933 annos
865 4876 1317 4952 viv_ebat,legere
1333 4886 1420 4936 est
1452 4876 1670 4937 multos
1687 4898 1807 4937 ma-

146 4953 358 5017 gnates
415 4951 632 5003 aeterna
688 4953 875 5006 morte
932 4950 1239 5007 damnatos
1270 4952 1343 5007 ob
1375 4968 1503 5006 eam
1544 4968 1805 5008 causam.

150 5014 214 5074 Et
244 5019 311 5074 id
345 5016 587 5090 quidem
634 5018 787 5075 valet
832 5019 893 5075 in
925 5020 1268 5078 deterrendo
1300 5027 1401 5078 aut
1429 5022 1807 5079 exhortando.

149 5090 240 5146 Sic
262 5088 610 5175 Bonifacius
625 5090 1007 5175 Moguntinus
1022 5109 1157 5175 cum
1181 5092 1422 5175 aliquot.
1436 5094 1726 5175 episcopis
1742 5112 1813 5160 ex

152 5160 382 5239 synodo
433 5160 1026 5239 quapiam'scribens
1073 5165 1145 5220 ad
1181 5160 1574 5239 Ethilbaldum
1617 5160 1813 5239 regem

211 5232 513 5288 erciorum
528 5232 593 5309 ut
604 5249 739 5289 eum
762 5234 1022 5309 retrahat
1034 5253 1068 5291 a
1079 5236 1419 5309 pervasione
1435 5232 1814 5294 ecclesiarum

156 5308 209 5386 et
220 5304 747 5389 monasteriorum,
763 5304 1212 5389 proponiteiem
1221 5307 1381 5380 plum
1395 5308 1653 5389 Ceolgedi
1673 5310 1817 5389 Mer-

160 5376 388 5431 ciorum
411 5376 664 5452 regis,et
692 5376 895 5433 Osredi
928 5378 1081 5452 regis
1116 5376 1414 5452 Deirorum
1446 5384 1503 5435 et
1533 5380 1819 5452 Bernicio-

164 5463 293 5523 rum
306 5447 435 5523 ,_qui
453 5447 571 5523 «(ob
591 5448 907 5523 fracturam
926 5447 1355 5523 monasterioru
1365 5467 1419 5505 m
1425 5452 1450 5521 j
1462 5455 1589 5523 usto
1594 5450 1819 5523 judicio

164 5517 281 5595 Dei
299 5517 592 5587 damnati,
618 5520 691 5595 de
721 5520 980 5595 culmine
994 5520 1187 5595 regali
1219 5521 1398 5592 hujus
1428 5517 1820 5595 vitaaabjecti,

116 5626 125 5633 -
167 5595 220 5646 et
266 5591 593 5648 immatura
645 5594 704 5646 et
762 5591 1006 5648 terribili
1057 5591 1243 5649 morte
1300 5591 1593 5666 prementi,
1629 5591 1822 5652 a'lucc

490 5717 771 5779 PATROL.
819 5719 1020 5781 CXIX.

1906 4454 2186 4525 perpetua
2212 4448 2489 4525 entranei,
2523 4448 2584 4525 in
2633 4448 3009 4525 profundum
3038 4447 3249 4525 inferni
3287 4451 3347 4503 et
3361 4450 3550 4525 tarta-

2071 4521 2266 4650 sigyssi
2288 4520 2539 4578 demersi
2570 4518 2767 4576 sunt.»
2786 4520 2953 4594 Apud
2974 4518 3334 4575 Bonifacium
3359 4518 3417 4574 in
3438 4518 3557 4592 epi-

1910 4614 1938 4650 s
1965 4613 1998 4650 o
2025 4612 2058 4650 a
2158 4636 2171 4649 .

1910 4596 2058 4653 stola
2085 4596 2171 4650 19.

1979 4667 2058 4738 (b)
2090 4671 2160 4722 De
2189 4665 2303 4720 loco
2342 4672 2532 4738 _nostr_o
2578 4665 2721 4720 sitis.
2756 4664 2957 4738 Itaque
3005 4661 3407 4738 Marcwardus
3441 4659 3561 4738 fuit

1910 4732 2100 4811 primo
2128 4736 2455 4811 monachus
2495 4735 2555 4790 in
2609 4732 2965 4793 monasterio
3014 4732 3393 4802 Ferrariensi,
3425 4732 3560 4789 dein

1914 4806 2096 4866 abbas
2128 4806 2509 4863 Prumiensis.

1987 4879 2337 4952 (σλΙίαιὸενιο
2366 4878 2571 4952 abbati.
2602 4877 2828 4952 Veteris
2886 4878 3178 4952 Corbeiaa,
3210 4877 3269 4933 in
3328 4873 3564 4952 dimcesi

1917 4947 2317 5016 Ambianensi,
2343 4949 2442 5021 qui
2466 4950 2576 5004 sub
2598 4949 2797 5005 Carolo
2818 4949 2987 5005 Calvo
3016 4950 3230 5017 ﬂoruit,
3255 4952 3313 5005 et
3341 4947 3565 5020 integro

1918 5021 2154 5079 nomine
2171 5020 2407 5078 vocatur
2424 5020 2770 5076 Paschasius
2794 5022 3126 5077 Ratbertus.
3151 5021 3349 5077 Exstat
3368 5023 3567 5075 autem

1920 5098 1977 5150 in
2008 5094 2184 5150 veteri
2217 5092 2413 5148 codice
2448 5108 2575 5148 meo
2608 5091 2863 5147 ms.Vita
2892 5092 3077 5147 sancti
3111 5088 3569 5161 Richarii,abba—

1921 5167 1999 5222 tis
2028 5162 2412 5229 Centulensis,
2445 5162 2513 5236 in
2540 5164 2712 5236 cujus
2742 5163 2856 5218 ﬁne
2888 5162 3008 5236 haec
3028 5160 3406 5236 scriptasunt
3427 5160 3571 5236 :_Ex—

1919 5238 2081 5310 plicit
2115 5235 2595 5310 lfitu_s(tnct_is_sivpi
2610 5231 2959 5310 'confessoris
3012 5231 3212 5310 Christi
3236 5231 3509 5310 meum,
3537 5246 3574 5285 a

1924 5305 2327 5365 uenerabilibus
2357 5306 2492 5360 viris
2524 5305 2793 5371 Ratberto,
2827 5320 3036 5361 necnon
3084 5306 3315 5362 Αιοιιὶηο
3355 5305 3573 5371 Albino,

1925 5380 2108 5435 veraci
2136 5377 2276 5449 style
2306 5375 2599 5448 descripta.
2632 5376 2973 5449 Supplicatio
3001 5376 3137 5433 dicti
3165 5376 3369 5433 Albini.

2089 5538 2213 5608 DicL
2230 5535 2544 5608 quicunque
2568 5534 2969 5608 legis’przeelari
2999 5540 3147 5601 gesta
3170 5534 3382 5608 patroni
3414 5549 3429 5586 :

2178 5596 2431 5665 Pauperis
2453 5596 2675 5660 'Albani,
2706 5596 2931 5651 Christe.
2957 5596 3227 5653 nimenta
3258 5600 3352 5650 tui.

3196 5719 3269 5795 17
