3898 6194
73 350 226 412 569

1627 341 2059 406 EPISTOLE.

3417 339 3538 404 5'10

170 485 245 542 Si
287 485 616 558 prudenter
664 483 992 556 cogitemus
1050 481 1206 554 quod
1243 477 1542 553 originalis
1563 477 1781 551 peccati
1812 478 1866 544 Α
1902 477 1974 548 (ll
2003 477 2136 532 Tim.
2170 475 2276 548 Ill).
2310 475 2775 534 Persecutionem
2808 481 3001 534 autem
3045 475 3198 534 hanc
3247 475 3539 550 religiosis

84 573 697 645 meritojustissima
728 572 827 628 Dei
858 572 1115 629 vindicta
1130 568 1360 626 exsules
1383 568 1515 623 facti
1552 583 1782 634 sumus,

88 681 254 719 cum
297 663 547 719 adversa
576 662 742 718 nobis
773 661 1142 733 contingunt,
1174 675 1291 714 non
1323 658 1654 713 mirabitur.
1677 657 1785 711 lte-

92 752 282 825 pulsi
320 752 480 808 enim
513 769 546 806 a
578 750 789 805 laetitiae
821 749 1028 822 patria,
1064 750 1122 802 in
1153 748 1359 803 vallem
1394 746 1785 818 laerymarum

95 859 347 898 sumus
371 841 612 912 dejecti.
647 840 743 895 Dei
778 839 969 911 potius
997 836 1306 893 ineffabilis
1345 834 1653 891 clementia
1690 851 1786 888 su-

99 931 440 1004 spicienda
470 931 679 1002 pieque
713 929 1009 984 laudanda
1037 932 1290 999 est,quae
1314 943 1422 981 nos
1454 941 1558 980 nec
1589 924 1789 994 inipsa

99 1020 208 1075 ira
243 1020 493 1090 deserit,
525 1024 581 1074 et
602 1018 796 1073 tristia
826 1017 1058 1071 blandis
1091 1016 1434 1089 plerumque
1479 1016 1786 1084 temperat,

104 1126 193 1165 ne
228 1125 488 1164 mcerore
518 1107 671 1173 victi,
703 1107 762 1161 in
807 1105 1230 1178 desperationis
1272 1103 1612 1159 barathrum
1662 1118 1789 1155 cor-

111 1214 412 1254 ruamus.
438 1196 600 1252 Unde
628 1195 919 1267 culpanda
949 1193 1338 1266 quorumdam
1370 1191 1789 1254 temeritasest,

114 1287 236 1358 qui
295 1286 499 1360 gratiae
546 1284 754 1340 divinae
808 1283 1100 1338 continuis
1130 1280 1439 1337 assuefacti
1472 1278 1788 1342 beneficiis,

116 1377 284 1430 dum
320 1371 621 1446 aliquibus
639 1379 964 1444 tanguntur
985 1370 1396 1437 incommodis,
1414 1373 1648 1441 peccata
1660 1383 1794 1439 que-

119 1463 278 1520 relis
314 1466 817 1536 augent,quorum
850 1459 1046 1515 debita
1074 1475 1178 1514 nec
1210 1457 1493 1514 admoniti
1525 1471 1796 1528 recogno-

120 1568 306 1610 scere
358 1551 704 1606 debuerunt.
741 1547 1028 1604 Credibile
1073 1553 1267 1604 tamen
1313 1551 1403 1601 est
1449 1546 1509 1600 in
1550 1559 1794 1599 numero

127 1642 419 1698 fidelium
453 1639 679 1712 aliquos
715 1654 843 1694 esse
872 1637 1392 1708 sanctitate,quam
1417 1634 1696 1690 divinitus
1711 1648 1798 1687 ac-

126 1729 450 1803 ceperunt,
475 1728 759 1801 egregios,
787 1741 1037 1799 quorum
1059 1743 1175 1781 non
1207 1729 1326 1779 tam
1359 1723 1567 1779 delicta
1597 1738 1798 1777 curen-

128 1825 244 1876 tur
283 1817 544 1874 adversis
573 1833 752 1889 quam
785 1815 994 1870 merita
1022 1818 1367 1886 augeantur.
1400 1813 1598 1884 Neque
1641 1809 1796 1865 enim

134 1907 255 1965 soli
292 1908 463 1963 beato
494 1907 603 1962 Job
624 1906 778 1960 Deus
814 1920 1034 1960 munus
1065 1903 1174 1958 hoc
1217 1901 1482 1967 contulit,
1518 1917 1692 1972 quem
1725 1899 1798 1952 ad

135 1997 507 2052 imitandum
540 1995 724 2051 servis
752 1994 880 2049 suis
909 1994 968 2047 in
992 2007 1121 2048 arce
1152 1991 1446 2063 patientiae
1477 1988 1797 2045 collocavit.

139 2087 261 2152 Qui
304 2084 441 2140 vicit
481 2084 538 2139 in
570 2083 690 2149 illo,
722 2082 902 2138 vincit
957 2082 1018 2137 in
1071 2080 1295 2145 multis,
1327 2095 1460 2135 cum
1493 2077 1711 2150 quibus
1739 2093 1800 2132 se

141 2177 423 2231 futurum
455 2189 647 2245 usque
673 2173 734 2226 in
765 2173 942 2228 ﬁnem
973 2170 1170 2227 seculi
1202 2168 1526 2242 pollicetur.
1557 2167 1612 2221 Si
1629 2167 1799 2236 cujus

147 2262 495 2320 felicitatem
548 2259 714 2317 nulla
759 2277 1022 2333 unquam
1073 2258 1404 2332 pertubatio
1451 2254 1800 2328 interpellet,

146 2371 337 2426 quam
371 2352 574 2407 tardus
605 2350 841 2416 est,nisi
876 2355 1095 2404 metum
1111 2348 1247 2403 hinc
1276 2346 1649 2418 concipiatne
1666 2359 1800 2399 cum

150 2445 482 2516 purpurato
511 2439 687 2495 divite
720 2437 1018 2512 quondam
1049 2437 1278 2492 audiat:
1314 2437 1580 2507 Recepisti
1592 2435 1729 2490 bona
1743 2434 1802 2487 in

149 2534 268 2588 vita
301 2539 397 2586 tua
423 2529 574 2602 (Luc.
605 2529 722 2598 xw)
754 2529 824 2582 Et
856 2527 1147 2599 quomodo
1177 2540 1295 2581 non
1342 2540 1477 2580 eum
1527 2522 1627 2578 illa
1654 2522 1804 2576 veri-

153 2620 319 2676 dicat
347 2622 562 2674 terreat
592 2617 883 2673 sententia
914 2633 926 2671 :
961 2617 1174 2671 Ducunt
1201 2617 1261 2669 in
1298 2615 1453 2669 bonis
1497 2613 1613 2668 dies
1655 2627 1800 2678 suos,

155 2718 211 2766 et
238 2711 298 2764 in
327 2715 522 2780 puncto
550 2706 620 2762 ad
650 2707 871 2777 inferna
897 2704 1230 2761 descendunt
1261 2704 1376 2773 (Job
1402 2700 1653 2769 130.1118
1672 2715 1805 2755 vero

160 2798 269 2872 qui
302 2795 460 2870 vigili
486 2795 771 2851 memoria
799 2798 1040 2866 repetat,
1065 2793 1218 2849 142
1249 2792 1510 2863 Flagellat
1542 2795 1685 2847 Deus
1701 2806 1809 2845 om-

160 2904 294 2944 nem
337 2889 519 2958 ﬁlium
549 2901 707 2958 quem
741 2885 935 2956 recipit
960 2881 1107 2955 (Heb.
1138 2881 1260 2952 xu),
1294 2880 1344 2936 si
1376 2879 1578 2934 morbo
1609 2895 1808 2950 grave-

163 2981 285 3046 tur,
331 2991 568 3032 excessu
620 2972 1109 3028 necessitudinem
1150 2973 1423 3034 tentetur,
1467 2967 1810 3022 substantias

167 3063 586 3121 imminutione
612 3061 698 3117 vel
729 3061 1045 3117 amissione
1074 3058 1360 3131 pulsetur,
1380 3057 1672 3129 quomodo
1697 3072 1811 3111 non

169 3155 244 3210 ad
294 3154 563 3209 affectum
612 3150 830 3224 gratias
886 3148 1094 3222 agendi
1129 3147 1220 3218 pio
1251 3146 1476 3218 parenti
1509 3144 1809 3211 excitetur,

170 3245 342 3314 cujus
372 3258 512 3298 cura
540 3257 603 3295 se
635 3239 877 3312 dignum
919 3236 1304 3308 correptionis
1335 3233 1654 3307 privilegio,
1688 3234 1814 3306 ipso

171 3331 533 3395 instituente,
554 3326 892 3400 praesumit?
911 3326 1137 3381 Futura.-
1166 3323 1294 3378 vitae
1317 3323 1560 3378 dulcedo
1574 3323 1814 3395 segnius

171 3422 562 3492 appeteretur,
580 3416 693 3471 nisi
724 3414 937 3488 saepius
961 3413 1264 3486 praesentis
1294 3411 1623 3468 amaritudo
1641 3411 1816 3466 senti-

173 3515 350 3565 retur.
388 3506 558 3562 Multi
590 3506 718 3572 has,
753 3504 944 3577 qualis
975 3507 1083 3570 est,
1107 3501 1490 3557 delectantur.
1525 3498 1814 3557 Nimirum

167 3599 364 3670 plures
407 3595 854 3661 delectarentur,
908 3593 954 3648 si
1005 3591 1244 3647 assidua
1291 3590 1647 3662 prosperitas
1686 3592 1818 3642 vota

167 3687 430 3743 omnium
480 3688 840 3756 sequeretur.
877 3679 1117 3738 Proinde
1163 3681 1298 3752 quis
1338 3696 1452 3734 non
1497 3677 1693 3733 videat
1721 3677 1816 3731 in-

167 3771 569 3847 comprehensi
578 3772 677 3827 bili
702 3772 801 3828 Dei
820 3772 1035 3843 pietate
1059 3786 1161 3842 per
1175 3768 1482 3844 molestam
1497 3765 1676 3837 hujus
1687 3765 1816 3820 vitas

169 3861 620 3920 mutabilitatem
651 3860 869 3933 impelli
904 3877 1010 3916 nos
1043 3859 1198 3931 quod
1214 3875 1307 3913 am
1331 3861 1491 3912 motu
1511 3855 1580 3910 ad
1615 3870 1817 3926 capes-

171 3953 409 4010 sendam
441 3949 679 4006 alterius
708 3950 836 4004 vita:
867 3946 1430 4012 immutabilitatem,
1457 3941 1676 4014 impelli
1711 3958 1816 3997 nos

171 4042 380 4115 pietate
410 4057 512 4112 per
551 4039 856 4095 molestam
907 4037 1087 4110 hujus
1137 4036 1265 4091 vitae
1320 4030 1816 4089 mutabilitatem?

172 4129 455 4186 Dominus
482 4129 674 4195 Jesus,
711 4126 811 4199 qui
857 4143 990 4182 cum
1042 4126 1208 4180 Patre
1249 4128 1306 4178 et
1351 4121 1569 4192 Spiritu
1618 4123 1818 4175 sancto

179 4218 472 4276 beatitudo
495 4219 695 4272 nostra
725 4216 968 4282 erit,eos
988 4213 1089 4286 qui
1119 4214 1249 4284 ejus
1280 4209 1616 4283 magisterio
1631 4207 1814 4264 adhaa.

177 4307 375 4363 rebant
405 4307 475 4361 ad
507 4303 808 4361 toleranda
834 4304 1076 4360 adversa
1096 4319 1201 4356 suo
1231 4298 1492 4370 exemplo
1524 4297 1606 4354 sic
1642 4295 1818 4350 infor-

182 4400 304 4452 mat
334 4412 346 4450 :
379 4395 533 4451 Sicut
566 4396 717 4450 misit
747 4410 831 4450 me
851 4395 1030 4459 Pater,
1063 4399 1113 4447 et
1150 4406 1244 4461 ego
1294 4391 1452 4446 mitto
1500 4403 1589 4443 vos
1637 4385 1818 4457 (Joan,

179 4489 315 4551 xx);
366 4501 440 4539 ne
482 4499 545 4538 se
590 4481 754 4556 diligi
797 4483 1173 4554 desperarent
1205 4478 1278 4532 ab
1308 4493 1395 4546 eo,
1443 4489 1579 4532 cum
1643 4471 1820 4528 variis

181 4576 559 4648 quaterentur
578 4569 988 4634 incommodis,
1004 4563 1238 4639 quando
1261 4564 1708 4621 dilectissimum
1722 4561 1822 4616 Pa-
1851 4577 1898 4641 D

185 4663 253 4718 tri
286 4661 496 4718 Filium
520 4677 622 4733 per
651 4660 855 4716 eadem
889 4657 1172 4713 transisse
1187 4653 1653 4712 recolerent.Nec
1677 4649 1819 4723 quid

181 4753 260 4808 eis
289 4750 626 4807 immineret
654 4747 975 4817 occultans,
1008 4750 1073 4802 In
1101 4746 1333 4808 mundo,
1366 4742 1575 4815 inquit,
1609 4757 1822 4814 pressu-

187 4857 301 4897 ram
345 4839 595 4906 habetis;
624 4837 717 4894 sed
763 4836 1033 4907 conﬁdite,
1064 4850 1158 4906 ego
1206 4835 1316 4888 vici
1342 4832 1609 4888 mundum
1638 4834 1816 4901 (Joan.

189 4932 334 4998 xvx);
367 4927 591 4984 scilicet
641 4929 706 4982 ut
752 4924 1067 4998 superandi
1114 4923 1263 4979 vires
1293 4921 1352 4977 in
1384 4918 1484 4976 illo
1515 4937 1575 4975 se
1609 4919 1821 4978 habere

194 5019 601 5090 cognoscerent
631 5015 732 5087 qui
765 5012 1136 5085 omnipotens
1184 5014 1356 5067 esset.
1393 5009 1642 5065 Sanctus
1670 5011 1819 5082 Apo-

191 5106 388 5172 stolus,
423 5106 480 5160 in
505 5121 621 5177 quo
656 5103 948 5159 evidenter
997 5102 1096 5158 Dei
1147 5099 1399 5172 Spiritus
1447 5097 1819 5169 loquebatur,

189 5210 289 5250 sua
333 5198 598 5266 tempora
637 5191 864 5258 videns,
915 5193 1114 5245 nostra
1162 5185 1482 5260 praevidens
1524 5187 1684 5255 :Qui
1728 5201 1820 5242 vo-

195 5284 326 5347 lunt,
358 5281 457 5350 ait,
488 5281 668 5336 vivere
715 5282 786 5356 in_
819 5279 1052 5345 Christo,
1079 5276 1504 5350 persecutionem
1537 5275 1826 5345 patientur

251 5453 330 5520 (a)
349 5447 650 5506 Heribaldo.
674 5445 1127 5506 Antissidorensi
1150 5443 1442 5516 episc0po,
1463 5444 1632 5515 cujus
1650 5443 1824 5499 toties

194 5539 359 5582 supra
388 5521 542 5578 facta
572 5520 787 5576 mentio
818 5524 925 5575 est.
1043 5561 1048 5565 .

274 5585 571 5664 b)Jurandi
599 5590 908 5664 consuetud.
933 5585 1208 5664 Intelligit
1225 5583 1378 5640 haud
1405 5584 1578 5664 dubie
1609 5601 1823 5664 sermo-

194 5655 313 5723 nem
332 5667 421 5728 28,
452 5664 523 5720 de
554 5662 746 5720 verbis
775 5659 1056 5733 Apostoli.
1084 5655 1428 5731 Quanquam
1462 5655 1820 5728 Augustinus

1893 565 2276 639 intelligimus
2297 567 2496 623 inferri
2526 566 2612 622 vel
2644 568 2715 623 ab
2749 568 3074 624 immundis
3103 567 3428 640 spiritibus,
3448 565 3534 623 vel

1894 673 1929 710 a
1957 655 2146 728 pravis
2176 657 2537 712 hominibus.
2570 656 2808 722 Verum,
2841 658 2961 713 sive
2990 658 3144 713 Deus
3182 661 3384 723 tentet,
3416 657 3536 713 sive

1893 747 2103 801 tentari
2138 747 2454 818 permittat,
2476 763 2546 802 ne
2579 746 2942 802 muliebriter
2970 747 3160 819 pavidi
3193 749 3538 803 succumba-

1897 852 2050 901 mus,
2081 834 2219 890 alibi
2256 853 2361 890 nos
2391 835 2482 890 his
2508 836 2700 890 verbis
2748 837 3056 891 confirmat
3089 853 3103 893 :
3135 839 3290 893 148
3337 838 3539 893 Fidelis

1894 925 2056 988 Deus,
2093 927 2190 996 qui
2218 941 2326 980 non
2354 927 2593 996 patietur
2622 940 2711 979 ros
2733 928 2938 980 tentari
2960 943 3127 998 supra
3158 926 3215 981 id
3247 925 3386 998 quod
3399 933 3540 998 pote-

1896 1015 2034 1079 stis;
2079 1013 2170 1068 sed
2215 1015 2383 1085 faciet
2430 1030 2554 1068 cum
2603 1017 2895 1069 tentatione
2940 1016 3170 1081 exitum,
3219 1023 3281 1070 ut
3323 1017 3539 1087 possitis

1895 1104 2167 1157 sustinere
2197 1104 2244 1167 (Ι
2273 1104 2394 1158 Cor.
2426 1106 2505 1168 Χ),
2532 1101 2686 1156 Nihil
2719 1102 2914 1174 itaque
2957 1103 3327 1175 importahile
3368 1106 3540 1161 nobis

1899 1192 2160 1246 evenisse
2191 1207 2523 1256 causemur,
2561 1191 2838 1262 quoniam
2873 1192 2970 1263 qui
3015 1197 3306 1249 certamen
3329 1211 3538 1268 propo-

1900 1280 2004 1348 nit,
2031 1281 2078 1335 si
2112 1274 2439 1351 postuletur
2468 1279 2733 1347 fldeliter,
2766 1279 3030 1335 vincendi
3063 1281 3288 1353 copiam
3322 1285 3543 1340 submi-

1902 1369 2133 1424 nistrat.
2166 1369 2582 1424 Benedicamus
2613 1385 2750 1439 ergo
2789 1384 2924 1424 eum
2953 1369 3012 1424 in
3058 1370 3215 1425 omni
3259 1376 3540 1445 tempore,

1904 1459 2003 1531 qui
2039 1463 2097 1513 et
2127 1457 2424 1530 prosperis
2450 1474 2556 1513 nos
2587 1457 2812 1528 invitat,
2845 1462 2902 1513 et
2947 1459 3206 1516 adversis
3254 1462 3540 1534 castigat;

1903 1554 1960 1604 et
1991 1547 2065 1603 sit
2095 1563 2326 1618 semper
2354 1546 2484 1602 laus
2516 1548 2644 1618 ejus
2675 1546 2732 1600 in
2764 1563 2860 1602 ore
2892 1552 3111 1617 nostro,
3145 1553 3210 1603 ut
3237 1551 3392 1621 quod
3417 1550 3545 1624 ipso

1902 1636 2187 1709 largiente
2217 1637 2276 1690 in
2309 1635 2521 1691 saecula
2549 1635 2896 1691 saaculorum
2923 1637 3127 1692 facturi
3150 1653 3358 1694 sumus
3371 1639 3546 1705 beati,

1898 1727 2024 1797 jam
2059 1741 2212 1782 nunc
2242 1726 2596 1780 meditemur
2620 1725 2828 1781 devoti.
2847 1729 2979 1781 Haec
2995 1727 3067 1781 ad
3087 1727 3546 1784 consolationem

1908 1815 2179 1884 strictim,
2193 1813 2414 1869 vitandi
2437 1813 2654 1870 fastidii
2672 1814 2878 1885 gratia,
2894 1815 3316 1887 comprehensa
3333 1817 3547 1873 sancti-

1908 1905 2013 1960 tati
2040 1908 2241 1960 vestrze
2276 1903 2523 1976 dirigere
2555 1902 2791 1958 studui:
2826 1920 2974 1975 quas,
3017 1904 3200 1973 vobis,
3254 1910 3319 1960 ut
3353 1907 3545 1976 credo,

1909 1998 2082 2050 erunt
2112 1993 2390 2065 proficua,
2424 1991 2561 2062 quia
2599 1996 2656 2047 et
2699 2007 2768 2047 ex
2815 1992 3116 2048 charitatis
3163 1994 3320 2049 fonte
3368 1995 3551 2067 petita

1909 2088 2072 2149 sunt,
2103 2086 2161 2136 et
2209 2098 2278 2136 ex
2329 2081 2534 2136 eodem
2585 2081 2742 2136 fonte
2793 2087 3128 2137 manarunt.
3161 2083 3271 2138 Mei
3303 2083 3552 2157 benigne

1911 2187 2200 2227 memores
2232 2169 2401 2242 cupio
2425 2186 2527 2224 vos
2555 2168 2744 2225 valere
2775 2168 3035 2225 feliciter.

2455 2283 2804 2340 EPISTOLA
2842 2285 3002 2340 XCV.

2494 2390 2566 2426 AD
2597 2390 2627 2427 Η
2641 2389 2967 2429 ERIBOLDUM

2476 2464 2570 2516 Ea:
2592 2469 2750 2532 parte
2769 2463 3005 2536 reginae.

1985 2572 2048 2627 In
2077 2569 2311 2627 nomine
2341 2568 2572 2625 Domini
2605 2568 2787 2624 solius
2818 2573 2874 2626 et
2897 2570 3334 2644 omnipotentis.
3352 2575 3558 2632 Irmin-

1913 2660 2140 2728 drudis,
2157 2659 2342 2731 ipsius
2371 2657 2558 2730 gratia
2579 2657 2903 2725 ordinante,
2922 2660 3125 2732 regina
3156 2661 3233 2734 (a)
3247 2663 3558 2721 Heriboldo

1912 2747 2231 2805 venerabili
2261 2746 2530 2819 episcopo
2562 2745 2833 2802 salutem.
2855 2749 3142 2813 Quoniam
3173 2751 3558 2809 diuturnain-

1919 2839 2168 2895 firmitas
2200 2839 2430 2910 gratum
2480 2835 2650 2891 nobis
2692 2838 2896 2891 vestras
2941 2837 3268 2896 sanctitatis
3313 2841 3564 2916 denegat

1919 2925 2296 2997 colloquium,
2321 2923 2546 2980 absenti
2579 2923 3060 2996 scribimusquod
3075 2929 3344 2998 praesenti
3375 2929 3561 2984 liben-

1918 3015 2039 3070 tius
2070 3011 2756 3069 diceremus.Germanus
2785 3015 2972 3067 vester
3000 3012 3563 3073 destitutushonori-

1922 3104 2307 3174 bus,propter
2334 3099 2601 3156 homines
2631 3099 2731 3172 qui
2761 3099 2812 3156 ei
2847 3099 3111 3157 famulati
3144 3108 3283 3158 sunt
3314 3103 3565 3164 maxime

1847 3213 1888 3280 ρ
1928 3191 2156 3259 anxius,
2199 3193 2408 3246 nostra:
2456 3188 2690 3262 pietatis
2741 3205 2908 3261 opem
2953 3190 3208 3261 expetiit,
3243 3193 3563 3264 conﬁdens,

1928 3285 2059 3353 post
2091 3281 2296 3347 Deum,
2330 3283 2531 3334 nostra
2554 3295 2729 3349 opera
2761 3295 2822 3334 se
2853 3277 3205 3337 calamitatis
3235 3281 3566 3340 molestiam

1924 3386 2264 3435 evasurum;
2289 3385 2484 3440 quem,
2501 3367 2676 3422 solita
2707 3369 3163 3425 mansuetudine
3194 3370 3564 3440 miserantes,

1925 3458 2417 3531 opportunitatem
2467 3457 2580 3512 Deo
2631 3457 2922 3528 praebente
2969 3458 3241 3530 cupimus
3269 3461 3568 3533 adjuvare.

1922 3547 2138 3603 Verum
2173 3551 2236 3601 ut
2267 3546 2322 3600 in
2352 3543 2564 3618 palatio
2595 3547 2748 3601 144
2769 3545 3087 3603 voluntatis
3118 3552 3574 3622 nostraeprassto—

1923 3636 2032 3693 lari
2064 3635 2248 3708 possit
2277 3635 2565 3701 effectum,
2601 3634 2920 3691 suademus
2965 3653 3035 3692 ne
3081 3638 3400 3710 gravemini
3443 3639 3573 3710 ejus

1927 3725 2310 3798 indigentiam
2324 3723 2550 3780 collatis
2563 3723 2906 3780 necessariis
2920 3723 3574 3798 temperare.Cumenim

1927 3814 2111 3870 soleat
2138 3817 2329 3868 vestra
2350 3811 2592 3883 largitas
2613 3811 2946 3868 ministrare
2976 3814 3269 3885 postulata
3297 3815 3572 3886 externis,

1928 3902 2102 3958 etiam
2134 3917 2412 3973 germano
2442 3899 2724 3972 indigenti
2759 3916 2874 3955 non
2897 3900 3023 3956 sine
3053 3917 3156 3973 spe
3187 3903 3394 3958 divina:
3413 3905 3576 3960 retri-

1928 3989 2186 4046 butionis
2235 3988 2391 4043 idem
2442 3987 2592 4041 valet
2640 3992 2952 4059 prmstarc:
2986 3991 3142 4060 quod
3193 3989 3358 4046 facile
3389 3993 3573 4049 sacris

1929 4083 2393 4134 monstraremus
2425 4075 2691 4147 eloquiis,
2709 4075 2820 4132 nisi
2839 4076 2990 4133 ultro
3008 4094 3075 4132 ea
3088 4077 3250 4134 vobis
3267 4095 3573 4136 occurrere

1930 4167 2256 4231 credemus,
2308 4170 2366 4220 et
2413 4168 2622 4219 nostra:
2667 4169 2988 4236 vestraeque
3027 4183 3286 4238 persona
3335 4167 3578 4224 habere-

1929 4271 2065 4311 mus
2113 4251 2662 4309 considerationem.
2713 4251 3037 4323 lmpendite
3083 4253 3265 4327 igitur
3309 4255 3571 4312 debitum

1930 4341 2194 4417 religioni
2225 4346 2282 4396 et
2305 4339 2723 4396 necessitudini
2747 4342 3040 4413 affectum,
3055 4344 3192 4399 etin
3211 4343 3574 4404 orationibus

1931 4433 2114 4490 nostri
2145 4430 2380 4488 assidue
2413 4446 2701 4485 memores
2733 4429 2878 4486 bene
2905 4430 3110 4487 valete.

2464 4544 2804 4602 EPISTOLA
2843 4543 3030 4600 XCVI.

2424 4651 2497 4689 AD
2537 4649 2804 4702 CAROLUM
2845 4651 3056 4690 REGEM.

2001 4741 2262 4799 Glorioso
2296 4738 2536 4795 Domino
2568 4739 3103 4811 pracellentissimo
3126 4739 3248 4812 regi
3277 4739 3551 4797 Caroloin

1929 4836 2088 4906 tegre
2120 4829 2306 4885 ﬁdelis
2343 4829 2543 4900 Lupus
2575 4828 2844 4884 salutem.

2001 4921 2145 4976 Cum
2177 4922 2419 4974 avestra
2459 4917 2765 4988 majestate
2816 4916 3169 4990 digrederer,
3215 4915 3572 4990 praecepistis

1931 5007 2395 5080 ut,impendente
2417 5003 2894 5076 Quadragesima,
2928 5004 3209 5077 quiddam
3229 5004 3394 5060 vobis
3433 5003 3572 5059 diri-

1931 5113 2125 5172 gerem
2161 5096 2314 5151 unde
2345 5093 2620 5166 ceperitis
2644 5093 2897 5148 fructum
2937 5092 3191 5164 aliquem
3239 5092 3573 5148 aedificatio-

1931 5187 2044 5242 nis.
2075 5189 2413 5240 Sermonem
2453 5182 2649 5253 itaque
2687 5181 2837 5236 beati
2874 5180 3206 5254 Augustini,
3241 5181 3299 5236 in
3349 5195 3464 5254 quo
3498 5181 3572 5254 (ὁ)

1923 5273 2163 5347 jurandi
2196 5270 2682 5326 consuetudinem
2713 5269 3033 5338 dissuadet,
3063 5285 3358 5343 quamque
3387 5268 3463 5325 sit
3492 5270 3572 5324 fe-

1933 5437 2134 5496 multis
2155 5437 2212 5492 in
2246 5435 2388 5492 locis
2413 5437 2674 5507 disputat
2689 5437 2976 5509 adversus
2997 5453 3096 5494 eos
3125 5437 3314 5509 quiad
3328 5435 3576 5509 quamli-

1932 5513 2029 5567 bet
2057 5509 2420 5581 occasionem
2445 5507 2941 5581 jurant,ite_mque
2953 5507 3233 5581 adversus
3245 5507 3453 5581 eos‘qui
3471 5524 3572 5579 pe-

1925 5584 2138 5709 ,ierant.
2176 5578 2314 5634 Vide
2343 5577 2553 5633 Jonam
2582 5577 2900 5650 Aurelian},
2924 5579 3024 5635 lib.
3046 5597 3084 5635 ιι
3115 5581 3186 5635 de
3205 5577 3572 5639 lnstitutibne

1955 5651 2118 5709 aicali
2147 5667 2273 5709 can.
2309 5651 2398 5706 95.

1955 5651 2118 5710 aicali
2147 5667 2273 5722 cap.
2309 5651 2398 5706 95.
