3898 6194
624 421 776 478 16³
830 422 1170 479 EPISTULA
1213 423 1345 478 CXI.

625 510 701 581 (α)
723 527 795 566 AD
817 527 1051 568 omnem
1074 529 1350 568 ABBATEM.

219 595 588 655 Charissimo
606 614 713 655 suo
726 599 933 668 Odoni,
955 600 1231 657 abbatum
1252 598 1808 674 clarissimo,Lupus

142 683 475 757 plurimam
507 684 794 743 salutemr

220 771 456 847 Magnis
486 779 543 831 et
571 774 899 833 innumeris
928 781 1130 834 vestrae
1168 777 1534 834 liberalitatis
1566 779 1808 835 affectus

142 859 474 932 beneﬁciis,
526 863 597 931 si,
630 880 777 936 quas
826 864 1025 920 animo
1072 866 1315 933 retineo,
1351 866 1570 939 gratias
1620 865 1808 922 verbis

140 949 440 1021 explicare
462 968 722 1020 conarer,
750 969 864 1008 non
885 952 1141 1026 epistola:
1163 953 1374 1023 solum,
1406 970 1607 1011 verum
1629 954 1806 1011 etiam

138 1037 470 1097 voluminis
491 1041 733 1098 modum
756 1042 1113 1098 excederem.
1138 1043 1476 1117 Amplitudo
1496 1049 1690 1101 vestra
1710 1062 1809 1100 no-

141 1132 336 1184 stram
357 1129 737 1203 exiguitatem
761 1147 878 1186 non
901 1132 1185 1205 despexit,
1205 1137 1523 1206 egestatem
1546 1134 1808 1190 ubertate

144 1215 338 1274 nimia
385 1218 738 1289 sublevavit;
791 1237 897 1276 nec
929 1220 1043 1277 tale
1072 1222 1212 1293 quid
1258 1238 1349 1278 me
1380 1222 1665 1294 suspicari
1699 1240 1807 1279 au-

141 1306 408 1376 dentem,
443 1312 643 1381 utpote
672 1308 843 1382 longe
873 1310 1179 1383 imparem,
1204 1310 1495 1367 ﬁdissima
1523 1311 1634 1367 sibi
1667 1311 1808 1367 ami-

140 1394 286 1452 citia
337 1397 693 1470 coaequavit:
745 1397 917 1470 cujus
949 1416 1054 1472 ego
1110 1399 1479 1456 suavissimis
1517 1400 1805 1457 fructibus

139 1485 476 1557 perfruens,
526 1487 763 1544 tametsi
809 1487 1085 1544 facultate
1116 1489 1422 1559 destituor,
1456 1506 1572 1545 non
1604 1489 1805 1547 desino

139 1575 360 1632 anxius
388 1576 660 1633 meditari
693 1575 902 1633 saltem
948 1578 1223 1634 affectum
1257 1580 1371 1635 mei
1401 1579 1583 1636 animi
1614 1579 1803 1635 decla-

138 1677 296 1720 rare.
329 1664 607 1721 Omnium
628 1664 921 1738 siquidem
948 1665 1272 1723 amicorum
1296 1684 1444 1740 quos
1465 1669 1536 1724 ab
1568 1666 1805 1725 ineunte

136 1757 317 1809 aetate
362 1752 561 1810 divina
606 1753 752 1810 mihi
783 1752 969 1827 pietas
1018 1756 1267 1812 contulit
1317 1756 1656 1813 ﬁrmissime
1701 1774 1804 1814 vos

137 1846 316 1899 teneo
348 1842 661 1916 principes,
697 1860 803 1899 nec
848 1845 1203 1918 cujusquam
1252 1845 1495 1903 alterius
1524 1850 1590 1902 ut
1619 1850 1807 1903 vestra

140 1931 488 2005 dignatione
517 1937 576 1989 et
592 1932 928 2006 largissime
953 1933 1320 1991 humanitate
1345 1952 1437 1991 me
1459 1936 1644 1992 sentio
1666 1935 1806 1992 obli-

138 2024 390 2093 gatum;
423 2023 567 2079 adeo
590 2027 654 2077 ut
676 2039 811 2079 cum
834 2022 955 2079 haec
979 2028 1196 2096 repeto,
1222 2025 1451 2081 ruboris
1474 2024 1804 2083 molestiam

140 2108 611 2183 haudquaquam
642 2110 866 2167 valeam
895 2112 1111 2169 evitare
1137 2130 1151 2182 ;
1184 2117 1358 2186 atque
1389 2131 1574 2170 unum
1604 2131 1670 2170 ac
1690 2114 1805 2171 sin-

139 2197 351 2270 gulare
382 2199 573 2255 fessus
606 2200 832 2271 reperio
867 2200 1167 2271 solatium,
1201 2203 1355 2273 quod
1374 2202 1568 2258 divina
1596 2203 1803 2276 gratia,

140 2304 275 2359 quas
311 2304 405 2344 me
438 2288 584 2344 nihil
619 2288 962 2361 hujusmodi
996 2296 1315 2348 merentem
1348 2292 1407 2346 in
1442 2296 1669 2348 tantum
1691 2292 1809 2349 cul-

139 2393 280 2433 men
314 2378 612 2435 societatis
633 2378 835 2448 evexit,
864 2379 1147 2439 collatura
1175 2380 1346 2437 sitne
1377 2381 1436 2437 in
1460 2387 1805 2454 perpetuum

139 2466 512 2523 erubescam.
544 2468 749 2534 Quaeso
783 2485 854 2525 ne
886 2468 1105 2541 putetis
1136 2486 1229 2525 me
1274 2469 1671 2527 delinimentis
1702 2470 1807 2525 fal-

139 2555 374 2613 lacibus
389 2555 553 2612 vobis
576 2556 843 2630 illudere,
866 2558 1344 2631 quandoquidem
1370 2564 1487 2615 tam
1510 2561 1629 2615 sint
1653 2561 1807 2633 apud

142 2661 240 2701 me
291 2662 420 2717 qua:
469 2644 671 2702 leviter
701 2649 877 2719 tango
910 2646 1063 2703 seria
1097 2653 1159 2703 ut
1209 2648 1268 2703 in
1300 2648 1385 2704 eis
1425 2648 1597 2721 digne
1628 2648 1806 2721 expli-

142 2734 354 2791 candis
372 2734 616 2807 quaesita
632 2734 857 2792 laboret
873 2737 1079 2792 oratio.
1097 2737 1380 2793 Caeterum
1396 2739 1621 2794 utinam
1636 2739 1810 2795 fallax

143 2826 310 2880 fama
334 2823 652 2897 vulgaverit
674 2825 732 2881 in
756 2826 1061 2899 procinctu
1095 2831 1298 2882 contra
1329 2828 1606 2884 barbaros
1626 2845 1806 2899 quos-

143 2913 286 2968 dam
320 2918 647 2971 vestrorum
679 2915 933 2989 graviter
952 2916 1264 2983 sauciatos,
1294 2915 1592 2988 inquibus
1613 2918 1810 2973 admo-

145 3003 293 3057 dum
327 3002 606 3060 dilectum
642 3004 810 3061 nobis
841 3004 907 3060 G.
939 3003 1254 3061 lethalibus
1289 3006 1623 3062 confossum
1656 3008 1810 3062 164

143 3091 495 3148 vulneribus
545 3093 637 3149 vix
675 3109 1009 3150 evasurum.
1047 3093 1192 3150 Hinc
1242 3095 1567 3150 vehementi
1615 3096 1812 3152 dolore

1658 293 2081 355 EPISTOLA‘}.

1839 425 1892 491 Α
1922 422 2156 501 plurimi
2211 426 2466 499 lugeant.
2520 429 2886 501 Emptionem
2933 429 3087 498 ferri,
3134 430 3289 502 quod
3335 431 3569 502 propter

1834 1800 1882 1865 B

3448 296 3566 356 586

1917 530 2171 571 messem
2204 520 2329 572 erat
2354 517 2720 587 difﬁcillima,
2755 518 3117 587 distulimus,
3153 518 3341 591 parati
3374 518 3433 573 in
3465 535 3570 575 na-

1916 619 2043 657 vem
2091 622 2269 675 quam
2314 605 2673 663 aediﬁcamus
2702 626 2804 664 vos
2854 604 3126 681 recipere,
3163 608 3277 663 nisi
3325 606 3567 663 naulum

1916 694 2201 749 recusetis
2248 696 2494 751 auferre.
2546 696 2789 769 Dirigite
2828 696 3189 768 impendenti
3218 695 3567 768 Septembri,

1916 779 1966 834 si
1998 780 2163 852 prius
2212 799 2327 838 non
2378 783 2552 839 fuerit
2604 789 3019 857 opportunum,
3069 785 3568 858 quemadmodum

1918 868 2086 925 nobis
2115 872 2402 941 convenit,
2438 872 2645 930 fratres
2665 874 2763 946 qui
2788 874 2973 931 saltus
2997 879 3218 948 partem
3245 874 3564 947 assignent.

1916 956 1990 1027 (ὁ)
2024 957 2350 1016 Infaustam
2382 959 2557 1017 etiam
2592 962 2869 1019 Faustum
2904 964 3168 1031 afferant,
3202 966 3258 1018 et
3288 978 3570 1035 responsa

1915 1045 1986 1101 de
2037 1048 2311 1105 omnibus
2362 1067 2487 1122 quae
2540 1052 2956 1109 mandaveritis
3004 1052 3249 1108 ﬁdeliter
3290 1052 3563 1107 referant.

1914 1134 2146 1191 Persica
2167 1154 2292 1209 quas
2312 1138 2605 1210 pollicitus
2626 1157 2757 1195 sum
2778 1158 2881 1213 per
2900 1157 3221 1209 cursorem,
3248 1157 3420 1213 quem
3435 1140 3564 1212 jam

1915 1222 2059 1279 bene
2087 1227 2459 1298 cognoscitis,
2511 1228 2667 1284 misi.
2700 1230 2779 1285 Ea
2809 1229 2878 1297 si,
2914 1234 2980 1285 ut
3006 1247 3225 1299 vereor,
3254 1228 3561 1295 voraverit,

1912 1312 1998 1368 vel
2029 1312 2083 1367 vi
2105 1314 2217 1369 sibi
2235 1320 2436 1388 erepta
2458 1322 2699 1388 questus
2724 1318 2916 1386 fuerit,
2941 1322 3275 1390 extorquete
3294 1317 3563 1391 precibus

1914 1405 1978 1457 ut
2007 1401 2095 1457 vel
2125 1419 2260 1460 ossa
2290 1405 2501 1477 tradat,
2526 1406 2637 1461 nisi
2663 1410 2856 1463 tamen
2879 1411 2936 1462 et
2958 1407 3087 1479 ipsa
3112 1405 3561 1479 consumpserit,

1912 1494 1978 1546 ut
1999 1491 2572 1563 jucundissimorum
2622 1496 2983 1568 persicorum
3032 1496 3163 1552 sitis
3213 1496 3564 1568 quandoque

1913 1580 2246 1654 participes.

2372 1697 2413 1751 1
2426 1696 2524 1753 65
2558 1698 2907 1755 EPISTOLA
2938 1699 3098 1756 CXII.

2481 1812 2614 1851 ΙἸἙΜ
2636 1814 2708 1852 ΔΙ)
2730 1814 2850 1853 ΕυΜ
2858 1814 2973 1852 DEM
2982 1839 2993 1851 .

1984 1932 2341 1989 Cbarissimo
2391 1951 2496 1990 suo
2550 1934 2757 2005 Odoni,
2805 1938 3003 2010 Lupus
3033 1940 3371 2010 perpetuam
3402 1936 3565 1994 salu-

1910 2022 2053 2079 tem.

1985 2111 2182 2183 Nuper
2210 2110 2356 2166 mihi
2387 2111 2611 2169 litteras
2641 2113 2898 2169 redditas
2939 2114 2988 2170 si
3021 2130 3257 2188 possem
3305 2115 3565 2172 divinare

1916 2215 1949 2253 a
1977 2198 2140 2255 vobis
2172 2199 2318 2272 ipsis
2350 2217 2525 2271 quam
2560 2202 2633 2257 ab
2663 2201 2775 2257 alio
2808 2203 3183 2276 compositas,
3217 2204 3563 2261 conveniens

1914 2286 2157 2343 forsitan
2190 2288 2536 2361 reperissem
2569 2307 2937 2363 responsum.
2971 2292 3137 2349 Nunc
3168 2292 3442 2366 ambiguo
3463 2294 3564 2349 de-

1916 2376 2177 2444 territus,
2228 2378 2442 2449 quibus
2484 2378 2675 2435 verbis
2708 2380 2791 2435 uti
2837 2381 3083 2451 valeam,
3117 2382 3402 2454 quibusve
3431 2398 3563 2438 sen-

1916 2466 2134 2534 tentiis,
2184 2467 2352 2523 anxie
2383 2486 2598 2539 quaere,
2632 2487 2704 2525 ne
2751 2471 2904 2542 apud
2952 2489 3051 2527 vos
3080 2475 3269 2528 metas
3299 2472 3565 2529 modera-

1915 2554 2095 2610 tionis
2124 2556 2420 2623 excedam,
2445 2557 2923 2629 quandoquidem
2943 2562 3144 2615 vestrae
3164 2577 3423 2632 personae
3450 2560 3567 2616 sin-

1916 2644 2199 2715 gulariter
2244 2645 2389 2700 mihi
2439 2646 2825 2702 consideratio
2876 2647 3098 2719 jugiter
3153 2649 3232 2705 sit
3275 2648 3563 2705 habenda.

1918 2732 2056 2797 Quis
2086 2732 2239 2788 enim
2276 2751 2368 2790 me
2422 2734 2725 2791 ferendum
2766 2736 3082 2805 judicaret,
3117 2737 3166 2793 si
3196 2754 3317 2807 vos,
3351 2737 3566 2809 quibus

1919 2826 2124 2894 praeter
2154 2824 2372 2894 gratias
2404 2823 2657 2896 plurima
2698 2824 2813 2879 imo
2854 2825 3052 2880 omnia
3081 2826 3282 2894 debeo,
3317 2825 3564 2883 sinistrae

1918 2911 2269 2983 suspicionis
2287 2929 2591 2985 arguerem
2608 2916 2629 2968 ?
2644 2914 2688 2968 Ν
2695 2930 2788 2968 am
2808 2914 2857 2968 si
2875 2914 3056 2969 alium
3078 2914 3287 2971 scirem
3308 2914 3564 2987 epistola:

1919 3006 2237 3069 auctorem,
2271 3002 2524 3057 cohibito
2556 3002 2752 3059 dolore
2773 3004 2966 3059 doceri
2996 3003 3321 3076 ﬂagitarem
3350 3004 3565 3076 quibus

1919 3091 2155 3146 tandem
2207 3091 2397 3147 modis
2441 3091 2575 3147 ﬁdei
2627 3092 2911 3163 studium,
2954 3092 3175 3165 aperire
3204 3092 3563 3166 praeciperet,

142 3173 1879 3255 afﬂictus,opemqueintercessioniscumlratribusmeisC
1919 3180 2019 3252 qui
2076 3180 2320 3248 litteras,
2378 3185 2441 3237 ut
2496 3182 2577 3237 ita
2633 3182 2900 3250 dixerim,
2960 3182 3184 3239 calamo
3216 3183 3275 3238 in
3325 3182 3564 3239 veritate

144 3271 529 3340 continuans,
564 3288 740 3344 super
760 3275 915 3329 statu
948 3289 1151 3328 eorum
1175 3274 1348 3345 cupio
1368 3275 1577 3330 vestris
1598 3274 1809 3331 litteris

144 3364 383 3417 mature
431 3360 557 3416 ﬁeri
605 3361 835 3417 certior.
898 3362 1124 3435 Ingenti
1186 3380 1418 3435 quoque
1463 3364 1639 3419 vestri
1670 3382 1810 3420 cura

142 3449 456 3518 sollicitor,
476 3466 611 3506 cum
641 3467 742 3507 vos
771 3449 1025 3507 inermes
1055 3450 1284 3508 incaute
1309 3454 1366 3507 in
1389 3453 1581 3509 media
1601 3453 1809 3510 discri-

144 3538 314 3595 mina
342 3555 723 3612 prorumpere
736 3539 939 3596 solitos
961 3541 1234 3614 recogito,
1262 3542 1321 3597 in
1345 3559 1470 3614 qua:
1486 3542 1808 3615 juvenilem

145 3626 473 3702 agilitatrm
505 3628 770 3685 vincendi
798 3629 950 3702 rapit
978 3630 1244 3686 aviditas.
1280 3630 1526 3688 Proinde
1558 3632 1811 3706 benigna

144 3717 456 3775 devotione
486 3719 702 3775 suadeo
725 3721 809 3786 ut,
838 3718 964 3776 soia
985 3719 1368 3794 dispositione
1397 3722 1806 3794 eontenti,quae

146 3808 561 3865 tantummodo
590 3814 781 3865 vestro
802 3809 1098 3881 proposito
1128 3810 1416 3883 congruit,
1443 3816 1698 3868 armatos
1719 3828 1811 3867 ex-

145 3896 319 3969 sequi
349 3897 705 3971 permittatis
733 3897 890 3970 quod
936 3898 1347 3956 instrumentis
1378 3900 1601 3957 bellicis
1632 3903 1806 3973 proﬁ-

142 3990 368 4043 tentur.
418 3986 678 4060 Denique
727 3987 980 4043 multum
1014 3988 1242 4060 prolicit
1270 3989 1371 4060 qui
1422 3989 1808 4061 prudentibus

145 4074 415 4132 consiliis
464 4080 861 4150 competenter
904 4076 1016 4134 sibi
1047 4083 1105 4134 et
1137 4078 1267 4134 aliis
1290 4079 1587 4151 prospicit.
1621 4082 1807 4147 Quare

144 4169 376 4221 servate
421 4182 523 4222 vos
569 4170 760 4223 vestro
803 4166 948 4236 loco,
1004 4172 1226 4224 servate
1270 4184 1371 4224 vos
1421 4166 1647 4236 amicis,
1681 4184 1806 4225 ser-

142 4258 276 4313 vate
309 4253 482 4311 bonis
512 4255 809 4328 omnibus,
843 4273 947 4313 nec
978 4256 1356 4313 committatis
1387 4257 1540 4329 quod
1576 4274 1806 4315 mecum

210 4398 296 4469 (α)
319 4396 401 4472 4d
423 4396 657 4472 Odenem
673 4398 940 4472 abbatem.
960 4399 1388 4472 Corbeiensem,
1409 4401 1507 4472 qui
1531 4418 1649 4457 una
1670 4420 1806 4459 cum

146 4470 313 4541 Lupo
344 4469 861 4547 interfuitsynpdo
882 4471 1303 4547 ﬁsuessionensi
1334 4469 1487 4547 anno
1517 4475 1644 4547 853,
1679 4477 1806 4547 epi-

1918 3271 2100 3326 tincto
2150 3270 2523 3343 perscriptas,
2575 3276 2879 3344 suspectas
2908 3276 3028 3328 tam
3060 3273 3445 3329 inverecunde
3474 3272 3561 3327 fe-

1918 3361 2109 3416 cisset.
2145 3362 2261 3431 Ego
2292 3362 2447 3416 enim
2502 3361 2646 3416 nihil
2690 3379 2949 3433 unquam
2982 3362 3054 3418 de
3084 3362 3359 3418 humanis
3389 3362 3563 3419 rebus

1916 3449 2141 3505 homini
2196 3450 2422 3506 locutus
2453 3468 2586 3506 sum
2618 3451 2831 3518 verius,
2893 3451 3040 3506 nihil
3089 3452 3277 3507 amico
3322 3451 3564 3508 revelavi

1917 3539 2144 3611 purius,
2180 3539 2326 3595 nihil
2350 3540 2588 3596 retineri
2620 3540 2845 3596 decrevi
2876 3541 3259 3598 constantius.
3293 3543 3355 3596 In
3389 3542 3563 3597 rebus

1917 3628 2049 3684 aliis
2068 3628 2315 3685 libenter
2334 3630 2634 3686 exercendi
2660 3636 2760 3685 aut
2780 3630 3304 3705 delectandigratia
3319 3631 3565 3688 admitto

1917 3718 2185 3775 ridicula.
2219 3719 2394 3775 Porro
2426 3720 2484 3774 in
2508 3719 2867 3791 professione
2888 3721 3175 3791 amicitias,
3209 3719 3567 3794 contempla-

1916 3808 2074 3864 tione
2102 3810 2246 3864 tanti
2279 3813 2518 3881 tamque
2548 3808 2728 3864 divini
2758 3810 3043 3877 muneris,
3071 3811 3224 3867 seria
3251 3811 3377 3867 sola
3406 3827 3566 3867 com-

1915 3898 2151 3969 plector.
2182 3898 2326 3953 Hinc
2347 3898 2628 3969 quiddam
2652 3903 2817 3953 acute
2846 3898 2918 3954 de
2941 3898 3304 3955 Persicorum
3323 3916 3567 3957 numero

1916 3987 2215 4042 inventum
2240 3987 2645 4059 approbarem,
2668 3986 2718 4041 si
2743 3990 2827 4041 sic
2849 3988 3358 4044 commendaretur
3380 3988 3446 4059 (ε)
3470 4006 3567 4045 su-

1917 4075 2179 4131 blimitas
2225 4074 2525 4147 virginalis
2576 4079 2639 4129 ut
2679 4091 2794 4130 non
2842 4078 3216 4147 sperneretur
3262 4075 3565 4133 humilitas

1916 4163 2263 4237 conjugalis.
2320 4161 2580 4235 Denique
2610 4162 2849 4234 virginis
2888 4163 3045 4220 ﬁlius
3096 4181 3212 4221 non
3244 4167 3414 4223 modo
3447 4182 3564 4224 non

1916 4254 2217 4311 damnavit
2264 4252 2624 4325 conjugium,
2674 4269 2876 4308 verum
2927 4253 3103 4311 etiam
3145 4256 3273 4327 ejus
3304 4256 3562 4326 initium,

1916 4400 2226 4481 quosdam,
2274 4398 2530 4481 quitum
2585 4398 2870 4481 docebant
2919 4398 3213 4481 neminem
3242 4399 3302 4456 in
3358 4401 3563 4481 matri-

1916 4468 2111 4529 monio
2129 4468 2718 4543 constitutumposse
2732 4468 2951 4543 salvari
2968 4486 3134 4543 :_quaa_
3158 4471 3314 4543 fuere
3335 4474 3564 4528 semina

142 4539 483 4625 sw'pusque
515 4539 716 4613 postea
740 4541 851 4625 fuit
872 4541 1316 4625 Bell-ovace'nsis.
1340 4544 1421 4625 Ad
1456 4560 1589 4600 eum
1613 4539 1808 4619 itaque
1837 4548 1885 4613 D
1917 4545 2202 4625 haereseos
2246 4539 2667 4625 Albige-nsium.
2719 4541 2932 4625 Contra
2980 4539 3562 4625 Hllvidiushnuptias

135 4612 638 4687 jam‘episcopum
670 4616 825 4668 extat
854 4612 1101 4687 epistola
1133 4616 1231 4668 127
1264 4614 1431 4687 Lupi.

211 4684 290 4757 (b)
313 4684 628 4762 Infaustam
648 4684 1217 4762 Fa_us{z_un:Reioru_m
1242 4684 1669 4762 Apollinarium
1692 4689 1807 4762 epi-

141 4754 487 4881 scopuuiin
518 4755 778 4811 secunda
800 4755 1182 4826 Narbonensi,
1210 4761 1273 4812 ut
1292 4754 1451 4831 patet
1473 4775 1541 4814 ex
1560 4754 1808 4832 epistola

141 4843 367 4881 senuen
398 4844 438 4881 ι.

141 4843 438 4883 εθαυειηι.

205 4844 649 4973 ῗεῗθέιῖϊζίηιήιαξς
694 4899 1009 4973 virginalis.
1061 4900 1410 4973 Perstringit
1458 4918 1556 4957 eos
1604 4902 1704 4973 qui
1743 4901 1804 4957 in

139 4975 381 5043 tantum
426 4970 751 5043 fastigium
786 4970 1040 5025 evehunt
1084 4970 1498 5043 virginitatem,
1536 4977 1597 5027 ut
1624 4970 1803 5029 etiam

142 5041 391 5125 nuptias
407 5041 708 5125 damnent.
734 5042 1089 5125 Immodicus
1119 5041 1308 5098 in‘hoc
1332 5049 1674 5125 argumento
1697 5044 1807 5125 fuit

142 5112 559 5185 Hieronymus,
593 5113 777 5169 durus
807 5112 983 5185 etiam
1016 5114 1295 5169 adversus
1330 5112 1568 5170 unicum
1603 5116 1804 5171 matri-

142 5184 437 5268 monium.
471 5185 543 5268 ξι
573 5185 733 5240 fuere
762 5184 863 5268 qui
894 5184 1290 5268 legitimarum
1325 5186 1805 5268 damnarentfce-

143 5255 723 5329 deraunuptiarum;
775 5255 836 5312 in
885 5255 1047 5329 quos
1081 5261 1346 5312 secutum
1379 5262 1467 5313 est
1508 5258 1804 5314 decretum

144 5326 380 5411 concilii
397 5326 776 5411 Gangrensis,
791 5326 947 5411 quod
969 5328 1231 5411 etipsum
1255 5333 1589 5411 renovatum
1608 5334 1808 5411 postea

141 5403 199 5471 et
232 5399 293 5453 in
327 5398 573 5471 synodfs
610 5398 1011 5471 posteriorum
1049 5398 1419 5455 saeculorum.
1452 5398 1726 5456 Callistus
1760 5403 1808 5457 lI

145 5469 202 5525 in
235 5469 488 5526 concilio
520 5469 829 5544 Tolosano,
864 5472 1203 5544 quod_anno
1231 5471 1255 5544 _l
1277 5471 1290 5525 l
1313 5473 1373 5525 l9
1401 5470 1667 5544 habitum
1696 5477 1803 5544 est,

140 5557 247 5615 eos
270 5547 558 5615 tanquam
590 5540 899 5615 hmreticos
923 5542 999 5615 ab
1028 5540 1303 5615 Ecclesia
1325 5542 1460 5613 pelli
1488 5543 1681 5615 jussit,
1709 5543 1808 5615 qui

142 5612 547 5686 legitimarum
579 5614 864 5686 damnant
892 5613 1109 5686 {cedere
1140 5612 1807 5686 nuptiarumLANecess'a-

144 5683 296 5743 rium
327 5685 488 5742 enim
521 5689 645 5740 erat
672 5685 973 5741 decretum
1017 5683 1161 5741 illud
1195 5684 1476 5743 adversus
1508 5684 1811 5744 hereticos

468 5810 733 5875 Parant.
778 5810 986 5875 CXIX.

1916 4617 2184 4689 mquabat
2226 4612 2567 4689 virginitati.
2616 4614 2777 4681 Quod
2828 4615 2971 4689 adeo
3016 4630 3165 4689 aegre
3195 4612 3329 4689 tulit
3359 4612 3563 4689 Hiero-

1914 4685 2146 4762 nymus,
2174 4692 2237 4762 ut
2268 4685 2504 4762 propter
2530 4686 2679 4741 hanc
2708 4685 3269 4762 excandescentiam,
3293 4685 3433 4742 dum
3453 4687 3562 4743 vir-

1953 4758 2143 4815 initati
2175 4759 2423 4814 nimium
2456 4760 2625 4825 favet,
2666 4758 2903 4830 nuptias
2936 4759 3008 4814 ad
3042 4761 3342 4830 peccatum
3374 4775 3561 4830 usque

1954 4832 2238 4903 eprimere
2262 4831 2541 4903 videatur,
2558 4828 2862 4903 mulierem
2876 4828 3080 4903 tandiu
3102 4828 3411 4903 obnoxiam
3433 4828 3562 4886 esse

1914 4899 2305 4958 maledictioni
2347 4905 2403 4957 et
2460 4901 2784 4971 subjectum
2841 4901 2947 4955 viri
2992 4899 3250 4957 dominio
3309 4900 3561 4957 innuens

1913 4974 2173 5046 quandiu
2206 4974 2422 5054 coitum
2456 4971 2693 5054 appetit.
2729 4973 2839 5027 Sed
2871 4976 3068 5028 tamen
3100 4972 3374 5054 Erasmus
3397 4990 3470 5054 ex
3485 4989 3559 5054 eo

1914 5042 2189 5101 excusare
2247 5042 2549 5100 contendit
2594 5042 3015 5114 Hieronymum
3075 5043 3229 5114 quod
3276 5043 3334 5099 in
3394 5044 3558 5099 initio

1912 5117 2047 5172 libri
2077 5118 2356 5173 adversus
2385 5112 2711 5169 llelvidium
2744 5112 2989 5169 testatus
3021 5112 3110 5170 sit‘
3127 5130 3188 5170 se
3220 5131 3334 5170 non
3368 5115 3557 5170 detra-

1913 5188 2051 5244 here
2108 5188 2347 5259 nuptiis,
2397 5204 2532 5241 cum
2589 5184 2791 5259 laudat
2846 5185 3259 5259 virginitatem,
3319 5191 3384 5259 ut
3439 5186 3559 5259 haec

1914 5276 2149 5331 semper
2166 5255 2245 5331 ad
2261 5258 2419 5331 illam
2450 5255 2710 5331 regulam
2733 5256 2850 5310 sint
2871 5255 3209 5331 accipienda
3229 5275 3353 5329 quae
3374 5258 3431 5312 in
3444 5257 3561 5331 hac

1914 5326 2539 5409 caus—gt‘duriusndicta'
2559 5326 2908 5409 videbuntur
2938 5326 3015 5409 ab
3041 5326 3409 5409 Hieron—ymo.
3443 5329 3562 5409 Ego

1915 5400 2722 5473 crediderim_l1iero_nym_um,
2747 5402 2812 5473 ut
2832 5403 2955 5454 erat
2974 5399 3176 5456 fervidi
3206 5399 3291 5473 vir
3320 5399 3561 5473 ingenii,

1915 5471 2221 5528 audaciam
2252 5468 2689 5544 illam_Helvidii
2722 5470 2884 5544 ‘ferre
2914 5487 3029 5544 non
3062 5472 3342 5543 potuisse,
3386 5468 3566 5544 atque

1916 5544 2059 5598 adeo
2082 5558 2277 5623 amore
2299 5540 2582 5623 castitatis
2600 5539 2775 5612 paulo
2796 5539 3172 5623 longiusesse
3190 5539 3567 5617 progressum

1915 5630 2092 5694 quam
2110 5613 2389 5694 oportuit.
2415 5611 2617 5694 Quoia
2632 5628 2842 5694 genere
2854 5611 3327 5694 disputationum
3337 5630 3570 5694 semper

1912 5684 2285 5745 vehementes
2319 5686 2553 5743 fuerunt
2583 5684 2784 5763 magni
2814 5684 2943 5744 viri.

3162 5814 3237 5880 l9
