3898 6194
422 383 538 444 587

1433 379 1501 438 Β.
1550 381 1615 440 S.
1665 378 1843 440 LUPI
1888 376 2221 437 ABBA'I‘IS
2268 377 2859 439 FERRARIENSIS.
3592 394 3607 403 ‘
3681 382 3772 443 588

421 514 658 588 nuptias
676 512 1057 583 videlicet,(a)
1076 512 1265 585 primo
1287 510 1568 567 miraculo
1590 510 1920 567 illustravit.
1943 509 2067 565 Pla-
2096 509 2151 577 Α
2180 508 2531 565 intolerabili
2563 528 2656 567 me
2685 509 3057 566 incommodo
3096 509 3291 565 divina
3319 508 3503 582 pietas
3532 508 3769 583 liberavit,

421 608 511 662 cet
540 604 692 659 I66
725 602 922 675 itaque
942 618 1007 658 ac
1035 600 1547 657 vehementissime
1577 599 1877 673 virginalis
1922 600 2069 654 inte-

420 693 634 767 gritas;
668 692 772 748 sed
798 709 912 748 non
936 690 1274 763 despicitur,
1303 708 1374 746 ne
1407 690 1477 745 ab
1510 690 1634 763 ipso
1666 690 1901 761 quidem
1933 688 2068 754 Deo,

420 780 748 855 conjugalis
794 780 1061 837 societas.
1113 780 1244 836 Jam
1293 779 1438 834 illud
1485 795 1659 851 quam
1694 777 1950 851 lepidum
1985 782 2073 833 est

420 868 579 942 quod
610 867 788 941 recipi
842 884 1071 924 mecum
1105 867 1164 922 in
1222 882 1428 923 navem
1487 867 1853 939 imponendae
1909 866 2071 922 vobis

420 954 707 1014 mercedis
733 956 1026 1013 taxatione
1048 954 1353 1029 refugitis'?
1377 956 1487 1010 Sed
1518 955 1566 1011 si
1589 972 1689 1011 vos
1711 954 2073 1011 necessitatis

422 1044 727 1113 articulus,
778 1046 933 1117 quod
992 1045 1255 1100 futurum
1313 1044 1580 1112 arbitror,
1641 1045 2069 1111 constrinxerit,

424 1151 601 1209 quem
633 1134 971 1191 offerentem
986 1137 1107 1190 tam
1138 1132 1458 1190 insolenter
1487 1133 1785 1207 repellitis,
1802 1135 1964 1206 juste
1986 1150 2070 1189 re-

424 1227 727 1281 cusantem
758 1223 1072 1296 prospicite
1093 1240 1165 1278 ne
1186 1223 1558 1295 impudenter
1578 1221 1889 1296 implorare
1911 1239 2074 1296 coga-

426 1313 592 1371 mini.
632 1313 848 1369 Verum
881 1316 946 1369 ut
975 1312 1317 1386 gravitatem
1350 1310 1536 1384 stylus
1568 1315 1807 1384 repetat,
1840 1317 2075 1368 strenue

426 1402 766 1477 profligatos
810 1401 1089 1457 barbaros
1136 1405 1194 1456 et
1249 1401 1322 1456 ad
1379 1400 1837 1457 internecionem
1896 1419 2074 1458 cresos

422 1496 620 1549 vestra
646 1490 766 1547 imo
797 1489 898 1546 Dei
935 1488 1149 1546 virtute
1180 1490 1426 1563 gaudeo,
1458 1507 1677 1562 vosque
1708 1489 1867 1563 ipsos
1893 1496 1950 1546 et
1981 1507 2074 1546 ve-

428 1584 581 1638 stros
612 1579 985 1636 ineﬁ'abiliter
1015 1578 1239 1635 exsulto
1270 1579 1610 1635 discriminc
1639 1579 1936 1649 liberatos,
1970 1597 2075 1636 nec

428 1669 628 1727 minus
657 1668 869 1743 partim
903 1668 1487 1740 admonitos,partim
1519 1673 1806 1741 expertos,
1837 1670 2073 1724 tandem

426 1776 528 1816 vos
588 1759 821 1815 credere
854 1775 968 1813 non
1024 1762 1241 1814 temere
1289 1758 1583 1812 fortunam
1616 1775 1718 1813 nec
1751 1775 1901 1830 saepe
1948 1763 2075 1813 ten-

425 1849 690 1950 tandam.
723 1852 833 1903 Pro
865 1847 930 1903 G.
965 1845 1326 1950 reliquisque
1357 1847 1415 1901 in
1448 1846 1845 1950 defensionem
1877 1848 2077 1920 patriae
2107 1884 2155 1950 B

428 1936 709 1995 sauciatis
740 1953 853 1991 non
886 1935 1250 1992 cessabimus
1278 1952 1479 2009 preces
1508 1936 1750 1991 fundere
1773 1953 2075 2009 quousque

428 2030 622 2082 vestra
678 2024 879 2081 relatio
938 2025 1282 2097 parvitatem
1343 2029 1601 2080 nostram
1661 2026 1912 2082 sanitate
1962 2024 2078 2080 illis

430 2115 703 2171 restituta
731 2112 1000 2168 laetificet.
1025 2113 1104 2185 (b)
1138 2113 1417 2168 Faustum
1437 2113 1607 2186 dirigi
1631 2113 1937 2185 postulavi,
1962 2131 2076 2169 non

431 2204 501 2277 (ε)
533 2218 707 2275 quem
739 2201 949 2257 refellit
971 2203 1352 2275 Augustinus,
1386 2203 1484 2257 sed
1511 2219 1685 2275 quem
1710 2207 1870 2258 notat
1892 2204 1947 2257 in
1976 2209 2076 2259 De-

430 2292 606 2349 cretis
624 2291 700 2364 (d)
721 2289 1011 2349 Gelasius.
1028 2291 1243 2347 Vinum
1263 2291 1426 2346 vobis
1444 2293 1741 2347 mercandi
1765 2310 1964 2348 curam
1990 2293 2082 2348 de-

431 2396 769 2455 posueram,
820 2383 1124 2453 propterea
1170 2382 1323 2453 quod
1358 2382 1754 2454 desperabatis
1802 2382 2079 2454 possibile

430 2470 597 2527 vobis
646 2469 912 2525 futurum
967 2470 1038 2524 ad
1071 2486 1178 2526 nos
1218 2470 1529 2539 destinare,
1591 2477 1921 2527 nostrorum
1954 2472 2079 2527 dis-

432 2558 631 2615 cordia
672 2562 729 2614 et
775 2558 1159 2614 barbarorum
1202 2558 1555 2631 impediente
1611 2561 1876 2616 audacia.
1929 2564 2078 2628 Quo-

433 2647 592 2705 niam
638 2664 774 2704 vero
823 2647 1039 2703 recenti
1095 2663 1188 2704 me
1245 2647 1602 2705 sollicitastis
1662 2650 2078 2718 admonitione,

433 2752 772 2810 quanquam
828 2735 1132 2792 vindemiae
1186 2736 1342 2809 apud
1398 2755 1504 2794 nos
1535 2756 1649 2795 non
1683 2744 1772 2795 est
1822 2745 2081 2814 quantus

423 2824 760 2898 jactabatur
788 2828 1125 2898 proventus,
1171 2825 1402 2882 vincere
1434 2826 1799 2884 sterilitatem
1825 2830 1961 2885 anni
1999 2830 2081 2886 la-

431 2914 570 2970 bore
600 2914 969 2979 contendam,
1006 2914 1053 2970 si
1087 2914 1396 2971 consilium
1449 2917 1603 2988 quod
1644 2917 1809 2974 vobis
1839 2919 2081 2975 nuntius

431 3018 599 3058 meus
623 3006 871 3074 exponet
890 3002 1195 3075 placuerit.
1220 3002 1366 3058 Illud
1390 3008 1583 3059 autem
1607 3007 1760 3078 quod
1789 3006 2082 3079 pollicitus

431 3107 564 3147 sum
604 3108 738 3148 cum
770 3092 1055 3161 direxere,
1089 3092 1449 3164 cognoscetis
1482 3098 1703 3166 quanta
1732 3097 2083 3169 proprietate

430 3178 755 3253 intelligam
789 3180 1217 3253 indulgentiam
1248 3182 1526 3253 Apostoli,
1560 3200 1676 3254 qua
1706 3202 1767 3240 se
1798 3186 2082 3243 avidiores

430 3268 551 3324 vini
597 3272 871 3325 tuentur:
925 3270 1136 3328 Modico
1182 3271 1308 3326 vino
1354 3279 1502 3328 utere
1551 3274 1596 3344 (l
1646 3275 1779 3329 Tim.
1829 3275 1909 3347 v.)
1960 3276 2080 3332 Cir-
2112 3258 2155 3325 Ο

434 3358 723 3430 cumsepti
772 3357 928 3413 enim
980 3358 1331 3416 conditionis
1382 3362 1744 3431 necessitate,
1776 3381 1892 3420 non
1924 3365 2083 3421 aliud

434 3463 615 3518 quam
647 3463 681 3502 a
701 3462 794 3502 me
812 3444 1060 3503 missum
1079 3447 1571 3506 bibendimodum
1593 3451 1823 3509 dedisse
1848 3454 2083 3513 nomine

434 3536 583 3591 167
622 3534 837 3591 modici
869 3550 962 3590 me
1001 3536 1217 3592 sentire
1246 3537 1741 3596 animadvertetis.
1778 3542 1938 3598 Licet
1968 3544 2082 3599 mi-

434 3621 656 3677 naciter
702 3622 1010 3696 epistolam
1059 3626 1514 3694 terminaverim,
1564 3629 1734 3701 cupio
1762 3647 1864 3686 vos
1893 3632 2082 3689 valere

431 3708 695 3767 feliciter.

968 3829 1314 3886 EPISTOLA
1362 3830 1546 3886 CXIII.

889 3944 963 3983 AD
1006 3944 1075 3983 LU
1084 3945 1286 3985 DOV'ICU
1296 3947 1336 3983 Μ
1374 3950 1404 3984 Α
1412 3946 1654 3986 ΒΒΑΤΕΜ.

496 4066 835 4126 Clarissima
858 4068 1136 4126 abbatum
1164 4070 1475 4141 Ludovico,
1506 4074 1706 4146 Lupus
1737 4079 2082 4148 prmsentem

426 4160 485 4213 et
514 4157 773 4213 futuram
806 4157 1077 4214 salutem.

498 4244 624 4301 Non
679 4246 883 4303 dubito
935 4247 1200 4304 ubertate
1250 4250 1456 4306 divinae
1507 4252 1703 4324 gratiae
1754 4254 1971 4310 factum
2020 4259 2085 4311 ut

429 4336 623 4389 vestra
652 4333 985 4392 sublimitas
1010 4352 1147 4392 meae
1173 4335 1492 4395 humilitati
1518 4340 1858 4413 dignaretur
1880 4344 2085 4400 conde-

430 4421 708 4479 scendere
760 4426 939 4480 etme
971 4425 1028 4481 in
1062 4425 1456 4499 qualicunque
1506 4428 1828 4485 amicorum
1882 4432 2083 4489 ordine

431 4527 759 4569 numerare.
794 4513 901 4569 Per
930 4532 1030 4571 vos
1077 4514 1234 4570 enim
1266 4521 1324 4571 et
1364 4532 1517 4589 saepe
1547 4517 1691 4573 alias
1723 4524 1780 4574 et
1823 4522 2083 4591 proxime

501 4653 577 4733 (ft)
599 4654 795 4733 Ιζζίγζῑο⁵
817 4657 1107 4733 miraculo.
1145 4657 1442 4733 Hocenim
1475 4658 1731 4733 primum
1774 4661 2076 4733 signorum
2109 4630 2155 4695 D

428 4723 565 4800 fecit
598 4724 878 4800 Christus
927 4727 1211 4800 Dominus
1259 4728 1320 4782 in
1362 4723 1583 4800 nuptiis
1626 4723 1980 4799 Chananaeaa,
2014 4740 2080 4790 ut

427 4795 716 4922 gcriptum
738 4802 828 4852 est
847 4797 905 4853 in
938 4799 1127 4870 capite
1149 4800 1405 4854 secundo
1438 4795 1730 4872 Evangelii
1753 4795 2076 4861 secundum

466 4883 740 4922 oannem.

466 4883 740 4922 oannem.

502 4936 578 5014 (_b)
607 4940 887 5014 Faustum.
923 4939 1122 5011 Itaque
1156 4956 1499 5014 persuasum
1534 4946 1655 4996 erat
1688 4942 1849 5014 Lupo
1880 4945 2078 5002 Fausti

430 5005 697 5090 Reiensis
729 5026 904 5090 opera
935 5005 1047 5066 non
1081 5005 1207 5066 esse
1252 5013 1571 5090 admodum
1617 5005 1796 5090 sana}
1827 5014 2079 5090 ideoque

429 5078 741 5159 infausta-nt
754 5078 1028 5159 faustum
1045 5099 1177 5137 eum
1201 5100 1272 5152 ap
1282 5081 1512 5153 peitavit
1537 5083 1619 5159 in_
1635 5078 1897 5159 epistola,
1911 5078 2080 5159 supe-

428 5150 616 5227 riore.“
636 5150 844 5227 Melius
876 5158 1127 5227 mentem
1157 5150 1324 5227 suam
1349 5150 1944 5227 aperuitiinr'epistola
1975 5150 2081 5216 H2

429 5224 486 5301 et
515 5219 641 5301 I2_8,
674 5220 901 5301 inhqua
952 5222 1197 5301 loquens
1231 5225 1301 5279 de
1354 5219 1543 5301 Fausti
1588 5219 1757 5301 istius
1806 5232 2079 5301 operibus

429 5290 970 5367 garolurn__Ca__lvum
1002 5290 1277 5348 admonet
1300 5312 1376 5367 ne
1406 5296 1455 5349 ei
1483 5296 1816 5367 acquiescat
1837 5290 2075 5360 erranti.

429 5359 592 5437 Unde
622 5360 816 5433 colligi
865 5365 1045 5419 ferme
1077 5371 1266 5434 potest
1294 5366 1521 5437 Lupum
1558 5359 1825 5424 abbatem
1879 5359 2077 5429 Ferraé

428 5432 682 5515 riensem
712 5432 840 5515 esse
888 5432 1205 5515 auctorem‘
1231 5432 1568 5493 Colleetanei
1603 5439 1673 5494 de
1700 5440 2076 5515 tribusque;-

430 5502 739 5584 stionibqs.
759 5504 895 5584 .Non
929 5504 1092 5560 video
1114 5512 1307 5584 autem
1332 5526 1585 5584 quonam
1613 5512 1781 5584 modo
1809 5502 2079 5570 Collecta-

426 5588 602 5652 neum
632 5571 777 5652 illud
808 5579 1173 5652 esse__possit
1202 5571 1432 5652 abbatis
1461 5581 1653 5643 istius,
1691 5581 1835 5636 liber
1853 5602 1981 5640 vero
2006 5588 2076 5642 de

424 5642 1076 5729 tribus'guiestjonibus
1107 5648 1442 5729 sitalterius
1463 5652 1813 5729 cujuspiam,
1832 5658 2077 5729 presby-

423 5710 531 5775 teri
561 5711 779 5776 scilicet
802 5717 1151 5799 Moguntini.
1173 5720 1317 5780 Vide
1346 5710 1716 5798 etiamepist.
1745 5710 1925 5782 128let
1952 5710 2073 5785 Col-

2182 616 2316 655 cum
2350 598 2595 655 molesta
2617 600 2794 655 nimis
2824 604 2882 655 et
2912 599 3191 656 diuturna
3211 598 3381 656 statio
3404 599 3773 672 imponeretur,

2178 688 2402 745 Vestris
2432 689 2628 762 itaque
2660 688 2987 746 innumeris
3035 693 3092 745 et
3121 688 3374 745 assiduis
3402 689 3683 747 beneficiis
3709 710 3778 750 me

2178 778 2466 851 imparem
2497 779 2739 834 credens
2770 781 2826 834 et
2857 778 3141 834 conﬁtens
3176 778 3525 850 respondere
3554 781 3781 854 omnipoo

2180 872 2398 923 tentem
2432 867 2700 940 imploro,
2732 868 2903 939 cujus
2934 883 3175 923 munere
3200 871 3424 922 tantam
3472 873 3529 922 et
3557 867 3611 925 in
3637 886 3715 927 me
3741 878 3783 928 et

2181 957 2241 1013 in
2259 973 2462 1013 omnes
2478 956 2604 1028 opis
2618 961 2852 1029 egentes
2872 956 3015 1013 estis
3027 955 3490 1013 benevolentiam
3510 961 3782 1019 consecuti.

2182 1046 2463 1102 Caeterum
2497 1045 2765 1101 homines
2796 1045 2909 1101 mei
2943 1044 3345 1117 frequentibus
3377 1044 3635 1102 exhausti
3655 1064 3787 1122 expe-

2183 1135 2526 1201 ditionibus,
2558 1134 2759 1191 audita
2787 1134 3142 1207 profectione
3173 1134 3397 1189 domini
3428 1135 3577 1207 regis
3604 1137 3785 1193 Britan-

2182 1224 2342 1281 niam
2369 1241 2593 1292 versus,
2618 1228 2677 1280 et
2698 1224 3028 1279 denuntiati
3049 1222 3189 1279 olim
3209 1222 3407 1295 placiti
3432 1224 3675 1296 aliquam
3691 1244 3787 1298 spe-

2184 1318 2381 1369 rantes
2411 1311 2772 1377 dilationem,
2816 1316 3208 1384 poposcerunt
3237 1317 3303 1367 ut
3330 1329 3435 1367 vos
3467 1313 3784 1371 consulerem

2185 1404 2284 1460 ubi
2318 1408 2375 1459 et
2406 1402 2639 1474 quando
2660 1400 2823 1457 vobis
2843 1400 3017 1473 jungi
3039 1401 3335 1456 deberem.
3363 1400 3607 1457 Proinde
3632 1408 3785 1459 vestra

2185 1494 2284 1549 ind
2295 1491 2701 1565 ulgentissima
2716 1490 3036 1546 moderatio
3057 1495 3290 1546 nostras
3312 1490 3560 1546 metiens
3582 1491 3785 1548 difﬁcul-

2183 1586 2333 1639 tates
2364 1581 2639 1654 dignetur
2656 1579 2828 1635 nobis
2850 1578 3059 1635 litteris
3078 1580 3403 1651 exprimere
3422 1580 3671 1652 quandiu
3690 1588 3786 1653 post

2186 1670 2581 1745 praastitutum
2612 1667 2811 1742 placiti
2842 1668 2995 1724 diem
3025 1672 3152 1723 tuto
3174 1667 3394 1724 morari
3417 1669 3787 1741 possimus,ita

2187 1765 2253 1817 ut
2283 1777 2386 1816 nec
2417 1758 2678 1814 desimus
2710 1757 2942 1829 placito,
2975 1762 3033 1813 et
3053 1756 3273 1829 aliquid
3298 1757 3496 1829 spatii,
3521 1762 3693 1814 vestm
3710 1776 3786 1814 nos
3842 1792 3843 1819 γ

2186 1850 2427 1908 consilio
2445 1853 2700 1922 regente,
2726 1848 3040 1904 lucremur.
3061 1847 3207 1902 Illud
3229 1847 3409 1903 etiam
3433 1863 3505 1903 ne
3526 1847 3786 1904 fastidiatis

2190 1941 2568 2013 subjungere,
2603 1938 2652 1992 si
2685 1937 2908 2009 absque
2938 1935 3194 2009 periculo
3227 1937 3296 2007 (e)
3320 1936 3637 2009 piratarum
3664 1938 3786 1992 navis

2187 2035 2388 2087 nostra
2415 2043 2729 2100 expensam
2760 2025 2977 2081 vehens
3025 2025 3211 2097 possit
3238 2030 3442 2081 tenere
3471 2041 3691 2081 cursum
3715 2042 3788 2098 per

2187 2120 2541 2191 Sequanam,
2588 2120 2645 2170 et
2691 2115 2828 2169 inde
2879 2130 2983 2186 per
3039 2114 3439 2169 confluentem
3471 2115 3619 2170 I68
3659 2114 3784 2169 Isara
3842 2114 3843 2159 1

2188 2224 2375 2280 usque
2406 2207 2476 2262 ad
2510 2205 2584 2281 (f)
2612 2203 2926 2259 Credilium
2958 2203 3247 2275 progredi.
3280 2203 3363 2258 De
3393 2208 3586 2258 vestra
3610 2209 3785 2275 exopta-
3842 2203 3843 2249 Ὺ

2188 2298 2288 2354 bili
2322 2296 2603 2368 sospitate
2634 2310 2811 2366 super
2858 2293 3056 2348 omnia
3093 2291 3440 2364 parvitatem
3474 2308 3650 2347 meam
3678 2292 3783 2347 Ireti-
3842 2282 3843 2293 “

2188 2390 2376 2453 iicate,
2409 2384 2641 2457 meique
2672 2383 2921 2456 benigne
2961 2398 3270 2451 memores,
3306 2382 3457 2438 bene
3486 2397 3699 2454 semper
3720 2399 3783 2437 va-
3842 2422 3843 2459 ξ

2188 2477 2320 2533 lete.

2730 2612 3072 2671 EPISTOLA
3109 2613 3292 2669 CXIV.

2816 2739 2891 2777 AD
2943 2738 3206 2777 EUMDEM.

2261 2920 2597 2979 Clarissimo
2630 2919 2908 2974 abbatum
2957 2917 3263 2985 Ludovico,
3296 2917 3501 2990 Lupus
3530 2916 3788 2988 plurimam

2191 3012 2462 3071 salutem.

2261 3100 2486 3157 Vestris
2520 3097 2924 3171 frequentibus
2954 3096 3072 3152 imo
3094 3096 3355 3152 assiduis
3375 3095 3666 3151 beneﬁciis
3691 3095 3793 3151 obli-

2193 3196 2364 3266 gatus
2393 3189 2559 3245 doleo
2591 3189 2766 3243 rebus
2795 3202 2887 3241 me
2920 3202 3034 3241 non
3066 3202 3237 3257 posse
3266 3186 3583 3258 rependere
3603 3185 3791 3258 gratias.

2194 3282 2502 3353 Propterea
2529 3278 2586 3333 id
2620 3276 2879 3350 proxime
2923 3279 3167 3331 conatus
3211 3291 3347 3331 sum
3380 3274 3593 3330 litteris
3635 3288 3791 3347 agere;

2193 3388 2297 3427 nec
2328 3366 2558 3425 ruboris
2590 3367 2702 3422 mei
2745 3364 3047 3439 angustias
3078 3363 3492 3437 amplitudinis
3522 3368 3707 3422 vestra
3729 3361 3793 3416 di-

2191 3460 2390 3533 gnatio
2402 3456 2704 3515 fastidivit.
2724 3455 2908 3521 Unde,
2928 3454 3084 3527 quod
3102 3453 3293 3510 solum
3313 3470 3579 3526 possum,
3594 3454 3793 3525 ingenue

2192 3552 2376 3606 fateor
2406 3546 2637 3604 arctiori
2670 3544 3013 3618 parvitatem
3045 3559 3237 3599 meam
3270 3542 3453 3599 debiti
3487 3541 3701 3599 vinculo
3726 3540 3792 3597 de-

2190 3637 2478 3694 vinxistis.
2533 3636 2663 3691 Haec
2693 3638 2812 3690 tam
2846 3633 3055 3706 ingens
3084 3636 3277 3689 vestra
3336 3630 3720 3689 benevolentia
3758 3632 3793 3683 ct
3842 3630 3843 3683 Ὺ

2192 3728 2253 3782 in
2302 3743 2394 3781 me
2443 3728 2499 3781 et
2528 3725 2588 3779 in
2619 3740 2842 3791 omnes,
2877 3738 2911 3778 a
2952 3738 3069 3793 quo
3095 3719 3217 3777 solo
3268 3720 3621 3788 infunditur,
3651 3720 3712 3775 ab
3750 3733 3793 3772 eo

2192 3816 2363 3871 credo
2420 3812 2912 3870 remunerabitur.
2961 3811 3098 3878 Nos,
3132 3809 3234 3882 qui
3264 3811 3446 3866 vestri
3491 3814 3622 3883 post
3659 3808 3794 3864 Deum

2191 3904 2545 3976 indigemus,
2580 3899 2873 3957 continuis
2905 3899 3287 3971 petitionibus
3313 3902 3545 3954 aeternae
3575 3897 3721 3953 illius
3743 3910 3797 3948 τε·
3842 3922 3843 3931 ι

2191 3991 2531 4049 tributionis
2561 3994 2874 4065 augmenta
2904 3988 3253 4061 praebemus.
3285 3987 3525 4045 Positus
3558 3987 3614 4043 in
3640 3987 3795 4041 itinere

2192 4082 2449 4155 comperi
2500 4081 2808 4137 dominum
2840 4094 3034 4149 regem
3065 4094 3137 4133 ne
3168 4082 3308 4133 tunc
3341 4077 3584 4149 quidem
3614 4072 3795 4147 quando

2193 4171 2576 4228 constituerat
2605 4170 2674 4223 ad
2708 4185 2810 4223 vos
2841 4183 3160 4222 reversum.
3216 4164 3468 4222 Proinde
3513 4163 3794 4221 dilationem

2193 4258 2593 4333 ﬂagitantibus
2640 4255 2980 4312 hominibus
3028 4254 3197 4322 meis,
3230 4259 3297 4310 ut
3342 4253 3503 4311 soleo
3535 4254 3603 4310 ad
3647 4247 3795 4324 prasi-

2193 4350 2356 4405 dium
2387 4346 2617 4404 consilii
2644 4345 2817 4401 vestri
2849 4343 3120 4416 confugio
3149 4361 3161 4399 :
3199 4344 3354 4416 quod
3388 4343 3474 4400 sic
3505 4358 3687 4416 quszso
3712 4354 3795 4393 mo-

2192 4437 2499 4501 deramini,
2536 4452 2661 4507 quae
2695 4433 2839 4489 mihi
2876 4433 3102 4506 agenda
3132 4433 3251 4489 sint
3279 4432 3725 4505 prmscribentes,
3751 4431 3794 4479 Ill

2189 4532 2246 4584 et
2275 4526 2347 4582 ab
2381 4525 2603 4582 oiI'ensa
2657 4526 2820 4578 tutus
2879 4538 3007 4578 esse
3062 4521 3281 4579 valeam
3310 4540 3322 4590 ;
3358 4525 3416 4577 et
3449 4520 3498 4577 si
3528 4521 3585 4576 in
3640 4522 3793 4574 retun-

2189 4671 2517 4727 lectaneum
2550 4667 2608 4721 in
2642 4667 2776 4721 fine.

2257 4742 2327 4811 (ε)
2363 4740 2529 4808 Quem
2572 4738 2777 4811 refellit
2806 4738 3169 4807 Augustinus.
3204 4737 3383 4811 Idgest
3408 4737 3677 4811 Faustum
3705 4730 3793 4811 illa:

2188 4807 2498 4877 nichaaum,
2532 4807 2810 4865 adversus
2843 4823 3017 4881 quem
3053 4813 3241 4863 exstat
3270 4807 3503 4881 insigne
3532 4807 3794 4877 Augustini

2188 4900 2336 4955 opus
2368 4882 2428 4937 in
2454 4882 2641 4955 libros
2670 4878 3252 4955 xxx111_'distinct_um.

2261 4954 2343 5025 (ά)
2374 4953 2639 5009 Gelasius.
2674 4950 2820 5025 Vide
2848 4949 3132 5025 Notasad
3162 4949 3471 5023 epistolam
3503 4948 3621 5025 428.

2258 5021 2327 5095 (e)
2361 5021 2824 5095 Ρὶναιᾳῖιιγηη-Ιᾲ
2857 5027 2946 5076 est
3003 5021 3495 5095 Normannorum,
3543 5022 3603 5073 ut
3644 5026 3791 5095 supra

2188 5087 2465 5169 diximus.
2494 5093 2665 5169 ‘Nam
2713 5091 2753 5169 i_i
2777 5092 2904 5169 jam
2934 5092 3235 5169 pavigare
3277 5087 3790 5169 cmperant'adversq

2188 5168 2460 5235 Sequana
2487 5164 2681 5219 ﬂuvio.
2716 5155 2913 5235 Igitur;
2932 5162 2988 5217 id
3012 5155 3231 5235 factum
3264 5155 3417 5219 anno
3449 5155 3655 5235 851ξιιῐ
3670 5155 3791 5235 patet

2189 5184 2259 5222 δϐ
2307 5184 2460 5222 uana
2487 5184 2681 5219 IIUVIO.
2716 5184 2900 5235 lgllll!‘
2932 5184 2988 5217 ια
3012 5184 3231 5219 ΙᾶῧῐιιιΠΙ
3264 5184 3417 5219 anno
3449 5184 3572 5227 (ΧΠ,
3600 5184 3655 5213 ιιι
3670 5184 3785 5228 Publii

2187 5184 2567 5293 equhronico
2619 5233 3048 5307 Fontanellensi
3076 5252 3089 5301 ;
3119 5234 3180 5289 in
3238 5252 3353 5307 quo
3411 5228 3785 5307 scriptumestv

2188 5309 2555 5364 Normannos
2588 5306 2770 5378 fuisse
2797 5322 2863 5359 eo
2897 5322 3049 5378 anno
3078 5295 3142 5360 in
3170 5295 3423 5378 Sequana
3451 5323 3486 5359 a
3515 5295 3663 5358 tertio
3690 5295 3785 5378 ltili:

2188 5381 2428 5435 Octobris
2475 5394 2645 5446 usque
2691 5376 2860 5431 Nonis
2904 5376 3063 5432 Jum’i
3105 5378 3220 5433 dies
3246 5373 3522 5432 ducentos
3568 5373 3783 5446 οοεορὶημι

2184 5459 2403 5505 sentem.
2462 5447 2607 5504 Vide
2661 5447 3019 5505 Radbertum
3079 5447 3179 5503 lib.
3223 5466 3278 5503 ιν
3324 5448 3691 5503 Commentar.
3735 5450 3778 5488 ια

2186 5518 2449 5576 Threnos
2480 5518 2764 5574 Jeremiae.
3646 5583 3667 5587 _
3736 5575 3759 5587 ,,

2256 5595 2327 5660 (l')
2390 5591 2709 5661 Gradiuum.
2781 5588 3072 5661 Oppidum
3131 5590 3192 5645 in
3250 5607 3351 5646 ora
3420 5589 3587 5661 [sane
3639 5583 3777 5661 fluvii...

2183 5648 2377 5790 ipsis;
2412 5664 2551 5729 Oisc,
2588 5660 2742 5716 haud
2794 5648 2995 5734 procul
3053 5661 3426 5732 Cbantiliaco,
3481 5656 3646 5732 vulgo
3668 5648 3779 5713 Grai

2229 5749 2377 5792 0018.
