3898 6194
383 335 503 401 603

1375 341 1446 404 Β.
1495 341 1558 405 S.
1606 339 1787 406 LUPI
1831 338 2162 404 ABBA'I‘IS
2207 342 2800 407 FERRARIENSIS.

3660 339 3762 414 6M

383 473 535 530 hanc
564 472 814 548 gratiam
835 472 1236 531 misericordia
1263 474 1634 548 impendit,in
1657 476 2029 532 damnatione
2056 479 2112 543 Α
2143 493 2294 545 mus,
2330 477 2476 533 bene
2504 479 2836 550 expendens
2877 477 3055 536 verba
3096 479 3352 553 Apostoli
3383 497 3396 540 :
3435 481 3584 554 Quid
3624 481 3762 542 habes

383 580 560 636 quam
595 561 704 635 ipsi
738 563 1028 636 peccando
1061 565 1807 638 meruerantjustojudicio
1829 567 2030 623 dereli-

381 653 510 726 quit
542 670 556 708 :
589 657 645 708 et
675 651 782 708 hoc
815 653 1010 720 modo,
1045 658 1108 708 ut
1140 655 1306 710 docet
1338 655 1652 728 Apostolus
1677 674 1690 712 :
1715 658 1884 728 Cujus
1914 658 2028 712 vult

377 744 682 810 miseretur,
715 750 766 796 et
789 758 948 814 quem
975 743 1090 798 rult
1120 743 1343 800 indurat
1385 746 1552 813 (Rom.
1589 747 1684 814 ιχ).
1720 745 2030 800 Miscrctur

377 847 580 887 eorum
613 848 762 904 quos
785 831 1035 887 assumit
1057 849 1161 904 per
1187 833 1706 904 gratiam,indurat
1727 833 1858 890 illos
1881 853 2026 907 quos

377 937 480 993 per
509 920 776 977 eamdem
807 921 1058 994 gratiam
1093 938 1208 976 non
1231 922 1472 991 emollit,
1508 924 1606 979 sed
1641 924 1908 996 quamvis
1939 942 2023 980 oc-

376 1008 724 1082 culto,justo
755 1013 952 1065 tamen
977 1009 1200 1082 judicio
1233 1010 1605 1084 dcrclinquit.
1631 1013 1697 1068 Hi
1733 1031 1866 1086 ergo
1891 1031 2038 1086 quo~

374 1116 507 1155 rum
541 1098 848 1154 miseretur
878 1100 1272 1172 przedestinati
1297 1105 1438 1156 sunt
1467 1102 1536 1156 ad
1560 1100 1804 1173 gloriam
1825 1120 2026 1158 secun-

375 1189 516 1244 dum
549 1187 690 1244 illud
721 1188 979 1261 Apostoli
1015 1207 1026 1242 :
1061 1195 1204 1260 Quos
1229 1193 1512 1262 prwscivit
1541 1200 1590 1246 et
1614 1193 2027 1264 przrdestinavit

375 1277 544 1352 (Rom.
579 1281 712 1346 ι),θί
742 1277 1113 1350 appellantur
1140 1297 1278 1334 vasa
1307 1279 1367 1334 in
1399 1279 1698 1336 honorem.
1720 1281 1789 1336 Ili
1814 1283 2023 1337 debent

373 1364 485 1424 Deo
517 1370 705 1424 totum
749 1367 906 1440 quod
953 1371 1092 1423 sunt
1129 1371 1186 1422 et
1235 1369 1389 1440 quod
1438 1370 1684 1439 habent;
1729 1371 2020 1442 siquidem

372 1458 501 1530 ejus
521 1457 782 1513 bonitate
804 1457 940 1512 facti
969 1463 1126 1525 sunt,
1147 1475 1282 1514 cum
1314 1477 1430 1514 non
1463 1465 1688 1526 essent;
1713 1461 1840 1531 ejus
1859 1459 2020 1516 beni-

369 1545 590 1619 gnitate
625 1546 827 1601 salvati
862 1550 1021 1613 sunt,
1049 1563 1182 1602 cum
1231 1547 1444 1620 perditi
1490 1554 1705 1605 essent.
1751 1549 1837 1604 Illi
1887 1567 2018 1606 vero

369 1652 518 1708 quos
539 1635 634 1691 ind
647 1635 910 1700 urat,hoc
930 1640 1020 1691 est
1051 1653 1165 1691 non
1187 1635 1535 1708 cmollit,qui
1560 1637 1618 1693 in
1646 1638 2018 1694 damnatione

292 1755 293 1758 η
370 1723 801 1797 relinquuntur,
835 1742 1014 1796 quam
1047 1724 1408 1798 originaliter
1435 1726 1522 1782 vel
1554 1727 1862 1784 actualiter
1892 1745 2018 1784 mc-

366 1813 912 1880 ruerunt,dicuntur
942 1831 1079 1868 vasa
1111 1814 1168 1868 in
1201 1815 1906 1889 contumeliam,pcr[‘ccta
1929 1817 2014 1873 vel
2050 1849 2096 1916 Β

365 1907 503 1974 apta
530 1901 588 1957 in
620 1903 1027 1958 interitum.Hi
1049 1904 1204 1974 quod
1227 1909 1516 1974 creantur,
1529 1906 1622 1960 Dei
1647 1907 1864 1962 donum
1888 1911 1974 1962 est
1999 1924 2012 1961 :

365 1992 518 2064 quod
549 1990 894 2064 puniuntur,
915 1991 1138 2047 malum
1161 1993 1444 2064 ipsorum.
1465 1994 1581 2050 Hos
1605 1995 1808 2051 beatus
1824 1998 2016 2069 Augu-

364 2079 556 2136 stinus
585 2079 645 2134 in
677 2079 880 2136 multis
909 2079 1077 2136 libris
1107 2085 1164 2137 et
1192 2080 1250 2136 in
1281 2099 1347 2138 eo
1381 2100 1555 2154 quem
1579 2083 1714 2139 fecit
1738 2084 2014 2140 ultimum

363 2184 478 2224 non
511 2168 742 2224 dubitat
773 2168 962 2224 dicere
991 2169 1436 2242 praedestinatos
1485 2173 1556 2228 ad
1607 2190 1860 2244 poenam,
1897 2191 2010 2229 non

363 2255 697 2330 intelligens
713 2256 948 2314 fatalem
969 2257 1332 2330 perditorum
1353 2262 1886 2331 necessitatem,sed
1909 2263 2014 2318 im-

363 2345 707 2402 mutabilem
721 2345 1058 2406 relictorum
1083 2349 1492 2406 desertioncm.
1509 2351 1756 2423 Legebat
1768 2352 1924 2407 enim
1943 2353 2012 2408 de

362 2435 479 2491 Deo
513 2452 526 2490 :
558 2436 624 2492 Si
648 2437 980 2492 concluserit
1007 2438 1302 2505 hominem,
1335 2441 1525 2495 nullus
1555 2451 1633 2496 est
1673 2444 1771 2513 qui
1799 2445 2013 2514 aperiat

364 2525 499 2598 (Job.
531 2525 668 2596 xu);
702 2525 961 2597 itemque
994 2543 1007 2581 :
1045 2527 1341 2583 Considera
1370 2545 1534 2601 Opera
1567 2531 1838 2603 Dei,quod
1858 2549 2012 2588 nemo

355 2614 530 2685 possit
553 2615 826 2682 corrigere
855 2630 1014 2686 quem
1045 2615 1139 2670 ille
1185 2615 1488 2688 despexerit
1529 2619 1714 2688 (Eceli.
1748 2621 1831 2692 ιι),
1865 2619 2010 2676 illud

360 2702 538 2758 etiam
572 2719 584 2758 :
618 2704 820 2758 Dimisi
846 2719 933 2758 eos
959 2705 1256 2760 secundum
1284 2705 1556 2763 desideria
1596 2709 1772 2764 cordis
1801 2725 2009 2776 eorum,

361 2792 520 2846 ibunt
575 2794 635 2846 in
681 2791 1162 2849 adinventionibus
1211 2797 1330 2851 suis
1375 2796 1546 2868 (Psal.
1601 2798 1785 2870 Lxxx).
1819 2799 1907 2865 Et,
1948 2803 2012 2853 ut

360 2879 884 2954 opinor,dirigebat
905 2897 1039 2936 eum
1063 2882 1118 2936 in
1143 2882 1298 2938 hunc
1320 2900 1559 2940 sensum
1593 2885 1734 2941 illud
1759 2887 2010 2942 maxime

359 2967 762 3024 testimonium
793 2970 864 3025 de
896 2971 1010 3026 Deo
1042 2969 1144 3042 qui
1176 2972 1312 3028 fecit
1341 2991 1468 3045 quae
1501 2975 1700 3031 futura
1726 2981 1883 3032 sunt.
1905 2975 2008 3032 Cui

357 3061 414 3113 et
444 3058 660 3114 dicitur
691 3075 704 3113 :
741 3058 940 3115 Reddes
996 3062 1294 3132 unicuique
1347 3065 1642 3119 secundum
1689 3081 1849 3136 Opera
1906 3083 2010 3121 sua

357 3147 528 3217 (Psal.
545 3153 676 3213 ιιι).
692 3147 854 3212 Quod
877 3147 1160 3204 nimirum
1193 3149 1454 3207 facturus
1477 3156 1566 3206 est
1587 3153 2004 3220 omnibus,nisi

2138 566 2277 637 quod
2305 583 2413 622 non
2445 567 2739 640 accepisti?
2769 569 2900 641 quid
2927 568 3192 641 gloriaris
3223 571 3380 642 quasi
3425 587 3538 626 non
3566 588 3764 644 accepe-

2139 657 2216 710 ris
2229 658 2256 710 ?
2270 656 2314 728 (I
2329 660 2452 714 Cor.
2473 662 2548 726 ιγ)
2563 656 2768 713 statuit
2787 658 2844 714 in
2865 657 3022 714 nullo
3039 658 3670 732 gloriandum,quando
3685 678 3768 718 no-

2139 749 2326 800 strum
2350 745 2496 800 nihil
2528 747 2605 802 sit
2630 747 2724 817 (u).
2747 746 2910 802 Unde
2931 747 3084 804 bona
3107 765 3337 822 quoque
3356 747 3628 806 voluntas
3646 767 3770 822 prec

2135 839 2374 904 paratur
2399 852 2432 889 a
2467 835 2728 901 Domino,
2749 840 2813 891 ut
2862 841 3222 893 memoratus
3253 837 3569 910 Apostolus
3598 839 3764 895 docet.

2135 921 2290 978 Deus
2319 928 2404 978 est
2436 923 2536 996 qui
2561 929 2835 996 operatur
2865 925 2923 980 in
2957 925 3124 982 nobis
3155 931 3211 981 et
3240 925 3384 982 velle
3415 931 3474 983 et
3514 928 3768 998 perﬁcere
3861 923 3863 998 i

2135 1029 2282 1082 opus
2313 1012 2476 1068 bona:
2509 1014 2662 1070 188
2696 1013 3048 1084 voluntatis;
3078 1019 3314 1088 propter
3335 1015 3490 1088 quod
3541 1016 3768 1087 subjun-

2133 1101 2237 1172 git,
2253 1109 2302 1157 et
2327 1103 2585 1174 perﬁcere
2610 1119 2710 1174 pro
2733 1103 2871 1158 bona
2899 1105 3174 1161 voluntate
3207 1104 3436 1176 (Philip.
3473 1101 3556 1176 II).
3596 1104 3766 1177 Ipsam

2133 1190 2304 1245 etiam
2339 1193 2553 1247 bonam
2585 1191 2999 1264 cogitationem
3031 1193 3197 1250 aDeo
3229 1194 3399 1250 nobis
3427 1209 3560 1250 esse
3589 1193 3769 1250 doctor

2131 1278 2394 1350 gentium
2427 1281 2832 1349 manifestans,
2873 1283 2990 1338 Non
3022 1285 3181 1354 quasi
3221 1283 3558 1354 sufﬁcientes
3594 1284 3766 1353 simus,

2130 1367 2342 1440 inquit,
2373 1371 2608 1440 cogitare
2639 1369 2854 1442 aliquid
2883 1389 2916 1426 α
2945 1373 3120 1440 nobis,
3153 1373 3314 1444 quasi
3360 1389 3429 1427 ea:
3479 1370 3652 1435 nobis,
3693 1373 3768 1427 sed

2128 1459 2465 1529 sufﬁcientia
2494 1467 2677 1515 nostra
2704 1477 2773 1514 ex
2801 1465 2912 1516 Deo
2940 1469 3018 1516 est
3047 1461 3121 1531 (II
3151 1461 3271 1516 Cor.
3296 1460 3404 1532 III).
3450 1459 3552 1516 Dei
3601 1459 3767 1532 gratia

2129 1563 2236 1602 nos
2249 1547 2545 1619 praevenit,
2553 1551 2789 1620 prOpter
2811 1549 2965 1620 quod
2989 1549 3102 1604 scri
3109 1554 3276 1622 ptum
3295 1554 3386 1606 est
3407 1565 3423 1604 :
3447 1550 3592 1605 Deus
3616 1565 3764 1618 meus,

2128 1637 2507 1692 misericordia
2535 1637 2655 1709 ejus
2677 1640 2980 1709 prazveuict
3004 1655 3092 1694 me
3121 1639 3296 1708 (Psal.
3335 1652 3496 1706 Lvm,
3533 1642 3599 1692 ut
3638 1637 3768 1695 bona

2125 1724 2374 1781 velimus
2404 1731 2461 1782 et
2489 1725 2852 1782 inchoamus.
2889 1727 2988 1783 Dei
3017 1727 3208 1800 gratia
3237 1744 3346 1783 nos
3379 1725 3762 1799 subsequitur,

2129 1818 2192 1868 ut
2222 1815 2504 1886 scriptum
2538 1820 2644 1883 est,
2677 1824 2727 1871 et
2758 1817 3138 1872 misericordia
3172 1824 3266 1872 tua
3303 1818 3664 1888 subsequetur
3696 1833 3766 1872 me

2125 1904 2297 1971 (I’sul.
2331 1907 2493 1975 xxn),
2529 1922 2600 1960 ne
2625 1905 2844 1960 frustra
2874 1904 3126 1960 velimus
3158 1909 3214 1960 et
3248 1905 3626 1978 cmpcrimus.
3657 1905 3763 1960 Hec

2125 1991 2524 2064 principaliter
2553 1993 2652 2048 Dei
2683 1996 2915 2058 sunt,ut
2936 1993 3256 2064 praemissis
3281 1993 3644 2049 testimoniis
3665 1991 3764 2047 cla-

2123 2080 2259 2148 ruit,
2286 2086 2342 2136 et
2373 2085 2796 2154 consequenter
2817 2085 3038 2149 nostro,
3065 2083 3206 2154 quia
3233 2081 3540 2138 voluntate
3567 2099 3600 2137 a
3619 2082 3762 2138 nobis

2123 2169 2288 2225 ﬁunt.
2305 2169 2376 2225 Et
2395 2169 2680 2242 scriptum
2697 2173 2786 2226 est
2809 2187 2820 2226 :
2850 2173 3287 2243 Domine,pacem
3310 2171 3382 2226 da
3411 2171 3762 2237 nobis,omnia

2121 2261 2268 2315 enim
2299 2275 2461 2332 opera
2490 2268 2677 2315 nostra
2705 2267 2957 2333 operatus
2986 2277 3040 2316 es
3069 2262 3224 2316 nobis
3257 2261 3392 2333 (lsu.
3427 2263 3611 2328 xxvx).
3645 2259 3761 2316 Rea-

2124 2351 2218 2404 tus
2250 2348 2490 2436 quidem
2521 2347 2742 2420 peccati
2773 2349 2834 2404 in
2856 2349 3209 2421 baptismate
3231 2349 3503 2416 solvitur,
3528 2349 3628 2404 sed
3650 2365 3757 2404 cono

2123 2436 2315 2492 ﬂictus
2337 2437 2465 2508 ejus
2497 2440 2734 2508 propter
2765 2437 3144 2494 exercendam
3177 2437 3352 2493 ﬁdem
3387 2441 3672 2505 servatur,
3692 2436 3755 2492 ita

2123 2531 2188 2582 ut
2216 2525 2507 2598 adjutorio
2537 2525 2638 2582 Dei
2666 2528 2899 2600 semper
2929 2530 2986 2583 ct
3013 2525 3480 2598 comprimendis
3528 2525 3677 2582 vitiis
3714 2531 3760 2581 et

2123 2615 2455 2672 obtinendis
2485 2615 2801 2672 virtutibus
2832 2616 3263 2690 egeamusJioc
3284 2621 3342 2672 et
3371 2615 3759 2689 unusquisque

2120 2705 2236 2760 Deo
2267 2705 2359 2776 pie
2391 2703 2650 2760 militans
2679 2703 2740 2759 in
2773 2705 3086 2777 semetipso
3117 2705 3313 2773 sentit,
3345 2709 3405 2760 et
3442 2705 3757 2778 Apostolus,

2111 2795 2239 2864 jam
2271 2793 2485 2849 Christi
2513 2798 2948 2849 sacramentum
2980 2793 3445 2859 consecutus,sic
3484 2793 3762 2850 humiliter

2119 2884 2430 2937 conﬁtetur
2455 2898 2466 2938 :
2495 2883 2840 2940 Condelector
2860 2883 2970 2952 legi
3000 2883 3098 2938 Dei
3125 2882 3425 2939 secundum
3461 2885 3758 2939 interiorem

2119 2971 2412 3027 hominem.
2449 2971 2606 3028 Video
2637 2979 2820 3027 autem
2847 2971 3021 3026 aliam
3052 2971 3223 3042 legem
3248 2973 3309 3026 in
3353 2972 3622 3028 membris
3647 2973 3759 3027 meis

2118 3069 2513 3132 repugnantem
2542 3060 2650 3132 legi
2675 3063 2873 3116 mentis
2893 3075 3031 3116 mea?
3059 3067 3112 3116 et
3135 3061 3414 3132 captivum
3443 3077 3540 3116 me
3583 3061 3758 3116 ducen-

2117 3157 2222 3204 tem
2253 3150 2311 3204 in
2337 3157 2450 3220 tege
2465 3151 2826 3221 peccatiqum
2845 3158 2921 3204 est
2953 3166 3011 3204 in
3035 3149 3293 3204 membris
3308 3151 3443 3204 meis
3469 3150 3756 3218 (Romani).

359 3215 506 3308 quos
528 3235 892 3292 fecerit187
921 3237 1120 3292 beatos
1151 3239 1501 3295 remittendo
1541 3215 1880 3314 iniquitates
1906 3261 2002 3298 eo-
2036 3215 2079 3282 θ
2117 3238 2196 3293 De
2243 3215 2426 3293 liberi)
2465 3215 2725 3293 arbitrio.
2765 3238 3130 3294 concorditer
3173 3236 3254 3293 ita
3299 3215 3619 3294 senserunt
3646 3238 3756 3310 qui-

359 3341 490 3380 rum
520 3329 578 3380 et
597 3325 845 3396 tegendo
864 3329 1116 3397 peccata.
1133 3325 1238 3390 Qui
1261 3327 1508 3399 gratiam
1531 3329 1717 3402 ipsius
1735 3331 1835 3386 Dei
1853 3350 2012 3388 sum-

357 3411 472 3467 mis
501 3412 810 3467 etI'erentes
843 3411 1148 3482 praeconiis
1170 3413 1361 3468 dicere
1391 3420 1782 3487 possunt,non
1805 3435 2010 3474 secun-

361 3500 504 3556 dum
531 3502 769 3571 peccata
797 3502 996 3554 nostra
1046 3499 1180 3556 fecit
1223 3503 1412 3570 nobis,
1446 3521 1634 3576 neque
1687 3509 2008 3564 secundum

360 3587 705 3660 iniquitates
727 3591 957 3643 nostras
988 3589 1258 3646 retribuit
1287 3591 1869 3651 nobis.Consentiunt
1891 3599 2012 3652 Au-

361 3675 599 3750 gustino
619 3675 810 3730 verbis
831 3675 961 3733 aliis
973 3677 1360 3752 Hieronymus
1384 3675 2009 3756 etGregorius,eodem

361 3769 560 3822 autem
591 3780 724 3818 vero
750 3764 905 3819 Beda
946 3771 1004 3821 et
1045 3766 1499 3832 Isidorus.Quod
1533 3789 1601 3826 ex
1633 3773 1776 3844 ipsis
1807 3780 2011 3830 aucto-

362 3851 548 3920 ribus,
579 3852 630 3908 si
663 3857 862 3909 vestrze
894 3853 1180 3926 placuerit
1209 3855 1565 3928 celsitudini,
1596 3861 1761 3917 facile
1810 3868 2010 3936 potero

363 3941 784 3998 demonstrare.

431 4028 702 4086 Liberum
731 4047 872 4088 sane
905 4032 1210 4090 arbitrium
1234 4035 1292 4090 in
1315 4035 1464 4093 bono
1484 4039 1637 4110 quod
1661 4041 2014 4114 contempsit
2065 4085 2068 4090 .

363 4119 590 4192 primus
620 4120 794 4176 homo
827 4138 1074 4194 peccans
1087 4124 1427 4195 perdidit,in
1447 4127 1602 4184 malo
1634 4134 1830 4186 autem
1855 4132 2010 4204 quod

361 4207 536 4280 elegit
565 4207 824 4264 retinuit.
847 4209 1351 4274 Quemadmodum
1393 4232 1549 4284 vero,
1581 4218 1632 4274 si
1679 4219 1818 4276 velit
1857 4219 2009 4292 quis,

360 4295 448 4351 vel
506 4296 904 4355 subtrahendo
960 4299 1070 4356 sibi
1121 4301 1320 4358 cibum
1372 4322 1433 4360 se
1479 4312 1670 4378 potest
1702 4309 2010 4380 perimere,

361 4388 734 4458 peremptum
776 4391 972 4444 autem
1005 4406 1121 4446 non
1153 4395 1342 4462 potest
1370 4393 1680 4462 viviﬁcare,
1713 4395 1794 4452 ita
1823 4397 2014 4469 potuit

361 4472 536 4529 homo
554 4473 850 4530 voluntate
871 4476 1216 4550 delinquens
1240 4497 1412 4534 usum
1435 4481 1496 4536 in
1513 4483 1843 4540 bonoliberi
1865 4487 2012 4541 arbi-

2117 3343 2348 3398 cunquc
2371 3331 2627 3382 mentem
2647 3325 2978 3382 divinorum
2999 3325 3366 3399 eloquiorum
3392 3326 3758 3399 probabiliter

2119 3418 2520 3488 perceperunt.

2190 3525 2490 3578 Postremo
2521 3537 2668 3593 quos
2698 3521 3008 3578 redemerit
3037 3521 3322 3579 Dominus
3353 3521 3644 3596 sanguine
3671 3536 3758 3576 suo

2119 3610 2451 3683 evangelica
2480 3610 2728 3667 lectione
2764 3609 3064 3684 colligitur
3092 3613 3248 3684 apud
3286 3610 3634 3667 Matthazum
3658 3628 3670 3666 :
3691 3611 3764 3664 Bi-

2121 3701 2246 3763 bile,
2272 3697 2462 3770 inquit
2484 3697 2789 3761 Dominus,
2814 3715 2884 3754 ea:
2912 3700 3010 3754 hoc
3039 3701 3351 3770 omnes,hic
3376 3709 3456 3755 est
3487 3701 3637 3755 enim
3659 3715 3765 3753 san-

2118 3788 2244 3856 guis
2269 3777 2420 3842 m'eus
2451 3788 2582 3842 novi
2599 3790 3030 3860 testamenti,qui
3043 3805 3146 3860 pro
3174 3789 3368 3844 multis
3386 3789 3700 3860 effundatur
3717 3789 3765 3840 in

2119 3876 2496 3932 remissionem
2523 3883 2864 3948 peccatorum
2919 3877 3130 3949 (Matth.
3183 3878 3358 3950 XXVI).
3407 3878 3584 3950 Apud
3636 3877 3763 3932 Mar-

2121 3981 2256 4020 cum
2281 3981 2294 4018 :
2321 3965 2429 4020 [lic
2453 3972 2532 4020 est
2557 3967 2786 4034 sanguis
2803 3982 2953 4022 meus
2983 3968 3117 4022 Novi
3143 3968 3488 4034 Testamenti,
3515 3966 3668 4023 189
3687 3963 3766 4037 qui

2114 4067 2217 4125 pro
2248 4053 2439 4107 multis
2470 4053 2782 4125 eﬂ'undetur
2809 4055 3334 4128 (Marc.x1v).Apud
3367 4055 3592 4110 Lucam
3613 4067 3762 4110 vero:
3861 4053 3863 4130 ᾗ

2123 4143 2230 4198 Hic
2257 4150 2336 4197 est
2356 4142 2508 4197 calix
2536 4142 2746 4198 Novum
2784 4143 3181 4201 Testamentum
3211 4145 3273 4200 in
3323 4146 3602 4216 sanguine
3643 4157 3762 4208 mea
3861 4151 3863 4212 ς

2121 4231 2218 4302 qui
2235 4246 2336 4302 pro
2364 4231 2514 4286 vobis
2542 4229 2804 4302 fundetur
2833 4232 2985 4300 (Luc.
3017 4237 3176 4302 XXII).
3210 4237 3330 4288 Duo
3363 4248 3502 4307 ergo
3535 4246 3764 4304 evange-
3861 4243 3863 4254 ‘

2119 4319 2268 4375 listae
2321 4322 2549 4392 ponunt
2589 4335 2693 4391 pro
2741 4321 2959 4388 multis,
2993 4338 3149 4378 unus
3191 4339 3295 4395 pro
3342 4323 3518 4387 vobis,
3552 4321 3686 4394 quia
3718 4321 3762 4373 et

2121 4407 2396 4479 discipuli
2427 4406 2630 4463 multis
2663 4415 3153 4478 annumerantur,
3187 4409 3388 4466 nullus
3437 4427 3545 4482 pro
3591 4407 3758 4465 omni-

2123 4497 2338 4552 buszEt
2368 4513 2440 4551 ne
2471 4495 2530 4550 id
2561 4513 2698 4569 ergo
2729 4500 2946 4553 temere
2977 4503 3276 4554 scrutatus
3297 4498 3618 4565 existimer,
3649 4512 3762 4552 san-

360 4561 453 4661 ῖῗξί
485 4563 745 4634 Perdere:
763 4565 864 4620 Sed
892 4563 1162 4661 ξξίνθίίίιφ
1185 4567 1548 4661 ἓίμγθῙίίξνηίῗη
1571 4575 1759 4661 Ροξβᾲεί
1790 4574 1914 4630 ευίε
1936 4575 2014 4629 νί-
2042 4582 2091 4648 D
2122 4590 2255 4642 ctus
2275 4561 2679 4658 Hieronymus,
2697 4585 3018 4659 explanans
3039 4585 3236 4644 locum
3261 4586 3564 4661 Evangelii
3587 4561 3758 4642 {Sicut

363 4649 527 4706 ribus
557 4652 1018 4708 resumere.Non
1049 4655 1161 4710 erit
1182 4654 1362 4727 igitur
1389 4655 1450 4710 in
1483 4657 1633 4712 bono
1655 4657 1904 4717 liberum
1925 4661 2010 4718 illi

361 4737 692 4808 arbitrium,
727 4739 840 4794 nisi
876 4740 1049 4797 fuerit
1089 4740 1283 4798 divina
1312 4743 1503 4816 gratia
1532 4745 1864 4804 liberatum.
1898 4751 2011 4806 Do-

360 4826 558 4884 minus
585 4827 760 4884 Jesus
787 4830 1014 4897 sciebat,
1049 4834 1113 4885 ut
1142 4831 1426 4902 scriptum
1459 4838 1566 4900 est,
1597 4837 1730 4908 quid
1771 4847 1907 4894 esset
1952 4843 2012 4896 in

359 4916 578 4972 homine
605 4917 904 4986 (Joan.u),
933 4917 991 4972 id
1041 4917 1354 4974 salubriter
1405 4923 1693 4993 aperiens,
1720 4929 1856 4982 Sine
1903 4946 2007 4999 me,

359 5001 575 5076 inquit,
609 5005 754 5060 nihil
777 5007 998 5076 potestis
1025 5008 1207 5077 facere
1240 5009 1414 5078 (Joan.
1447 5015 1560 5081 xv),
1596 5011 1740 5068 nihil
1791 5016 2012 5074 scilicet

359 5090 519 5148 boni.
557 5092 706 5148 Nam
735 5092 861 5165 ipse
893 5093 1031 5148 mali
1062 5099 1266 5150 auctor
1295 5099 1350 5151 et
1380 5105 1717 5170 cooperator
1744 5121 1872 5161 esse
1893 5124 2009 5164 non

359 5184 570 5252 potest,
606 5181 728 5252 qui,
749 5185 814 5235 ut
841 5181 1096 5238 Joannes
1129 5182 1209 5237 ait
1240 5184 1499 5256 Baptista
1527 5205 1539 5242 :
1573 5191 1758 5259 Agnus
1781 5197 1884 5250 Dei
1910 5205 2006 5265 est,

359 5269 456 5338 qui
484 5269 629 5322 tollit
639 5277 856 5338 peccata
880 5269 1076 5324 mundi
1095 5270 1280 5340 (Joan.
1305 5273 1438 5343 1),et
1467 5291 1597 5346 qua:
1618 5280 1836 5338 scilicet
1859 5286 2012 5342 facta

360 5358 522 5420 sunt,
555 5358 612 5408 ct
641 5372 712 5410 ne
744 5357 907 5412 fiant.
942 5357 1085 5412 Item
1114 5357 1253 5414 alibi
1283 5361 1602 5422 Dominus:
1635 5369 1698 5425 Si
1725 5387 1813 5428 vos
1834 5374 2010 5430 Filius

360 5444 696 5530 liberaverit,
719 5450 846 5498 tunc
873 5461 995 5501 vere
1024 5445 1189 5501 liberi
1213 5451 1368 5506 eritis
1397 5455 1571 5520 (Joan.
1595 5459 1736 5530 vm).
1761 5461 2010 5519 Sanctus

357 5529 931 5605 Cyprianus,martyr
950 5532 1415 5605 gloriosissimus
1437 5547 1491 5598 et
1512 5529 1712 5602 doctor
1731 5551 2012 5608 suavissi-

429 5718 511 5789 (a)
540 5715 731 5790 Cypr.,
763 5719 866 5786 lib.
897 5747 962 5788 III
996 5729 1238 5792 Testim.
1271 5737 1345 5795 ad
1377 5739 1706 5814 Quirinum,
1739 5762 1790 5802 c.
1821 5748 1874 5803 4.

2120 4675 2292 4730 Filius
2320 4674 2560 4730 honu'nis
2591 4690 2702 4731 non
2744 4676 2890 4730 venit
2928 4677 3264 4745 ministrari,
3285 4675 3380 4732 sed
3434 4677 3755 4737 ministrare,

2118 4771 2168 4819 et
2184 4764 2314 4819 dare
2343 4765 2590 4818 animam
2614 4781 2775 4818 suam
2799 4763 3222 4836 redemptionem
3239 4782 3336 4836 pro
3357 4767 3550 4820 multis
3565 4762 3754 4830 (Manli.

2117 4853 2239 4924 vn),
2275 4851 2531 4924 quando,
2563 4851 2780 4924 inquit,
2812 4852 3061 4908 formam
3095 4853 3246 4910 servi
3275 4853 3522 4926 accepit,
3555 4863 3619 4907 ut
3666 4864 3754 4922 pro

2119 4940 2342 4996 mundo
2367 4939 2719 5015 sanguinem
2751 4941 3038 5012 funderet,
3071 4947 3131 4998 et
3158 4959 3273 4998 non
3306 4942 3452 4997 dixit
3483 4943 3620 4997 dare
3647 4937 3754 4994 ani-

2122 5046 2279 5086 mam
2312 5046 2482 5085 suam
2536 5029 3000 5102 redemptionem
3045 5048 3150 5103 pro
3195 5031 3494 5098 omnibus,
3539 5029 3638 5086 sed
3667 5040 3755 5100 pro

2120 5117 2343 5183 multis,
2373 5117 2430 5173 id
2465 5122 2573 5187 est,
2598 5135 2703 5191 pro
2736 5119 2828 5174 his
2869 5119 2972 5192 qui
3016 5121 3250 5177 credere
3293 5118 3599 5175 voluerint.
3649 5117 3754 5181 Qua

2120 5206 2479 5279 expositione
2518 5208 2691 5279 juxta
2744 5208 2920 5264 ﬁdem
2969 5207 3318 5264 catholicam
3377 5207 3574 5264 docuit
3615 5203 3751 5262 solos

2119 5295 2322 5352 ﬁdeles
2353 5311 2482 5352 esse
2509 5295 2946 5369 intelligendos,
2979 5297 3098 5354 sive
3130 5297 3188 5352 in
3221 5295 3410 5372 gratia
3439 5307 3749 5370 permansuo

2120 5401 2235 5453 ros,
2253 5383 2372 5440 sive
2404 5385 2476 5440 ab
2525 5401 2594 5441 ea
2641 5402 2748 5442 suo
2793 5385 2932 5442 vitio
2981 5403 3338 5444 recessuros.
3373 5386 3517 5442 Item
3565 5385 3744 5440 beatus

2121 5470 2484 5544 Augustinus
2514 5473 2784 5544 aperiens
2813 5473 3027 5547 populo
3058 5475 3410 5546 sententiam
3442 5468 3741 5544 Evangelii:

2124 5560 2219 5616 Vos
2276 5576 2390 5616 non
2443 5561 2688 5631 creditis,
2749 5564 2881 5634 quia
2935 5577 3050 5618 non
3102 5565 3230 5618 estis
3277 5577 3348 5618 eae
3398 5562 3582 5618 ovibus
3633 5557 3743 5613 nisis

3861 2151 3864 2352 τ
