3898 6194
172 290 302 363 008

174 521 374 576 ovibus
404 520 560 587 meis,
596 518 737 591 quia
763 518 997 574 videbat
1025 534 1124 574 eos
1146 517 1218 574 ad
1250 517 1672 590 sempiternum
1698 520 1842 574 inte-

176 608 362 664 ritum
385 607 977 681 predestinatosmon
1000 608 1071 661 ad
1092 606 1274 661 vitam
1297 612 1572 662 aeternam
1597 608 1720 663 suis
1742 624 1841 662 an-

175 696 378 771 guinis
410 696 598 769 pretio
629 699 1018 767 comparatos.
1052 696 1154 751 His
1176 701 1296 751 tam
1319 695 1492 752 claris
1515 695 1841 753 luminibus

177 785 514 842 doctrinam
546 800 717 841 suam
749 784 1079 858 evangelico
1103 801 1279 841 sensu
1307 785 1720 842 roborantibus
1741 784 1841 858 qui

177 875 441 931 audeant
469 873 869 929 contradicere
891 873 1002 929 nisi
1026 872 1127 945 qui
1148 874 1501 929 erubescunt
1526 874 1651 930 sine
1670 873 1842 930 lumi-

177 963 361 1021 nibus
390 980 669 1037 apparere
691 962 719 1017 ‘I
751 962 823 1019 Ut
854 979 993 1035 pace
1024 968 1219 1018 tamen
1250 968 1308 1017 et
1338 963 1658 1019 reverentia
1692 964 1838 1020 tanti

174 1052 291 1109 viri
328 1054 553 1125 dictum
594 1052 691 1119 sit,
725 1051 883 1107 hunc
919 1051 1275 1108 intellectum
1306 1052 1635 1125 evangelico
1684 1055 1840 1109 fonte

178 1145 524 1197 manantem
541 1120 655 1195 non
668 1138 872 1196 videns
890 1139 1146 1196 Joannes
1162 1140 1840 1213 Constantinopolitanus

176 1231 517 1302 episcopus,
551 1246 684 1284 cum
735 1232 1046 1301 exponeret
1093 1228 1233 1284 illud
1275 1229 1556 1301 Apostoli,
1590 1230 1841 1301 qualiter

177 1317 374 1392 gratia
392 1318 491 1374 Dei
515 1334 618 1390 pro
641 1317 917 1373 omnibus
939 1317 1259 1390 gustaverit
1280 1323 1526 1374 mortem
1548 1336 1560 1374 :
1586 1319 1711 1375 Non
1737 1336 1838 1391 pro

176 1406 461 1463 ﬁdelibus
492 1410 747 1472 tantum,
781 1405 995 1477 inquit,
1025 1407 1124 1461 sed
1159 1423 1262 1478 pro
1294 1408 1515 1463 mundo
1546 1408 1836 1477 universo;

176 1500 240 1552 et
256 1494 389 1568 ipse
409 1494 648 1567 quidem
662 1510 766 1566 pro
779 1494 1057 1551 omnibus
1072 1501 1341 1551 mortuus
1354 1502 1463 1552 est.
1483 1497 1630 1562 Quid
1641 1501 1839 1553 autem

178 1582 367 1640 sinon
388 1597 592 1638 omnes
613 1582 897 1637 credunt?
916 1581 1015 1638 Ille
1038 1584 1193 1655 quod
1214 1601 1390 1639 suum
1414 1592 1537 1640 erat
1557 1584 1837 1657 implevit.

180 1671 405 1727 Verum
429 1688 534 1727 cur
560 1670 669 1727 hoc
688 1670 959 1740 senserit,
987 1670 1148 1727 nullo
1170 1672 1362 1729 divino
1392 1676 1547 1731 190
1577 1675 1838 1732 testimo-

182 1761 286 1817 nio
317 1760 735 1833 comprobavit.
769 1759 930 1823 Quod
955 1760 1003 1817 si
1027 1761 1161 1833 quis
1182 1762 1533 1819 excellentiae
1564 1764 1840 1820 culminis

177 1851 364 1907 vestri
382 1850 639 1906 ostendit
658 1853 760 1905 aut
780 1850 1100 1906 ostenderit
1122 1851 1205 1923 (a)
1226 1852 1503 1908 Faustum
1522 1855 1839 1925 quemdam

182 1939 258 1995 de
287 1937 385 1995 his
432 1937 603 2012 longe
651 1938 879 1995 diversa
927 1938 1299 2009 scribentem,
1332 1958 1404 1997 ne
1437 1942 1840 2013 acquieveritis

179 2027 405 2086 erranti
428 2044 440 2084 :
462 2027 742 2101 quoniam
769 2029 933 2083 docet
947 2030 1021 2099 (ὁ)
1035 2028 1303 2086 Gelasius
1315 2046 1449 2086 cum
1469 2032 1844 2104 septuaginta

180 2116 480 2190 episcopis
495 2116 637 2174 viris
658 2116 1076 2174 eruditissimis
1087 2118 1187 2190 qui
1216 2120 1527 2191 scriptores
1540 2125 1739 2176 essent
1753 2121 1841 2178 vel

185 2223 309 2262 non
340 2210 540 2262 essent
570 2205 887 2278 recipiendi
912 2222 926 2260 :
961 2210 1227 2264 statuens
1258 2208 1448 2280 primo
1475 2210 1845 2266 commenda-

181 2295 409 2352 tionem
439 2294 756 2368 Augustini
784 2300 842 2351 et
887 2295 1218 2369 singulares
1248 2296 1452 2354 laudes
1483 2298 1839 2371 Hieronymi,

183 2383 498 2440 memorati
547 2383 743 2439 Fausti
792 2383 1011 2456 scripta
1039 2384 1131 2440 his
1179 2385 1372 2441 verbis
1412 2386 1839 2444 exauctoravit:

185 2473 468 2545 Opuscula
520 2474 715 2528 Fausti
770 2474 1028 2543 Regensis
1094 2473 1240 2530 Galli
1290 2478 1621 2548 apocrypha.
1682 2478 1843 2532 lianc

185 2563 389 2627 fidem,
422 2578 601 2634 quam
632 2561 890 2634 expressi
918 2560 977 2616 in
1010 2563 1364 2635 supradictis
1396 2565 1840 2636 quaestionibus,

184 2648 777 2707 tenueruntEcclesiae
791 2649 1087 2705 catholicae
1100 2652 1471 2707 invictissimi
1486 2654 1841 2711 defensores.

184 2739 353 2796 Hanc
377 2756 485 2812 ego
517 2739 800 2795 minimus
821 2738 1087 2796 omnium
1113 2742 1397 2809 custodio,
1432 2741 1581 2798 hanc
1600 2742 1843 2800 volenti-

183 2827 301 2884 bus
322 2829 547 2900 absque
566 2826 787 2883 invidia
806 2828 1079 2896 ostendo;
1112 2829 1448 2886 nolentibus
1467 2848 1609 2887 mea;
1630 2834 1847 2888 medio-

185 2916 416 2973 critatis
447 2917 716 2973 conscius
740 2933 855 2972 non
886 2918 1104 2988 iugero.
1133 2918 1267 2983 Nec,
1292 2924 1358 2974 ut
1388 2919 1627 2991 quidam
1651 2922 1847 2993 suspi-

185 3006 308 3062 cari
331 3022 396 3062 se
426 3005 729 3073 simulant,
755 3005 1025 3075 inaniter,
1059 3006 1168 3062 hoc
1199 3011 1306 3078 est,
1334 3025 1493 3063 vanze
1513 3008 1708 3081 gloriae
1732 3014 1849 3065 stu-

187 3095 288 3151 dio
305 3095 480 3167 cupio
504 3095 886 3161 innotescere,
908 3110 1042 3150 cum
1063 3099 1278 3151 terreat
1291 3113 1382 3151 me
1403 3096 1727 3168 plurimum
1747 3097 1848 3153 illa

1677 292 2107 360 EPISTOLJE.

176 431 361 500 (Joan.
395 426 457 499 1):
518 427 843 496 Quomodo,
902 427 1005 498 ait,
1058 426 1187 485 istis
1240 426 1403 495 dixit,
1434 444 1547 484 non
1585 431 1710 485 estis
1766 447 1835 483 ea:
1864 432 1918 499 Α

3475 292 3598 358 606

2340 429 2486 485 191
2516 428 2583 501 (c)
2605 428 2952 486 EPISTULA
2974 426 3201 485 CXXIX.

2529 535 2603 575 AD
2643 535 3014 575 HINCMARUM.

2022 607 2512 664 Reverentissimo
2544 608 2779 681 praesuli
2827 609 3140 666 Hincmaro
3169 609 3365 682 Lupus
3394 626 3598 685 perpe-

1948 699 2112 751 tuam
2147 696 2204 751 in
2236 697 2482 752 Domino
2514 696 2784 753 salutem.

1996 786 2315 842 'Scrutanti
2330 786 2473 841 mihi
2487 787 2584 842 diu
2601 786 2974 860 multumque
2986 788 3055 843 de
3068 789 3595 861 praedestinatione,

1948 874 2020 929 de
2049 891 2165 946 qua
2194 874 2252 929 in
2282 893 2441 947 pace,
2474 876 2534 930 in
2568 893 2685 948 qua
2712 877 2897 932 vocati
2925 893 3134 932 sumus
3164 894 3199 932 a
3227 878 3364 946 Deo,
3398 881 3601 953 quaeri-

1949 979 2083 1017 mus
2100 968 2155 1019 et
2176 963 2589 1031 deliberamus,
2611 966 2751 1037 quid
2777 966 3151 1037 probabiliter
3167 972 3321 1024 esset
3341 971 3599 1026 sentien-

1949 1051 2113 1118 dum,
2129 1068 2203 1108 ne
2216 1052 2360 1108 illud
2379 1054 2660 1126 Apostoli,
2680 1071 2810 1126 quos
2821 1058 3104 1127 praesciuit
3122 1065 3174 1111 ct
3183 1058 3601 1128 praedestinavit

1948 1142 2101 1206 (Rom
2130 1144 2274 1209 VIII),
2334 1146 2565 1214 pateat;
2614 1142 2759 1198 illud
2812 1160 2968 1210 vero,
3018 1161 3149 1200 vasa
3180 1148 3285 1203 ira?
3335 1152 3597 1221 perfecta,

1945 1230 2063 1283 sive
2086 1239 2306 1300 parata,
2338 1233 2453 1286 sive
2480 1240 2603 1303 apta
2635 1234 2699 1287 in
2730 1234 3017 1288 interitum
3041 1235 3216 1296 (Rom.
3242 1238 3341 1305 lx);
3375 1242 3432 1293 et
3456 1237 3601 1295 illud

1949 1317 2105 1388 quod
2136 1318 2419 1375 divinitus
2465 1318 2603 1374 alibi
2653 1319 2949 1388 scribitur,
2998 1326 3171 1379 nescit
3207 1325 3363 1382 homo
3414 1336 3599 1384 utrum

1947 1422 2133 1461 amore
2161 1424 2235 1461 an
2264 1408 2385 1463 odio
2414 1408 2616 1477 dignus
2643 1411 2718 1464 sit
2747 1411 2948 1472 (Eccte.
2982 1413 3078 1477 ιιι),
3113 1412 3387 1486 itemque,
3414 1416 3603 1473 Consi-

1946 1494 2078 1550 dera
2101 1512 2263 1566 opera
2290 1498 2406 1563 Dei,
2440 1498 2579 1570 quod
2625 1514 2784 1554 nemo
2810 1502 2978 1571 possit
3014 1503 3293 1571 corrigere
3322 1519 3479 1575 quem
3507 1507 3604 1562 ille

1946 1583 2251 1655 despexerit
2300 1588 2486 1653 (Eecti.
2520 1589 2641 1653 vn),
2673 1592 2731 1643 et
2760 1588 2977 1644 similia
3030 1589 3252 1662 passim
3296 1591 3354 1647 in
3388 1592 3602 1649 divinis

1949 1678 2179 1744 reperta
2208 1673 2477 1745 eloquiis,
2506 1676 2750 1748 dignum
2783 1694 2897 1733 non
2924 1678 3178 1735 habeant
3206 1681 3445 1750 exitum,
3479 1681 3603 1739 haec

1945 1761 2253 1818 verissima
2281 1763 2513 1819 videtur
2542 1765 2850 1833 sententia,
2884 1771 2950 1821 ut
2980 1769 3413 1838 praedestinatio
3439 1771 3517 1827 sit
3542 1772 3603 1828 in

1950 1850 2318 1923 bonis,juxta
2333 1851 2691 1909 intellectum
2716 1855 3041 1911 doctissimi
3063 1858 3602 1932 Augustini,gratiae

1949 1939 2314 2011 praeparatio,
2334 1941 2763 2012 praedestinatio
2785 1948 2980 2000 autem
2995 1944 3053 2000 in
3069 1945 3261 2014 malis,
3277 1948 3603 2005 secundum

1950 2031 2213 2083 nostram
2246 2029 2647 2100 capacitatem,
2681 2032 2879 2103 gratiae
2908 2034 3247 2091 subtractio.
3282 2036 3360 2092 De
3386 2038 3604 2109 quibus

1947 2114 2103 2172 idem
2127 2117 2494 2173 certissimus
2516 2125 2719 2175 auctor
2740 2120 2819 2176 ita
2841 2120 3071 2177 scribit:
3095 2123 3320 2186 Quibus
3342 2142 3457 2181 non
3480 2126 3608 2183 vult

1950 2204 2258 2261 subvenire
2288 2223 2405 2261 non
2428 2207 2714 2275 subvenit,
2748 2209 2819 2265 de
2849 2209 3065 2281 quibus
3093 2212 3152 2266 in
3184 2229 3293 2267 sua
3311 2214 3608 2285 praedesti-

1952 2294 2187 2350 natione
2235 2294 2393 2350 aliud
2434 2296 2744 2367 judicavit,
2796 2298 2877 2354 ita
2906 2304 3101 2355 tamen
3132 2304 3197 2355 ut
3235 2301 3295 2355 in
3341 2304 3609 2375 utrisque

1950 2387 2175 2439 creator
2197 2383 2571 2455 aequissimus
2591 2386 2939 2453 inveniatur,
2964 2388 3105 2443 dum
3129 2393 3188 2445 et
3216 2389 3333 2445 illis
3356 2392 3607 2464 gratiam

1953 2472 2355 2528 misericordia
2384 2472 2740 2545 impertitur,
2783 2480 2840 2531 et
2870 2476 3000 2532 istis
3032 2478 3299 2534 eamdem
3331 2481 3605 2551 gratiam,

1953 2578 2291 2632 quanquam
2307 2578 2373 2617 oc
2384 2562 2733 2633 culto,juslo
2746 2568 2940 2619 tamen
2958 2566 3181 2637 judicio
3206 2584 3319 2623 non
3339 2568 3606 2642 largitur.

1956 2650 2220 2721 Dumque
2236 2651 2295 2704 in
2317 2651 2499 2705 Adam
2527 2668 2731 2707 omnes
2754 2653 2895 2708 recti
2916 2655 3092 2709 creati
3115 2671 3346 2725 sumus,
3366 2662 3423 2713 et
3439 2658 3612 2714 liber-

1952 2741 2131 2793 tatem
2145 2738 2367 2793 arbitrii
2384 2740 2604 2812 absque
2617 2740 2796 2796 ullius
2814 2742 3177 2799 dilficultatis
3188 2744 3609 2818 impedimento

1953 2830 2011 2880 et
2028 2825 2490 2898 interpellatione
2514 2829 2869 2900 accepimus,
2891 2834 3099 2900 sponte
3113 2836 3309 2887 autem
3334 2839 3610 2905 peccante

1952 2914 2162 2984 Adam,
2194 2917 2255 2969 in
2283 2932 2408 2987 quo,
2439 2922 2505 2971 ut
2531 2916 2844 2988 Apostolus
2877 2918 3046 2974 testis
3076 2923 3183 2985 est,
3216 2936 3400 2977 omnes
3427 2938 3613 2994 pecca-

1953 3012 2147 3059 verunt
2195 3003 2366 3065 (Rom.
2398 3006 2475 3073 v),
2528 3021 2752 3072 omnes,
2786 3022 2853 3060 ex
2896 3022 2962 3061 eo
3021 3007 3305 3063 duntaxat
3361 3014 3610 3083 utroque

1957 3094 2110 3150 I92
2133 3110 2272 3149 sexu
2296 3094 2605 3167 progeniti,
2643 3094 2994 3150 conditionis
3026 3095 3370 3168 dignitatem
3406 3101 3609 3156 amisi-

187 3184 262 3241 de
294 3183 518 3240 Scribis
548 3187 605 3239 et
636 3182 941 3239 Pharisaais
989 3183 1222 3239 Domini
1272 3186 1594 3241 sententia:
1649 3188 1846 3243 Omnia
1875 3171 1918 3238 C
1957 3199 2112 3249 mus,
2141 3187 2197 3237 et
2221 3198 2452 3254 pcenam
2475 3183 2716 3253 peccati,
2744 3182 2852 3238 hoc
2868 3189 2957 3239 est
2974 3184 3534 3256 concupiscentiam,
3554 3192 3612 3245 et

189 3288 356 3345 opera
382 3288 486 3327 sua
512 3274 730 3343 faciunt
753 3280 814 3327 ut
851 3272 1144 3328 videantur
1168 3274 1237 3327 ab
1276 3274 1589 3329 hominibus
1639 3275 1846 3341 (Matth.

1959 3277 2229 3338 mortem,
2262 3288 2377 3326 non
2408 3271 2617 3327 animae
2662 3270 2876 3340 solum,
2908 3287 3112 3327 verum
3143 3273 3318 3330 etiam
3350 3276 3611 3349 corporis

189 3364 356 3429 mu)
381 3380 398 3425 ;
428 3366 486 3417 et
516 3362 586 3416 de
615 3359 961 3433 hypocritis:
992 3366 1159 3416 Amen
1192 3361 1311 3418 dico
1340 3362 1506 3430 vobis,
1538 3373 1852 3435 receperunt
1959 3359 2166 3415 merito
2224 3364 2422 3416 nostro
2474 3359 2854 3416 incurrimus.
2916 3359 3062 3416 Hinc
3092 3366 3181 3418 cst
3228 3364 3384 3436 quod
3416 3365 3610 3437 qualis

186 3450 490 3507 mercedem
520 3466 680 3505 suam
708 3449 912 3519 (Matth.
945 3455 1045 3518 v1).
1082 3450 1192 3505 Sed
1236 3452 1560 3507 asserenda:
1594 3453 1850 3510 veritatis

187 3538 414 3594 intuitu
432 3538 587 3610 quod
610 3538 668 3593 in
690 3537 901 3594 divinis
918 3538 1368 3595 auctoritatibus
1384 3558 1703 3614 earumque
1724 3558 1854 3599 sen-

185 3643 325 3684 sum
357 3627 744 3699 sequentibus
774 3625 1332 3699 prmcellentissimis
1362 3630 1702 3685 auctoribus
1733 3631 1849 3687 Deo

183 3716 521 3790 inspirante
552 3715 908 3789 deprehendi
940 3715 1339 3788 quaerentibus
1365 3717 1588 3789 absque
1617 3723 1852 3775 conten-

184 3806 352 3862 tione
372 3804 706 3862 manifesto.
726 3804 945 3861 Vestrae
962 3803 1142 3877 igitur
1159 3804 1579 3876 opinatissimae
1598 3809 1850 3878 pruden-

182 3893 279 3949 tia;
311 3892 361 3949 si
388 3894 516 3965 jam
550 3892 919 3969 satisfactum
950 3897 1059 3962 est,
1093 3894 1339 3966 gaudeo.
1364 3894 1495 3950 Sint
1518 3900 1734 3963 autem,
1758 3895 1848 3951 vel

182 3998 369 4050 nunc,
402 3981 491 4037 vel
522 3997 657 4037 cum
687 3985 837 4037 Deus
869 3985 1067 4037 noster
1092 3984 1352 4054 optatam
1383 3982 1549 4038 vobis
1590 3983 1848 4054 quietem

181 4070 526 4138 contulerit,
558 4074 794 4143 propter
814 4070 930 4127 alia
963 4071 1137 4128 etiam
1171 4071 1403 4144 negotia
1432 4071 1845 4141 ecclesiastica,

181 4158 446 4217 evocatis
467 4159 539 4216 ad
563 4164 912 4216 conventum
942 4160 1300 4217 doctioribus
1330 4159 1683 4233 quibusque,
1726 4178 1848 4217 rec-

180 4254 342 4317 tene,
369 4265 743 4321 perperamve
764 4249 1037 4316 sentiam,
1062 4247 1336 4304 subtilior
1356 4248 1615 4321 plurium
1641 4254 1850 4307 tracta-

181 4337 283 4395 lus
322 4337 538 4410 poterit
574 4337 851 4393 invenire.
880 4338 976 4394 Sic
1006 4338 1160 4393 Deus
1190 4354 1312 4407 vos,
1337 4342 1473 4411 opto
1503 4343 1562 4394 et
1591 4356 1711 4406 oro,
1744 4338 1846 4395 diu

182 4426 552 4499 feliciterque
574 4426 745 4483 faciat
769 4443 1032 4500 regnare,
1057 4430 1122 4483 ut
1144 4444 1343 4484 secum
1359 4444 1461 4485 vos
1483 4427 1543 4484 in
1563 4433 1845 4486 aeternum

178 4531 437 4589 regnare
467 4514 768 4571 concedat.

178 4763 337 4891 11ἕα)
371 4765 631 4820 Faustum
676 4763 983 4838 quemdam.
1035 4763 1180 4820 Vide
1213 4769 1382 4822 notas
1411 4767 1481 4821 ad
1533 4766 1843 4839 epistolam

255 4906 335 4975 (ὁ)
370 4904 743 4962 Gelasiuscum
757 4908 1117 4977 septuaginta.
1138 4907 1418 4963 Eamdem
1434 4908 1842 4964 auctoritatem

174 4977 400 5050 iisdem
424 4978 605 5050 ferme
632 4977 826 5050 verbis
847 4979 1065 5050 profert
1090 4978 1184 5033 hic
1207 4984 1403 5034 noster
1425 4979 1624 5050 Lupus
1646 4979 1703 5033 in
1728 4981 1844 5036 {ine

175 5048 534 5104 Collectanei
559 5049 631 5106 de
661 5048 863 5105 tribus
878 5048 1327 5112 Quaestionibus.
1359 5048 1840 5106 Sane—decretum

177 5119 296 5175 hoc
322 5118 584 5194 de_libri_s
604 5119 903 5194 canonicis
918 5124 981 5194 et
1000 5120 1349 5194 apocryphis
1369 5120 1650 5194 tribuitur
1668 5121 1839 5194 vulgo

221 5207 352 5262 aps:
383 5190 633 5262 Gelasio.
658 5191 931 5262 Ingveteri
952 5190 1148 5247 tamen
1171 5190 1368 5247 codice
1390 5207 1502 5245 ms.
1535 5190 1838 5248 cathedra-

221 5207 352 5262 apae
383 5207 633 5247 uelasio.
658 5207 719 5246 ιιι
752 5207 931 5247 veteri
952 5207 1148 5247 tamen
1171 5207 1368 5247 coaice
1390 5207 1502 5245 ms.
1535 5207 1838 5248 cathedra-

174 5207 256 5335 ΕΒ
285 5259 546 5335 ecclesiae
578 5260 953 5335 Urgellensis,
988 5263 1046 5317 in
1080 5279 1195 5335 quo
1234 5262 1567 5335 continetur
1614 5262 1842 5320 sincera

175 5332 394 5389 Isidori
418 5332 700 5399 collectio,
723 5333 881 5389 idem
902 5332 1201 5391 decretum
1219 5334 1499 5389 tribuitur
1518 5334 1839 5390 Hormisdae

174 5404 761 5477 pontificiRomano,
782 5405 883 5477 qui
905 5422 1021 5477 non
1053 5404 1239 5477 multo
1256 5403 1710 5477 postGelasium
1736 5406 1838 5461 flo-

172 5474 322 5530 ruit.
355 5474 465 5529 Sed
499 5479 559 5531 et
582 5475 720 5530 olim
752 5474 1033 5531 beneficio
1054 5474 1280 5531 clariss.
1304 5475 1411 5529 viri
1443 5476 1641 5530 domni
1676 5477 1837 5532 Lucae

169 5545 473 5612 Dacberii,
507 5546 780 5603 monachi
812 5546 1191 5615 Benedictini,
1222 5546 1339 5602 vidi
1369 5547 1837 5603 vetustissimum

169 5618 444 5674 codicem
459 5634 572 5673 ms.
588 5617 954 5676 Collectionis
971 5617 1337 5691 Dionysianzs
1349 5616 1408 5673 in
1423 5634 1538 5690 quo
1550 5618 1836 5691 scriptum

1956 3449 2142 3504 Adam
2173 3467 2204 3505 a
2237 3450 2351 3506 Deo
2375 3454 2603 3506 creatus
2625 3455 2713 3505 est
2744 3466 2859 3505 non
2883 3448 3205 3519 nascimur,
3228 3453 3328 3508 sed
3360 3454 3613 3527 origina-

1957 3536 2091 3592 liter
2121 3543 2476 3610 peccatores,
2525 3537 2907 3611 damnatique
2950 3555 3121 3611 pmua
3150 3541 3411 3612 peccati:
3464 3559 3613 3615 quo-

1959 3643 2090 3681 rum
2122 3626 2368 3683 alterum
2399 3626 2530 3682 fecit
2561 3632 2884 3699 spontanee
2904 3627 3077 3702 culpa
3100 3629 3282 3685 nostri
3304 3630 3479 3703 primi
3510 3649 3611 3705 pa-

1958 3715 2162 3783 rentis,
2194 3715 2444 3772 alterum
2476 3715 2710 3788 culpam
2734 3715 2989 3789 puniens
3010 3718 3315 3774 tremenda
3336 3718 3613 3777 severitas

1948 3804 2269 3876 justissimi
2308 3804 2549 3877 judicis.
2592 3804 2736 3860 Cum
2766 3822 2903 3875 ergo
2961 3807 3353 3863 communiter
3408 3826 3612 3865 omnes

1956 3893 2219 3948 damnati
2247 3894 2434 3948 simus
2459 3893 2630 3962 cujus
2658 3899 2924 3949 nostrum
2946 3894 3069 3949 vult
3094 3895 3250 3951 Deus
3278 3895 3611 3967 miseretur,

1957 3986 2014 4036 et
2044 3998 2219 4053 quem
2264 3981 2388 4035 vult
2437 3981 2694 4048 indurat,
2745 3981 2854 4037 hoc
2884 3986 2995 4049 est,
3036 3983 3095 4037 in
3125 3983 3364 4055 propria
3393 3985 3613 4042 duritia

1956 4069 2324 4143 derelinquit.
2344 4068 2652 4125 Miseretur
2664 4085 2879 4142 magna
2895 4069 3172 4136 bonitate,
3193 4070 3431 4128 indurat
3448 4073 3613 4130 nulla

1957 4157 2283 4230 iniquitate.
2318 4159 2412 4215 Sic
2444 4158 2641 4229 itaque
2658 4156 2765 4214 hos
2787 4175 2935 4230 quos
2956 4157 3194 4215 indurat
3211 4162 3607 4233 przsdestinat,

1955 4263 2072 4302 non
2101 4248 2172 4303 ad
2206 4245 2560 4319 supplicium
2584 4244 2959 4319 impellendo,
2994 4248 3097 4303 sed
3129 4265 3162 4304 a
3193 4254 3429 4321 peccato
3451 4253 3609 4323 quod

1956 4334 2580 4409 merctursupplicium
2594 4351 2711 4390 non
2724 4335 3095 4405 retrahendo;
3110 4339 3608 4410 quemadmodum

1957 4424 2255 4481 induravit
2285 4442 2382 4480 cor
2414 4423 2755 4493 Pharaonis,
2803 4441 2919 4480 non
2951 4425 3022 4480 ad
3056 4425 3289 4498 culpam
3324 4429 3605 4501 urgendo,

1956 4514 2060 4570 sed
2105 4513 2294 4587 gratia
2340 4512 2669 4569 emollitum
2701 4530 2735 4568 a
2765 4512 2941 4586 culpa
2970 4530 3086 4569 non
3138 4516 3479 4573 revocando.
3513 4517 3609 4574 Sic

1954 4607 2107 4660 recte
2141 4618 2460 4676 possumus
2484 4602 2694 4673 dicere,
2717 4600 2916 4658 induci
2939 4620 2975 4658 a
3003 4602 3118 4659 Deo
3140 4604 3200 4658 in
3230 4604 3607 4661 tentationem

1953 4770 2076 4822 erat
2097 4765 2395 4820 decretum
2418 4760 2527 4817 hoc
2547 4761 2848 4835 aDamaso
2871 4779 3044 4835 papa,
3067 4763 3166 4835 diu
3186 4762 3451 4835 videlicet
3470 4769 3607 4822 ante

1952 4836 2164 4893 Gelasii
2196 4840 2479 4905 tempora,
2517 4832 2738 4888 editum
2764 4832 2967 4889 fuisse:
3002 4833 3163 4890 Unde
3186 4834 3454 4891 fortassis
3476 4835 3605 4891 elici

1993 4907 2137 4986 ossit
2166 4904 2508 4986 Damasium
2536 4904 2793 4986 primum
2815 4904 3171 4986 omniumﬁde
3198 4905 3606 4986 hujuscemodi

1974 4979 2118 5035 ibris
2131 4976 2361 5050 publice
2380 4976 2899 5050 statuisse,_dc_inde
2910 4976 3352 5050 veroGelas'Tum
3369 4978 3602 5033 Damasi

1952 5046 2252 5106 decretum
2275 5064 2603 5114 renovasse,
2636 5046 2899 5119 illudque
2923 5048 3157 5104 auxisse
3188 5065 3391 5104 eorum
3411 5055 3607 5105 aucto-

1951 5139 2080 5176 rum
2096 5120 2435 5177 nominibus
2447 5119 2544 5191 qui
2564 5122 2700 5192 post
2716 5118 3033 5192 Damasum
3046 5118 3257 5192 vixere.
3273 5121 3433 5192 Quod
3449 5121 3602 5177 idem

1950 5193 2021 5247 de
2047 5192 2359 5263 Hormisda
2394 5188 2625 5263 quoque
2648 5188 2759 5245 dici
2788 5195 2997 5263 potest.
3032 5190 3181 5263 Vide
3204 5190 3600 5248 clarissimum

1946 5261 2454 5335 virungoannem
2488 5261 2773 5335 Pearson,_
2790 5261 3132 5335 episcopum
3156 5262 3517 5330 Carrensem,
3541 5263 3600 5319 in

1946 5332 2219 5389 vindiciis
2249 5332 2628 5405 epistolarum
2661 5333 2718 5405 S.
2755 5332 2982 5405 lgnatii.

2019 5408 2093 5471 (ο)
2123 5402 2618 5477 Ηέιῐιόθρὶεζοιιιιῐι
2640 5402 3016 5476 οΙιιιν.’ρι·εεδθε
3037 5404 3392 5477 Mauguinus
3409 5405 3601 5477 existi-

1948 5481 2073 5530 mat
2102 5492 2136 5529 a
2168 5475 2325 5545 Lupo
2350 5473 2634 5545 scriptam
2670 5473 2823 5531 anno
2845 5478 2969 5541 849,
3004 5477 3076 5532 ad
3110 5473 3598 5532 consultationem

1948 5543 2271 5610 Hincmari,
2290 5544 2391 5615 qui
2417 5543 2741 5617 Ratramni,
2765 5546 3128 5604 Corbeicnsis
3154 5548 3445 5617 monachi,
3470 5563 3601 5605 cen-

1948 5633 2146 5674 suram
2181 5632 2412 5688 passus,
2446 5615 2795 5673 sententiam
2828 5618 2972 5691 Lupi
3003 5618 3396 5693 exquisiverit.
