3898 6194
372 287 491 345 615

1370 287 1439 345 Β.
1485 287 1549 346 S.
1598 285 1773 347 LUPI
1820 284 2150 385 ABBA'I‘lS
2197 284 2784 346 FERRARIENSIS.

3660 282 3781 339 διδ

372 436 479 473 sua
508 418 632 474 loca
655 418 935 491 jubemus
986 418 1191 473 reverti
1241 422 1296 474 et
1344 417 1691 491 regulariter
1737 417 2017 473 abbatum
2048 418 2102 483 Α
2133 414 2280 471 falso
2341 417 2586 485 videtur,
2617 416 2705 472 vel
2764 415 2988 472 virilem
3046 414 3315 472 habitum
3374 418 3645 481 sumunt,
3698 413 3785 468 vel

372 507 607 564 solertia
638 507 835 580 recipi.
869 508 966 563 Eis
998 510 1192 562 autem
1227 506 1326 579 qui
1358 525 1461 579 pos
1510 507 1834 563 evidentem
1887 524 2018 579 pro-

372 596 683 673 fessionem
703 596 1108 652 monachicam
1132 595 1306 651 etiam
1330 596 1598 652 habitum
1636 595 2015 667 reliquerunt,

367 684 455 741 vel
486 684 586 757 qui
618 702 726 741 sua
755 684 928 758 culpa
957 684 1367 758 projiciuntur,
1400 684 1514 741 nisi
1548 684 1734 740 redire
1779 688 1835 740 et
1863 683 2019 754 quod

368 775 484 830 Deo
513 774 954 846 spoponderunt
983 772 1227 847 implere
1259 774 1648 841 consentiant,
1682 773 1791 828 hoc
1834 772 2020 828 credi-

367 880 503 919 mus
533 880 703 935 posse
724 864 982 919 remedio
1004 862 1321 930 subveniri,
1339 863 1387 917 si
1421 863 1479 917 in
1504 864 1577 934 (a)
1602 862 1916 935 ergastulis
1938 862 2021 916 in-

367 952 515 1008 clusi
544 952 753 1009 tandiu
784 971 818 1008 a
847 956 1135 1008 conventu
1167 952 1473 1008 hominum
1514 952 1919 1009 abstineantur
1964 954 2021 1007 et

367 1040 597 1114 pietatis
621 1040 841 1097 intuitu
862 1040 1340 1097 convenientibus
1358 1044 1724 1096 macerentur
1743 1038 2017 1111 operibus

367 1130 549 1185 donec
567 1130 882 1186 sanitatem
905 1130 1279 1185 correctionis
1296 1130 1631 1186 admittant.
1648 1130 1911 1201 Namque
1933 1127 2017 1182 illi

365 1218 467 1292 qui
498 1220 795 1292 quondam
828 1218 1118 1287 monachi,
1140 1224 1342 1292 postea
1372 1219 1571 1275 relicta
1591 1217 2019 1291 singularitatis

367 1308 727 1381 professione
758 1309 829 1363 ad
862 1307 1133 1364 militiam
1156 1307 1243 1363 vel
1267 1309 1336 1363 ad
1358 1308 1592 1381 nuptias
1615 1306 2017 1372 devolvuntur,

367 1414 528 1470 papa:
560 1397 771 1454 Leonis
792 1398 1023 1453 decreto
1054 1399 1231 1469 (epist.
1264 1398 1334 1453 ad
1366 1400 1595 1466 Rustic.)
1627 1396 1860 1469 publica
1901 1413 2019 1468 poe-

370 1486 629 1543 nitentia:
678 1486 1077 1543 satisfactione
1125 1486 1415 1560 purgandi
1474 1490 1632 1542 sunt.
1666 1487 1747 1541 De
1794 1484 2021 1541 clericis

366 1579 567 1632 autem
598 1574 989 1631 Ecclesiarum
1042 1593 1285 1632 suarum
1337 1575 1734 1631 desertoribus
1780 1574 2022 1646 antiqua

365 1666 554 1721 forma
596 1664 1082 1721 Chalcedonensis
1127 1664 1357 1721 concilii
1406 1665 1691 1721 servanda
1736 1667 1826 1721 est
1875 1666 2017 1736 (can.

363 1758 500 1823 xxx),
532 1771 659 1827 qua:
720 1754 1044 1827 praescribit
1100 1758 1188 1822 ut,
1220 1754 1269 1809 si
1319 1753 1634 1827 episcopus
1695 1753 2019 1825 susceperit

364 1842 643 1900 clericum
676 1844 746 1899 ad
778 1843 966 1899 alium
997 1842 1338 1916 episcopum
1370 1843 1758 1915 pertinentem
1789 1846 1846 1898 et
1894 1859 2020 1897 sus-

363 1937 565 2005 ceptus
586 1937 643 1988 et
686 1932 1014 2005 suscipiens
1068 1933 1481 1988 communione
1528 1932 1787 2004 privetur
1838 1932 2021 1987 donec

364 2021 414 2077 is
446 2021 548 2093 qui
580 2021 931 2094 migraverat
960 2020 1206 2077 clericus
1237 2022 1308 2077 ad
1350 2021 1648 2095 propriam
1701 2024 2022 2077 revertatur

366 2109 709 2166 Ecclesium.

1166 2198 1234 2253 V.

483 2292 565 2343 De
592 2289 663 2343 iis
694 2288 791 2358 qui
817 2288 1334 2343 sanctimonialibus
1361 2288 1556 2343 illicite
1582 2290 1895 2345 miscentur.

436 2376 545 2439 Qui
577 2375 1132 2431 sanctimonialibus
1164 2375 1364 2431 illicite
1395 2376 1737 2445 miscentur,
1772 2381 1827 2432 et
1848 2377 2021 2433 sacri-

365 2464 493 2537 lega
526 2465 743 2520 foedera
774 2482 907 2520 cum
931 2464 1014 2521 eis
1037 2465 1393 2532 faciunt,eos
1413 2467 1489 2534 (b)
1512 2466 1834 2522 Innocentii
1856 2483 2017 2538 papae

365 2570 612 2610 censura
634 2572 669 2610 a
696 2555 1108 2610 communione
1156 2556 1323 2626 jubet
1353 2555 1655 2626 suspendi,
1677 2556 1829 2612 200
1851 2559 1907 2610 et
1933 2553 2019 2609 illi

364 2660 467 2716 per
508 2642 807 2716 publicam
860 2644 1286 2717 probatamque
1336 2644 1739 2715 poenitentiam
1777 2643 2018 2699 omnino

364 2748 481 2788 non
514 2732 714 2805 recipi,
749 2738 852 2789 aut
882 2732 976 2789 his
1007 2738 1161 2788 certe
1182 2733 1459 2788 viaticum
1493 2734 1561 2789 de
1593 2732 1803 2789 saeculo
1834 2737 2021 2789 trans-

366 2820 665 2890 euntibus,
699 2822 750 2877 si
772 2826 966 2877 tamen
996 2822 1393 2894 pmnituerint,
1418 2838 1533 2877 non
1568 2822 1788 2895 negari.

1142 2928 1238 2983 VI.

468 3004 554 3057 De
580 3016 772 3073 sponsa
802 3001 869 3057 ab
901 3001 1070 3056 altero
1100 3008 1257 3071 rapta
1286 3008 1337 3055 et
1365 2999 1429 3055 de
1454 3017 1610 3072 pwna
1643 3002 1896 3072 raptoris.

434 3089 521 3144 Ab
572 3088 755 3145 altero
799 3106 935 3145 vero
986 3091 1360 3161 desponsata,
1395 3093 1452 3145 et
1505 3091 1576 3143 ab
1619 3089 1800 3145 altero
1850 3093 2018 3161 rapta

365 3177 578 3250 puella,
600 3178 924 3234 secundum
953 3181 1176 3233 statuta
1204 3178 1490 3250 Ancyrani
1521 3177 1749 3233 concilii
1775 3182 2011 3247 (can,x),

366 3266 416 3322 ei
450 3284 485 3321 a
515 3283 630 3338 quo
663 3267 1021 3338 desponsata
1068 3266 1259 3322 fuerat
1303 3266 1599 3322 reddenda
1644 3272 1752 3332 est,
1786 3266 2016 3323 etiamsi

364 3354 481 3410 vim
514 3372 548 3409 a
577 3359 810 3426 raptore
840 3353 1165 3426 pertulerit.
1207 3354 1285 3410 De
1335 3355 1669 3427 raptoribus
1713 3360 1907 3412 autem
1956 3355 2016 3410 in

369 3444 539 3499 nobis
570 3444 801 3497 videtur
821 3442 1109 3515 optimum
1143 3449 1229 3512 ut,
1262 3445 1541 3516 quoniam
1564 3444 2017 3501 ecclesiasticam

368 3530 1038 3587 excommunicationem
1097 3533 1258 3604 parvi
1317 3534 1599 3605 pendunt,
1648 3534 2017 3591 saecularium

367 3619 567 3693 legum
599 3623 934 3675 terreantur
962 3621 1324 3677 austeritate.

1129 3729 1251 3785 VII.

367 3818 442 3873 De
469 3816 981 3889 sanctimonialibus
1006 3833 1131 3889 qua?
1160 3819 1442 3889 religionis
1470 3835 1637 3875 causa
1673 3820 1893 3877 virilem
1920 3822 2017 3877 ha-

656 3888 828 3943 bitum
852 3888 1075 3945 sumunt
1105 3891 1189 3945 vel
1216 3888 1397 3947 crines
1427 3891 1723 3947 attondent.

441 3975 501 4032 Si
552 3992 679 4050 quae
723 3976 1198 4035 sanctimoniales
1248 3996 1428 4036 causa
1470 3979 1786 4053 religionis,
1820 3985 1886 4037 ut
1932 3981 2017 4037 eis

440 4103 515 4185 (α)
547 4102 606 4185 I_n
635 4102 1236 4185 ergastulis..lmitatus
1266 4104 1479 4185 est_hic
1510 4121 1698 4185 canon
1727 4122 1797 4161 ex
1826 4124 1954 4185 ca_p.
1984 4109 2020 4162 6

369 4173 628 4248 epistolae
660 4191 821 4246 papae
849 4173 1043 4250 _S_iricii
1066 4175 1135 4230 ad
1152 4175 1854 4250 _Himerium,episcopum
1877 4173 2017 4234 Tar-

370 4245 772 4320 raconensem,
803 4245 902 4300 ubi
936 4246 1021 4301 sic
1052 4247 1337 4320 scriptum
1367 4253 1457 4305 est
1482 4266 1503 4320 7:
1539 4245 1566 4299 ἆ
1600 4245 1897 4316 Quatenus
1928 4267 2019 4305 re-

368 4321 545 4373 trusaa
576 4316 635 4370 in
663 4315 787 4371 suis
829 4315 1423 4384 ergastulisftantum
1467 4315 1694 4376 facinus
1742 4321 2020 4378 continua

368 4387 783 4443 lamentatione
812 4387 1110 4457 deﬂentes,
1148 4411 1176 4439 »
1207 4395 1314 4445 etc.

441 4460 514 4531 (b)
546 4460 850 4515 Innocentii
870 4476 1050 4532 papw.
1065 4463 1188 4534 Aut
1204 4461 1411 4534 fefellit
1431 4460 1526 4534 hic
1550 4462 1781 4534 Lupum
1803 4480 2020 4519 memo-

2131 506 2198 573 (c)
2231 505 2420 561 crines
2450 507 2776 571 attondent,
2813 505 2951 579 quia
2999 504 3332 578 ignorantia
3380 502 3574 577 magis
3603 519 3786 576 quam

2130 595 2325 650 studio
2355 612 2453 651 eas
2484 612 2679 651 errare
2709 599 3007 667 putamus,
3041 594 3446 650 admonendas
3484 591 3791 664 castigan-

2129 683 2352 756 dasque
2383 684 2788 752 decernimus;
2814 701 2886 740 ne
2916 685 3063 740 forte
3090 683 3320 740 Veteris
3365 698 3433 739 ac
3482 680 3629 738 Novi
3665 681 3793 736 Ins-

2128 772 2410 828 trumenti
2444 773 2956 845 przevaricatrices,
2982 774 3152 845 juxta
3178 776 3583 845 Gangrensem
3616 785 3796 841 syno-

2128 862 2272 917 dum
2304 862 2446 934 (can.
2480 866 2603 932 xm)
2637 861 2944 919 severitate
2975 861 3369 918 anathematis
3396 861 3470 918 ab
3518 857 3797 916 Ecclesia:

2129 968 2366 1024 corpore
2396 952 2811 1024 praecidantur.

2871 1066 3023 1124 VIII.

2132 1184 2193 1241 Ut
2223 1184 2459 1255 episcopi
2488 1185 2586 1254 qui
2608 1182 2677 1238 ad
2708 1184 2909 1238 bellum
2931 1199 3041 1239 non
3071 1190 3222 1247 eunt,
3254 1181 3501 1237 homines
3531 1196 3666 1235 suos
3698 1178 3800 1233 ati-

2428 1257 2522 1310 cui
2550 1272 2620 1310 ea:
2649 1255 2901 1326 ﬁdelibus
2931 1256 3078 1324 regis
3108 1255 3469 1310 committant.

2132 1355 2142 1367 '
2198 1352 2482 1416 Quoniam
2515 1353 2802 1424 quosdam
2836 1352 3245 1425 episcOporum
3284 1350 3356 1406 ab
3395 1346 3799 1423 expeditionis

2128 1440 2324 1497 labore
2354 1441 2613 1514 corporis
2638 1440 2899 1496 defendit
2920 1438 3451 1507 imbecillitas,aliis
3481 1442 3694 1494 autem
3716 1453 3799 1491 ve-

2129 1534 2253 1586 stra
2267 1529 2633 1603 indulgentia
2651 1530 2878 1587 cunctis
2900 1528 3216 1603 optabilem
3237 1527 3490 1603 largitur
3506 1526 3797 1599 quietem,

2128 1620 2567 1692 praecavendum
2600 1624 2690 1675 est
2720 1618 2986 1692 utrisque
3013 1635 3086 1675 ne
3118 1634 3437 1691 pereorum
3461 1615 3796 1673 absentiam

2129 1725 2221 1765 res
2252 1707 2526 1764 militaris
2556 1707 2933 1781 dispendium
2963 1706 3242 1781 patiatur.
3276 1707 3482 1778 Itaque
3515 1704 3571 1761 si
3611 1708 3800 1760 vestra

2046 1793 2095 1859 B
2125 1797 2418 1853 consentit
2449 1795 2808 1866 sublimitas,
2841 1796 3110 1853 homines
3141 1813 3281 1852 suos
3310 1793 3660 1868 reipublicae
3682 1808 3802 1865 pro-

2129 1886 2363 1942 futuros
2392 1885 2630 1942 cuilibet
2659 1885 2921 1942 ﬁdelium
2951 1890 3303 1954 vestrorum,
3326 1900 3507 1958 quem
3538 1880 3666 1939 sibi
3692 1882 3796 1936 uti-

2128 1974 2244 2031 lem
2265 1974 2681 2046 judicaverint,
2711 1973 3105 2046 committant,
3137 1974 3308 2048 cujus
3356 1969 3697 2045 diligentia,
3731 1987 3793 2026 ne

2127 2080 2191 2120 se
2220 2064 2292 2120 ab
2324 2063 2515 2121 oflicio
2546 2063 2889 2120 subtrahere
2916 2061 3169 2134 valeant,
3201 2064 3568 2119 observetur.

2913 2179 3005 2233 1X.

2132 2271 2194 2327 Ut
2224 2270 2562 2351 Rhemorum.
2578 2267 2854 2335 Ecclesiae,
2874 2275 3099 2352 pastore
3126 2268 3223 2350 dio
3261 2266 3564 2335 destitutae,
3602 2282 3787 2337 quam-

2468 2342 2711 2412 primum
2737 2341 3084 2411 praeﬁciatur
3111 2341 3407 2411 episcopus.

2199 2439 2346 2496 παι
2379 2438 2453 2510 (ἀ)
2488 2438 2847 2493 Rhemorum
2887 2436 3207 2493 Ecclesiam
3257 2436 3356 2492 diu
3409 2434 3785 2505 multumque

2127 2532 2359 2600 pastore
2377 2527 2928 2599 destitutam,super
2943 2526 3254 2599 spoliatam
3278 2526 3668 2593 rebus,onera
3679 2529 3784 2577 tam

2126 2616 2382 2688 injuriis,
2398 2618 2619 2688 absque
2636 2615 2858 2688 ingenti
2878 2615 3074 2671 dolore
3098 2615 3265 2671 fateri
3288 2632 3405 2670 non
3440 2629 3781 2687 possumus.

2126 2706 2195 2760 Et
2211 2706 2611 2776 quiavcstram
2626 2704 3048 2761 sublimitatem
3069 2710 3127 2761 et
3150 2709 3411 2760 nostram
3434 2702 3782 2776 parvitatem

2125 2811 2326 2850 eruere
2356 2795 2761 2851 desideramus
2810 2793 3088 2867 periculo,
3122 2794 3502 2851 obsecramus
3549 2797 3623 2847 ut
3675 2797 3781 2846 tam

2126 2884 2273 2939 foede
2304 2883 2555 2940 lacerata
2598 2883 2855 2939 Ecclesia
2907 2883 3351 2955 redintegretur,
3384 2886 3567 2953 atque
3614 2882 3779 2952 juxta

2122 2970 2543 3027 venerabilium
2592 2987 2883 3027 canonum
2933 2971 3411 3027 constitutionem
3458 2970 3691 3042 dignus
3733 2968 3777 3023 ei

2125 3060 2386 3117 celeriter
2403 3065 2696 3133 quaeratur
2711 3064 2767 3116 et
2786 3060 3140 3131 praeﬁciatur
3160 3060 3564 3132 episcopus,ut
3588 3059 3779 3114 clerus

2044 3164 2086 3231 ρ
2126 3155 2181 3207 et
2209 3149 2463 3223 populus
2497 3149 2675 3205 tantis
2706 3149 2941 3204 attritus
2972 3152 3029 3203 et
3059 3147 3423 3220 spiritalibus
3472 3153 3530 3204 et
3575 3164 3780 3220 corpo-

2128 3238 2347 3295 ralibus
2377 3239 2788 3305 incommodis,
2821 3238 3214 3295 consolatione
3245 3241 3475 3311 recepta
3503 3254 3651 3293 cum
3684 3253 3780 3293 suo

2126 3322 2373 3401 praesule
2404 3344 2507 3401 pro
2537 3332 2730 3384 vestra
2760 3327 2949 3383 salute
2971 3344 3036 3382 ac
3068 3326 3448 3399 prosperitate
3478 3325 3781 3383 communi

2125 3417 2372 3476 Domino
2398 3418 2631 3474 studeat
2659 3417 3006 3490 supplicare.

2921 3533 2988 3590 X.

2131 3626 2195 3682 Ut
2220 3626 2276 3680 in
2308 3624 2548 3680 Ecclesia
2575 3623 2962 3678 Aurelianensi
2990 3629 3168 3678 ratam
3208 3638 3312 3677 rex
3350 3637 3463 3677 esse
3500 3623 3780 3692 permittat

2532 3695 2936 3752 ordinationem
2966 3695 3101 3765 Αθίί
3128 3695 3382 3766 episcopi.

2194 3801 2629 3859 Aurelianensis
2651 3800 2830 3859 etiam
2862 3799 3120 3856 Ecclesia
3148 3799 3488 3856 confusione
3519 3799 3779 3854 maxime

2126 3891 2389 3948 noscitur
2416 3890 2701 3948 laborare.
2734 3892 2975 3958 Tamen,
3009 3889 3150 3962 quia
3177 3887 3474 3961 superiore
3502 3902 3667 3944 anno
3693 3902 3778 3945 ar-

2127 3979 2531 4053 chiepiscopus
2546 3979 2792 4047 Wenilo,
2808 3978 2932 4036 suis
2949 3978 3352 4035 annitentibus
3365 3977 3776 4050 sull‘raganeis,

2127 4109 2269 4164 dum
2300 4106 2457 4161 enim
2491 4110 2615 4161 erat
2640 4104 2945 4160 inventum
2974 4121 3161 4177 genus
3201 4103 3329 4177 hoc,
3358 4101 3774 4177 sanctimonia-

2125 4180 2292 4246 lium,
2327 4178 2483 4249 quod
2516 4180 2717 4249 postea
2745 4176 3009 4232 exortum
3039 4181 3151 4243 est,
3183 4176 3337 4248 apud
3388 4191 3537 4249 quas
3559 4176 3774 4249 statim

2127 4244 2329 4333 earum
2343 4244 2543 4305 crines
2565 4249 2963 4315 attondentur,
2981 4263 3109 4319 qua).
3139 4244 3774 4304 sanctum'institntum

2131 4326 2629 4462 ωἷέῑξιέἓὲἧῑοηιητ
2675 4391 2990 4447 Ecclesium.
3025 4388 3280 4446 Ultimus
3325 4387 3498 4462 illius
3530 4389 3773 4445 antistes

2126 4460 2287 4521 Eb'bo
2319 4464 2580 4534 dejectus
2609 4463 2796 4518 fuerat
2824 4462 2897 4534 ob
2942 4461 3168 4534 crimen
3212 4460 3559 4534 majestatis,
3587 4466 3771 4534 transf

369 4529 474 4613 ria,
500 4529 611 4613 aut
652 4529 908 4613 erratum
940 4529 1072 4613 'est‘
1090 4548 1129 4613 ρ.
1176 4530 1434 4613 librario.
1456 4529 1690 4613 .Quippe
1711 4535 2017 4613 decretum
2050 4538 2097 4602 D
2127 4552 2364 4610 gressus
2386 4529 2471 4589 'in
2520 4539 2729 4613 partes
2760 4533 3034 4613 Letharii,
3068 4532 3174 4587 filii
3222 4529 3495 4613 Ludovici
3537 4532 3644 4613 Pii,
3680 4532 3770 4613 qui

370 4600 517 4675 illud
550 4618 664 4657 non
695 4607 782 4657 est
803 4602 1513 4675 Innocentii,sedGelasii,
1538 4600 1598 4657 in
1621 4600 1721 4675 cuj
1733 4622 1801 4659 us
1823 4606 2017 4661 decre-

370 4672 446 4729 tis
477 4679 682 4741 exstat,
731 4689 856 4745 cap.
901 4676 971 4728 20
1004 4691 1016 4728 :
1053 4696 1081 4724 «
1115 4673 1454 4745 Virginibus
1483 4674 1668 4729 sacris
1701 4672 1927 4732 temere
1958 4695 2020 4734 se

369 4745 656 4816 quosdam
688 4743 909 4816 sociare
945 4743 1322 4816 cognovimus
1365 4749 1583 4816 etpost
1610 4745 1871 4801 dicatum
1902 4748 2017 4805 Deo

369 4815 734 4889 propositum
762 4815 985 4871 incesta
1025 4815 1244 4870 foedera
1290 4815 1689 4887 sacrilegaque
1741 4818 2013 4889 miscere;

369 4902 517 4958 quos
548 4887 815 4958 protinus
845 4890 1199 4958 aequumuest
1228 4904 1260 4940 ει
1293 4903 1458 4941 sacra
1489 4888 1901 4945 communione
1922 4887 2018 4947 de-

369 4956 635 5032 t_rudi,'et
666 4958 779 5032 nisi
811 4956 1236 5032 per—publicam
1272 4958 1702 5032 probatamque
1735 4962 2009 5032 paeniten-

368 5028 533 5095 tiam,
555 5029 792 5099 omnino
813 5027 1300 5099 hon'recipi.Sed
1319 5033 1510 5083 tamen
1535 5027 1627 5085 his
1647 5027 1920 5087 viaticum
1945 5035 2016 5090 de

370 5100 581 5157 saeculo
603 5096 1066 5172 transeuntibus,
1083 5096 1142 5172 si
1162 5100 1900 5172 tamen_pmnituerint,non
1922 5122 2017 5161 ne-

410 5176 556 5226 etur.
591 5192 618 5221 »
653 5171 959 5226 Decretum
991 5169 1149 5224 istud
1180 5186 1247 5224 ex
1274 5169 1498 5227 Gelasio
1528 5170 1803 5230 laudatur
1839 5174 1939 5231 lib.
1977 5195 2012 5233 ι.

455 5240 644 5315 pitul.,
680 5259 807 5313 cap.
845 5241 966 5315 106.

441 5310 526 5395 (ὶ;)⁸
538 5314 735 5397 _Crines
750 5310 1057 5397 “attondent.
1082 5310 1344 5397 Causam.
1377 5311 1584 5397 hujus_
1605 5315 2015 5397 prohibitionis

371 5381 557 5463 aperit
585 5399 772 5463 canon
817 5383 905 5463 17·
914 5381 1298 5463 Qangrensis,
1330 5383 1424 5440 his
1458 5381 1662 5463 'verbis
1697 5405 1710 5443 :
1747 5411 1774 5439 ‹‹
1809 5388 2017 5463 Siqua

370 5451 581 5527 mulier
610 5457 845 5525 propter
872 5451 1135 5527 divinum
1166 5454 1410 5524 cultum,
1435 5462 1501 5513 ut
1531 5459 1801 5527 aestimat,
1825 5451 2015 5517 crines

371 5523 653 5606 attonde't,
687 5523 836 5593 quos
865 5523 949 5579 eis
980 5523 1133 5579 Deus
1154 5527 1225 5606 ad
1257 5523 1638 5606 subjectionis
1670 5523 2013 5606 memoriam

368 5596 605 5674 tribuit;
628 5600 908 5674 tanquam
932 5602 1283 5674 praeceptum
1305 5596 2013 5674 dissolvensgihedientiaa,

371 5665 685 5743 anathema
705 5665 1157 5743 sit.»_Loquitur,
1173 5670 1398 5743 opinor,
1417 5672 1488 5727 de
1518 5671 1863 5730 mulieribus
1886 5665 2017 5732 con;

363 5736 613 5815 jugatis,
642 5752 773 5815 quis
800 5736 1098 5802 viris'suis
1126 5736 1339 5802 debent
1365 5736 1495 5803 esse
1523 5744 1820 5820 subjectis.
1853 5746 2014 5806 Non-

2128 4603 2353 4681 patrem
2384 4623 2450 4662 eo
2483 4603 2669 4681 usque
2699 4604 3020 4681 deprimere
3049 4621 3231 4681 ausus
3260 4609 3369 4671 est,
3389 4608 3469 4681 ut
3508 4603 3769 4681 etiamin

2128 4673 2357 4737 carcere
2387 4673 2789 4743 concluderet,
2813 4676 3281 4748 pmnitentizeque
3305 4675 3556 4748 publica:
3588 4673 3769 4748 addici

2169 4754 2464 4807 rocuraret
2495 4749 2567 4804 ab
2600 4745 2856 4804 Ebbone.
2886 4748 2967 4802 Ex
3013 4764 3080 4803 eo
3116 4745 3396 4818 tempore,
3427 4745 3767 4803 Rhemensis

2172 4822 2380 4877 celesia
2410 4821 2535 4875 sine
2566 4818 3003 4889 archiepiscopo
3045 4819 3254 4873 fuerat.
3302 4818 3366 4873 ld
3412 4834 3550 4874 vero
3577 4818 3765 4873 dolent

2128 4836 2380 4877 Ecclesna
2410 4837 2535 4875 sme
2566 4836 3003 4943 arcniepiscopo
3045 4836 3254 4873 ruerat.
3302 4836 3366 4873 ια
3412 4836 3550 4874 vero
3577 4836 3765 4873 donent

2125 4892 2381 4967 episcopi
2412 4891 2472 4946 in
2504 4891 2725 4967 synodo
2764 4962 2775 4967 _
2806 4890 3055 4967 ’ernensi
3089 4889 3461 4967 congregati,
3493 4896 3767 4967 orantque

2124 4960 2394 5021 C'arolu'm
2428 4967 2491 5018 ut
2518 4960 2695 5018 talem
2727 4962 2777 5016 ei
2810 4961 2934 5033 sedi
2964 4960 3239 5031 praeficiat
3276 4960 3649 5033 episcopum,
3678 4960 3762 5031 qui

2124 5040 2210 5093 tot
2239 5036 2466 5103 ruinas,
2497 5051 2646 5106 quas
2675 5050 2743 5089 ea
2771 5032 3031 5106 Ecclesia
3060 5048 3234 5104 passa
3249 5032 3495 5106 fuerat,
3511 5046 3765 5106 reparare

2124 5107 2333 5181 possit.
2352 5102 2591 5161 Factum
2610 5104 2669 5159 id
2690 5121 2846 5181 anno
2870 5102 3306 5181 Sciam—synodo
3324 5102 3691 5181 Belvaceusi;
3711 5102 3759 5181 in

2166 5197 2241 5235 ua
2270 5178 2640 5243 Hincmarus,
2671 5178 2887 5248 favente
2933 5175 3146 5248 Carolo
3174 5191 3318 5248 rege,
3350 5175 3758 5248 ordinatusest

2166 5197 2241 5235 ua
2270 5197 2640 5243 “111011181118,
2671 5197 2887 5248 favente
2933 5197 3128 5233 uarow
3174 5197 3318 5244 7⁵696,
3350 5197 3663 5232 ονωιιειιυε
3685 5197 3753 5229 εει

2125 5197 2475 5307 Ἁὴθωθηδὶε
2497 5247 2992 5319 archiepiscopus,
3007 5251 3073 5302 ut
3091 5245 3453 5319 Flodoardus
3475 5248 3656 5303 tradit
3671 5244 3753 5319 lib.

2123 5340 2204 5389 Ill,
2238 5338 2365 5393 cap.
2397 5339 2417 5376 1
2446 5315 2715 5393 Historiae
2753 5315 3121 5393 Rhémensis.
3157 5318 3286 5390 Ipse
3312 5317 3682 5393 Hincmarus,
3705 5315 3753 5370 in

2124 5410 2251 5464 cap.
2274 5390 2345 5448 36
2373 5391 2711 5464 posterioris
2742 5390 2934 5464 operis
2973 5390 3251 5445 adversus
3279 5390 3748 5464 Gotteschalcum,

2124 5460 2211 5519 sic
2238 5460 2526 5535 temperat
2555 5460 2931 5535 scriptionem
2957 5477 3134 5535 suam
3182 5464 3249 5535 ut
3296 5460 3495 5535 dicere
3516 5461 3751 5535 videatur

2124 5531 2444 5605 expetitum
2475 5551 2538 5589 se
2571 5531 2752 5590 fuisse
2776 5533 2848 5589 ab
2879 5532 3167 5605 episcOpis
3197 5532 3259 5587 in
3279 5533 3508 5605 synodo
3525 5531 3751 5605 Bellova-

2124 5600 2283 5662 censi
2309 5605 2673 5673 constitutis;
2708 5600 2961 5676 quorum
2988 5600 3261 5676 precibus
3294 5600 3525 5676 dederit
3539 5600 3750 5676 Carolus

2122 5694 2235 5749 rex,
2252 5681 2318 5734 ut
2347 5673 2882 5749 Hincmarus,‘licet
2910 5673 3214 5749 ex'aliena
3260 5675 3584 5749 provincia,
3612 5673 3751 5731 ﬁeret

2123 5748 2598 5828 archiepiscopus
2626 5746 2996 5809 Rhemensis.
