3898 6194
388 387 504 451 627

1373 389 1446 451 Β.
1494 390 1561 452 S.
1605 389 1787 452 LUPI
1830 385 2161 450 ABBATIS
2205 384 2800 449 FERRARIENSIS.

3647 387 3744 452 638

388 522 549 592 Quod
582 539 884 595 nunquam
915 520 1071 578 enim
1101 520 1321 578 veritus
1352 522 1559 589 fuerat,
1578 521 1846 579 ultricem
1877 521 2031 579 212
2060 520 2114 587 Α
2143 535 2486 592 recuperare
2514 535 2620 575 nec
2649 522 2867 591 posset,
2896 516 3168 575 habituro
3196 516 3418 588 invidit,
3450 520 3506 577 et
3532 518 3744 581 fortasse

386 613 773 684 comitemque
805 611 1023 683 peccati
1059 610 1591 683 concupiscentiam
1625 610 1827 679 sensit,
1853 626 2031 665 mem-

383 702 622 757 brorum
672 699 894 755 scilicet
941 698 1282 772 genitalium
1333 700 1678 772 appetitum,
1721 716 1896 772 quem
1948 699 2031 755 ita

381 786 681 843 exhorruit
711 790 775 841 ut
805 787 876 842 ad
911 786 1153 859 pudoris
1180 787 1501 842 remedium
1531 787 1789 844 velamen
1810 806 2030 860 quaere-

383 881 470 932 ret
493 874 876 940 foliorum,ita
898 875 1193 930 adamavit
1216 880 1280 930 ut
1297 877 1367 931 ad
1383 877 1614 947 justum
1637 876 2032 932 damnationis

378 965 669 1037 judicium
703 964 1099 1035 importunam
1130 965 1259 1035 ejus
1316 964 1649 1020 illeeebram
1701 982 1806 1021 nec
1837 965 1887 1020 si
1916 964 2032 1020 vel-

386 1054 468 1110 let
497 1054 570 1126 (α)
593 1054 775 1108 vitare
797 1054 1280 1119 sufﬁceret.Quod
1305 1054 1500 1126 itaque
1519 1070 1757 1126 peccare
1769 1059 1965 1126 posset
1986 1053 2035 1109 si

385 1143 578 1211 vellet,
613 1143 905 1214 peccando
936 1141 1251 1214 publicavit
1275 1143 1450 1214 ;quod
1484 1160 1614 1197 vero
1642 1148 1839 1215 posset
1860 1143 2036 1199 etiam

391 1250 507 1288 non
539 1248 775 1304 peccare
807 1231 857 1285 si
884 1230 1076 1299 vellet,
1116 1231 1381 1286 conditor
1428 1230 1715 1303 patefecit,
1749 1231 1850 1304 qui
1878 1248 2038 1288 com-

393 1322 652 1375 minatus
683 1335 936 1391 poenam,
970 1336 1042 1374 nc
1090 1323 1355 1391 peccaret
1411 1321 1781 1392 praemonuit.
1829 1320 2041 1377 Habuit

393 1426 528 1482 ergo
544 1409 729 1464 Adam
743 1407 994 1464 liberum
1007 1408 1323 1463 voluntatis
1338 1409 1645 1465 arbitrium
1659 1413 1716 1465 et
1734 1411 1804 1465 ad
1819 1411 2040 1466 bonum

394 1503 451 1554 et
480 1499 551 1554 ad
584 1497 805 1553 malum
833 1515 846 1565 ;
880 1497 982 1553 sed
1013 1498 1086 1552 ad
1116 1497 1335 1553 bonum
1387 1499 1582 1554 divino
1614 1515 1854 1555 munere
1876 1500 2041 1571 adju-

392 1589 673 1655 vandum,
705 1587 777 1641 ad
809 1586 1027 1642 malum
1056 1590 1253 1642 autem
1287 1586 1479 1643 divino
1516 1587 1741 1659 judicio
1773 1589 2041 1644 deseren-

396 1676 1072 1741 dum.Quemadmodum
1098 1675 1252 1731 enim
1273 1693 1387 1733 non
1412 1677 1786 1748 adjuvaretur
1804 1676 1863 1732 in
1891 1679 2043 1733 bono

398 1766 471 1822 ab
501 1780 565 1821 eo
594 1763 694 1837 qui
723 1763 841 1819 vita
866 1768 1021 1820 esset
1049 1764 1257 1819 anima:
1289 1765 1436 1836 ejus,
1473 1769 1536 1819 ut
1564 1765 1761 1821 anima
1785 1764 2045 1838 corporis

396 1853 825 1925 eius?Denique
855 1853 903 1908 si
935 1854 1125 1908 anima
1153 1868 1278 1925 qua?
1292 1855 1609 1924 peecaverit,
1638 1856 1758 1926 ipsa
1783 1858 2049 1911 morietur

398 1943 613 2014 (Ezech.
642 1942 824 2013 xvm),
861 1946 926 1997 ut
981 1941 1318 2014 prophetica
1349 1941 1673 2013 prmscribit
1710 1944 2045 2012 auctoritas,

400 2048 766 2103 consequens
787 2035 875 2093 est
891 2035 954 2086 ut
974 2031 1128 2086 vivat
1140 2048 1265 2103 qua:
1288 2032 1433 2087 bene
1448 2032 1695 2104 gesserit
1722 2033 2051 2089 viviﬁcante

401 2121 517 2176 Deo
543 2120 662 2175 vita
690 2120 899 2192 ipsius.
934 2119 1207 2175 Liberum
1230 2124 1427 2175 autem
1455 2120 1711 2177 hominis
1741 2122 2049 2177 arbitrium

401 2208 460 2262 in
492 2208 647 2264 malo
676 2208 892 2263 idcirco
924 2209 1113 2263 fuerat
1143 2208 1336 2263 divino
1361 2209 1587 2280 judicio
1619 2211 2005 2267 deserendum
2034 2231 2047 2279 ;

400 2297 541 2369 quia
567 2314 701 2352 cum
732 2296 815 2351 illi
838 2314 1005 2368 aequa
1024 2296 1271 2352 facultas
1298 2298 1434 2352 boni
1458 2298 1715 2371 malique
1735 2304 2046 2370 constaret,

400 2384 563 2441 nulla
610 2385 950 2458 indigentia,
1004 2384 1166 2440 nulla
1220 2386 1511 2453 violentia,
1571 2387 1928 2445 voluntatem
1976 2391 2046 2446 ad

399 2474 622 2530 malum
656 2474 895 2542 inﬂexit,
930 2475 1069 2529 dum
1104 2480 1457 2547 prmceptum
1488 2476 1589 2533 Dei
1621 2477 1710 2532 sui
1740 2479 2048 2535 observatu

402 2562 811 2631 facillimum,a
841 2581 955 2635 quo
981 2580 1042 2619 se
1070 2566 1233 2618 tanta
1263 2564 1416 2620 bona
1437 2565 1764 2638 percepisse
1793 2566 2045 2635 videbat,

401 2651 685 2725 sacrilega
713 2652 1011 2724 impietate
1041 2652 1208 2723 quasi
1237 2658 1575 2725 suspectum
1607 2657 2053 2729 contempsit,et

402 2740 589 2796 hostis
617 2740 818 2813 ignoti,
851 2740 1021 2811 cujus
1051 2740 1109 2794 in
1144 2739 1306 2795 nullo
1339 2743 1573 2813 penitus
1614 2743 1933 2817 indigebat,
1968 2746 2050 2801 in-

402 2829 925 2894 citamentum,non
956 2828 1147 2884 solum
1172 2830 1243 2884 ad
1275 2847 1517 2887 examen
1553 2832 1653 2888 Dei
1689 2850 1803 2889 non
1834 2834 2048 2903 retulit,

402 2935 603 2974 verum
637 2918 843 2974 audaci
874 2919 1200 2974 temeritate
1223 2920 1389 2991 quasi
1414 2921 1785 2992 profuturum
1806 2924 2049 2995 excepit.

405 3006 746 3064 Justissime
775 3006 955 3079 igitur
979 3006 1036 3061 in
1068 3006 1167 3062 illo
1198 3007 1367 3063 haesit
1414 3009 1570 3080 quod
1622 3016 1826 3082 sponte
1857 3012 2049 3085 elegit.

404 3097 475 3151 Et
504 3096 662 3168 quia,
697 3098 761 3150 ut
788 3093 1099 3167 Apostolus
1131 3095 1392 3165 assserit,
1426 3097 1485 3150 in
1515 3112 1575 3152 eo
1599 3114 1782 3154 omnes
1805 3116 2055 3171 peccave-

2137 608 2480 681 priusquam
2528 608 2704 664 verba
2760 608 2974 677 ederet,
3017 607 3318 664 incautum
3363 626 3481 681 qua
3534 612 3749 682 perierat

2139 701 2301 770 peste
2329 697 2605 769 corrupit.
2632 696 2933 762 Quomodo
2964 696 3121 752 enim
3139 697 3210 752 ad
3225 697 3567 769 capiendum
3582 701 3748 761 cibum

2139 785 2392 842 exterius
2422 790 2542 841 tam
2571 785 2683 840 cito
2714 785 3126 856 acquievisset,
3165 785 3278 842 nisi
3310 788 3381 843 ad
3414 788 3752 848 obtinendam

2141 873 2435 947 propriam
2520 873 2853 930 libertatem
2933 874 3249 930 tumuisset
3318 880 3453 932 ante
3498 876 3755 938 interius?

2145 964 2679 1036 Quomodocunque
2722 962 3046 1037 contigerit,
3081 968 3286 1020 auctor
3337 966 3517 1021 nostri
3563 970 3756 1039 generis
3842 1024 3843 1037 χ

2146 1070 2273 1120 suo,
2307 1057 2372 1107 ut
2401 1052 2594 1125 palam
2626 1056 2737 1123 est,
2769 1052 2911 1108 vitio
2943 1053 3172 1109 cecidit.
3206 1055 3279 1110 Et
3329 1055 3599 1127 quoniam
3627 1056 3679 1112 in
3705 1076 3757 1115 eo

2145 1157 2350 1197 omnes
2376 1141 2978 1213 peccavimus,omnes
3001 1159 3106 1197 nos
3127 1141 3188 1196 in
3219 1141 3451 1214 lapsum
3472 1145 3593 1216 ejus
3619 1147 3759 1204 ruina

2147 1227 2351 1301 procul
2381 1228 2558 1285 dubio
2591 1244 2790 1284 secum
2812 1230 3202 1303 traxit.Atque
3222 1230 3462 1287 cuilibet
3489 1232 3633 1289 sicut
3650 1252 3757 1308 pos-

2149 1316 2319 1374 sibile
2350 1322 2441 1373 est
2476 1334 2611 1374 cum
2657 1316 2907 1374 voluerit
2937 1318 2995 1374 in
3048 1319 3274 1375 foveam
3323 1337 3386 1376 se
3416 1323 3757 1395 praecipitem,

2150 1422 2277 1478 quae
2305 1405 2382 1461 sit
2411 1406 2609 1479 ampla
2639 1423 2744 1462 nec
2765 1407 2972 1463 scabra
2986 1412 3184 1464 tamen
3197 1409 3642 1481 crepidine,cum
3656 1430 3760 1470 vero

2151 1495 2347 1568 egredi
2378 1494 2623 1551 voluerit
2654 1512 2768 1551 non
2798 1495 3032 1563 valebit,
3055 1496 3168 1552 nisi
3199 1497 3543 1571 (b)extrariis
3572 1501 3760 1559 nisibus

2152 1584 2480 1656 adjuvetur,
2513 1584 2593 1640 ita
2642 1584 2869 1656 primus
2910 1585 3087 1641 homo
3132 1590 3340 1659 sponte
3384 1590 3537 1645 214
3564 1591 3761 1662 quidem

2153 1672 2378 1741 cecidit,
2413 1673 2472 1729 in
2503 1690 2616 1746 quo
2652 1673 2765 1746 ipsi
2815 1673 3179 1748 originaliter
3232 1675 3384 1750 lapsi
3444 1694 3660 1749 sumus,
3686 1684 3761 1738 sed

2154 1779 2316 1817 como
2347 1762 2567 1835 peccati
2598 1779 2725 1832 nos,
2780 1763 3012 1819 etiamsi
3070 1763 3366 1835 volumus,
3399 1767 3654 1840 expedire
3676 1787 3762 1826 non

2159 1867 2474 1922 possumus
2503 1856 2569 1905 ut
2614 1868 3016 1925 resurgamus,
3050 1852 3163 1908 nisi
3196 1859 3520 1926 prostratos
3546 1859 3764 1916 extrahat

2158 1944 2214 1994 et
2242 1938 2428 2013 erigat
2459 1939 2647 2011 gratia
2680 1940 2779 1997 Dei
2811 1958 2913 2013 per
2938 1941 3141 1998 Jesum
3164 1942 3465 2000 Christum
3497 1946 3761 2004 Dominum

2160 2028 2779 2085 nostrum.Voluntarii
2798 2029 3061 2087 criminis
3082 2034 3314 2087 tantum
3340 2033 3561 2090 malum
3578 2053 3676 2093 non
3691 2037 3764 2093 ho-

2160 2116 2378 2173 minem
2410 2118 2666 2191 primum
2699 2120 2893 2188 modo,
2928 2121 3029 2176 sed
3084 2120 3421 2179 universam
3479 2125 3641 2181 etiam
3666 2128 3762 2198 ejus

2160 2205 2618 2274 sobolem,sexus
2650 2207 2956 2280 utriusque
2987 2208 3197 2281 copula
3227 2216 3759 2282 manantem,merito

2160 2293 2552 2350 damnationis
2582 2296 2895 2352 obstrinxit
2915 2314 3278 2370 ;quam,cum
3300 2301 3508 2358 eadem
3538 2320 3693 2359 causa
3709 2305 3761 2360 sit

2159 2383 2445 2453 omnium,
2479 2386 2874 2441 communiter
2893 2402 3098 2443 omnes
3112 2391 3760 2466 paterentur,quippequi

2160 2490 2273 2528 non
2307 2473 2442 2530 Deo.
2490 2474 2590 2530 sed
2641 2474 2873 2531 diabolo
2929 2476 3393 2533 auscultaverint
3444 2483 3759 2538 omnes.Nec

2158 2562 2296 2618 hinc
2326 2561 2575 2618 oriretur
2631 2564 2789 2635 iusta
2849 2565 3194 2637 conquestio
3252 2568 3532 2640 aequitate
3584 2576 3761 2626 servata

2159 2655 2548 2724 praeterquam
2580 2653 2735 2723 quod
2769 2658 3135 2709 mererentur
3162 2653 3343 2712 nullis
3375 2657 3758 2731 recipientibus,

2160 2739 2272 2796 nisi
2302 2743 2456 2796 esset
2498 2744 2671 2807 Deus,
2725 2742 3222 2813 quemadmodum
3282 2744 3761 2820 incomparabiliter

2155 2828 2461 2900 justus,ita
2492 2829 2858 2885 ineﬁ‘abiliter
2879 2831 3158 2903 pius,imo
3183 2837 3249 2888 ut
3275 2835 3455 2891 verbo
3479 2842 3757 2893 nostrarum

2161 2916 2592 2989 Scripturarum
2627 2923 2880 2987 utamur,
2920 2936 3035 2992 quo
3087 2919 3442 2996 colligimur,
3476 2942 3585 2997 quo
3611 2924 3757 2982 salva-

2161 3006 2674 3077 mur,misericors.
2700 3007 2846 3063 Cum
2868 3007 3065 3081 itaque
3088 3027 3196 3067 suo
3219 3012 3430 3068 merito
3452 3014 3758 3087 pereundum

2162 3099 2315 3151 esset
2346 3094 2643 3167 omnibus,
2677 3096 2874 3169 plures
2905 3098 3102 3154 divina
3129 3100 3392 3159 bonitate
3422 3102 3758 3160 salvantur.ln

404 3193 535 3240 runt
562 3188 735 3254 (Rom.
766 3183 909 3255 v),in
940 3183 1213 3238 omnibus
1244 3199 1372 3254 ejus
1402 3183 1601 3239 vitiata
1628 3190 1717 3241 est
1747 3192 1958 3244 natura
1985 3205 2031 3245 e1

2163 3183 2254 3239 his
2268 3199 2658 3257 agnoscamus
2673 3190 2728 3240 et
2744 3185 3170 3259 amplectamur
3182 3188 3633 3248 misericordiam
3646 3193 3759 3264 ejus;

403 3278 650 3343 utroque
679 3288 817 3327 sexu
850 3270 1193 3342 progenitis,
1214 3276 1280 3325 ut
1302 3273 1373 3326 ad
1404 3272 1555 3328 male
1587 3277 2050 3350 agendum,qua-
2080 3258 2123 3325 C
2161 3276 2219 3328 et
2247 3277 2311 3328 ut
2338 3272 2432 3328 his
2463 3274 2764 3347 aggregari
2797 3258 3129 3331 mereamur
3156 3277 3413 3350 supplici
3448 3258 3761 3337 observaiitia

401 3369 571 3417 tenus
600 3365 794 3415 tamen
829 3360 1097 3431 progredi
1129 3359 1543 3432 permittimur,
1578 3363 1655 3417 sit
1674 3365 1842 3419 nobis
1873 3371 1937 3421 ut
1966 3366 2049 3422 illi

398 3449 647 3505 liberum
684 3449 836 3505 213
868 3447 1201 3513 arbitrium,
1248 3449 1317 3502 ad
1354 3450 1500 3505 bene
1556 3456 1751 3507 autem
1809 3470 2052 3526 operan-

399 3539 542 3594 dum
572 3553 943 3608 nequaquam
975 3535 1051 3590 sit
1075 3535 1347 3605 liberum,
1379 3538 1493 3594 nisi
1522 3539 1696 3595 fuerit
1739 3542 1837 3598 Dei
1861 3544 2051 3615 gratia

398 3626 731 3681 liberatum.
788 3625 849 3678 In
901 3624 1088 3695 primo
1132 3630 1368 3697 parente
1419 3632 1639 3695 nostro,
1671 3631 1770 3702 qui
1822 3632 2048 3688 utinam

401 3714 686 3780 stetisses,
734 3730 937 3768 omnes
990 3714 1281 3784 peccando
1339 3714 1679 3787 cecidimus,
1738 3724 1794 3774 et
1845 3737 2049 3777 omnes

400 3801 698 3861 communi
729 3801 932 3857 merito
986 3802 1351 3859 atrocissima
1409 3805 1645 3876 quidem
1694 3825 1901 3865 sumus
1947 3812 2048 3867 sed

391 3890 727 3963 justissima
743 3907 911 3963 poena
928 3890 1339 3948 damnati.Non
1362 3893 1567 3950 fuisset
1588 3895 1762 3952 homo
1784 3898 2050 3971 ingratus

401 3980 451 4035 ei
494 3979 591 4052 qui
644 3997 705 4035 se
762 3980 992 4048 fecerat,
1054 3980 1516 4054 obtemperasset
1571 3985 1877 4053 conditori,
1933 4005 2047 4044 non

399 4068 711 4137 scductori,
742 4068 1024 4124 noluisset
1054 4084 1182 4125 esse
1232 4070 1342 4126 nisi
1395 4073 1549 4145 quod
1580 4073 1751 4130 vellet
1782 4076 1879 4148 qui
1911 4094 2047 4132 eum

399 4158 658 4230 potentia
689 4158 920 4222 fecerat,
953 4157 1262 4214 clementia
1303 4161 1689 4233 gubernabat.
1729 4164 1918 4221 Verba
1948 4166 2047 4222 ho-

398 4246 525 4312 stis,
560 4262 684 4317 quaa
717 4245 1041 4303 forinsecus
1067 4265 1166 4320 per
1181 4254 1509 4321 serpentem
1532 4259 2049 4324 sonuerunt,sacra

397 4333 682 4390 revelante
713 4334 1032 4407 Scriptura,
1066 4338 1479 4410 cognovimus:
1516 4358 1643 4413 quae
1672 4359 1805 4398 vero
1833 4342 2045 4399 intrin-

396 4439 563 4479 secus
595 4424 772 4479 menti
796 4423 1065 4480 humanm
1098 4428 1492 4500 suggestionis
1524 4429 1827 4485 molimina
1851 4433 2048 4487 admo-

393 4511 556 4580 verit,
578 4512 807 4568 tametsi
832 4513 1230 4569 indubitanter
1247 4532 1359 4570 non
1382 4515 1645 4572 valemus
1664 4519 2043 4589 comprehen-

395 4600 549 4672 dere,
586 4606 777 4657 tamen
811 4601 1097 4674 probabili
1149 4604 1485 4674 conjectura
1536 4621 1854 4676 possumus
1890 4609 2044 4665 aesti-

394 4706 572 4745 mare.
608 4690 907 4762 Siquidem
941 4690 1209 4746 diabolus
1263 4691 1425 4746 misit
1454 4691 1514 4746 in
1569 4709 1668 4749 cor
1700 4699 1765 4749 ut
1793 4697 2047 4753 traderet

393 4778 707 4834 Dominum
739 4779 945 4846 Judas,
970 4797 1085 4834 non
1120 4778 1313 4852 palam
1343 4781 1583 4836 vocibus
1602 4787 2038 4857 perstrependo,

389 4882 591 4921 verum
625 4867 1003 4922 clandestinis
1033 4866 1282 4922 avaritia:
1308 4867 1530 4923 facibus
1547 4869 1826 4927 miserum
1845 4890 2042 4930 accen-

392 4955 603 5009 dendo.
638 4954 1055 5010 Celsitudinem
1078 4954 1486 5012 similitudinis
1516 4956 1617 5013 Dei
1648 4962 2038 5032 superbiendo

391 5041 659 5097 diabolus
690 5042 1098 5114 concupierat;
1126 5044 1371 5113 jamque
1411 5043 1585 5100 alieni
1617 5052 1915 5120 appetens,
1946 5053 2038 5108 sui

390 5132 607 5203 gradus
638 5131 920 5203 dignitate
950 5130 1536 5204 deciderat.Dumque
1566 5134 1716 5192 hanc
1747 5155 1851 5195 nec
1871 5139 2040 5198 vellet

458 5327 775 5407 (utiliter-5
806 5326 1108 5407 samcerct‘.‘
1156 5324 1423 5407 Valerius
1484 5329 1771 5407 Maximus
1820 5335 1922 5392 lib.
1955 5356 2031 5407 Ix,

386 5411 512 5467 cap.
552 5398 616 5450 1;
653 5419 679 5444 ‹‹
718 5396 1004 5479 Blandum
1026 5396 1209 5479 etiam
1268 5397 1486 5479 malum
1537 5402 1803 5479 luxuria:
1856 5396 2033 5479 quam

385 5465 659 5543 accusare
691 5465 988 5543 aliquanto
1022 5466 1249 5543 facilius
1280 5474 1386 5543 est,
1421 5487 1596 5543 quam
1626 5476 1825 5533 vitare.
1855 5465 1886 5527 ›ἷ
1912 5481 2034 5535 Ru-

383 5537 563 5618 ricius
597 5535 695 5618 lib.
731 5535 805 5618 11‘;
826 5536 993 5617 epist.
1028 5537 1131 5592 l2:
1173 5535 1592 5618 «Et_ideo'vide
1622 5550 1775 5618 quod
1810 5550 2031 5607 malum

382 5605 694 5687 sithtrater
724 5605 1088 5687 charissima,
1146 5612 1323 5687 quod,
1355 5613 1493 5687 dum
1553 5605 1896 5687 detestatur,
1929 5605 2032 5676 ad:

382 5673 634 5753 mittitur
664 5691 676 5739 ;
708 5676 852 5753 dum
881 5673 1199 5753 refugitur‘,
1222 5673 1319 5753 vix'
1343 5673 1761 5743 vitatur.»Eam
1795 5673 1868 5744 ob
1883 5673 2031 5747 'cau-

379 5759 506 5800 sam
541 5743 1043 5807 mendo-Plautus
1090 5743 1235 5808 dixit
1264 5752 1322 5808 in
1375 5756 1641 5824 Querolo,
1676 5743 2028 5819 adultarium

2161 3362 2573 3417 mandatorum
2604 3361 2793 3435 ipsius
2824 3367 2881 3418 et
2910 3363 3181 3436 precibus
3221 3367 3482 3425 assiduis
3511 3370 3761 3426 ﬂectamus

2160 3450 2584 3523 indulgentiam
2606 3452 2907 3524 ejus.Cum
2929 3469 3062 3509 vero
3084 3454 3287 3512 itidem
3309 3455 3513 3530 plures
3531 3460 3761 3514 damnan-

2160 3543 2274 3607 tur,
2327 3556 2444 3595 non
2489 3541 3011 3613 reprehendamus,
3040 3543 3183 3613 quia
3235 3545 3446 3603 merito
3504 3564 3603 3604 suo
3638 3550 3760 3620 juste

2160 3629 2548 3698 damnantur;
2584 3631 2685 3685 sed
2718 3631 3206 3703 pertimescamus
3229 3634 3529 3706 judicium
3549 3638 3663 3709 ejus
3686 3634 3758 3708 qui

2160 3722 2247 3773 est
2289 3717 2566 3774 terribilis
2613 3718 2672 3773 in
2730 3719 2990 3776 consiliis
3044 3738 3223 3794 super
3278 3723 3432 3780 ﬁlios
3481 3725 3756 3795 hominum,

2159 3823 2382 3878 nosque
2413 3807 2579 3879 paria
2608 3811 2899 3865 merentes
2918 3809 3204 3865 miremur
3221 3812 3485 3883 potuisse
3505 3812 3757 3870 salvarizut

2157 3894 2369 3951 horum
2420 3895 2883 3953 consideratione
2933 3898 3249 3955 ferventius
3305 3903 3678 3958 accendamur
3703 3901 3755 3957 ad

2158 3983 2879 4055 amandam,laudandam,
2894 3987 3320 4059 praedicandam
3346 3990 3755 4048 misericordiam

2157 4074 2305 4143 ejus.
2339 4073 2441 4128 His
2470 4073 2805 4129 constitutis
2834 4078 2892 4129 et
2914 4075 3068 4131 fideli
3088 4093 3335 4134 assensu
3366 4078 3755 4145 retentis,nemo

2156 4161 2346 4216 sobrie
2396 4160 2750 4233 sapientium
2796 4163 2907 4218 erit
2955 4164 3222 4222 nesciens
3286 4184 3400 4223 non
3449 4185 3572 4225 esse
3610 4168 3753 4225 Deum

2156 4253 2451 4305 auctorem
2483 4266 2839 4323 causamque
2885 4252 3230 4324 perditionis
3274 4254 3517 4324 homini,
3548 4272 3697 4328 quem
3715 4258 3755 4309 et

2154 4341 2378 4394 rectum
2409 4338 2687 4407 condidit,
2722 4343 2778 4394 et
2806 4356 2999 4412 posse,
3024 4339 3072 4397 si
3096 4341 3346 4399 velletin
3378 4361 3484 4401 suo
3512 4350 3652 4402 statu
3667 4359 3753 4398 ma-

2154 4443 2289 4482 nere
2320 4427 2610 4483 monendo
2640 4429 3008 4484 monstravit.
3043 4430 3193 4487 215
3250 4431 3514 4506 Namque
3549 4432 3748 4488 necdum
3842 4427 3843 4479 ἲ

2152 4520 2277 4571 erat
2305 4517 2431 4587 ejus
2473 4515 2676 4572 vitiata
2728 4521 2938 4572 natura
2985 4522 3050 4573 ut
3106 4518 3194 4575 vel
3244 4520 3485 4577 scienda
3527 4519 3747 4584 nesciret,

2074 4630 2121 4694 Β
2149 4605 2236 4660 vel
2267 4604 2990 4695 impediente‘difﬁcultate
3011 4607 3242 4681 cognita
3270 4608 3512 4682 implere
3532 4627 3632 4666 non
3648 4624 3749 4681 pos-
3842 4638 3843 4695 ι

2154 4691 2556 4749 εεῑ.Νίωὶἱιυῐη
2589 4693 2941 4767 sibimetipsi
2972 4696 3168 4765 homo,
3203 4701 3305 4753 aut
3346 4714 3415 4754 ex
3452 4700 3646 4772 seipse,
3672 4698 3749 4752 aut

2149 4799 2217 4837 ex
2247 4782 2499 4849 diabolo,
2533 4781 2756 4838 malum
2784 4783 3048 4858 concepit
3069 4790 3126 4841 et
3143 4787 3532 4860 peperit,dum
3553 4806 3584 4843 a
3608 4803 3661 4843 se
3677 4783 3747 4840 di-

2145 4871 2339 4927 vinam
2371 4869 2700 4927 amoliendo
2732 4873 3110 4929 reverentiam
3137 4875 3431 4948 deceptori
3459 4875 3691 4939 credidit,
3705 4875 3746 4927 et
3842 4912 3843 4931 η

2147 4960 2345 5016 cibum
2390 4961 2730 5033 usurpando
2771 4961 3043 5018 illicitum
3084 4963 3334 5036 capitale
3388 4965 3594 5021 crimen
3622 4977 3743 5019 com-

2146 5048 2328 5105 misit.
2364 5048 2711 5116 lstud,istud
2735 5049 2905 5123 plane
2937 5051 3272 5108 mortalium
3294 5054 3498 5126 generi
3525 5050 3739 5110 omnium

2144 5154 2323 5193 causa
2337 5136 2447 5193 fuit
2465 5136 3165 5208 malorum.(c)Peccatum
3178 5140 3470 5214 siquidem
3482 5154 3739 5216 pmnacon-

2145 5333 2373 5409 crimen
2390 5348 2512 5409 non
2549 5350 2697 5409 esse.
2728 5336 2883 5409 Ταῦ)
2933 5335 3133 5392 addit:
3170 5358 3199 5388 «
3230 5336 3349 5394 Hoc
3387 5341 3474 5395 est
3498 5335 3635 5409 quod
3659 5346 3733 5388 nec

2142 5403 2403 5478 permitti
2438 5419 2542 5459 nec
2572 5405 2871 5478 prohiberi
2904 5411 3113 5478 potest.
3151 5430 3179 5458 »

2215 5476 2289 5547 (b)
2322 5476 2622 5550 Extrariis.
2658 5476 2751 5550 Sic
2793 5476 2853 5531 in
2904 5476 3084 5550 epist.
3143 5478 3285 5535 dicit
3339 5480 3568 5536 επεν-ανίί
3588 5478 3728 5550 hosta.

2141 5546 2440 5602 Extrarius
2469 5552 2664 5602 autem
2700 5548 2853 5603 idem
2887 5546 2977 5605 est
3007 5551 3108 5621 qui
3157 5554 3484 5620 extraneus,
3515 5554 3566 5605 et
3592 5549 3730 5603 exter-

2142 5635 2274 5673 nus.

2212 5692 2282 5768 ςε)
2312 5692 2602 5768 Peccatum
2630 5704 2793 5768 paene
2812 5692 3528 5768 consequitur._Salvianus_
3542 5690 3594 5768 in
3618 5686 3727 5768 libro

2138 5757 2326 5831 primo
2358 5759 2429 5813 de
2460 5757 2893 5817 Gubernatione
2935 5757 3036 5820 Dei
3063 5780 3076 5819 :
3110 5786 3140 5814 ‹‹
3171 5765 3334 5829 Quod
3378 5763 3556 5838 potuit
3579 5757 3728 5828 majus
