3898 6194
162 407 267 470 633

1190 396 1333 462 LIB.
1378 397 1481 459 DE
1522 396 1805 461 TRIBUS
1851 395 2475 469 QU/ESTIONIBUS.

3412 393 3533 457 634

157 534 465 614 operabitur
494 547 800 605 quousque
828 530 1244 589 excedentibus
1259 529 1379 587 vita
1399 529 1650 602 singulis
1673 531 1773 586 ad-
1804 529 1857 596 Α
1886 529 2121 587 brosius
2142 534 2336 587 autem
2360 530 2643 601 scribens,
2666 546 2783 587 non
2813 532 2904 587 est
2932 528 2992 586 in
3019 532 3222 587 nostra
3246 533 3532 605 potestate

154 628 372 687 veniens
398 619 638 693 incipiat
668 622 907 677 reddere
938 622 1094 693 quod
1126 620 1416 693 promisit.
1452 620 1552 675 His
1583 620 1771 675 omni-

154 721 254 775 bus
273 711 644 771 erudimurne
664 725 830 783 spem
852 708 913 764 in
934 709 1105 765 nobis
1128 708 1479 765 collocemus
1503 709 1774 782 opinione

154 803 365 881 gravius
394 798 942 870 delinquentes;sed
960 802 1179 854 statum
1210 802 1479 853 nostrum
1510 796 1776 853 munien-

151 902 249 960 tes,
277 888 447 946 totius
488 891 698 943 nostra:
736 886 859 958 spei
891 885 1317 958 plenitudinem
1350 886 1776 942 transferamus

154 983 207 1039 in
234 979 409 1045 illum,
442 975 541 1048 qui
590 978 895 1048 propterea
930 992 1038 1031 nos
1067 975 1140 1031 ad
1172 992 1234 1031 se
1262 980 1429 1031 vocat
1460 980 1524 1031 ut
1552 975 1774 1043 tuleiat,

156 1069 353 1127 idcirco
374 1064 674 1138 profutura
701 1080 809 1120 nos
839 1068 1034 1137 petere
1064 1063 1272 1120 invitat
1301 1069 1365 1120 ut
1384 1065 1622 1133 tribuat,
1646 1064 1776 1122 ideo

162 1175 221 1215 ne
266 1155 424 1211 nobis
473 1153 839 1208 conﬁdamus
883 1157 1085 1221 terret,
1114 1170 1187 1209 ne
1229 1154 1476 1209 deserat.
1511 1154 1776 1227 Namque

158 1243 478 1303 maledictus
524 1241 700 1297 homo
751 1245 840 1297 est
887 1241 987 1314 qui
1031 1258 1195 1313 spem
1235 1242 1399 1315 ponit
1426 1243 1485 1298 in
1516 1242 1773 1300 homine.

156 1335 249 1401 Qui
278 1336 463 1389 autem
510 1346 640 1386 eam
687 1330 747 1385 in
779 1331 972 1403 seipso
1006 1331 1193 1403 ponit,
1225 1332 1286 1386 in
1320 1332 1556 1389 homine
1589 1332 1774 1405 ponit.

156 1421 475 1480 Maledictus
504 1418 686 1490 igitur
731 1423 839 1475 est.
873 1419 1025 1475 Sane
1071 1419 1172 1476 Dei
1223 1421 1455 1477 bonitas
1503 1421 1777 1494 praeclare

154 1508 592 1573 commendatur,
623 1524 757 1563 cum
808 1508 1150 1564 benedictus
1197 1525 1325 1565 esse
1369 1510 1458 1565 vir
1496 1511 1779 1566 asseritur

155 1600 242 1674 qui
262 1596 494 1655 conﬁdit
514 1596 573 1650 in
599 1596 864 1664 Domino,
883 1600 940 1653 et
959 1597 1121 1654 solus
1151 1597 1450 1654 interdum
1477 1600 1777 1655 conﬁden-

152 1689 221 1746 tis
238 1688 470 1744 affectus
492 1684 801 1757 praemium
815 1687 942 1759 jam
972 1685 1394 1743 benedictionis
1422 1687 1776 1760 assequitur.

154 1780 347 1834 Amant
358 1778 548 1831 autem
564 1774 855 1830 immundi
877 1774 1119 1847 spiritus
1130 1775 1455 1848 decipiendi
1468 1781 1599 1832 astu
1613 1793 1778 1849 spem

1883 638 1983 677 cor
1996 625 2263 676 nostrum
2284 624 2342 677 et
2362 624 2574 676 nostra
2607 620 3008 695 cogitationes,
3032 620 3207 677 etiam
3230 620 3360 693 ipsa
3378 620 3536 677 facta

1882 714 1939 766 et
1968 711 2125 765 dicta
2172 709 2633 782 comprehendit,
2667 727 2794 782 quae
2844 710 3099 782 profecto
3142 727 3211 766 ex
3256 711 3429 766 corde
3477 714 3536 766 et

1883 798 2236 871 cogitatione
2268 800 2615 871 procedunt.
2648 799 3038 871 Hieronymus
3059 798 3256 853 divina
3275 804 3332 855 et
3352 800 3429 868 (ὁ)
3450 815 3537 855 se-

1884 887 2065 944 culari
2098 888 2362 944 doctrina
2394 888 2723 960 przecipuus
2752 891 2809 943 et
2834 887 2993 943 velut
3031 887 3272 959 quidam
3322 905 3534 960 parens

1885 994 2017 1033 cum
2048 978 2375 1050 Augustino
2407 976 2814 1032 ecclesiasticae
2845 977 3247 1050 philosophiae,
3272 994 3399 1050 qua:
3432 978 3537 1033 hu-

1886 1083 2122 1121 manam
2155 1082 2259 1121 nec
2294 1065 2547 1120 multum
2588 1065 2827 1137 appetit,
2867 1082 2968 1121 nec
2998 1065 3058 1120 in
3090 1066 3365 1122 omnibus
3397 1083 3533 1122 con-

1883 1155 2115 1221 temnit,
2140 1154 2510 1227 Pelagianam
2541 1153 2789 1209 haeresin
2820 1170 3020 1211 recens
3049 1158 3308 1210 exortam
3341 1160 3538 1227 poten-

1884 1247 1973 1299 ter
2002 1242 2320 1299 debellans.
2356 1242 2436 1310 Si,
2472 1243 2683 1315 inquit,
2718 1243 2778 1298 in
2810 1259 2876 1299 eo
2918 1247 3150 1299 tantum
3198 1243 3299 1299 Dei
3346 1244 3537 1315 gratia

1886 1336 1995 1401 est,
2031 1333 2186 1404 quod
2218 1332 2463 1404 proprias
2497 1333 2650 1389 223
2682 1349 2788 1388 nos
2821 1332 3082 1388 condidit
3107 1332 3448 1402 voluntatis,
3480 1337 3537 1389 et

1886 1421 2067 1478 libero
2094 1420 2332 1477 arbitrio
2365 1422 2619 1477 contenti
2650 1438 2883 1490 sumus,
2915 1438 3022 1477 nec
3052 1420 3206 1477 ultra
3233 1423 3360 1494 ejus
3393 1422 3538 1477 indi-

1887 1526 2202 1583 gemus,ne
2234 1510 2281 1565 si
2312 1509 2744 1583 indiguerimus
2774 1509 3025 1566 liberum
3058 1510 3361 1584 frangatur
3390 1509 3539 1567 arbi-

1886 1602 2091 1666 trium,
2123 1616 2259 1673 ergo
2293 1615 2482 1671 neque
2513 1597 2671 1655 ultra
2716 1616 2881 1655 orare
2931 1599 3214 1655 debemus
3244 1615 3350 1655 nec
3373 1599 3537 1655 illius

1887 1689 2257 1745 clementiam
2279 1687 2550 1761 precibus
2572 1688 2801 1744 flectere
2820 1693 2884 1743 ut
2900 1687 3257 1761 accipiamus
3278 1688 3540 1761 quotidie

1889 1779 2043 1850 quod
2075 1777 2252 1834 semel
2286 1782 2588 1850 acceptum
2620 1776 2679 1832 in
2711 1781 2909 1833 nostra
2937 1781 3025 1833 est
3054 1781 3355 1850 potestate.

154 1864 438 1965 hqminum
460 1862 518 1918 in
546 1880 622 1965 ‘se
652 1864 988 1965 transferre,
1021 1864 1423 1965 q‘uodinns‘uis
1454 1864 1775 1965 cultoribus
1811 1901 1857 1965 Β
1932 1868 2103 1965 ,Ιιθξῃ
2135 1872 2268 1965 post
2296 1866 2631 1939 aliquanta:
2658 1868 2911 1965 Agamus
2933 1882 3163 1965 semper
3192 1866 3411 1965 gratias
3430 1865 3541 1965 lar:

156 1951 565 2023 etfecerunt,vel
598 1969 669 2008 ex
698 1952 953 2025 quodam
985 1950 1235 2009 colludio
1269 1952 1447 2009 falsas
1477 1954 1782 2026 opiniones
1816 1950 1857 1965 υ
1891 1955 2475 2028 gitori,sciamusque
2501 1972 2609 2012 nos
2640 1954 2786 2011 nihil
2818 1971 2948 2012 esse
2976 1955 3089 2011 nisi
3119 1957 3275 2028 quod
3306 1956 3544 2012 donavit

156 2041 428 2099 mentibus
475 2057 679 2097 eorum
728 2041 1004 2110 inserere,
1058 2041 1226 2114 quasi
1276 2047 1513 2115 propter
1560 2049 1779 2099 naturae
1892 2044 1951 2101 in
1975 2045 2291 2117 nobisipse
2313 2043 2642 2100 servaverit.
2675 2046 2819 2100 Item
2853 2042 2990 2099 alibi
3012 2044 3073 2099 in
3095 2043 3542 2101 Deuteronomio

157 2132 472 2205 dignitatem
494 2134 671 2203 atque
697 2130 1094 2203 praestantiam
1125 2130 1492 2187 tutissimum
1518 2132 1592 2189 sit
1612 2134 1697 2189 eis
1720 2134 1780 2189 in
1893 2133 2197 2207 perspicue
2227 2134 2667 2189 demonstratur
2687 2149 2802 2187 non
2826 2132 3100 2205 operibus
3131 2132 3350 2189 nostris
3368 2137 3545 2205 atque

157 2237 210 2276 se
241 2219 376 2292 ipsis
422 2235 588 2291 spem
638 2217 1012 2291 aliquatenus
1068 2217 1369 2276 collocare.
1405 2222 1563 2287 Quod
1599 2226 1687 2278 est
1715 2239 1784 2278 ex
1884 2222 2141 2295 justitia,
2175 2223 2277 2277 sed
2310 2221 2407 2278 Dei
2453 2239 2561 2277 nos
2612 2221 3014 2277 misericordia
3043 2221 3393 2277 conservari.
3426 2222 3546 2277 Non

158 2325 340 2365 eorum
372 2307 607 2380 scriptis
640 2308 947 2365 ostendere
976 2308 1075 2381 qui
1106 2308 1314 2364 divinm
1353 2311 1540 2379 vacui,
1575 2311 1784 2367 notitia
1883 2313 2113 2385 justitia
2161 2319 2255 2367 tua
2314 2312 2579 2367 Dominus
2634 2311 2774 2365 Deus
2833 2317 2958 2365 tuus
3009 2309 3161 2365 dabit
3205 2311 3308 2365 tibi
3340 2317 3546 2366 terram

159 2398 445 2454 mundanae
475 2397 777 2470 sapientiae
823 2395 1179 2453 claruerunt.
1214 2397 1444 2455 Tullius
1476 2399 1634 2467 facit,
1666 2417 1781 2456 non
1893 2403 2154 2473 optimam
2201 2408 2264 2456 ut
2306 2399 2582 2472 possideas
2636 2416 2776 2467 eam,
2811 2400 2943 2471 quia
2981 2400 3218 2471 populus
3248 2398 3401 2455 durae
3428 2415 3546 2455 cer-

159 2486 378 2543 Laalium
406 2485 492 2541 vel
523 2486 877 2558 Scipionem,
911 2504 1038 2559 quae
1070 2492 1269 2560 posset
1297 2503 1426 2543 esse
1455 2489 1658 2559 dubia,
1682 2490 1783 2545 sed
1892 2492 2029 2546 vicis
2084 2506 2139 2545 es
2196 2497 2253 2545 tu
2303 2490 2478 2560 (Deut.
2512 2492 2610 2556 1x).
2646 2489 2792 2544 Item
2846 2493 2979 2560 post
3037 2488 3334 2561 aliquanta
3365 2505 3379 2543 :
3438 2490 3547 2545 Pro

159 2575 225 2632 M.
253 2579 517 2632 Catonem
550 2592 751 2631 senem
799 2581 976 2643 certa,
1010 2575 1118 2631 hoc
1149 2580 1239 2632 est
1268 2593 1395 2645 sua,
1430 2578 1620 2634 dicere
1651 2595 1788 2635 sen-
1892 2580 2072 2635 nihilo
2116 2580 2291 2634 salvos
2335 2579 2503 2649 facies
2550 2593 2637 2632 eos
2669 2577 2837 2648 (Psal.
2870 2580 2977 2645 LV),
3013 2578 3079 2648 (c)
3110 2577 3267 2633 haud
3298 2576 3547 2632 dubium

158 2665 338 2721 tentia.
363 2664 634 2731 «Quibus
664 2664 809 2719 nihil
836 2669 926 2721 est
954 2664 1013 2720 in
1046 2665 1191 2737 ipsis
1224 2666 1353 2738 opis
1383 2667 1455 2722 ad
1477 2668 1622 2723 bene
1652 2668 1785 2723 bea-
1896 2668 2037 2740 quin
2063 2668 2279 2737 justos,
2315 2666 2456 2738 quia
2487 2683 2602 2721 non
2635 2665 2869 2738 proprio
2900 2665 3126 2733 merito,
3161 2667 3263 2721 sed
3294 2664 3396 2722 Dei
3427 2665 3547 2722 sal-

159 2757 314 2827 teque
334 2754 668 2820 vivendum,
690 2753 783 2810 his
804 2753 998 2810 omnis
1021 2758 1160 2810 aetas
1190 2754 1381 2828 gravis
1411 2759 1519 2811 est.
1546 2757 1653 2823 Qui
1683 2774 1784 2811 au-

158 2846 261 2898 tem
289 2841 476 2898 omnia
513 2843 669 2899 bona
704 2860 738 2899 a
767 2842 977 2915 seipsis
1009 2847 1233 2916 petunt,
1263 2843 1357 2900 his
1386 2843 1533 2899 nihil
1564 2844 1787 2901 malum

157 2936 329 3004 potest
354 2933 505 2989 222
527 2932 709 2988 videri
734 2933 890 3004 quod
913 2936 1134 2987 naturae
1167 2932 1486 2989 necessitas
1508 2934 1730 2990 afferat.
1755 2956 1784 2985 »

157 3019 346 3076 Omnia
363 3021 516 3076 bona
532 3038 568 3076 a
590 3037 724 3077 vero
746 3021 862 3076 Deo
893 3036 1008 3076 non
1032 3037 1066 3075 a
1087 3036 1148 3075 se
1171 3020 1315 3093 ipsis
1346 3026 1570 3093 petunt,
1599 3023 1789 3079 Marce

158 3107 315 3176 Tulli,
348 3108 617 3178 dixisses,
646 3114 703 3165 et
734 3108 904 3165 nobis
936 3126 1051 3165 non
1083 3114 1202 3165 tam
1248 3109 1557 3182 splendore
1586 3111 1789 3168 verbo-

157 3214 275 3253 rum
304 3214 477 3270 quam
507 3190 811 3254 sententiae
840 3197 1081 3253 veritate
1131 3198 1474 3270 placuisses.
1507 3199 1789 3273 Virgilius

1895 2761 2106 2813 vantur
2134 2755 2463 2811 clementia.
2520 2758 2661 2810 Item
2714 2753 2853 2809 alibi
2906 2753 2964 2808 in
3014 2753 3369 2825 expositione
3413 2770 3548 2810 sen-

1897 2844 2087 2901 tentiae
2123 2861 2136 2900 :
2169 2850 2285 2902 Non
2334 2844 2603 2913 glorietur
2651 2844 2874 2915 sapiens
2925 2845 2985 2898 in
3030 2845 3305 2915 sapientia
3342 2860 3465 2909 sua,
3499 2851 3553 2899 et

1896 2951 2008 2989 non
2037 2934 2303 3003 glorietur
2336 2934 2499 3005 fortis
2534 2934 2594 2987 in
2629 2931 2957 3005 fortitudine
2984 2947 3105 2998 sua,
3136 2939 3187 2986 et
3209 2948 3316 2986 non
3347 2933 3547 3002 glorie-

1898 3031 1991 3079 tur
2044 3023 2192 3078 dives
2239 3023 2296 3077 in
2355 3022 2566 3077 divitiis
2614 3023 2751 3087 suis,
2782 3020 2875 3075 sed
2919 3023 2979 3076 in
3023 3021 3121 3075 hoc
3160 3021 3425 3092 glorietur
3453 3023 3551 3093 qui

1897 3112 2188 3182 gloriatur,
2218 3112 2359 3166 scire
2404 3117 2455 3165 et
2502 3110 2808 3180 intelligere
2854 3115 2906 3163 et
2946 3123 3101 3162 nosse
3154 3123 3258 3173 me,
3292 3108 3423 3178 quia
3452 3123 3550 3175 ego

1898 3216 2020 3255 sum
2052 3200 2337 3264 Dominus,
2372 3199 2469 3270 qui
2488 3199 2633 3269 facio
2664 3195 3097 3251 misericordiam
3124 3201 3176 3251 et
3193 3194 3470 3267 judicium
3498 3202 3550 3251 et

159 3266 339 3358 etiam,
356 3291 419 3342 ut
439 3285 738 3342 hominem
770 3284 965 3342 decuit
986 3266 1213 3358 poetica
1237 3287 1515 3359 ﬁgmenta
1536 3266 1787 3344 tractan-
1820 3266 1862 3332 C
1893 3288 2174 3359 justitiam
2203 3288 2264 3341 in
2296 3266 2446 3341 terra
2477 3266 2613 3357 (der.
2648 3284 2745 3356 1x).
2769 3282 2878 3340 Ubi
2909 3286 3067 3348 sunt,
3095 3266 3307 3355 inquit,
3332 3283 3432 3355 qui
3465 3282 3550 3339 di-

157 3378 283 3441 tem,
314 3374 465 3430 aliud
500 3391 682 3449 agens
710 3374 824 3430 tale
854 3373 995 3447 quid
1022 3374 1371 3449 significavit
1395 3377 1589 3447 potius
1611 3393 1789 3450 quam

158 3464 443 3535 expressit,
466 3464 598 3537 Spes
626 3464 736 3520 sibi
763 3465 1008 3536 quisque.
1038 3463 1083 3519 Ο
1113 3463 1340 3520 utinam
1373 3464 1633 3533 dixisset,
1668 3465 1788 3522 cui-

158 3567 259 3623 que
287 3552 439 3610 Deus
466 3570 641 3609 verus
672 3570 825 3626 spes,
859 3556 916 3609 et
944 3552 1310 3619 credidisset,
1344 3570 1449 3609 nec
1479 3554 1550 3610 de
1590 3555 1790 3611 Maece-

154 3644 273 3696 nate
302 3640 618 3713 adulando,
640 3641 739 3697 sed
768 3641 839 3696 de
859 3641 1061 3697 eodem
1094 3657 1227 3696 vero
1250 3645 1307 3695 et
1329 3641 1452 3697 solo
1480 3647 1590 3698 Deo
1610 3645 1789 3716 probe

151 3745 484 3805 summeque
516 3730 778 3786 canendo
808 3729 1149 3802 protulisset
1182 3746 1195 3786 :
1235 3732 1298 3786 Te
1325 3733 1447 3786 sine
1486 3733 1572 3787 ml
1613 3734 1790 3788 altum

147 3834 283 3873 mens
314 3820 554 3876 inchoat.
588 3818 782 3875 Nostri
814 3822 1009 3875 autem
1043 3822 1334 3885 auctores,
1360 3819 1526 3875 facile
1557 3821 1786 3892 sapien-

148 3905 222 3961 tia
245 3906 593 3979 superiores,
627 3907 767 3979 quia
798 3907 996 3963 divina
1025 3906 1360 3979 eloquentia
1391 3925 1579 3979 pares,
1606 3927 1784 3981 quam

146 4011 269 4051 cum
293 3995 499 4052 volunt
529 4000 791 4064 exerunt,
825 4012 959 4051 cum
1003 3994 1208 4051 volunt
1255 3996 1643 4063 abscondunt,
1678 4001 1787 4069 Cy-

144 4083 402 4154 prianum
423 4085 656 4158 loquor,
672 4084 1088 4158 Augustinum,
1103 4084 1790 4156 Hieronymum,Ambro—

142 4170 285 4228 sium
315 4176 371 4230 et
400 4174 694 4247 quosdam
726 4173 892 4243 alios,
924 4178 982 4230 et
1011 4177 1268 4229 mentem
1308 4172 1637 4229 divinorum
1668 4173 1787 4230 elo-

144 4261 405 4332 quiorum
430 4262 669 4336 penitus
692 4263 1162 4335 inspexerunt,et
1181 4262 1348 4318 nobis
1370 4261 1684 4318 salubriter
1695 4280 1788 4319 ex-

143 4356 495 4422 presserunt.
518 4350 753 4408 Scilicet
783 4367 951 4424 egere
985 4368 1089 4407 nos
1110 4350 1169 4405 in
1192 4351 1413 4406 bonum
1446 4351 1686 4407 arbitrio
1716 4351 1784 4406 li-

143 4437 409 4511 berando,
425 4444 485 4496 et
496 4440 598 4496 Dei
612 4439 861 4512 gratiam
882 4456 995 4495 non
1017 4440 1341 4495 secundum
1359 4440 1566 4495 merita
1587 4445 1788 4497 nostra

142 4526 277 4582 dari.
304 4528 507 4601 Itaque
528 4531 609 4597 (a)
629 4527 1093 4600 gloriosissimus
1126 4533 1348 4601 martyr
1376 4529 1701 4602 Cyprianus
1731 4534 1789 4587 et

1900 3380 2042 3431 cunt
2092 3375 2326 3448 proprio
2384 3373 2685 3430 hominem
2744 3373 2865 3446 regi
2925 3371 3184 3441 arbitrio,
3219 3371 3302 3427 sic
3351 3372 3549 3428 datam

1898 3464 2066 3520 liberi
2094 3463 2318 3519 arbitrii
2350 3467 2693 3535 potestatem
2728 3466 2794 3518 ut
2822 3460 2922 3517 Dei
2956 3459 3357 3516 misericordia
3384 3459 3550 3517 tolle-

1898 3558 2061 3610 retur
2085 3557 2261 3625 atque
2274 3552 2505 3624 justitia
2525 3550 2554 3607 ?
2578 3552 2706 3625 Ipse
2736 3555 2931 3607 autem
2962 3549 3340 3622 Augustinus,
3373 3565 3551 3621 quem

1898 3642 2129 3698 nescias
2162 3647 2360 3697 utrum
2405 3657 2599 3697 rerum
2641 3641 2973 3695 inventione
2998 3638 3187 3711 magis
3217 3655 3289 3693 an
3321 3637 3551 3694 dicendi

1898 3730 2173 3787 felicitate
2205 3729 2457 3796 mireris,
2491 3730 2562 3785 de
2590 3729 2773 3784 libero
2821 3728 3062 3783 arbitrio
3109 3732 3164 3782 et
3212 3725 3399 3798 gratia
3449 3725 3551 3782 Dei

1898 3822 2062 3875 tanta
2092 3818 2373 3875 disseruit
2405 3824 2468 3873 ut
2499 3819 2726 3890 possint
2755 3817 2849 3872 vix
2870 3817 2942 3890 ab
2967 3816 3162 3888 aliquo
3196 3815 3328 3888 legi,
3351 3814 3552 3870 omnia

1893 3925 2050 3975 vero,
2077 3912 2143 3962 ut
2173 3923 2305 3962 mea
2336 3908 2445 3962 fert
2475 3888 2692 3977 opinio.
2716 3906 2793 3973 (ά)
2827 3888 3164 3976 quanquam
3196 3903 3317 3958 sint
3347 3903 3549 3959 claris-

1896 3996 2049 4051 sima
2074 4001 2129 4051 et
2160 3995 2494 4059 utilissima,
2527 4012 2562 4049 a
2610 3994 2844 4048 nemine
2901 3992 3185 4048 memoria
3241 3991 3545 4046 contineri.

1896 4085 2044 4148 Quid
2066 4084 2221 4139 enim
2244 4082 2624 4138 sentiendum
2657 4080 2733 4137 sit
2764 4081 2834 4136 de
2865 4079 3045 4135 libero
3076 4078 3318 4134 arbitrio
3339 4083 3395 4135 et
3415 4094 3547 4151 gra-

1894 4173 1978 4227 tia
2006 4171 2128 4239 Dei,
2163 4170 2315 4226 sicut
2347 4186 2515 4225 nemo
2544 4173 2666 4224 tam
2698 4167 2991 4224 laboriosa
3044 4167 3320 4239 indagine
3366 4165 3548 4223 vesti-

1896 4262 2071 4334 gavit,
2107 4276 2278 4315 nemo
2337 4264 2403 4313 ut
2460 4257 2555 4313 ille
2615 4256 2820 4312 tandiu
2861 4257 3015 4313 224
3042 4255 3312 4324 versavit,
3348 4255 3448 4322 ita,
3483 4259 3547 4311 ut

1896 4366 2038 4423 pace
2070 4353 2416 4405 cunctorum
2463 4346 2731 4412 dixerim,
2764 4345 2963 4401 nullus
3017 4350 3337 4417 utrumque
3382 4350 3547 4402 tanta

1892 4439 2155 4495 veritatis
2178 4433 2781 4511 proprietateinvenit,
2798 4433 2998 4489 nullus
3018 4438 3181 4489 tanta
3201 4433 3545 4505 eloquentiae

1896 4528 2160 4583 ubertate
2181 4520 3215 4594 asseruit,nullusinexpugnabilium
3238 4536 3547 4593 argumen-

142 4614 331 4672 doctor
358 4615 754 4673 suavissimus
785 4615 984 4672 omnia
1012 4616 1230 4671 nostris
1248 4617 1472 4674 viribus
1494 4619 1784 4688 adimens,
1819 4629 1863 4694 ι)
1894 4621 2089 4673 torum
2138 4615 2304 4687 copia
2350 4618 2515 4670 tanta
2562 4611 2839 4668 defendit.
2876 4610 3122 4666 Proinde
3171 4625 3307 4664 cum
3347 4613 3547 4666 essent

139 4702 245 4759 Deo
265 4705 600 4778 assignans,
623 4705 966 4761 brevissime
986 4705 1184 4760 omnia
1200 4721 1413 4779 genera
1436 4707 1779 4763 meritorum

139 4792 649 4865 complexus,aitin
667 4793 829 4849 nullo
851 4792 1486 4867 gloriandum,quando
1510 4801 1777 4852 nostrum

138 4877 272 4935 nihil
294 4881 371 4937 sit
392 4883 607 4956 (Cypr.,
632 4882 728 4938 lib.
754 4899 815 4938 Ill
840 4883 1052 4938 Testim.
1087 4882 1156 4938 ad
1188 4883 1429 4951 Quirin.,
1452 4900 1500 4939 c.
1527 4885 1602 4952 4).
1636 4890 1776 4941 Am-

198 5022 270 5094 (a)
300 5023 609 5097 Gloriosiss.
640 5032 858 5097 martyr
906 5024 1068 5097 Cypr.
1118 5026 1547 5097 Lupusﬂepist.
1571 5027 1626 5095 3,
1659 5028 1774 5094 glo-

135 5092 301 5169 {iosus
359 5096 611 5169 videlicet
672 5092 887 5169 martyr
939 5092 1270 5169 cyprum.
1324 5092 1773 5169 Epistola;l28,

133 5161 356 5249 Sanctus
393 5168 734 5239 Cyprianus,
766 5161 1004 5240 martyr'
1020 5161 1468 5238 gloriosissimus,
1506 5176 1559 5225 et
1593 5161 1776 5225 doctor

134 5250 502 5293 suavissimus.

196 5308 268 5381 ςὸ)
297 5308 574 5381 saeculari
600 5309 868 5381 doctrina.
904 5309 963 5365 Id
993 5312 1100 5375 est,
1133 5307 1395 5381 saeculari
1426 5308 1770 5381 litteratura,

130 5374 213 5451 vel
241 5374 595 5451 eruditione,
628 5385 693 5435 ut
721 5380 867 5435 dixit
898 5381 1096 5451 Lupus
1128 5380 1187 5434 in
1220 5379 1389 5451 epist.
1421 5381 1492 5437 30
1523 5386 1578 5436 et
1607 5384 1698 5438 68.

194 5448 261 5519 (c)
286 5450 447 5523 Haud
467 5451 707 5523 dubium
760 5453 895 5523 quin
938 5448 1135 5523 justas.
1171 5448 1654 5523 Familiarissima
1684 5457 1773 5509 est

130 5515 352 5639 phrasis
383 5520 588 5578 isthaac
611 5515 796 5605 .Lupo
845 5515 1065 5605 nostro.
1099 5526 1165 5576 In
1197 5522 1441 5593 epistola
1472 5523 1767 5639 quippe},

151 5590 369 5639 nudans
388 5591 583 5639 Incnm
607 5597 788 5639 istum
812 5610 877 5639 px
894 5591 1147 5639 Flmgtnla
1182 5594 1434 5639 secunda
1472 5596 1540 5639 mi
1606 5614 1767 5639 ,ηπ-ιη-

151 5541 352 5576 iurasis
384 5541 588 5578 istnaec
636 5541 796 5596 Lupo
845 5541 1065 5578 nosnro.
1102 5541 1165 5576 1n
1197 5541 1441 5593 eplSLOIa
1472 5541 1566 5595 qui
1615 5541 1685 5597 pe
1716 5541 1767 5593 4,

151 5590 389 5669 sudans
388 5591 587 5669 locum
607 5593 792 5669 istum
811 5610 881 5669 ex
894 5591 1152 5665 Epistola
1182 5594 1438 5648 secunda
1463 5596 1541 5669 ad
1574 5541 1773 5669 Eorinj

131 5657 311 5735 thios:
348 5664 594 5721 Tristitia
622 5666 820 5722 saeculi
847 5657 1074 5721 mortem
1101 5672 1373 5735 operatur.
1409 5666 1591 5732 addit,
1624 5667 1772 5722 haud

132 5729 353 5791 dubium
394 5736 535 5806 quin
570 5737 896 5808 spiritalem.
927 5737 997 5793 Et
1026 5736 1085 5792 in
1115 5729 1360 5807 epistola
1387 5737 1476 5806 30,
1511 5729 1643 5810 pag.
1677 5739 1767 5806 60,

1891 4704 2052 4761 illius
2082 4704 2282 4762 omnia
2312 4704 2534 4775 optima
2552 4706 2609 4757 et
2640 4716 2784 4774 pene
2814 4699 3144 4765 innumera,
3177 4696 3543 4754 haasitarem-

1889 4810 2002 4867 que
2033 4793 2171 4866 quid
2207 4792 2582 4864 potissimum
2612 4794 2769 4846 esset
2816 4787 3172 4861 eligendum,
3205 4785 3386 4841 statui
3418 4790 3541 4841 stu-

1887 4884 2121 4939 diosum
2154 4882 2227 4939 ad
2258 4880 2495 4937 illorum
2528 4878 2770 4935 invitare
2798 4878 3130 4944 lectionem,
3162 4891 3288 4948 quae
3323 4874 3543 4931 nostris

1886 5028 2075 5084 citans
2086 5024 2280 5081 locum
2294 5022 2461 5079 illum
2473 5017 3229 5146 Augustini,vitam,guidem
3240 5020 3538 5099 suam,e_tc.

1887 5098 2070 5146 addit-
2104 5096 2251 5146 haud
2280 5096 2504 5146 dubium
2537 5094 2671 5146 auin
2717 5094 2967 5146 spiritus.
3046 5091 3098 5145 ic
3129 5090 3188 5144 in
3222 5090 3336 5144 ﬁne
3364 5094 3537 5145 istius

1887 5098 2071 5162 addit,
2104 5096 2251 5151 haud
2280 5096 2504 5150 dubium
2537 5090 2671 5166 quin
2717 5094 2967 5166 spiritus.
3002 5090 3098 5146 Sic
3129 5090 3188 5144 in
3222 5090 3336 5144 ﬁne
3354 5090 3537 5166 istius

1884 5170 1986 5225 lib.
2020 5160 2153 5241 pag.
2175 5168 2276 5221 241
2303 5160 2566 5241 afferens;
2570 5160 2762 5241 locum
2793 5162 2961 5218 illum
2985 5178 3052 5218 ex
3074 5178 3201 5241 cap.
3224 5178 3329 5241 viri
3354 5160 3536 5241 Epist.

1885 5242 1957 5296 ad
1988 5232 2234 5294 Reman.
2260 5237 2663 5308 proprioilv‘ilio
2691 5251 2829 5308 Anon
2881 5232 3372 5308 pepercit,’addit,_
3392 5232 3542 5287 haud

1883 5313 2113 5367 dubium
2143 5302 2278 5380 quin
2306 5309 2468 5380 Deus.
2484 5306 2593 5380 Sic
2608 5305 2666 5360 in
2690 5305 2822 5380 Vita
2852 5302 3041 5380 sancti
3073 5302 3376 5380 Maximini
3407 5319 3536 5376 cap.

1884 5384 1935 5449 4,
1970 5399 2103 5453 pag.
2134 5375 2260 5446 279,
2288 5378 2690 5453 hauddubium
2712 5378 2849 5453 quin

2012 5400 2103 5453 ag.
2134 5400 2260 5446 ζιυ,
2288 5400 2433 5434 naua
2461 5400 2690 5432 (malum
2712 5400 2849 5447 quin
2879 5400 3231 5431 mwummus.

1955 5400 2027 5533 (ἓ)
2062 5453 2380 5533 Quanquam
2405 5450 2533 5533 sint
2534 5448 2867 5533 clarissima.
2883 5445 3193 5533 augusti‘ni
3215 5443 3397 5533 verba
3409 5458 3541 5533 esse

1883 5514 2469 5580 clarissima'scribit.
2501 5518 2593 5572 Sic
2624 5518 2682 5571 in
2707 5516 2957 5589 epistola
2977 5514 3074 5583 30,
3108 5518 3177 5572 de
3203 5514 3407 5589 eodem
3433 5516 3540 5567 Au-

1882 5594 2115 5668 gustino
2139 5589 2532 5668 loq_uens,ait:
2558 5585 2825 5668 Hactenus
2851 5588 2984 5668 quid
3014 5589 3133 5668 haec
3159 5587 3324 5668 verba
3353 5585 3542 5639 obscu-

1880 5659 2066 5721 ritatis
2118 5659 2346 5734 pariant
2399 5678 2511 5717 non
2567 5661 2737 5716 video.
2772 5659 2980 5733 Quippe
3033 5659 3376 5716 clarissimus
3431 5670 3537 5712 au-

1881 5745 2015 5801 ctor,
2049 5739 2158 5791 etc.
2520 5742 2529 5750 '
3169 5771 3173 5774 ,
