3898 6194
390 364 511 431 633

1380 365 1454 429 Β.
1501 365 1570 430 ε.
1615 365 1796 432 LUPI
1838 363 2171 429 ABBATIS
2218 361 2814 428 FERRARIENSIS.

3661 365 3763 434 636

391 499 763 576 praecognitis
794 496 1024 557 facilius
1053 497 1263 572 poterit
1283 503 1606 573 penetrare,
1632 518 1808 574 quam
1832 500 2035 574 paucis
2068 501 2119 567 Α
2149 499 2302 555 unde
2333 498 2610 555 inﬂentur
2638 495 2889 567 liberati,
2921 495 3060 572 quia
3089 497 3246 572 quod
3289 513 3404 556 non
3456 508 3761 560 meruerant

392 590 617 666 positis,
644 588 938 646 similibus
962 587 1370 645 melioribusve
1402 590 1689 645 fraudare.
1717 589 1834 644 Hoc
1854 605 2038 644 unum

389 685 585 736 tamen
612 677 904 734 occultare
927 693 1043 732 non
1076 694 1288 749 passus
1318 695 1448 733 sum
1483 678 1638 750 quod
1669 677 1820 733 inter
1840 677 1954 733 alia
1971 677 2039 731 de

387 767 568 824 libero
623 766 862 823 arbitrio
911 766 1248 822 acutissime
1305 766 1703 838 deprehendit.
1741 767 2035 830 Liberum,

386 856 599 930 inquit,
629 853 938 912 arbitrium
983 854 1355 927 congenitum
1382 859 1438 910 et
1467 855 1706 910 omnino
1739 854 2037 910 inamissi-

388 946 503 1002 bile
535 945 584 1000 si
617 944 956 1018 quazrimus,
989 943 1132 998 illud
1180 949 1268 999 est
1316 960 1431 1014 quo
1480 944 1631 1000 beati
1677 960 1806 999 esse
1835 942 2038 998 volunt

388 1035 563 1092 etiam
577 1034 635 1090 hi
655 1033 754 1106 qui
772 1050 840 1088 ea
857 1032 1062 1087 nolunt
1091 1049 1219 1104 quae
1251 1033 1321 1087 ad
1345 1032 1764 1088 beatitudinem
1789 1033 2032 1087 ducunt.

387 1125 503 1180 Nec
523 1123 840 1180 arbitretur
860 1121 1077 1193 aliquis
1100 1126 1199 1176 aut
1222 1125 1414 1176 tantos
1445 1121 1599 1177 viros
1625 1126 1726 1176 aut
1748 1137 1852 1175 nos
1884 1121 2038 1176 bona

389 1231 517 1287 qua
546 1214 698 1268 dono
725 1211 821 1266 Dei
856 1211 1272 1282 consequimur
1299 1210 1384 1266 sic
1415 1211 1566 1265 dona
1605 1211 1733 1280 ejus
1776 1227 2036 1265 asserere

386 1307 453 1358 ut
473 1319 585 1358 non
610 1301 728 1356 sint
748 1299 924 1356 etiam
950 1304 1168 1354 nostra.
1195 1300 1342 1354 Sunt
1362 1299 1616 1370 profecto
1639 1299 1760 1368 Dei,
1787 1316 1852 1354 ac
1876 1298 2034 1370 prin-

387 1391 670 1464 cipaliter,
705 1389 846 1462 quia
875 1389 946 1444 ab
981 1387 1080 1443 illo
1111 1388 1423 1443 donantur.
1439 1389 1582 1442 Sunt
1609 1392 2036 1460 consequenter

387 1484 445 1537 et
465 1481 619 1535 bona
649 1485 870 1537 nostra.
900 1477 1039 1548 quia
1082 1476 1250 1532 nobis
1281 1476 1354 1532 ab
1385 1475 1482 1531 illo
1514 1493 1642 1531 esse
1675 1478 2032 1543 creduntur;

387 1574 607 1625 etcum
653 1567 873 1639 aliquid
927 1566 1060 1620 boni
1111 1565 1390 1621 molimur
1434 1564 1520 1619 vel
1567 1565 1819 1638 agimus,
1853 1569 1941 1621 est
1974 1565 2034 1620 in

388 1657 557 1714 nobis
588 1656 837 1712 liberum
869 1655 1198 1722 arbitrium,
1233 1654 1372 1726 quia
1418 1655 1636 1726 peccati
1687 1655 1894 1709 all‘ectu
1932 1653 2034 1708 Dei

386 1747 573 1820 gratia
594 1745 928 1802 liberatum.
957 1743 1230 1815 Idemque
1261 1759 1409 1815 opus
1433 1747 1488 1797 et
1509 1743 1609 1798 Dei
1636 1748 1745 1811 est,
1769 1743 1864 1814 qui
1900 1760 2034 1814 ope-

386 1833 628 1892 raturin
652 1833 854 1901 nobis;
889 1840 946 1888 et
976 1837 1241 1888 nostrum
1274 1837 1382 1902 est,
1411 1831 1548 1904 quia
1576 1832 1872 1888 voluntate
1894 1832 2032 1887 faci-

387 1941 522 1979 mus
551 1924 707 1996 quod
741 1926 1095 1995 praeceptum
1127 1925 1215 1976 est
1245 1920 1840 1993 nobis.Cogitationes
1872 1921 2034 1975 bonae

385 2013 484 2069 Dei
507 2016 667 2079 sunt,
693 2010 830 2083 quia
852 2010 1020 2066 nobis
1050 2010 1345 2064 donantur
1373 2011 1446 2065 ab
1480 2009 1598 2074 illo,
1624 2014 1688 2064 ut
1719 2009 2034 2082 apostolico

387 2101 660 2174 superius
679 2098 942 2155 constitit
971 2099 1320 2154 documento
1347 2115 1359 2153 :
1394 2100 1511 2154 Non
1541 2098 1680 2170 quod
1706 2100 2035 2170 sufﬁcientes

385 2192 558 2246 simus
612 2190 849 2258 cogitare
907 2187 1120 2258 aliquid
1151 2204 1185 2240 a
1228 2188 1384 2242 nobis
1428 2189 1588 2259 quasi
1631 2204 1699 2242 ea:
1744 2189 1921 2253 nobis,
1947 2188 2036 2243 sed

383 2278 721 2352 sufﬁcientia
750 2283 936 2332 nostra
960 2291 1028 2330 ea:
1057 2276 1275 2335 Deo.est
1326 2277 1396 2345 (Il
1428 2277 1546 2331 Cor.
1575 2277 1658 2346 ιιι)
1685 2293 1698 2342 ;
1732 2279 1787 2330 et
1817 2275 2030 2331 eaedem

387 2371 600 2424 nostra:
631 2369 792 2431 sunt,
825 2364 962 2437 quia
990 2363 1239 2436 Spiritus
1287 2364 1380 2419 Dei
1415 2364 1690 2419 admonet
1723 2381 1734 2418 :
1766 2367 1917 2420 Jacta
1945 2381 2032 2420 co-

384 2457 619 2524 gitatum
665 2461 820 2509 tuum
863 2455 924 2508 in
971 2454 1228 2519 Domino,
1261 2460 1309 2508 et
1358 2455 1468 2524 ipse
1514 2460 1562 2508 te
1589 2455 1826 2509 enutriet
1857 2453 2028 2525 (Psal.

386 2543 516 2616 LIV).
549 2542 856 2598 Conversio
915 2545 1117 2597 nostra
1175 2542 1272 2597 Dei
1332 2545 1438 2608 est,
1472 2541 1563 2596 cui
1623 2540 2028 2614 supplicatur:

385 2633 642 2690 Converte
687 2648 805 2699 nos,
856 2634 1004 2686 Deus
1051 2631 1317 2686 salutaris
1364 2637 1543 2686 noster
1580 2631 1751 2698 (Psal.
1787 2631 2028 2701 Lxxxn);

385 2727 442 2778 et
469 2721 672 2777 eadem
705 2723 905 2776 nostra
935 2719 1086 2776 225
1117 2723 1227 2784 est,
1261 2717 1399 2790 quia
1436 2718 1717 2774 divinitus
1739 2719 1985 2790 jubetur
2014 2735 2026 2773 :

385 2811 786 2867 Convertimini
811 2808 880 2864 ad
908 2825 996 2865 me
1025 2810 1085 2862 in
1114 2815 1220 2863 toto
1248 2808 1408 2863 corde
1436 2816 1608 2864 vestro
1638 2809 1790 2876 (Joel.
1825 2812 1908 2876 ιι).
1944 2809 2032 2862 ln-

383 2898 618 2956 clinatio
668 2897 860 2954 cordis
909 2896 1092 2952 nostri
1142 2897 1212 2952 ad
1265 2902 1550 2969 praecepta
1604 2897 1724 2964 Dei,
1757 2902 1813 2953 et
1843 2897 2028 2969 ipsius

380 2988 479 3044 Dei
502 2991 609 3058 est,
625 3004 800 3060 quem
825 2985 1126 3059 placamus
1141 2986 1232 3042 his
1246 2987 1316 3040 ab
1329 2987 1533 3042 eodem
1555 2986 1708 3042 docti
1724 2986 2023 3059 precibus:

381 3078 598 3134 Inclina
643 3093 737 3133 cor
780 3091 964 3132 meum
1011 3077 1072 3130 in
1119 3077 1427 3132 testimonia
1464 3084 1560 3130 tua
1588 3077 1760 3143 (Psal.
1793 3076 2024 3147 cxvm);

377 3170 436 3221 et
456 3167 658 3222 eadem
682 3164 981 3221 inclinatio
1002 3169 1203 3220 nostra
1221 3168 1329 3230 est,
1357 3164 1496 3236 quia
1515 3163 1842 3222 volentibus
1859 3164 2027 3220 nobis

2151 591 2516 660 acceperunt.
2541 589 2663 644 Non
2693 593 2783 644 est
2803 587 2956 643 unde
2989 592 3307 660 querantur
3335 589 3619 656 damnati,
3649 591 3765 664 quia

2151 677 2294 732 nihil
2323 677 2435 732 nisi
2458 677 2610 749 quod
2638 681 2973 732 meruerant
2994 677 3250 748 perferre
3271 678 3455 734 coacti
3488 684 3640 734 sunt.
3671 680 3767 736 Cur

2149 771 2343 822 autem
2363 766 2506 822 istos
2519 783 2632 822 non
2660 765 2790 821 illos
2813 765 2995 821 salvet
3016 766 3190 833 Deus,
3217 770 3317 821 aut
3339 784 3450 822 cur
3468 784 3582 822 non
3599 771 3768 840 potius

2147 853 2293 910 istos
2341 872 2519 926 quam
2577 854 2731 925 illos,
2770 855 2897 927 jam
2957 853 3064 909 hoc
3115 871 3294 927 supra
3348 854 3643 911 hominem
3671 864 3763 922 est,

2148 961 2253 999 nec
2274 944 2344 1015 (b)
2369 943 2572 999 secreti
2595 943 2718 1013 Dei,
2745 943 3063 1016 praesertim
3091 944 3259 1011 tanti,
3276 961 3457 1000 causa
3477 949 3768 1016 exspectari

2147 1032 2316 1088 debet
2345 1033 2416 1087 ab
2449 1031 2705 1088 homine.
2738 1035 2876 1104 Quis
2931 1036 3178 1102 cognovit
3232 1050 3455 1089 sensum
3500 1035 3646 1091 22B
3684 1041 3772 1091 Do.

2143 1123 2306 1187 mini,
2366 1131 2462 1177 aut
2519 1124 2642 1193 quis
2697 1123 3051 1178 consiliarius
3106 1124 3225 1194 ejus
3279 1125 3438 1194 fuit?
3491 1126 3767 1195 (Bonum).

2147 1210 2351 1283 Igitur,
2384 1215 2449 1266 ut
2475 1211 2627 1265 idem
2659 1210 2759 1277 ait,
2805 1212 2870 1282 (ε)
2903 1213 3057 1282 cujus
3087 1213 3204 1267 vult
3229 1214 3544 1280 miseretur,
3571 1222 3620 1268 et
3635 1231 3770 1285 quem

2142 1299 2261 1354 vult
2290 1299 2511 1354 indurat
2543 1301 2713 1367 (Rom.
2760 1301 2853 1371 Ix).
2889 1300 3196 1356 Miseretur
3225 1301 3577 1357 exuberante
3629 1302 3770 1357 boni-

2143 1391 2281 1455 tate,
2316 1388 2555 1443 indurat
2586 1386 2748 1443 nulla
2777 1389 3168 1445 intercedente
3202 1388 3534 1462 iniquitate.
3561 1390 3770 1445 Indurat

2145 1480 2362 1542 autem,
2397 1494 2510 1532 non
2569 1477 2640 1532 ad
2700 1482 3004 1550 peccatum
3058 1477 3434 1550 impellendo,
3482 1481 3619 1535 Deus
3647 1481 3768 1536 enim

2146 1567 2442 1622 intentator
2484 1567 2760 1622 malorum
2803 1574 2882 1622 est
2928 1570 3068 1635 (Jac.
3107 1569 3168 1636 ι),
3205 1568 3304 1623 sed
3339 1567 3399 1622 in
3434 1573 3664 1640 peccato
3691 1570 3770 1624 de-

2143 1655 2410 1722 serendo,
2435 1655 2574 1727 quia
2606 1655 2730 1727 ipse
2750 1671 3000 1727 quorum
3020 1654 3145 1711 vult
3165 1655 3359 1712 solum
3393 1655 3665 1712 liberator
3682 1662 3768 1713 est.

2147 1743 2212 1797 Et
2246 1743 2448 1816 utique
2483 1748 2546 1798 ut
2573 1749 2662 1799 est
2690 1745 3104 1816 quorumdam,
3140 1745 3188 1800 si
3219 1744 3507 1800 voluisset
3543 1763 3663 1801 esse
3691 1764 3770 1818 po-

2146 1831 2355 1888 tuisset
2385 1837 2440 1887 et
2469 1832 2757 1888 omnium.
2791 1833 2999 1888 Omnia
3032 1832 3188 1889 enim
3223 1850 3593 1906 quaecunque
3620 1834 3774 1890 voluit

2149 1919 2432 1976 Dominus
2465 1920 2600 1976 fecit
2630 1920 2689 1976 in
2719 1920 2862 1978 caelo
2911 1925 2968 1977 et
3017 1921 3076 1976 in
3127 1927 3302 1978 terra.
3335 1923 3452 1979 Sed
3502 1923 3584 1978 ita
3620 1923 3773 1980 voluit

2148 2025 2410 2065 exercere
2459 2009 2944 2076 misericordiam,
2978 2028 3049 2066 ne
3107 2010 3168 2066 in
3227 2011 3427 2083 aliquo
3482 2010 3772 2068 infirmaret

2137 2097 2606 2168 justitiam.Nam
2630 2099 2783 2170 quod
2810 2099 3158 2156 venerabilis
3182 2100 3399 2156 Paulus
3422 2101 3541 2156 ait:
3565 2104 3669 2172 Qui
3678 2104 3767 2158 vult

2144 2203 2326 2244 omnes
2369 2189 2611 2244 homines
2639 2189 2816 2244 salvos
2844 2189 2973 2260 ﬁeri
3001 2193 3052 2257 (Ι
3088 2191 3222 2245 Tim.
3257 2191 3340 2262 ιι),
3377 2207 3495 2245 non
3537 2191 3616 2246 sic
3643 2193 3766 2246 acci-

2145 2276 2422 2347 piendum
2446 2281 2533 2332 est
2553 2278 2865 2349 quasicum
2889 2278 3042 2333 Deus
3064 2277 3200 2333 velit
3219 2279 3574 2351 generaliter
3593 2297 3763 2335 omnes

2145 2365 2266 2420 fieri
2289 2365 2500 2431 salvos,
2520 2366 2873 2438 quibusdam
2897 2366 3354 2439 impedientibus
3384 2368 3765 2440 impotentissi-

2145 2452 2277 2520 mis,
2312 2472 2425 2509 non
2458 2453 2646 2510 valeat
2689 2454 3298 2527 omnipotentissimus
3347 2455 3593 2530 implere
3635 2459 3759 2530 quod

2140 2540 2300 2610 velit,
2323 2543 2423 2598 sed
2455 2543 2536 2598 ita
2563 2544 2777 2616 potius,
2804 2545 2958 2616 quod
2993 2543 3105 2598 illis
3137 2545 3257 2601 sive
3286 2544 3639 2612 volentibus,
3669 2546 3761 2601 sive

2142 2629 2478 2686 nolentibus
2503 2636 2661 2700 (nam
2697 2631 2893 2704 plures
2921 2632 2978 2687 in
3012 2632 3266 2688 infantili
3298 2638 3470 2689 aetate
3497 2634 3761 2706 baptizati,

2141 2717 2350 2774 horum
2374 2736 2489 2776 non
2511 2719 2792 2776 habentes
2812 2719 3287 2789 discrimen,mox
3310 2721 3433 2778 vita
3454 2724 3760 2778 excedentes

2138 2809 2572 2864 transferuntur
2583 2809 2653 2863 ad
2668 2807 3264 2882 gloriam),salvantur
3283 2827 3496 2867 omnes
3513 2827 3764 2884 quoscun-

2139 2913 2252 2967 que
2285 2896 2380 2952 ille
2411 2896 2633 2952 salvere
2660 2897 2924 2954 voluerit.
2960 2901 3175 2954 Omnes
3232 2916 3372 2973 ergo
3432 2900 3559 2955 vult
3601 2900 3759 2956 salvos

2138 2985 2258 3042 fieri
2283 2985 2572 3055 homines,
2589 2987 2690 3042 sed
2704 3003 2818 3042 non
2833 2986 2977 3043 alios
3001 3005 3179 3061 quam
3202 2989 3300 3061 qui
3327 2989 3642 3044 salvantur.
3660 2991 3758 3055 Quo

2137 3073 2478 3131 elocutionis
2509 3091 2718 3149 genere
2752 3093 2894 3131 usus
2921 3081 3012 3132 est
3040 3077 3401 3150 evangelista
3421 3078 3670 3134 Joannes
3687 3077 3759 3132 his

2136 3163 2327 3220 verbis
2361 3181 2374 3218 :
2405 3166 2518 3234 Qui
2546 3166 2830 3221 illuminat
2855 3182 3070 3221 omnem
3099 3166 3379 3222 hominem
3408 3169 3696 3223 venientem
3714 3168 3759 3220 in

375 3259 486 3310 est.
512 3254 674 3310 Unde
707 3270 824 3309 non
855 3252 1002 3308 falso
1031 3251 1390 3324 gloriamur:
1426 3253 1702 3308 Inclinavi
1728 3270 1821 3308 cor
1844 3270 2026 3309 meum
2056 3226 2100 3295 θ
2137 3251 2283 3307 hunc
2304 3253 2572 3308 mundum
2601 3255 2778 3322 (Joan.
2810 3255 2869 3326 ι),
2905 3271 3019 3310 non
3069 3272 3182 3327 quo
3231 3256 3368 3311 ﬁdei
3419 3255 3549 3312 luce
3586 3271 3759 3312 omnes

377 3343 449 3398 ad
487 3343 770 3415 faciendas
817 3341 1233 3413 justi/tentiones
1285 3348 1406 3396 tuas
1449 3343 1508 3396 in
1554 3349 1823 3397 aeternum
1853 3343 2022 3411 (Psal.

375 3432 537 3503 exn).
568 3432 864 3487 Postremo
884 3428 1081 3485 omnia
1101 3445 1276 3501 opera
1301 3433 1499 3485 nostra
1517 3429 1671 3486 bona
1691 3435 1746 3485 et
1766 3430 1867 3486 Dei
1889 3434 2027 3486 sunt

377 3520 476 3593 qui
509 3520 654 3575 dicit
684 3535 697 3573 :
729 3520 864 3576 Sine
893 3535 978 3572 me
1008 3517 1154 3573 nihil
1203 3520 1425 3590 potestis
1470 3521 1648 3590 facere
1680 3520 1860 3591 (Joan.
1892 3521 1982 3591 xv)
2008 3539 2021 3589 ;

375 3614 432 3664 et
462 3609 664 3664 eadem
692 3611 893 3662 nostra
921 3612 1081 3674 sunt,
1115 3606 1254 3677 quia
1286 3606 1369 3661 illi
1394 3607 1731 3679 prophetice
1762 3609 1974 3663 dicitur
2009 3625 2020 3664 :

375 3697 621 3762 Domine,
648 3711 844 3767 pacem
871 3694 940 3750 da
967 3695 1144 3760 nabis,
1176 3697 1363 3751 omnia
1417 3698 1564 3751 enim
1619 3713 1785 3768 opera
1839 3705 2025 3753 nostra

375 3792 628 3857 operatus
653 3800 708 3840 es
737 3783 891 3840 nobis
929 3785 1054 3856 (Isa.
1087 3784 1257 3855 xxvx).
1294 3784 1636 3841 Nostrorum
1670 3790 1864 3842 autem
1897 3804 2023 3841 om-

375 3873 541 3930 nium
577 3874 864 3929 bonorum
900 3873 995 3928 Dei
1025 3872 1216 3946 gratia
1245 3878 1448 3930 auctor
1477 3877 1534 3929 et
1562 3891 1742 3932 causa
1763 3875 2020 3931 est.Nam

373 3967 508 4037 post
538 3966 841 4035 peccatum
875 3963 1032 4030 Adae,
1066 3961 1126 4017 in
1156 3978 1271 4034 quo
1318 3979 1522 4018 omnes
1568 3965 1935 4035 peccavimus
1967 3969 2024 4021 et

364 4053 529 4124 juste
557 4051 817 4108 damnati
866 4068 1074 4106 sumus
1106 4051 1322 4122 (rectus
1377 4056 1466 4108 est
1521 4051 1676 4107 enim
1735 4053 2021 4109 Dominus

371 4141 526 4198 Deus
549 4144 766 4207 noster,
785 4143 977 4198 etnon
1000 4144 1088 4196 est
1118 4139 1396 4212 iniquitas
1413 4141 1468 4196 in
1489 4141 1606 4213 eo);
1631 4142 1772 4214 quid
1805 4159 2022 4199 merea-

371 4231 468 4282 tur
497 4225 679 4282 totius
708 4226 938 4299 generis
969 4226 1211 4282 humani
1243 4227 1424 4284 series
1466 4229 1668 4284 vitiata
1698 4233 1754 4285 et
1784 4235 2022 4302 propter

371 4314 656 4388 originale
685 4319 988 4387 peccatum
1021 4316 1299 4371 damnata
1320 4321 1377 4372 et
1406 4322 1642 4390 propter
1661 4319 1895 4390 propria
1925 4320 2022 4374 ad-

371 4403 512 4471 dita,
545 4403 594 4459 si
627 4404 698 4458 ad
731 4403 976 4458 activam
1017 4409 1244 4460 (etatem
1297 4406 1627 4472 accesserit,
1660 4407 2017 4476 damnanda,

370 4491 484 4546 nisi
515 4491 870 4564 sempiterna
900 4492 1228 4564 supplicia?
1251 4494 1378 4548 Haec
1410 4493 1600 4565 plane,
1625 4499 1690 4548 ut
1721 4511 1898 4566 supra
1930 4513 2017 4552 re-

2137 3341 2194 3396 in
2213 3341 2367 3397 hunc
2393 3343 2681 3398 mundum
2708 3341 3004 3398 venientes
3037 3342 3330 3400 illuminet
3363 3346 3542 3418 (quod
3577 3344 3759 3400 sentin

2135 3447 2417 3502 perquam
2439 3431 2763 3486 absurdum
2785 3437 2893 3504 est,
2917 3433 3151 3504 quando
3172 3433 3413 3505 quidem
3449 3433 3640 3507 plures
3659 3433 3763 3488 inﬁ-

2135 3519 2393 3574 delitatis
2423 3519 2680 3576 tenebris
2711 3519 3140 3592 obscurentur),
3165 3521 3264 3577 sed
3287 3538 3388 3577 eos
3407 3521 3668 3578 videlicet
3682 3521 3759 3594 qui

2134 3607 2712 3675 illuminantur,dum
2738 3625 2853 3664 non
2876 3609 2948 3665 ab
2972 3609 3084 3664 alio
3107 3609 3219 3665 nisi
3247 3610 3320 3665 ab
3345 3609 3447 3667 illo
3461 3610 3760 3667 illuminan-

2133 3701 2246 3751 tur.
2271 3696 2486 3752 Omnes
2508 3701 2705 3752 autem
2730 3715 2844 3754 non
2877 3715 3110 3770 semper
3137 3698 3581 3756 universitatem
3611 3717 3756 3772 gene-

2133 3784 2559 3854 raliter,verum
2574 3785 2889 3859 aliquando
2901 3787 3298 3860 exceptionem
3315 3789 3636 3860 quamdam
3647 3806 3758 3861 par-

2131 3873 2450 3930 ticulariter
2498 3874 3011 3947 comprehendere,
3045 3877 3221 3932 etiam
3272 3875 3400 3948 ipse
3449 3876 3750 3950 Apostolus,

2131 3963 2201 4018 de
2223 3965 2392 4034 cujus
2413 3963 2770 4019 deliberatur
2791 3963 3098 4031 sententia,
3121 3964 3370 4021 idoneus
3395 3967 3542 4023 227
3582 3969 3752 4021 auctor

2129 4056 2217 4107 est
2247 4052 2344 4107 ubi
2375 4051 2456 4107 ait
2487 4067 2500 4106 :
2534 4053 2688 4108 Sicut
2741 4068 2834 4123 ego
2889 4069 2988 4124 per
3043 4056 3232 4109 omnia
3283 4055 3541 4110 omnibus
3591 4055 3752 4126 placeo

2129 4141 2177 4212 (I
2195 4142 2315 4196 Cor.
2339 4145 2438 4209 v1).
2463 4141 2728 4212 Namque
2767 4145 2831 4195 ut
2869 4146 3093 4197 taceam
3126 4142 3198 4197 de
3229 4143 3453 4214 majore
3480 4142 3663 4199 adhuc
3689 4142 3753 4196 in-

2130 4228 2390 4284 fidelium
2413 4233 2594 4300 parte,
2619 4229 2836 4300 quibus
2855 4229 3110 4300 profecto
3134 4229 3364 4302 placere
3387 4247 3506 4286 non
3537 4234 3749 4302 poterat,

2130 4335 2244 4373 non
2275 4317 2540 4390 placebat
2572 4316 2663 4373 his
2692 4334 2726 4372 a
2757 4317 2972 4388 quibus
2997 4319 3348 4386 caedebatur,
3365 4337 3483 4375 non
3518 4319 3749 4392 placebat

2126 4405 2270 4463 hisa
2294 4405 2510 4478 quibus
2539 4405 2896 4461 obruebatur
2923 4405 3239 4478 lapidibus,
3258 4423 3376 4462 non
3408 4407 3661 4480 placebat
3676 4405 3748 4460 his

2126 4495 2377 4566 denique
2406 4511 2440 4549 a
2467 4493 2684 4565 quibus
2716 4495 2860 4549 urbe
2904 4493 3063 4550 velut
3111 4499 3383 4551 mortuus
3431 4495 3745 4569 pellebatur.

369 4579 555 4636 latum
585 4585 692 4649 est,
719 4584 954 4652 peccato
980 4581 1180 4636 vitiata
1202 4585 1323 4636 tota
1344 4582 1522 4652 stirps
1553 4582 1858 4638 hominum
1890 4599 2016 4655 per-
2045 4592 2094 4658 D
2128 4583 2395 4640 Placebat
2416 4587 2611 4640 autem
2643 4582 2782 4638 solis
2805 4582 3096 4650 fidelibus,
3121 4585 3223 4655 qui
3254 4588 3337 4639 tot
3368 4590 3537 4641 erant
3565 4589 3626 4639 ut
3653 4597 3748 4638 me-

369 4669 485 4741 peti
508 4674 829 4741 cogeretur,
845 4669 956 4724 nisi
980 4685 1048 4724 ex
1067 4670 1270 4724 eadem
1294 4669 1474 4741 stirpe
1496 4671 1760 4725 eamdem
1775 4687 2012 4728 causam

368 4755 766 4813 damnationis
815 4756 1088 4822 habente,
1120 4756 1218 4811 alii
1252 4757 1325 4828 (a)
1358 4756 1581 4812 occulto
1622 4758 1848 4829 judicio
1898 4763 2014 4830 Dei,

369 4861 710 4918 quanquam
735 4845 1086 4912 rectissimo,
1111 4844 1520 4915 perjustitiam
1543 4845 1671 4914 ejus
1692 4845 1751 4901 in
1774 4847 2016 4903 damna-

367 4933 527 4989 tione
574 4933 773 4990 debita
828 4932 1316 5005 relinquerentur,
1365 4931 1462 4987 alii
1518 4949 1652 4989 vero
1705 4936 2020 4993 manifesta

367 5022 556 5095 gratia
587 5038 690 5094 per
720 5023 847 5093 ejus
880 5020 1342 5078 misericordiam
1375 5020 1756 5078 salvarentur.
1784 5024 1908 5080 Non
1930 5031 2020 5082 est

439 5200 750 5282 (a)_Dceulto
763 5200 978 5282 judicio
999 5201 1124 5282 Dei.
1149 5198 1226 5282 Et.
1245 5198 1366 5254 haec
1396 5215 1629 5282 quoque
1662 5201 1895 5282 phrasis
1928 5209 2018 5261 est

367 5269 830 5348 familiarissima
864 5275 1038 5348 bupo.
1073 5269 1255 5348 Epist.
1289 5286 1364 5348 ιγ,
1397 5269 2018 5348 pagfijcouanquam

367 5288 830 5327 rammamssnma
864 5288 1038 5341 Lupo.
1073 5288 1255 5340 bplSL.
1289 5288 1528 5397 ﬂung.
1564 5288 1648 5327 ιι.
1683 5288 2012 5348 quanquam

367 5343 592 5416 occulto,
618 5343 848 5416 minime
875 5345 1060 5394 tamen
1085 5341 1285 5416 injuste
1309 5343 1338 5413 j
1418 5344 1541 5416 icio.
1575 5344 1758 5416 Epist.
1791 5363 2012 5415 Lxxxw,

368 5429 500 5495 pag.
534 5412 667 5495 μηδὲ
697 5413 805 5495 Diu
854 5418 932 5465 est
989 5411 1127 5482 quod
1185 5411 1779 5495 Deusnoccultofjusto
1837 5411 2018 5495 tamen

361 5482 593 5557 judicio.
628 5482 818 5557 Epist.
847 5497 1092 5557 C_X_XV_IIII,_
1125 5499 1257 5557 pag.
1312 5483 1431 5551 486,
1483 5482 1728 5556 quamvis
1783 5490 2011 5557 occulto,

359 5551 507 5625 justo
789 5551 1236 5638 judicio.‘Ep'ist'.
1270 5571 1458 5638 exat-Isi,
1491 5551 1624 5638 pag.
1659 5559 1780 5638 l9~l_,
1834 5551 2015 5630 quan;

368 5623 802 5703 quam_oeculto,
827 5623 976 5694 justo
1031 5623 1213 5703 tamen
1235 5623 1619 5703 judicia—Sic
1678 5623 1855 5683 infra'
1879 5647 2012 5703 pag.

368 5692 495 5746 239.
526 5692 696 5762 Cujus
726 5692 1041 5770 quanquam
1067 5698 1138 5754 sit
1160 5692 1391 5755 subinde
1419 5700 1708 5770 occultum,
1731 5692 2017 5772 nunquam

2127 4671 2236 4728 rito
2259 4671 2371 4729 dici
2396 4675 2636 4744 possent
2666 4688 2894 4737 omnes,
2917 4673 3136 4744 quique
3157 4673 3217 4727 in
3241 4671 3340 4727 illo
3370 4672 3747 4746 gloriﬁcabant

2125 4762 2308 4817 Deum
2341 4761 2496 4833 quod
2527 4760 2989 4832 persecutionem
3023 4759 3430 4833 praedicatione
3471 4763 3743 4816 mutasset.

2126 4851 2447 4907 Possumus
2479 4849 2676 4915 etiam,
2709 4851 2808 4921 qui
2829 4851 2948 4905 vult
2975 4866 3155 4906 omnes
3179 4850 3424 4907 homines
3452 4851 3622 4906 salvos
3646 4848 3747 4917 ﬁeri

2125 4941 2173 5009 (ι
2208 4941 2350 4995 Tim.
2384 4941 2471 5007 ιι),
2499 4937 2582 4994 sic
2603 4954 2747 4993 sano
2771 4954 2948 4993 sensu
2982 4937 3327 5010 intelligere,
3351 4939 3504 5010 quod
3528 4955 3594 4993 ex
3611 4933 3742 4992 omni

2124 5043 2334 5102 genere
2360 5026 2668 5083 hominum
2697 5025 2932 5100 colligat
2952 5027 3023 5082 ad
3049 5025 3324 5098 salutem,
3341 5025 3447 5083 hoc
3459 5030 3566 5092 est,
3589 5039 3742 5098 quos-

2125 5215 2411 5288 tamengest
2439 5206 2705 5288 injustam
2726 5204 3024 5285 judicium.

2197 5280 2270 5349 (b)
2293 5270 2634 5334 SecretiDei.
2660 5270 2884 5348 Quippe
2920 5279 3145 5349 secreta
3165 5273 3267 5330 Dei
3289 5274 3629 5349 investigare
3655 5270 3737 5326 ho-

2125 5345 2345 5406 minem
2369 5363 2483 5419 non
2506 5349 2698 5414 decet;
2721 5345 2791 5401 ut
2805 5345 3285 5419 graviter‘monet
3311 5345 3609 5402 Salvianus
3628 5356 3732 5419 pag.

2125 5423 2212 5488 44,
2247 5417 2518 5475 editionis
2551 5422 2784 5484 nostrae,
2810 5415 2954 5488 nam
2984 5415 3240 5488 Salviani
3271 5416 3432 5473 locus
3462 5416 3735 5486 corruptus

2125 5487 2205 5547 ac
2223 5491 2581 5563 depravatus
2604 5487 2781 5563 estin
2813 5487 2945 5543 aliis
2972 5487 3352 5563 editionibus.

2197 5562 2263 5633 (ε)
2293 5556 2460 5633 A'Cujus
2490 5561 2606 5616 vult
2633 5561 2941 5633 miseretur.
2972 5559 3182 5614 Eadem
3226 5559 3398 5633 verba
3417 5556 3735 5633 repetuntur

2123 5632 2183 5688 in
2215 5629 2384 5704 epist:
2422 5634 2542 5700 128,
2576 5635 2633 5686 et
2664 5630 2722 5686 in
2753 5629 3136 5693 Collectaneo,
3168 5647 3303 5703 pag.
3331 5631 3458 5685 252.
