3898 6194
115 391 222 454 637

1155 382 1303 446 LIB.
1349 381 1452 444 DE
1493 381 1779 446 TBIBUS
1822 380 2441 455 QUESTIONIBUS.

3391 379 3520 448 638‘

115 526 240 583 dam
257 520 589 580 Judaaorum
607 513 1420 591 atquegentilium,quosdam
1439 513 1746 586 utriusque
1775 516 1829 583 Α
1859 517 1924 570 ut
1953 514 2234 572 salutaria
2261 514 2462 587 velint,
2493 519 2549 571 et
2580 515 2639 572 in
2672 511 2755 572 eis
2784 511 3120 589 proﬁciant;
3144 521 3420 591 operatur
3448 519 3510 577 in

117 631 296 678 sexus,
327 608 643 666 nonnullos
674 606 1126 680 magistratuum
1158 608 1215 660 et
1245 603 1744 676 privatorum,ali-

117 721 252 778 quos
281 699 651 757 dominorum
681 700 854 768 atque
885 711 1205 760 servorum,
1239 693 1384 749 alios
1417 692 1744 765 ingenioso-

118 810 235 850 rum
265 795 438 862 atque
468 787 766 853 hebetum,
799 788 856 840 et
885 799 1368 856 quarumcumque
1400 781 1747 838 differentia-

118 898 235 938 rum
261 877 528 934 homines
558 878 807 947 possunt
829 890 863 928 a
888 872 1181 928 subtiliter
1211 871 1746 944 contemplantibus

119 965 478 1042 deprehendi,
507 964 605 1036 qui
653 962 919 1019 omnium
957 960 1238 1016 vocabulo
1288 977 1404 1015 non
1455 958 1746 1014 immerito

120 1060 468 1116 censeantur.
503 1052 804 1124 Siquidem
837 1051 1040 1106 eadem
1074 1049 1308 1105 notione
1348 1049 1503 1104 idem
1534 1064 1746 1104 nomen

120 1149 171 1204 in
214 1142 517 1216 Evangelio
561 1143 748 1197 Lucas
797 1140 1038 1212 posuit:
1084 1140 1174 1196 Vae
1218 1141 1387 1208 vobis,
1442 1139 1742 1202 Pharisaei,

124 1237 207 1310 qui
265 1234 544 1290 decimatis
608 1221 885 1286 mentitam
955 1237 1004 1284 et
1065 1238 1248 1284 rutam
1310 1237 1361 1284 et
1418 1244 1576 1283 omne
1631 1227 1748 1282 olus

125 1325 258 1395 (Luc.
289 1321 386 1390 xi).
415 1320 614 1392 Neque
643 1318 801 1373 enim
831 1317 1098 1372 omnium
1138 1333 1419 1389 generum
1468 1314 1598 1371 olus
1647 1331 1752 1387 per

123 1426 339 1469 omnem
371 1413 534 1464 terra:
565 1405 1016 1479 amplitudinem
1048 1404 1321 1461 Pharisaei
1354 1404 1744 1460 decimabant:

125 1501 213 1556 sed
244 1514 409 1555 omne
438 1495 770 1563 olus,omne
801 1511 987 1567 genus
1009 1493 1232 1550 olerum
1258 1493 1412 1565 quod
1428 1493 1747 1560 habebant,

123 1592 203 1644 est
227 1588 440 1659 absque
489 1584 764 1657 scrupulo
796 1583 1189 1640 sentiendum.
1237 1582 1353 1638 Nec
1395 1581 1494 1638 ille
1541 1598 1751 1637 sensus

124 1677 376 1734 abhorret
403 1693 438 1731 a
465 1691 618 1742 vero,
635 1677 700 1729 ut
729 1671 965 1745 quivult
989 1672 1256 1728 homines
1270 1671 1460 1727 salvos
1484 1671 1628 1739 fieri,
1649 1670 1748 1742 qui

122 1764 253 1822 velle
273 1782 375 1821 nos
392 1763 548 1831 facit,
564 1778 768 1818 omnes
790 1762 1056 1818 homines
1079 1760 1268 1817 salvos
1284 1761 1406 1816 fieri
1421 1760 1750 1833 significare

124 1854 373 1911 voluerit.
404 1852 477 1908 Ut
505 1852 606 1924 qui
641 1867 849 1906 sumus
881 1850 1100 1906 multos
1125 1855 1379 1916 vocatos,
1394 1867 1611 1922 paucos
1643 1866 1750 1905 au-
1784 1879 1830 1942 Β

127 1949 232 2000 tem
256 1941 484 2008 electos,
519 1939 679 1996 nullo
731 1939 1068 1995 discrimine
1115 1956 1385 2011 separare
1431 1939 1749 2006 valeamus,

131 2048 315 2088 omnes
344 2029 742 2086 indifferenter
784 2028 1032 2084 velimus
1082 2027 1204 2083 fieri
1255 2027 1464 2084 salvos.
1501 2028 1646 2082 Nam
1700 2031 1757 2082 et

133 2122 183 2177 in
203 2119 460 2176 eumdem
483 2119 724 2175 modum
747 2116 1078 2174 invenimus
1100 2117 1254 2189 apud
1267 2116 1757 2188 Apostolumzlpse

133 2212 340 2283 spiritus
363 2209 601 2280 postulat
625 2223 726 2279 pro
756 2208 909 2262 nobis
951 2208 1240 2276 gemitibus
1287 2207 1758 2262 inenarrabilibus

137 2301 290 2372 (Rom.
321 2299 400 2369 ιι),
434 2297 544 2353 hoc
583 2302 692 2363 est,
724 2295 1020 2369 postulare
1068 2312 1174 2350 nos
1223 2294 1378 2350 facit.
1413 2296 1572 2351 Hanc
1605 2295 1758 2352 228

135 2391 310 2445 autem
341 2385 734 2459 gratiam,qua
765 2401 871 2440 nos
903 2400 1106 2439 omnes
1138 2383 1236 2455 qui
1267 2385 1561 2440 salvamur
1577 2385 1760 2456 gratis

138 2474 691 2549 eripimur,pluribus
722 2473 940 2529 relictis
969 2473 1028 2528 in
1053 2473 1631 2544 damnatione,quani
1656 2491 1761 2528 nos

139 2581 346 2638 quoque
397 2562 740 2629 meruimus,
789 2562 1210 2617 commendans
1260 2579 1362 2617 vas
1411 2561 1758 2618 electionis:

138 2655 273 2708 Sicut
293 2653 448 2723 elegit
475 2667 596 2718 nos,
630 2650 841 2722 inquit,
878 2651 936 2704 in
967 2650 1081 2720 ipso
1113 2655 1236 2703 ante
1264 2648 1459 2703 mundi
1501 2650 1763 2704 constitu-

141 2744 340 2808 tionem,
372 2749 431 2796 ut
455 2757 691 2796 essemus
719 2740 899 2795 sancti
924 2747 974 2794 et
1004 2739 1348 2794 immaculati
1378 2739 1437 2792 in
1481 2746 1767 2810 conspectu

143 2833 243 2903 ejus
274 2832 327 2885 in
345 2831 627 2895 charitate,
650 2830 748 2901 qui
769 2827 1182 2900 prwdestinavit
1205 2843 1302 2882 nos
1334 2829 1394 2882 in
1425 2827 1768 2898 adoptionem

145 2921 366 2990 ﬁliorum
409 2936 509 2991 per
555 2923 743 2975 Jesum
795 2917 1069 2972 Christum
1119 2918 1179 2971 in
1227 2918 1408 2988 ipsum
1452 2917 1664 2988 (Ephes.
1703 2918 1766 2985 ι).

149 3010 219 3065 Ne
247 3009 514 3064 adversus
546 3008 731 3064 Deum
763 3023 831 3063 ex
861 3008 989 3078 ejus
1020 3022 1261 3062 munere
1292 3005 1768 3072 inﬂaremur,an-

1856 605 2154 661 mentibus
2183 604 2498 678 impiorum
2525 606 2955 672 deserendo,ne
2986 607 3100 661 nisi
3131 608 3303 664 noxia
3330 609 3511 666 velint

1855 697 1913 749 et
1942 693 2000 747 in
2028 695 2226 766 pejora
2257 693 2548 750 labantur.
2586 695 2645 750 Id
2684 695 2970 767 Propheta
3001 694 3336 770 intelligens
3350 703 3504 755 orat:

1855 782 2062 855 Adjuva
2090 799 2192 850 me,
2225 791 2276 838 et
2322 785 2507 838 salvus
2556 800 2647 838 ero
2679 784 2847 855 (Psal.
2874 787 3090 850 cxvm).
3126 785 3206 840 De
3245 788 3510 858 reprobis

1855 888 1988 926 vero
2019 877 2226 944 sponte
2256 872 2635 944 peccantibus
2667 877 2722 927 et
2739 873 3039 928 deserente
3061 873 3289 944 judicio
3321 875 3422 932 Dei
3437 878 3510 932 ad

1856 961 2144 1016 deteriora
2169 961 2474 1016 ruentibus
2508 961 2591 1016 ait
2618 961 2930 1032 Apostolus
2954 978 2967 1017 :
2997 962 3139 1029 Quia
3167 979 3275 1019 non
3310 967 3511 1035 proba-

1855 1058 2050 1105 verunt
2083 1055 2255 1105 Deum
2285 1051 2482 1105 habere
2513 1051 2572 1105 in
2610 1052 2890 1117 notitiam,
2923 1051 3153 1107 tradidit
3202 1053 3326 1108 illos
3373 1055 3513 1110 Deus

1858 1139 1919 1193 in
1944 1140 2233 1209 reprobum
2259 1155 2496 1204 sensum,
2531 1146 2588 1194 ut
2613 1141 2823 1211 faciant
2853 1157 2973 1211 quae
3011 1156 3121 1196 non
3167 1145 3511 1198 conveniunt

1860 1226 2394 1299 (Rom.i).Utrosque
2427 1227 2708 1283 discernit
2735 1227 3025 1293 voluntas,
3049 1228 3137 1284 vel
3170 1229 3510 1288 misericor-

1858 1313 1956 1369 dia
1986 1313 2086 1370 Dei
2117 1314 2430 1386 adjuta,vel
2454 1315 2681 1388 judicio
2709 1333 2824 1371 non
2857 1317 3266 1388 adjuta.Deum
3290 1320 3509 1392 itaque,

1860 1402 1960 1475 qui
1991 1404 2227 1475 adjuvat
2257 1407 2321 1458 ut
2351 1403 2592 1460 bonasit
2608 1403 2975 1472 voluntas,et
2989 1405 3512 1480 voluntatisipsius

1859 1497 1916 1548 et
1947 1493 2212 1547 omnium
2246 1509 2371 1565 qua:
2403 1509 2472 1549 ex
2499 1509 2567 1548 ea
2590 1494 2877 1564 prodeunt
2907 1494 3195 1550 bonorum
3217 1513 3440 1552 necnon
3455 1501 3514 1554 et

1861 1598 1985 1653 quae
2000 1582 2121 1637 hanc
2140 1581 2300 1637 nullo
2314 1582 2623 1638 dubitante
2643 1587 3088 1655 consequuntur
3111 1586 3508 1656 praemiorum,

1861 1687 2031 1726 nemo
2061 1675 2149 1727 est
2179 1675 2298 1726 tam
2331 1671 2596 1743 ingratus
2628 1671 2856 1744 quinon
2878 1672 3076 1728 credat
3091 1677 3147 1728 et
3163 1673 3514 1731 conﬁteatur

1861 1765 2178 1816 auctorem.
2212 1760 2567 1816 Perditorem
2606 1777 2738 1816 vero
2789 1760 2956 1816 malae
3003 1761 3325 1819 voluntatis
3374 1781 3510 1820 eum

1861 1866 1989 1906 esse
2021 1854 2319 1905 auctorem
2350 1865 2521 1906 nemo
2553 1849 3513 1924 nisiinsanusetperditusopinari

1863 1937 2118 1992 audebit.
2144 1937 2269 1993 Non
2301 1937 2456 1992 enim
2488 1939 2657 2009 cujus
2686 1937 2956 1994 voluntas
2988 1955 3218 1996 summe
3244 1941 3398 1996 bona
3425 1945 3516 1997 est

1866 2025 2082 2081 malam
2116 2041 2244 2081 esse
2273 2025 2411 2081 facit
2439 2025 2700 2082 alterius.
2731 2027 2945 2082 Auctor
2973 2027 3172 2100 itaque
3211 2029 3364 2084 sicut
3395 2047 3512 2085 non

1865 2118 1954 2170 est
1985 2113 2150 2169 malai
2182 2113 2500 2170 voluntatis
2532 2113 2958 2186 impiorum,ita
2981 2132 3086 2171 nec
3107 2116 3354 2173 aliorum
3379 2135 3518 2190 quo-

1868 2203 2147 2258 rumlibet
2177 2207 2547 2274 peccatorum
2577 2220 2702 2274 quae
2735 2220 2804 2258 ex
2833 2220 2900 2259 ea
2931 2206 3274 2276 procedunt.
3297 2206 3516 2262 Verum

1869 2292 1968 2364 qui
2003 2309 2116 2346 non
2147 2296 2235 2347 est
2265 2296 2468 2346 auctor
2498 2291 2678 2348 ullius
2709 2293 2949 2348 omnino
2989 2299 3208 2362 reatus,
3241 2300 3332 2350 est
3380 2313 3520 2368 pro-

1870 2382 2017 2436 fecto
2057 2397 2265 2436 censor
2312 2386 2368 2435 et
2409 2381 2608 2451 judcx.
2644 2381 2715 2436 Ut
2763 2386 2958 2437 autem
3008 2399 3143 2438 reus
3194 2384 3522 2455 majestatis

1871 2470 2187 2524 damnatus
2218 2487 2332 2524 non
2362 2474 2512 2525 recte
2540 2469 2653 2524 nisi
2687 2470 2796 2525 sibi
2829 2475 2931 2526 aut
2951 2471 3126 2527 sociis
3140 2472 3524 2529 criminisim-

1874 2561 2042 2630 putat
2073 2559 2224 2630 quod
2258 2559 2518 2630 punitur,
2552 2557 2635 2614 ita
2655 2559 2882 2628 judicio
2916 2560 3017 2615 Dei
3058 2561 3374 2617 damnatus
3405 2579 3521 2618 non

1874 2651 2026 2702 recte
2045 2651 2232 2718 potest
2249 2647 2307 2701 in
2326 2663 2458 2703 cum
2479 2646 2753 2718 supplicii
2775 2647 2866 2703 sui
2893 2652 3225 2720 retorquere
3240 2649 3521 2707 invidiam

1875 2734 1969 2790 cui
2002 2751 2371 2808 nequaquam
2400 2735 2551 2790 valet
2593 2736 2821 2791 obicere
2852 2737 3072 2809 peccati
3123 2743 3329 2810 sponte
3377 2757 3412 2795 a
3462 2757 3526 2796 se

1875 2824 2174 2881 commissi
2208 2827 2362 2882 280
2392 2824 2770 2880 calumniam.
2805 2827 3058 2897 Imputet
3088 2827 3266 2899 igitur
3285 2827 3396 2884 sibi
3420 2829 3524 2885 ho-

1877 2930 1994 2980 mo,
2027 2913 2115 2969 vel
2146 2914 2194 2970 si
2241 2913 2430 2986 placet
2479 2912 2738 2978 Diabolo,
2768 2913 2864 2969 cui
2909 2918 3126 2970 temere
3170 2915 3433 2984 credidit,
3469 2922 3528 2974 et

1877 3006 2181 3075 peccatum
2213 3005 2269 3058 et
2294 3002 2608 3058 vindictam
2642 3002 2882 3074 peccati,
2916 3002 3024 3058 hoc
3055 3007 3163 3071 est,
3197 3008 3256 3059 et
3285 3021 3527 3061 causam

150 3103 363 3170 tequam
392 3097 641 3153 oriretur
670 3095 954 3168 superbia
986 3094 1434 3167 morbus,quam
1454 3093 1658 3150 efﬁcax
1685 3096 1774 3150 est
1881 3091 2296 3162 damnationis,
2330 3096 2386 3146 et
2413 3091 2602 3164 ipsam
2634 3091 3090 3156 damnationem,
3125 3092 3241 3148 Deo
3289 3110 3422 3150 vero
3470 3099 3530 3152 et

149 3185 446 3241 remedium
478 3181 1061 3257 procuratum.Eligit
1090 3199 1198 3238 nos
1228 3182 1381 3237 Deus
1411 3185 1544 3236 ante
1565 3179 1771 3236 mundi

1883 3179 2101 3235 bonum
2133 3196 2279 3251 opus
2311 3184 2368 3236 et
2397 3181 2594 3252 ipsum
2627 3179 2761 3235 boni
2784 3180 3402 3252 operispmmium.Ad
3417 3182 3528 3239 hoc

150 3274 630 3343 constitutionem,
657 3289 773 3328 non
806 3271 945 3344 quia
973 3287 1208 3327 eramus
1238 3269 1425 3325 sancti
1457 3273 1514 3325 et
1555 3268 1767 3324 imma-
1801 3245 1844 3312 (ἶ
1883 3269 2103 3324 bonum
2137 3285 2306 3324 nemo
2340 3269 2530 3324 malus
2554 3268 3046 3325 nisidiscessurus
3060 3269 3405 3341 accessit,ad
3419 3272 3528 3328 hoc

149 3362 432 3428 culati,aut
461 3361 604 3435 quia
635 3361 813 3417 futuri
845 3377 1080 3416 eramus
1108 3360 1292 3415 sancti
1316 3357 1769 3426 etimmaculati,

149 3451 383 3524 alioquin
407 3469 522 3508 non
545 3455 664 3506 tam
680 3467 798 3506 sua
815 3449 1015 3522 gratias
1033 3449 1250 3504 donum
1270 3447 1579 3520 largiretur
1592 3464 1770 3519 quam

151 3545 327 3596 nostro
358 3538 565 3596 merito
583 3539 671 3593 vel
688 3536 954 3610 praesenti
977 3536 1062 3592 vel
1089 3537 1282 3592 futuro
1296 3535 1603 3608 praemium
1616 3535 1773 3591 velut

150 3644 207 3682 ex
231 3627 417 3684 debito
446 3627 715 3694 referret;
750 3626 850 3682 sed
878 3624 1054 3698 elegit
1085 3641 1190 3680 nos
1239 3627 1373 3679 ante
1403 3622 1771 3679 constitutio-

151 3733 266 3772 nem
295 3717 518 3783 mundi,
562 3720 626 3770 ut
654 3731 919 3772 essemus
949 3712 1133 3770 sancti
1163 3717 1220 3768 et
1248 3711 1636 3780 immaculati,
1670 3712 1771 3784 qui

149 3805 244 3862 nisi
272 3805 570 3873 vellet,nec
601 3803 704 3860 ulli
737 3803 974 3876 quidem
1004 3819 1132 3859 esse
1155 3801 1772 3874 possemus.Ca3terum

151 3893 459 3967 ubicunque
488 3895 562 3950 de
591 3891 889 3960 electione,
921 3891 1010 3947 vel
1043 3889 1428 3963 praescientia,
1462 3889 1583 3945 sive
1627 3907 1770 3960 prae-

150 3982 511 4040 destinatione
542 3980 800 4055 Apostoli
830 3981 1171 4052 loquuntur,
1203 3977 1540 4050 quicunque
1585 3977 1772 4032 Deum

151 4075 428 4143 propterea
480 4070 728 4144 elegisse
784 4068 1085 4142 praescisse
1154 4071 1258 4123 aut
1325 4065 1773 4138 praedestinasse

151 4159 411 4230 quoslibet
440 4163 717 4216 asserunt
737 4159 891 4231 quod
924 4156 1242 4230 priescierit
1266 4172 1364 4210 eos
1391 4155 1626 4210 devotos
1658 4153 1772 4209 sibi

151 4247 353 4304 futuros
381 4254 438 4304 et
467 4249 528 4304 in
570 4248 772 4304 eadem
823 4247 1125 4304 devotione
1173 4260 1504 4311 mansuros,
1539 4241 1773 4298 tametsi

153 4335 254 4392 sint
283 4338 337 4393 in
362 4337 491 4394 aliis
540 4352 766 4410 magna
798 4334 1182 4402 auctoritatis,
1215 4333 1275 4388 in
1324 4333 1433 4388 hac
1483 4331 1774 4388 sententia

152 4441 251 4480 non
297 4431 431 4482 sunt
477 4426 714 4498 penitus
764 4423 1061 4491 audiendi,
1094 4439 1167 4478 ne
1211 4425 1522 4477 evacuetur
1566 4420 1773 4476 divinas

153 4513 327 4583 gratim
357 4515 600 4582 donum,
636 4513 685 4569 si
718 4513 1043 4570 secundum
1077 4511 1400 4566 humanum
1433 4526 1774 4582 quanquam

1880 3358 2101 3413 bonum
2134 3374 2303 3413 nemo
2333 3359 2522 3414 bonus
2555 3357 2667 3414 nisi
2697 3358 3528 3432 tractus-perveniLSiquidem

1881 3463 2057 3516 quam
2092 3463 2292 3501 verum
2321 3451 2430 3513 est,
2469 3463 2539 3503 ea:
2565 3448 2723 3502 nobis
2766 3448 3040 3512 exierunt,
3071 3447 3162 3504 sed
3208 3463 3315 3505 non
3368 3457 3530 3504 erant

1879 3551 1948 3590 ea:
1976 3535 2134 3591 nobis
2161 3538 2211 3604 (I
2248 3538 2406 3592 Joan.
2439 3540 2522 3603 ιι),
2555 3541 2677 3592 tam
2706 3551 2930 3601 verum,
2963 3551 3120 3592 nemo
3164 3538 3313 3594 venit
3347 3538 3416 3593 ad
3446 3554 3532 3595 me

1880 3624 1992 3678 nisi
2021 3629 2196 3679 Pater
2222 3627 2323 3696 qui
2348 3626 2502 3680 misit
2540 3641 2626 3680 me
2652 3627 2887 3680 traxerit
2914 3641 3038 3680 eum
3069 3626 3248 3694 (Joan.
3287 3628 3388 3694 γι).
3420 3626 3530 3682 Ubi

1882 3713 2141 3784 pravitas
2175 3718 2384 3768 nostrae
2417 3717 2660 3780 naturae,
2683 3730 2859 3785 quam
2892 3718 3088 3770 tamen
3121 3713 3404 3771 translato
3431 3731 3529 3770 vo-

1881 3800 2109 3866 cabulo,
2144 3801 2200 3856 id
2249 3807 2359 3867 est,
2393 3801 2711 3874 improprio
2761 3807 3012 3869 utentes,
3047 3808 3316 3859 naturam
3358 3805 3531 3874 juxta

1879 3889 2223 3961 Apostolum
2257 3889 2527 3957 dicimus,
2562 3889 2662 3961 qui
2694 3889 2813 3946 ait:
2846 3892 3076 3946 Eramus
3104 3908 3202 3946 nos
3232 3893 3531 3963 aliquando

1879 3985 2084 4033 natura
2128 3979 2242 4048 ﬁlii
2290 3981 2412 4044 irae,
2443 3979 2586 4034 sicut
2629 3986 2683 4034 et
2725 3980 2914 4035 exteri
2952 3979 3166 4050 (Ephes.
3203 3979 3283 4049 ιι),
3316 3997 3529 4036 vocans

1881 4069 2156 4120 naturam
2187 4083 2314 4137 quae
2347 4066 2561 4121 habeat
2581 4067 2708 4136 jam
2731 4069 3032 4138 peccatum
3056 4067 3210 4138 quod
3236 4066 3312 4121 sit
3327 4071 3532 4125 contra

1880 4156 2313 4220 naturam,cum
2346 4170 2477 4208 vere
2506 4159 2564 4210 et
2595 4153 2828 4226 proprie
2859 4159 3069 4210 natura
3099 4154 3328 4210 dicatur
3346 4154 3533 4212 incor—

1883 4246 2073 4314 rupta,
2099 4242 2155 4296 in
2189 4259 2306 4314 qua
2337 4241 2606 4297 conditus
2637 4246 2725 4298 est
2752 4242 3528 4317 Adam.Pravitas,inquam,

1881 4335 2094 4387 nostra
2123 4335 2344 4386 natura:
2374 4331 2721 4397 ostenditur,
2757 4347 2884 4403 quae
2930 4335 2994 4386 ut
3033 4331 3172 4388 alibi
3205 4333 3534 4390 declaratur

1879 4437 2045 4476 sensu
2073 4428 2125 4476 et
2153 4421 2475 4491 cogitatione
2503 4419 2679 4475 cordis
2719 4420 2788 4475 ad
2816 4420 3027 4475 malum
3059 4438 3235 4492 prona
3283 4423 3352 4477 ab
3401 4423 3530 4478 ado-

1885 4509 2160 4577 lescentia,
2186 4508 2293 4564 hoc
2315 4513 2424 4576 est,
2457 4525 2524 4563 ex
2553 4525 2669 4580 quo
2697 4512 2887 4581 potest
2919 4507 3286 4564 discretionis
3316 4509 3530 4566 habere

155 4599 391 4658 futurum
423 4603 699 4660 meritum
729 4599 1243 4675 dispensetur.Nec
1274 4597 1654 4671 indignentur
1682 4598 1775 4655 his
1805 4611 1854 4677 ι)
1885 4597 2191 4668 iudicium,
2219 4598 2290 4652 ad
2324 4597 2598 4653 virtutem
2633 4597 2925 4653 reluctans
2953 4597 3206 4654 trahitur
3241 4602 3298 4653 et
3328 4598 3529 4656 invita.

153 4693 380 4763 praeponi
411 4691 753 4765 Apostolum
784 4692 1121 4762 quicunque
1141 4706 1257 4744 non
1285 4688 1557 4744 nesciunt
1583 4687 1642 4743 in
1667 4687 1776 4744 hoc

153 4775 291 4850 loqui
320 4782 512 4853 potius
541 4780 859 4846 Christum,
885 4780 984 4852 qui
1015 4796 1096 4846 se,
1131 4778 1630 4850 quemadmodum
1662 4780 1772 4843 est,

153 4867 425 4926 veritatem
457 4887 586 4926 esse
617 4873 884 4926 testatur.
909 4868 976 4924 Hi
1009 4869 1133 4924 sola
1162 4867 1351 4940 gratia
1379 4865 1774 4938 praedestinati

155 4961 275 5012 sunt
303 4960 602 5031 omnes,de
631 4958 848 5032 quibus
879 4956 960 5012 ait
989 4956 1251 5013 Salvator
1285 4972 1296 5010 :
1333 4955 1518 5010 Omnis
1547 4956 1645 5026 qui
1671 4971 1774 5010 au-

155 5042 274 5101 divit
301 5065 332 5102 α
359 5050 522 5105 Patre
548 5056 601 5104 et
626 5048 838 5113 didicit,
870 5049 1046 5103 veniet
1075 5045 1145 5101 ad
1192 5059 1280 5101 me
1310 5044 1482 5115 (Joan.
1515 5044 1610 5114 v1).
1646 5043 1775 5099 Haec

158 5137 329 5190 autem
357 5137 566 5194 salutis
590 5135 1001 5208 doctrina,qua
1025 5133 1256 5190 venitur
1286 5133 1356 5188 ad
1387 5131 1638 5204 gratiam
1662 5131 1776 5188 sal-

154 5223 344 5292 vautis,
368 5225 534 5282 valde
567 5226 720 5284 229
751 5228 973 5281 remota
999 5228 1087 5280 est
1117 5241 1152 5278 a
1194 5219 1466 5277 sensibus
1498 5219 1776 5292 corporis.

157 5307 266 5365 Non
295 5313 530 5371 auribus
560 5312 1018 5387 apprehenditur
1045 5309 1394 5368 sonantibus
1430 5307 1642 5375 verbis,
1677 5309 1778 5365 sed

158 5399 428 5457 mentibus
458 5403 743 5458 Creatoris
775 5401 1080 5468 instinctu,
1114 5399 1289 5455 etiam
1341 5397 1399 5451 in
1433 5396 1516 5452 eis
1557 5397 1779 5469 absque

158 5489 378 5560 strepitu
405 5492 558 5562 quod
589 5490 871 5563 placuerit
893 5485 1299 5563 Operantis,vel
1319 5484 1777 5540 misericordiam

158 5579 212 5627 ut
236 5581 409 5633 vocati
440 5578 873 5646 liherentur,vel
897 5578 1188 5650 judicium
1220 5579 1283 5631 ut
1302 5573 1485 5629 relicti
1505 5574 1780 5629 damnen-

159 5665 538 5739 tur.0peratur
567 5667 737 5741 plane
771 5669 829 5724 in
863 5667 1159 5724 mentibus
1189 5662 1779 5737 piorum,adjuvando

1887 4688 1998 4744 Sed
2030 4691 2095 4742 ut
2123 4687 2194 4741 ad
2227 4687 2589 4758 propositum
2623 4690 3001 4752 revertamur,
3017 4687 3088 4742 ad
3123 4687 3342 4742 bonum
3373 4691 3430 4742 et
3458 4687 3530 4743 ad

1882 4776 2017 4833 boni
2046 4775 2351 4848 praemium
2366 4793 2538 4831 nemo
2551 4775 2664 4832 nisi
2679 4780 2812 4832 ante
2825 4775 3030 4831 mundi
3053 4775 3532 4832 constitutionem

1882 4865 2070 4938 gratia
2099 4863 2338 4930 electus,
2365 4865 2552 4936 gratia
2583 4865 2907 4937 prmscitus,
2933 4865 3121 4938 gratia
3151 4863 3531 4937 praedestina-

1883 4958 2000 5017 tus,
2034 4952 2410 5007 intromissus
2442 4957 2551 5019 est,
2583 4952 2736 5008 sicut
2767 4953 2961 5008 divino
2992 4952 3200 5024 spiritu
3243 4953 3532 5024 pandente

1883 5040 2298 5113 comperimus.
2335 5039 2548 5096 Electio
2571 5057 2685 5096 non
2713 5040 3110 5107 omnium,sed
3141 5040 3531 5112 quorumdam

1884 5131 2198 5186 conﬁtetur
2237 5129 2509 5190 salutem.
2561 5127 2927 5184 Praescientia
2967 5129 3321 5195 futurorum,
3364 5129 3534 5184 nobis

1887 5219 2190 5285 duntaxat,
2218 5234 2353 5272 nam
2371 5218 2483 5273 Deo
2497 5217 2676 5273 simul
2695 5221 2902 5289 praesto
2915 5221 3054 5273 sunt
3065 5217 3282 5287 omnia,
3310 5234 3532 5289 praeno-

1886 5307 2101 5362 tionem
2118 5305 2978 5362 insinuat.Praedestinationem
2993 5309 3186 5361 autem
3199 5303 3256 5360 in
3273 5306 3425 5361 bono
3438 5323 3533 5378 po-

1888 5394 2059 5449 sitam
2074 5392 2327 5448 dicimus
2340 5395 2644 5448 ostendere
2657 5392 2715 5448 in
2729 5392 2947 5448 sanctis
2960 5392 3169 5448 litteris
3181 5393 3381 5465 gratiae
3395 5411 3534 5465 pra:-

1887 5481 2249 5555 parationem
2271 5498 2285 5548 ;
2304 5480 2549 5552 gratiam
2565 5497 2695 5536 vero
2708 5481 2900 5552 ipsam
2932 5481 3256 5552 exprimere
3269 5481 3532 5536 donatio-

1888 5587 2042 5628 nem.
2071 5569 2305 5624 Praescit
2338 5569 2490 5625 Deus
2522 5585 2884 5641 quaecunque
2912 5574 3014 5624 aut
3040 5570 3302 5625 facturus
3323 5574 3412 5625 est
3433 5573 3536 5625 aut

1888 5658 2559 5732 permissurus,utraque
2572 5656 2733 5713 nulla
2746 5657 3264 5728 necessitate,281
3283 5657 3532 5715 alterum
