  <div class='ocr_page' id='page_1' title='image "/cluster/home/n/w/nwhite01/storage/ocr_20150623/119/uva.x000827049/331.png"; bbox 0 0 3898 6194; ppageno 0'>
   <div class='ocr_carea' id='block_1_1' title="bbox 410 392 530 461">
    <p class='ocr_par' dir='ltr' id='par_1_1' title="bbox 410 392 530 461">
     <span class='ocr_line' id='line_1_1' title="bbox 410 392 530 461; baseline 0 0"><span class='ocrx_word' id='word_1_1' title='bbox 410 392 530 461; x_wconf 83' lang='lat'>639</span> 
     </span>
    </p>
   </div>
   <div class='ocr_carea' id='block_1_2' title="bbox 1398 392 3759 467">
    <p class='ocr_par' dir='ltr' id='par_1_2' title="bbox 1398 392 3759 467">
     <span class='ocr_line' id='line_1_2' title="bbox 1398 392 3759 467; baseline -0.002 -7"><span class='ocrx_word' id='word_1_2' title='bbox 1398 396 1470 460; x_wconf 91' lang='lat' dir='ltr'>B.</span> <span class='ocrx_word' id='word_1_3' title='bbox 1519 397 1584 460; x_wconf 92' lang='lat' dir='ltr'>S.</span> <span class='ocrx_word' id='word_1_4' title='bbox 1631 395 1812 461; x_wconf 87' lang='lat' dir='ltr'>LUPI</span> <span class='ocrx_word' id='word_1_5' title='bbox 1854 392 2183 457; x_wconf 85' lang='lat' dir='ltr'>ABBA&#39;I‘IS</span> <span class='ocrx_word' id='word_1_6' title='bbox 2229 393 2827 467; x_wconf 77' lang='lat' dir='ltr'>FERRARIENSIS.</span> <span class='ocrx_word' id='word_1_7' title='bbox 3666 396 3759 465; x_wconf 69' lang='lat'>640</span> 
     </span>
    </p>
   </div>
   <div class='ocr_carea' id='block_1_3' title="bbox 409 524 3757 603">
    <p class='ocr_par' dir='ltr' id='par_1_3' title="bbox 409 524 3757 603">
     <span class='ocr_line' id='line_1_3' title="bbox 409 524 3757 603; baseline -0.001 -11"><span class='ocrx_word' id='word_1_8' title='bbox 409 528 822 592; x_wconf 91' lang='lat' dir='ltr'>communione</span> <span class='ocrx_word' id='word_1_9' title='bbox 852 527 1154 603; x_wconf 73' lang='lat' dir='ltr'>injustitize</span> <span class='ocrx_word' id='word_1_10' title='bbox 1185 525 1366 585; x_wconf 86' lang='lat' dir='ltr'>nulla.</span> <span class='ocrx_word' id='word_1_11' title='bbox 1390 527 2055 601; x_wconf 72' lang='lat' dir='ltr'>Praedestinatquaeeun-</span> <span class='ocrx_word' id='word_1_12' title='bbox 2087 527 2139 594; x_wconf 83' lang='grc' dir='ltr'><strong>Α</strong></span> <span class='ocrx_word' id='word_1_13' title='bbox 2169 527 2411 596; x_wconf 86' lang='lat' dir='ltr'>stitisse,</span> <span class='ocrx_word' id='word_1_14' title='bbox 2474 528 2655 584; x_wconf 90' lang='lat' dir='ltr'>Deum</span> <span class='ocrx_word' id='word_1_15' title='bbox 2704 531 2899 584; x_wconf 90' lang='lat' dir='ltr'>autem</span> <span class='ocrx_word' id='word_1_16' title='bbox 2952 543 3068 583; x_wconf 90' lang='lat' dir='ltr'>non</span> <span class='ocrx_word' id='word_1_17' title='bbox 3124 524 3345 584; x_wconf 78' lang='lat' dir='ltr'>homini</span> <span class='ocrx_word' id='word_1_18' title='bbox 3405 527 3757 589; x_wconf 79' lang='lat' dir='ltr'>necessitatem</span> 
     </span>
    </p>
   </div>
   <div class='ocr_carea' id='block_1_4' title="bbox 411 618 2056 697">
    <p class='ocr_par' dir='ltr' id='par_1_4' title="bbox 411 618 2056 697">
     <span class='ocr_line' id='line_1_4' title="bbox 411 618 2056 697; baseline -0.004 -18"><span class='ocrx_word' id='word_1_19' title='bbox 411 640 523 697; x_wconf 91' lang='lat' dir='ltr'>que</span> <span class='ocrx_word' id='word_1_20' title='bbox 537 618 982 678; x_wconf 87' lang='lat' dir='ltr'>immutabiliter</span> <span class='ocrx_word' id='word_1_21' title='bbox 996 619 1182 675; x_wconf 87' lang='lat' dir='ltr'>facere</span> <span class='ocrx_word' id='word_1_22' title='bbox 1197 619 1424 675; x_wconf 83' lang='lat' dir='ltr'>statuit.</span> <span class='ocrx_word' id='word_1_23' title='bbox 1453 621 1572 675; x_wconf 91' lang='lat' dir='ltr'>Imo</span> <span class='ocrx_word' id='word_1_24' title='bbox 1587 620 1783 674; x_wconf 83' lang='lat' dir='ltr'>omnia</span> <span class='ocrx_word' id='word_1_25' title='bbox 1800 636 1927 691; x_wconf 71' lang='lat' dir='ltr'>quae</span> <span class='ocrx_word' id='word_1_26' title='bbox 1942 619 2056 673; x_wconf 87' lang='lat' dir='ltr'>fac-</span> 
     </span>
    </p>
   </div>
   <div class='ocr_carea' id='block_1_5' title="bbox 409 707 2056 781">
    <p class='ocr_par' dir='ltr' id='par_1_5' title="bbox 409 707 2056 781">
     <span class='ocr_line' id='line_1_5' title="bbox 409 707 2056 781; baseline -0.005 -12"><span class='ocrx_word' id='word_1_27' title='bbox 409 718 576 769; x_wconf 89' lang='lat' dir='ltr'>turus</span> <span class='ocrx_word' id='word_1_28' title='bbox 593 714 715 766; x_wconf 87' lang='lat' dir='ltr'>erat</span> <span class='ocrx_word' id='word_1_29' title='bbox 726 713 865 765; x_wconf 89' lang='lat' dir='ltr'>tunc</span> <span class='ocrx_word' id='word_1_30' title='bbox 879 708 1329 781; x_wconf 67' lang='lat' dir='ltr'>praedestinavit,</span> <span class='ocrx_word' id='word_1_31' title='bbox 1348 710 1582 780; x_wconf 78' lang='lat' dir='ltr'>quando</span> <span class='ocrx_word' id='word_1_32' title='bbox 1597 712 1807 763; x_wconf 83' lang='lat' dir='ltr'>cuncta</span> <span class='ocrx_word' id='word_1_33' title='bbox 1821 725 1946 780; x_wconf 65' lang='lat' dir='ltr'>quae</span> <span class='ocrx_word' id='word_1_34' title='bbox 1964 707 2056 761; x_wconf 87' lang='lat' dir='ltr'>fu—</span> 
     </span>
    </p>
   </div>
   <div class='ocr_carea' id='block_1_6' title="bbox 406 798 2059 869">
    <p class='ocr_par' dir='ltr' id='par_1_6' title="bbox 406 798 2059 869">
     <span class='ocr_line' id='line_1_6' title="bbox 406 798 2059 869; baseline -0.004 -12"><span class='ocrx_word' id='word_1_35' title='bbox 406 798 883 857; x_wconf 87' lang='lat' dir='ltr'>turaerantfecit.</span> <span class='ocrx_word' id='word_1_36' title='bbox 910 798 1606 869; x_wconf 68' lang='lat' dir='ltr'>Proindepraadestinatio</span> <span class='ocrx_word' id='word_1_37' title='bbox 1638 813 1942 869; x_wconf 80' lang='lat' dir='ltr'>nunquam</span> <span class='ocrx_word' id='word_1_38' title='bbox 1970 801 2059 850; x_wconf 88' lang='lat' dir='ltr'>est</span> 
     </span>
    </p>
   </div>
   <div class='ocr_carea' id='block_1_7' title="bbox 408 886 2055 962">
    <p class='ocr_par' dir='ltr' id='par_1_7' title="bbox 408 886 2055 962">
     <span class='ocr_line' id='line_1_7' title="bbox 408 886 2055 962; baseline -0.005 -16"><span class='ocrx_word' id='word_1_39' title='bbox 408 890 533 947; x_wconf 85' lang='lat' dir='ltr'>sine</span> <span class='ocrx_word' id='word_1_40' title='bbox 546 887 931 962; x_wconf 70' lang='lat' dir='ltr'>prmscientia.</span> <span class='ocrx_word' id='word_1_41' title='bbox 947 886 1100 942; x_wconf 87' lang='lat' dir='ltr'>Nihil</span> <span class='ocrx_word' id='word_1_42' title='bbox 1114 886 1267 941; x_wconf 90' lang='lat' dir='ltr'>enim</span> <span class='ocrx_word' id='word_1_43' title='bbox 1285 888 1436 958; x_wconf 92' lang='lat' dir='ltr'>quod</span> <span class='ocrx_word' id='word_1_44' title='bbox 1455 887 1678 941; x_wconf 83' lang='lat' dir='ltr'>nesciat</span> <span class='ocrx_word' id='word_1_45' title='bbox 1693 903 1752 940; x_wconf 84' lang='lat' dir='ltr'>se</span> <span class='ocrx_word' id='word_1_46' title='bbox 1766 886 2055 940; x_wconf 87' lang='lat' dir='ltr'>facturum</span> 
     </span>
    </p>
   </div>
   <div class='ocr_carea' id='block_1_8' title="bbox 407 974 2057 1050">
    <p class='ocr_par' dir='ltr' id='par_1_8' title="bbox 407 974 2057 1050">
     <span class='ocr_line' id='line_1_8' title="bbox 407 974 2057 1050; baseline -0.005 -14"><span class='ocrx_word' id='word_1_47' title='bbox 407 976 969 1050; x_wconf 65' lang='lat' dir='ltr'>Deuspredestinat.</span> <span class='ocrx_word' id='word_1_48' title='bbox 998 975 1365 1030; x_wconf 74' lang='lat' dir='ltr'>Przescientia</span> <span class='ocrx_word' id='word_1_49' title='bbox 1386 993 1519 1031; x_wconf 90' lang='lat' dir='ltr'>vero</span> <span class='ocrx_word' id='word_1_50' title='bbox 1545 980 1625 1029; x_wconf 84' lang='lat' dir='ltr'>est</span> <span class='ocrx_word' id='word_1_51' title='bbox 1643 979 1699 1029; x_wconf 89' lang='lat' dir='ltr'>et</span> <span class='ocrx_word' id='word_1_52' title='bbox 1712 974 2057 1046; x_wconf 85' lang='lat' dir='ltr'>plerumque</span> 
     </span>
    </p>
   </div>
   <div class='ocr_carea' id='block_1_9' title="bbox 408 1064 2054 1140">
    <p class='ocr_par' dir='ltr' id='par_1_9' title="bbox 408 1064 2054 1140">
     <span class='ocr_line' id='line_1_9' title="bbox 408 1064 2054 1140; baseline -0.005 -16"><span class='ocrx_word' id='word_1_53' title='bbox 408 1069 533 1125; x_wconf 88' lang='lat' dir='ltr'>sine</span> <span class='ocrx_word' id='word_1_54' title='bbox 549 1064 1222 1140; x_wconf 69' lang='lat' dir='ltr'>przedestinationezquia</span> <span class='ocrx_word' id='word_1_55' title='bbox 1236 1065 1312 1118; x_wconf 91' lang='lat' dir='ltr'>cri</span> <span class='ocrx_word' id='word_1_56' title='bbox 1322 1064 1481 1119; x_wconf 88' lang='lat' dir='ltr'>mina</span> <span class='ocrx_word' id='word_1_57' title='bbox 1494 1080 1894 1136; x_wconf 83' lang='lat' dir='ltr'>perversorum</span> <span class='ocrx_word' id='word_1_58' title='bbox 1912 1079 2054 1133; x_wconf 73' lang='lat' dir='ltr'>prae-</span> 
     </span>
    </p>
   </div>
   <div class='ocr_carea' id='block_1_10' title="bbox 409 1151 2053 1225">
    <p class='ocr_par' dir='ltr' id='par_1_10' title="bbox 409 1151 2053 1225">
     <span class='ocr_line' id='line_1_10' title="bbox 409 1151 2053 1225; baseline -0.005 -12"><span class='ocrx_word' id='word_1_59' title='bbox 409 1158 522 1213; x_wconf 88' lang='lat' dir='ltr'>scit</span> <span class='ocrx_word' id='word_1_60' title='bbox 540 1156 713 1218; x_wconf 89' lang='lat' dir='ltr'>Deus,</span> <span class='ocrx_word' id='word_1_61' title='bbox 732 1170 858 1225; x_wconf 66' lang='lat' dir='ltr'>qum</span> <span class='ocrx_word' id='word_1_62' title='bbox 873 1152 1074 1225; x_wconf 90' lang='lat' dir='ltr'>utique</span> <span class='ocrx_word' id='word_1_63' title='bbox 1089 1156 1149 1206; x_wconf 88' lang='lat' dir='ltr'>ut</span> <span class='ocrx_word' id='word_1_64' title='bbox 1170 1170 1229 1207; x_wconf 92' lang='lat' dir='ltr'>se</span> <span class='ocrx_word' id='word_1_65' title='bbox 1244 1152 1536 1207; x_wconf 88' lang='lat' dir='ltr'>facturum</span> <span class='ocrx_word' id='word_1_66' title='bbox 1550 1170 1663 1207; x_wconf 93' lang='lat' dir='ltr'>non</span> <span class='ocrx_word' id='word_1_67' title='bbox 1679 1151 2053 1223; x_wconf 64' lang='lat' dir='ltr'>prmdestina-</span> 
     </span>
    </p>
   </div>
   <div class='ocr_carea' id='block_1_11' title="bbox 405 1240 2053 1313">
    <p class='ocr_par' dir='ltr' id='par_1_11' title="bbox 405 1240 2053 1313">
     <span class='ocr_line' id='line_1_11' title="bbox 405 1240 2053 1313; baseline -0.005 -12"><span class='ocrx_word' id='word_1_68' title='bbox 405 1246 596 1312; x_wconf 86' lang='lat' dir='ltr'>vit,ita</span> <span class='ocrx_word' id='word_1_69' title='bbox 612 1259 717 1299; x_wconf 86' lang='lat' dir='ltr'>nec</span> <span class='ocrx_word' id='word_1_70' title='bbox 731 1243 885 1297; x_wconf 82' lang='lat' dir='ltr'>facit.</span> <span class='ocrx_word' id='word_1_71' title='bbox 909 1242 1123 1298; x_wconf 88' lang='lat' dir='ltr'>Verum</span> <span class='ocrx_word' id='word_1_72' title='bbox 1148 1242 1304 1296; x_wconf 88' lang='lat' dir='ltr'>enim</span> <span class='ocrx_word' id='word_1_73' title='bbox 1317 1258 1450 1296; x_wconf 85' lang='lat' dir='ltr'>vero</span> <span class='ocrx_word' id='word_1_74' title='bbox 1472 1240 1716 1313; x_wconf 70' lang='lat' dir='ltr'>praefixit</span> <span class='ocrx_word' id='word_1_75' title='bbox 1743 1255 2053 1294; x_wconf 87' lang='lat' dir='ltr'>numerum</span> 
     </span>
    </p>
   </div>
   <div class='ocr_carea' id='block_1_12' title="bbox 407 1328 2055 1401">
    <p class='ocr_par' dir='ltr' id='par_1_12' title="bbox 407 1328 2055 1401">
     <span class='ocr_line' id='line_1_12' title="bbox 407 1328 2055 1401; baseline -0.005 -12"><span class='ocrx_word' id='word_1_76' title='bbox 407 1333 750 1401; x_wconf 83' lang='lat' dir='ltr'>electorum,</span> <span class='ocrx_word' id='word_1_77' title='bbox 776 1331 867 1386; x_wconf 92' lang='lat' dir='ltr'>cui</span> <span class='ocrx_word' id='word_1_78' title='bbox 885 1330 1081 1385; x_wconf 91' lang='lat' dir='ltr'>nullus</span> <span class='ocrx_word' id='word_1_79' title='bbox 1096 1329 1280 1384; x_wconf 87' lang='lat' dir='ltr'>audiri</span> <span class='ocrx_word' id='word_1_80' title='bbox 1302 1330 1485 1401; x_wconf 84' lang='lat' dir='ltr'>possit</span> <span class='ocrx_word' id='word_1_81' title='bbox 1499 1328 1717 1401; x_wconf 79' lang='lat' dir='ltr'>augeri,</span> <span class='ocrx_word' id='word_1_82' title='bbox 1739 1328 2055 1400; x_wconf 90' lang='lat' dir='ltr'>nullusque</span> 
     </span>
    </p>
   </div>
   <div class='ocr_carea' id='block_1_13' title="bbox 406 1417 2052 1491">
    <p class='ocr_par' dir='ltr' id='par_1_13' title="bbox 406 1417 2052 1491">
     <span class='ocr_line' id='line_1_13' title="bbox 406 1417 2052 1491; baseline -0.005 -12"><span class='ocrx_word' id='word_1_83' title='bbox 406 1421 775 1487; x_wconf 87' lang='lat' dir='ltr'>subtrahi,ne</span> <span class='ocrx_word' id='word_1_84' title='bbox 788 1419 1265 1483; x_wconf 87' lang='lat' dir='ltr'>videreturDeus,</span> <span class='ocrx_word' id='word_1_85' title='bbox 1281 1418 1437 1491; x_wconf 89' lang='lat' dir='ltr'>quod</span> <span class='ocrx_word' id='word_1_86' title='bbox 1452 1418 1613 1473; x_wconf 89' lang='lat' dir='ltr'>nefas</span> <span class='ocrx_word' id='word_1_87' title='bbox 1627 1422 1713 1473; x_wconf 89' lang='lat' dir='ltr'>est</span> <span class='ocrx_word' id='word_1_88' title='bbox 1727 1417 1947 1489; x_wconf 88' lang='lat' dir='ltr'>opinari</span> <span class='ocrx_word' id='word_1_89' title='bbox 1961 1459 1973 1481; x_wconf 94' lang='lat'>,</span> <span class='ocrx_word' id='word_1_90' title='bbox 1993 1418 2052 1470; x_wconf 90' lang='lat' dir='ltr'>in</span> 
     </span>
    </p>
   </div>
   <div class='ocr_carea' id='block_1_14' title="bbox 404 1505 2053 1580">
    <p class='ocr_par' dir='ltr' id='par_1_14' title="bbox 404 1505 2053 1580">
     <span class='ocr_line' id='line_1_14' title="bbox 404 1505 2053 1580; baseline -0.004 -13"><span class='ocrx_word' id='word_1_91' title='bbox 404 1510 648 1567; x_wconf 83' lang='lat' dir='ltr'>veritate</span> <span class='ocrx_word' id='word_1_92' title='bbox 681 1526 797 1563; x_wconf 67' lang='lat' dir='ltr'>sum</span> <span class='ocrx_word' id='word_1_93' title='bbox 833 1507 1359 1580; x_wconf 66' lang='lat' dir='ltr'>pranlestinationis</span> <span class='ocrx_word' id='word_1_94' title='bbox 1385 1522 1630 1563; x_wconf 84' lang='lat' dir='ltr'>errasse.</span> <span class='ocrx_word' id='word_1_95' title='bbox 1666 1506 1723 1561; x_wconf 92' lang='lat' dir='ltr'>Si</span> <span class='ocrx_word' id='word_1_96' title='bbox 1758 1505 1891 1576; x_wconf 89' lang='lat' dir='ltr'>quis</span> <span class='ocrx_word' id='word_1_97' title='bbox 1921 1521 2053 1561; x_wconf 88' lang='lat' dir='ltr'>vero</span> 
     </span>
    </p>
   </div>
   <div class='ocr_carea' id='block_1_15' title="bbox 405 1594 2053 1666">
    <p class='ocr_par' dir='ltr' id='par_1_15' title="bbox 405 1594 2053 1666">
     <span class='ocr_line' id='line_1_15' title="bbox 405 1594 2053 1666; baseline -0.005 -9"><span class='ocrx_word' id='word_1_98' title='bbox 405 1599 543 1657; x_wconf 88' lang='lat' dir='ltr'>hinc</span> <span class='ocrx_word' id='word_1_99' title='bbox 576 1599 721 1654; x_wconf 83' lang='lat' dir='ltr'>forte</span> <span class='ocrx_word' id='word_1_100' title='bbox 753 1596 1084 1652; x_wconf 83' lang='lat' dir='ltr'>confirmari</span> <span class='ocrx_word' id='word_1_101' title='bbox 1114 1595 1761 1664; x_wconf 86' lang='lat' dir='ltr'>desiderat,instruetur</span> <span class='ocrx_word' id='word_1_102' title='bbox 1782 1594 2053 1666; x_wconf 66' lang='lat' dir='ltr'>Baptistae</span> 
     </span>
    </p>
   </div>
   <div class='ocr_carea' id='block_1_16' title="bbox 403 1683 2049 1759">
    <p class='ocr_par' dir='ltr' id='par_1_16' title="bbox 403 1683 2049 1759">
     <span class='ocr_line' id='line_1_16' title="bbox 403 1683 2049 1759; baseline -0.005 -13"><span class='ocrx_word' id='word_1_103' title='bbox 403 1687 649 1746; x_wconf 86' lang='lat' dir='ltr'>Joannis</span> <span class='ocrx_word' id='word_1_104' title='bbox 680 1704 807 1759; x_wconf 78' lang='lat' dir='ltr'>qua:</span> <span class='ocrx_word' id='word_1_105' title='bbox 836 1686 895 1740; x_wconf 91' lang='lat' dir='ltr'>in</span> <span class='ocrx_word' id='word_1_106' title='bbox 927 1684 1237 1758; x_wconf 81' lang='lat' dir='ltr'>Evangelia</span> <span class='ocrx_word' id='word_1_107' title='bbox 1266 1685 1516 1741; x_wconf 78' lang='lat' dir='ltr'>refertur</span> <span class='ocrx_word' id='word_1_108' title='bbox 1564 1683 1664 1739; x_wconf 91' lang='lat' dir='ltr'>illa</span> <span class='ocrx_word' id='word_1_109' title='bbox 1713 1684 2002 1739; x_wconf 83' lang='lat' dir='ltr'>sententia</span> <span class='ocrx_word' id='word_1_110' title='bbox 2035 1700 2049 1737; x_wconf 90' lang='lat'><strong>:</strong></span> 
     </span>
    </p>
   </div>
   <div class='ocr_carea' id='block_1_17' title="bbox 404 1773 2055 1849">
    <p class='ocr_par' dir='ltr' id='par_1_17' title="bbox 404 1773 2055 1849">
     <span class='ocr_line' id='line_1_17' title="bbox 404 1773 2055 1849; baseline -0.004 -15"><span class='ocrx_word' id='word_1_111' title='bbox 404 1779 583 1834; x_wconf 72' lang='lat' dir='ltr'>Facite</span> <span class='ocrx_word' id='word_1_112' title='bbox 608 1779 852 1849; x_wconf 79' lang='lat' dir='ltr'>fructum</span> <span class='ocrx_word' id='word_1_113' title='bbox 900 1776 1127 1845; x_wconf 84' lang='lat' dir='ltr'>dignum</span> <span class='ocrx_word' id='word_1_114' title='bbox 1172 1776 1533 1846; x_wconf 57' lang='lat' dir='ltr'>pa’nitentiae,</span> <span class='ocrx_word' id='word_1_115' title='bbox 1566 1781 1618 1829; x_wconf 86' lang='lat' dir='ltr'>et</span> <span class='ocrx_word' id='word_1_116' title='bbox 1661 1775 1832 1828; x_wconf 79' lang='lat' dir='ltr'>nolite</span> <span class='ocrx_word' id='word_1_117' title='bbox 1876 1773 2055 1828; x_wconf 82' lang='lat' dir='ltr'>dicere</span> 
     </span>
    </p>
   </div>
   <div class='ocr_carea' id='block_1_18' title="bbox 403 1863 2054 1939">
    <p class='ocr_par' dir='ltr' id='par_1_18' title="bbox 403 1863 2054 1939">
     <span class='ocr_line' id='line_1_18' title="bbox 403 1863 2054 1939; baseline -0.004 -17"><span class='ocrx_word' id='word_1_118' title='bbox 403 1867 550 1939; x_wconf 83' lang='lat' dir='ltr'>apud</span> <span class='ocrx_word' id='word_1_119' title='bbox 591 1882 681 1922; x_wconf 84' lang='lat' dir='ltr'>vos</span> <span class='ocrx_word' id='word_1_120' title='bbox 712 1884 730 1920; x_wconf 91' lang='lat'><strong><em>:</em></strong></span> <span class='ocrx_word' id='word_1_121' title='bbox 780 1866 999 1920; x_wconf 86' lang='lat' dir='ltr'>Patrem</span> <span class='ocrx_word' id='word_1_122' title='bbox 1070 1863 1328 1918; x_wconf 79' lang='lat' dir='ltr'>habemus</span> <span class='ocrx_word' id='word_1_123' title='bbox 1387 1864 1695 1922; x_wconf 79' lang='lat' dir='ltr'>Abraham:</span> <span class='ocrx_word' id='word_1_124' title='bbox 1741 1869 1929 1934; x_wconf 81' lang='lat' dir='ltr'>potens</span> <span class='ocrx_word' id='word_1_125' title='bbox 1976 1870 2054 1916; x_wconf 83' lang='lat' dir='ltr'>est</span> 
     </span>
    </p>
   </div>
   <div class='ocr_carea' id='block_1_19' title="bbox 403 1948 2054 2023">
    <p class='ocr_par' dir='ltr' id='par_1_19' title="bbox 403 1948 2054 2023">
     <span class='ocr_line' id='line_1_19' title="bbox 403 1948 2054 2023; baseline -0.003 -13"><span class='ocrx_word' id='word_1_126' title='bbox 403 1956 551 2011; x_wconf 84' lang='lat' dir='ltr'>enim</span> <span class='ocrx_word' id='word_1_127' title='bbox 590 1955 727 2009; x_wconf 86' lang='lat' dir='ltr'>Deus</span> <span class='ocrx_word' id='word_1_128' title='bbox 757 1952 820 2008; x_wconf 88' lang='lat' dir='ltr'>de</span> <span class='ocrx_word' id='word_1_129' title='bbox 850 1952 1124 2023; x_wconf 77' lang='lat' dir='ltr'>lapidibus</span> <span class='ocrx_word' id='word_1_130' title='bbox 1153 1951 1273 2005; x_wconf 83' lang='lat' dir='ltr'>istis</span> <span class='ocrx_word' id='word_1_131' title='bbox 1316 1951 1581 2005; x_wconf 78' lang='lat' dir='ltr'>suscitare</span> <span class='ocrx_word' id='word_1_132' title='bbox 1627 1951 1771 2020; x_wconf 80' lang='lat' dir='ltr'>ﬁlios</span> <span class='ocrx_word' id='word_1_133' title='bbox 1818 1948 2054 2005; x_wconf 69' lang='lat' dir='ltr'>Abrahae</span> 
     </span>
    </p>
   </div>
   <div class='ocr_carea' id='block_1_20' title="bbox 408 2037 2049 2112">
    <p class='ocr_par' dir='ltr' id='par_1_20' title="bbox 408 2037 2049 2112">
     <span class='ocr_line' id='line_1_20' title="bbox 408 2037 2049 2112; baseline -0.004 -14"><span class='ocrx_word' id='word_1_134' title='bbox 408 2044 556 2112; x_wconf 82' lang='lat' dir='ltr'>(Luc.</span> <span class='ocrx_word' id='word_1_135' title='bbox 589 2043 693 2108; x_wconf 88' lang='grc' dir='ltr'>ιιι).</span> <span class='ocrx_word' id='word_1_136' title='bbox 729 2044 853 2106; x_wconf 90' lang='lat' dir='ltr'>Qua</span> <span class='ocrx_word' id='word_1_137' title='bbox 883 2040 1026 2094; x_wconf 79' lang='lat' dir='ltr'>satis</span> <span class='ocrx_word' id='word_1_138' title='bbox 1056 2039 1311 2093; x_wconf 86' lang='lat' dir='ltr'>ostendit</span> <span class='ocrx_word' id='word_1_139' title='bbox 1340 2037 1424 2093; x_wconf 91' lang='lat' dir='ltr'>sic</span> <span class='ocrx_word' id='word_1_140' title='bbox 1469 2037 1614 2093; x_wconf 90' lang='lat' dir='ltr'>istos</span> <span class='ocrx_word' id='word_1_141' title='bbox 1648 2037 1760 2094; x_wconf 91' lang='lat' dir='ltr'>nisi</span> <span class='ocrx_word' id='word_1_142' title='bbox 1794 2038 2049 2092; x_wconf 87' lang='lat' dir='ltr'>fructum</span> 
     </span>
    </p>
   </div>
   <div class='ocr_carea' id='block_1_21' title="bbox 406 2125 2051 2201">
    <p class='ocr_par' dir='ltr' id='par_1_21' title="bbox 406 2125 2051 2201">
     <span class='ocr_line' id='line_1_21' title="bbox 406 2125 2051 2201; baseline -0.004 -15"><span class='ocrx_word' id='word_1_143' title='bbox 406 2130 645 2187; x_wconf 84' lang='lat' dir='ltr'>fecerint</span> <span class='ocrx_word' id='word_1_144' title='bbox 684 2127 1079 2201; x_wconf 67' lang='lat' dir='ltr'>praecidendos</span> <span class='ocrx_word' id='word_1_145' title='bbox 1112 2131 1174 2180; x_wconf 92' lang='lat' dir='ltr'>ut</span> <span class='ocrx_word' id='word_1_146' title='bbox 1203 2125 1639 2181; x_wconf 87' lang='lat' dir='ltr'>substituantur</span> <span class='ocrx_word' id='word_1_147' title='bbox 1662 2126 1758 2181; x_wconf 84' lang='lat' dir='ltr'>alii</span> <span class='ocrx_word' id='word_1_148' title='bbox 1806 2125 1889 2181; x_wconf 87' lang='lat' dir='ltr'>vel</span> <span class='ocrx_word' id='word_1_149' title='bbox 1929 2142 2051 2181; x_wconf 90' lang='lat' dir='ltr'>car-</span> 
     </span>
    </p>
   </div>
   <div class='ocr_carea' id='block_1_22' title="bbox 405 2214 2049 2282">
    <p class='ocr_par' dir='ltr' id='par_1_22' title="bbox 405 2214 2049 2282">
     <span class='ocr_line' id='line_1_22' title="bbox 405 2214 2049 2282; baseline -0.003 -7"><span class='ocrx_word' id='word_1_150' title='bbox 405 2236 478 2276; x_wconf 88' lang='lat' dir='ltr'>ne</span> <span class='ocrx_word' id='word_1_151' title='bbox 506 2217 594 2273; x_wconf 89' lang='lat' dir='ltr'>vel</span> <span class='ocrx_word' id='word_1_152' title='bbox 626 2220 854 2272; x_wconf 90' lang='lat' dir='ltr'>tantum</span> <span class='ocrx_word' id='word_1_153' title='bbox 886 2214 1209 2270; x_wconf 83' lang='lat' dir='ltr'>imitatione</span> <span class='ocrx_word' id='word_1_154' title='bbox 1243 2214 1345 2269; x_wconf 85' lang='lat' dir='ltr'>filii</span> <span class='ocrx_word' id='word_1_155' title='bbox 1382 2214 1647 2282; x_wconf 72' lang='lat' dir='ltr'>Abrahze,</span> <span class='ocrx_word' id='word_1_156' title='bbox 1681 2232 1752 2270; x_wconf 90' lang='lat' dir='ltr'>ne</span> <span class='ocrx_word' id='word_1_157' title='bbox 1806 2220 2049 2270; x_wconf 82' lang='lat' dir='ltr'>nutante</span> 
     </span>
    </p>
   </div>
   <div class='ocr_carea' id='block_1_23' title="bbox 405 2302 2046 2381">
    <p class='ocr_par' dir='ltr' id='par_1_23' title="bbox 405 2302 2046 2381">
     <span class='ocr_line' id='line_1_23' title="bbox 405 2302 2046 2381; baseline -0.003 -19"><span class='ocrx_word' id='word_1_158' title='bbox 405 2304 813 2381; x_wconf 87' lang='lat' dir='ltr'>promissionis</span> <span class='ocrx_word' id='word_1_159' title='bbox 843 2303 944 2359; x_wconf 89' lang='lat' dir='ltr'>Dei</span> <span class='ocrx_word' id='word_1_160' title='bbox 976 2304 1090 2359; x_wconf 87' lang='lat' dir='ltr'>fide</span> <span class='ocrx_word' id='word_1_161' title='bbox 1122 2303 1307 2374; x_wconf 86' lang='lat' dir='ltr'>possit</span> <span class='ocrx_word' id='word_1_162' title='bbox 1337 2302 1553 2375; x_wconf 88' lang='lat' dir='ltr'>aliquis</span> <span class='ocrx_word' id='word_1_163' title='bbox 1589 2308 1752 2359; x_wconf 65' lang='lat' dir='ltr'>certae</span> <span class='ocrx_word' id='word_1_164' title='bbox 1802 2321 2046 2360; x_wconf 83' lang='lat' dir='ltr'>summae</span> 
     </span>
    </p>
   </div>
   <div class='ocr_carea' id='block_1_24' title="bbox 404 2392 2046 2465">
    <p class='ocr_par' dir='ltr' id='par_1_24' title="bbox 404 2392 2046 2465">
     <span class='ocr_line' id='line_1_24' title="bbox 404 2392 2046 2465; baseline -0.003 -13"><span class='ocrx_word' id='word_1_165' title='bbox 404 2396 626 2453; x_wconf 88' lang='lat' dir='ltr'>deesse.</span> <span class='ocrx_word' id='word_1_166' title='bbox 658 2396 728 2450; x_wconf 83' lang='lat' dir='ltr'>Et</span> <span class='ocrx_word' id='word_1_167' title='bbox 758 2393 950 2449; x_wconf 89' lang='lat' dir='ltr'>adhuc</span> <span class='ocrx_word' id='word_1_168' title='bbox 995 2393 1254 2464; x_wconf 83' lang='lat' dir='ltr'>apertius</span> <span class='ocrx_word' id='word_1_169' title='bbox 1285 2392 1344 2447; x_wconf 92' lang='lat' dir='ltr'>in</span> <span class='ocrx_word' id='word_1_170' title='bbox 1375 2393 1737 2465; x_wconf 85' lang='lat' dir='ltr'>Apocalypsi,</span> <span class='ocrx_word' id='word_1_171' title='bbox 1772 2393 1868 2448; x_wconf 88' lang='lat' dir='ltr'>ubi</span> <span class='ocrx_word' id='word_1_172' title='bbox 1903 2411 2046 2465; x_wconf 67' lang='lat' dir='ltr'>prae-</span> 
     </span>
    </p>
   </div>
   <div class='ocr_carea' id='block_1_25' title="bbox 404 2482 2047 2558">
    <p class='ocr_par' dir='ltr' id='par_1_25' title="bbox 404 2482 2047 2558">
     <span class='ocr_line' id='line_1_25' title="bbox 404 2482 2047 2558; baseline -0.002 -18"><span class='ocrx_word' id='word_1_173' title='bbox 404 2484 620 2558; x_wconf 89' lang='lat' dir='ltr'>cipitur</span> <span class='ocrx_word' id='word_1_174' title='bbox 654 2500 667 2539; x_wconf 91' lang='lat'><strong>:</strong></span> <span class='ocrx_word' id='word_1_175' title='bbox 705 2485 839 2538; x_wconf 81' lang='lat' dir='ltr'>Tene</span> <span class='ocrx_word' id='word_1_176' title='bbox 867 2482 1008 2553; x_wconf 85' lang='lat' dir='ltr'>quod</span> <span class='ocrx_word' id='word_1_177' title='bbox 1038 2489 1200 2547; x_wconf 88' lang='lat' dir='ltr'>tenes,</span> <span class='ocrx_word' id='word_1_178' title='bbox 1230 2497 1301 2537; x_wconf 82' lang='lat' dir='ltr'>ne</span> <span class='ocrx_word' id='word_1_179' title='bbox 1340 2482 1486 2537; x_wconf 83' lang='lat' dir='ltr'>alius</span> <span class='ocrx_word' id='word_1_180' title='bbox 1534 2483 1765 2553; x_wconf 83' lang='lat' dir='ltr'>accipiat</span> <span class='ocrx_word' id='word_1_181' title='bbox 1794 2499 2047 2539; x_wconf 53' lang='lat' dir='ltr'>coronam</span> 
     </span>
    </p>
   </div>
   <div class='ocr_carea' id='block_1_26' title="bbox 403 2569 2042 2644">
    <p class='ocr_par' dir='ltr' id='par_1_26' title="bbox 403 2569 2042 2644">
     <span class='ocr_line' id='line_1_26' title="bbox 403 2569 2042 2644; baseline -0.003 -14"><span class='ocrx_word' id='word_1_182' title='bbox 403 2581 556 2631; x_wconf 85' lang='lat' dir='ltr'>tuam</span> <span class='ocrx_word' id='word_1_183' title='bbox 582 2574 766 2644; x_wconf 79' lang='lat' dir='ltr'>(Apoc.</span> <span class='ocrx_word' id='word_1_184' title='bbox 795 2571 901 2643; x_wconf 90' lang='grc' dir='ltr'>ιιι).</span> <span class='ocrx_word' id='word_1_185' title='bbox 936 2569 995 2626; x_wconf 91' lang='lat' dir='ltr'>Si</span> <span class='ocrx_word' id='word_1_186' title='bbox 1027 2570 1183 2626; x_wconf 90' lang='lat' dir='ltr'>enim</span> <span class='ocrx_word' id='word_1_187' title='bbox 1216 2569 1365 2625; x_wconf 89' lang='lat' dir='ltr'>alius</span> <span class='ocrx_word' id='word_1_188' title='bbox 1397 2588 1511 2626; x_wconf 92' lang='lat' dir='ltr'>non</span> <span class='ocrx_word' id='word_1_189' title='bbox 1542 2574 1631 2626; x_wconf 89' lang='lat' dir='ltr'>est</span> <span class='ocrx_word' id='word_1_190' title='bbox 1679 2575 2042 2643; x_wconf 89' lang='lat' dir='ltr'>accepturus,</span> 
     </span>
    </p>
   </div>
   <div class='ocr_carea' id='block_1_27' title="bbox 404 2658 2043 2733">
    <p class='ocr_par' dir='ltr' id='par_1_27' title="bbox 404 2658 2043 2733">
     <span class='ocr_line' id='line_1_27' title="bbox 404 2658 2043 2733; baseline -0.003 -14"><span class='ocrx_word' id='word_1_191' title='bbox 404 2662 516 2720; x_wconf 89' lang='lat' dir='ltr'>nisi</span> <span class='ocrx_word' id='word_1_192' title='bbox 546 2661 655 2717; x_wconf 90' lang='lat' dir='ltr'>iste</span> <span class='ocrx_word' id='word_1_193' title='bbox 677 2658 1174 2733; x_wconf 90' lang='lat' dir='ltr'>perdendolocum</span> <span class='ocrx_word' id='word_1_194' title='bbox 1197 2676 1443 2715; x_wconf 88' lang='lat' dir='ltr'>vacuum</span> <span class='ocrx_word' id='word_1_195' title='bbox 1460 2659 1659 2715; x_wconf 88' lang='lat' dir='ltr'>fecerit</span> <span class='ocrx_word' id='word_1_196' title='bbox 1676 2677 2043 2727; x_wconf 89' lang='lat' dir='ltr'>successuro,</span> 
     </span>
    </p>
   </div>
   <div class='ocr_carea' id='block_1_28' title="bbox 403 2748 2048 2822">
    <p class='ocr_par' dir='ltr' id='par_1_28' title="bbox 403 2748 2048 2822">
     <span class='ocr_line' id='line_1_28' title="bbox 403 2748 2048 2822; baseline -0.003 -12"><span class='ocrx_word' id='word_1_197' title='bbox 403 2756 596 2810; x_wconf 89' lang='lat' dir='ltr'>certus</span> <span class='ocrx_word' id='word_1_198' title='bbox 624 2753 714 2807; x_wconf 89' lang='lat' dir='ltr'>est</span> <span class='ocrx_word' id='word_1_199' title='bbox 743 2765 1026 2805; x_wconf 88' lang='lat' dir='ltr'>numerus</span> <span class='ocrx_word' id='word_1_200' title='bbox 1054 2748 1473 2804; x_wconf 90' lang='lat' dir='ltr'>electorum.Ut</span> <span class='ocrx_word' id='word_1_201' title='bbox 1499 2754 1693 2804; x_wconf 89' lang='lat' dir='ltr'>autem</span> <span class='ocrx_word' id='word_1_202' title='bbox 1726 2750 1900 2805; x_wconf 89' lang='lat' dir='ltr'>etiam</span> <span class='ocrx_word' id='word_1_203' title='bbox 1925 2767 2048 2822; x_wconf 88' lang='lat' dir='ltr'>per-</span> 
     </span>
    </p>
   </div>
   <div class='ocr_carea' id='block_1_29' title="bbox 402 2836 2046 2910">
    <p class='ocr_par' dir='ltr' id='par_1_29' title="bbox 402 2836 2046 2910">
     <span class='ocr_line' id='line_1_29' title="bbox 402 2836 2046 2910; baseline -0.002 -13"><span class='ocrx_word' id='word_1_204' title='bbox 402 2838 751 2897; x_wconf 82' lang='lat' dir='ltr'>severaturis</span> <span class='ocrx_word' id='word_1_205' title='bbox 783 2836 1021 2910; x_wconf 88' lang='lat' dir='ltr'>perinde</span> <span class='ocrx_word' id='word_1_206' title='bbox 1052 2836 1166 2892; x_wconf 88' lang='lat' dir='ltr'>ista</span> <span class='ocrx_word' id='word_1_207' title='bbox 1195 2836 1485 2905; x_wconf 89' lang='lat' dir='ltr'>dicantur,</span> <span class='ocrx_word' id='word_1_208' title='bbox 1514 2836 1671 2892; x_wconf 89' lang='lat' dir='ltr'>velut</span> <span class='ocrx_word' id='word_1_209' title='bbox 1713 2854 1812 2894; x_wconf 89' lang='lat' dir='ltr'>eos</span> <span class='ocrx_word' id='word_1_210' title='bbox 1852 2855 2046 2910; x_wconf 87' lang='lat' dir='ltr'>perse-</span> 
     </span>
    </p>
   </div>
   <div class='ocr_carea' id='block_1_30' title="bbox 399 2926 2044 3000">
    <p class='ocr_par' dir='ltr' id='par_1_30' title="bbox 399 2926 2044 3000">
     <span class='ocr_line' id='line_1_30' title="bbox 399 2926 2044 3000; baseline -0.001 -15"><span class='ocrx_word' id='word_1_211' title='bbox 399 2932 699 2985; x_wconf 88' lang='lat' dir='ltr'>veraturos</span> <span class='ocrx_word' id='word_1_212' title='bbox 748 2926 1035 2983; x_wconf 86' lang='lat' dir='ltr'>habeatur</span> <span class='ocrx_word' id='word_1_213' title='bbox 1064 2926 1376 2995; x_wconf 87' lang='lat' dir='ltr'>incertum,</span> <span class='ocrx_word' id='word_1_214' title='bbox 1410 2926 1532 2981; x_wconf 82' lang='lat' dir='ltr'>haec</span> <span class='ocrx_word' id='word_1_215' title='bbox 1563 2928 1711 2983; x_wconf 89' lang='lat' dir='ltr'>ratio</span> <span class='ocrx_word' id='word_1_216' title='bbox 1751 2932 1861 2994; x_wconf 88' lang='lat' dir='ltr'>est,</span> <span class='ocrx_word' id='word_1_217' title='bbox 1889 2929 2044 3000; x_wconf 91' lang='lat' dir='ltr'>quod</span> 
     </span>
    </p>
   </div>
   <div class='ocr_carea' id='block_1_31' title="bbox 402 3015 2045 3088">
    <p class='ocr_par' dir='ltr' id='par_1_31' title="bbox 402 3015 2045 3088">
     <span class='ocr_line' id='line_1_31' title="bbox 402 3015 2045 3088; baseline -0.002 -13"><span class='ocrx_word' id='word_1_218' title='bbox 402 3022 593 3075; x_wconf 89' lang='lat' dir='ltr'>metus</span> <span class='ocrx_word' id='word_1_219' title='bbox 623 3020 713 3073; x_wconf 87' lang='lat' dir='ltr'>est</span> <span class='ocrx_word' id='word_1_220' title='bbox 744 3016 1112 3072; x_wconf 88' lang='lat' dir='ltr'>necessarius</span> <span class='ocrx_word' id='word_1_221' title='bbox 1145 3015 1362 3088; x_wconf 89' lang='lat' dir='ltr'>quibus</span> <span class='ocrx_word' id='word_1_222' title='bbox 1394 3015 1584 3072; x_wconf 87' lang='lat' dir='ltr'>adhuc</span> <span class='ocrx_word' id='word_1_223' title='bbox 1634 3020 1824 3088; x_wconf 84' lang='lat' dir='ltr'>potest</span> <span class='ocrx_word' id='word_1_224' title='bbox 1854 3017 2045 3072; x_wconf 85' lang='lat' dir='ltr'>subri-</span> 
     </span>
    </p>
   </div>
   <div class='ocr_carea' id='block_1_32' title="bbox 398 3104 2047 3180">
    <p class='ocr_par' dir='ltr' id='par_1_32' title="bbox 398 3104 2047 3180">
     <span class='ocr_line' id='line_1_32' title="bbox 398 3104 2047 3180; baseline -0.001 -17"><span class='ocrx_word' id='word_1_225' title='bbox 398 3123 533 3180; x_wconf 85' lang='lat' dir='ltr'>pere</span> <span class='ocrx_word' id='word_1_226' title='bbox 563 3105 846 3179; x_wconf 65' lang='lat' dir='ltr'>superbize</span> <span class='ocrx_word' id='word_1_227' title='bbox 878 3105 1141 3170; x_wconf 87' lang='lat' dir='ltr'>morbus,</span> <span class='ocrx_word' id='word_1_228' title='bbox 1173 3109 1229 3159; x_wconf 90' lang='lat' dir='ltr'>et</span> <span class='ocrx_word' id='word_1_229' title='bbox 1268 3108 1431 3159; x_wconf 89' lang='lat' dir='ltr'>tanta</span> <span class='ocrx_word' id='word_1_230' title='bbox 1462 3105 1665 3161; x_wconf 88' lang='lat' dir='ltr'>subest</span> <span class='ocrx_word' id='word_1_231' title='bbox 1713 3104 1803 3161; x_wconf 87' lang='lat' dir='ltr'>his</span> <span class='ocrx_word' id='word_1_232' title='bbox 1855 3106 2047 3161; x_wconf 90' lang='lat' dir='ltr'>adhuc</span> 
     </span>
    </p>
   </div>
   <div class='ocr_carea' id='block_1_33' title="bbox 399 3192 2048 3266">
    <p class='ocr_par' dir='ltr' id='par_1_33' title="bbox 399 3192 2048 3266">
     <span class='ocr_line' id='line_1_33' title="bbox 399 3192 2048 3266; baseline -0.001 -15"><span class='ocrx_word' id='word_1_233' title='bbox 399 3196 732 3261; x_wconf 85' lang='lat' dir='ltr'>infirmitas,</span> <span class='ocrx_word' id='word_1_234' title='bbox 761 3211 888 3266; x_wconf 77' lang='lat' dir='ltr'>quae</span> <span class='ocrx_word' id='word_1_235' title='bbox 920 3209 1038 3249; x_wconf 87' lang='lat' dir='ltr'>non</span> <span class='ocrx_word' id='word_1_236' title='bbox 1072 3192 1381 3248; x_wconf 85' lang='lat' dir='ltr'>securitate</span> <span class='ocrx_word' id='word_1_237' title='bbox 1414 3193 1677 3263; x_wconf 84' lang='lat' dir='ltr'>fovenda,</span> <span class='ocrx_word' id='word_1_238' title='bbox 1695 3196 1793 3249; x_wconf 88' lang='lat' dir='ltr'>sed</span> <span class='ocrx_word' id='word_1_239' title='bbox 1827 3195 1939 3250; x_wconf 89' lang='lat' dir='ltr'>alia</span> <span class='ocrx_word' id='word_1_240' title='bbox 1971 3195 2048 3250; x_wconf 89' lang='lat' dir='ltr'>sit</span> 
     </span>
    </p>
   </div>
   <div class='ocr_carea' id='block_1_34' title="bbox 398 3259 2121 3341">
    <p class='ocr_par' dir='ltr' id='par_1_34' title="bbox 398 3259 2121 3341">
     <span class='ocr_line' id='line_1_34' title="bbox 398 3259 2121 3341; baseline 0 -1"><span class='ocrx_word' id='word_1_241' title='bbox 398 3259 737 3340; x_wconf 85' lang='lat' dir='ltr'>infirmitate</span> <span class='ocrx_word' id='word_1_242' title='bbox 768 3259 1047 3338; x_wconf 76' lang='lat' dir='ltr'>sedanda.</span> <span class='ocrx_word' id='word_1_243' title='bbox 1079 3281 1290 3336; x_wconf 88' lang='lat' dir='ltr'>Veniat</span> <span class='ocrx_word' id='word_1_244' title='bbox 1321 3282 1491 3338; x_wconf 89' lang='lat' dir='ltr'>nobis</span> <span class='ocrx_word' id='word_1_245' title='bbox 1523 3283 1581 3337; x_wconf 92' lang='lat' dir='ltr'>in</span> <span class='ocrx_word' id='word_1_246' title='bbox 1605 3259 1860 3339; x_wconf 81' lang='lat' dir='ltr'>mentem</span> <span class='ocrx_word' id='word_1_247' title='bbox 1892 3285 2045 3341; x_wconf 70' lang='lat'>282</span> <span class='ocrx_word' id='word_1_248' title='bbox 2077 3259 2121 3328; x_wconf 75' lang='lat' dir='ltr'>CI</span> 
     </span>
    </p>
   </div>
   <div class='ocr_carea' id='block_1_35' title="bbox 395 3368 2049 3445">
    <p class='ocr_par' dir='ltr' id='par_1_35' title="bbox 395 3368 2049 3445">
     <span class='ocr_line' id='line_1_35' title="bbox 395 3368 2049 3445; baseline -0.002 -17"><span class='ocrx_word' id='word_1_249' title='bbox 395 3370 729 3445; x_wconf 85' lang='lat' dir='ltr'>Apostolus,</span> <span class='ocrx_word' id='word_1_250' title='bbox 754 3369 847 3425; x_wconf 86' lang='lat' dir='ltr'>cui</span> <span class='ocrx_word' id='word_1_251' title='bbox 879 3368 1139 3440; x_wconf 91' lang='lat' dir='ltr'>corporis</span> <span class='ocrx_word' id='word_1_252' title='bbox 1165 3368 1453 3424; x_wconf 87' lang='lat' dir='ltr'>incertum</span> <span class='ocrx_word' id='word_1_253' title='bbox 1487 3386 1559 3424; x_wconf 90' lang='lat' dir='ltr'>an</span> <span class='ocrx_word' id='word_1_254' title='bbox 1593 3370 1806 3426; x_wconf 91' lang='lat' dir='ltr'>mentis</span> <span class='ocrx_word' id='word_1_255' title='bbox 1831 3371 2049 3426; x_wconf 91' lang='lat' dir='ltr'>incom-</span> 
     </span>
    </p>
   </div>
   <div class='ocr_carea' id='block_1_36' title="bbox 396 3456 2047 3530">
    <p class='ocr_par' dir='ltr' id='par_1_36' title="bbox 396 3456 2047 3530">
     <span class='ocr_line' id='line_1_36' title="bbox 396 3456 2047 3530; baseline -0.001 -14"><span class='ocrx_word' id='word_1_256' title='bbox 396 3461 570 3516; x_wconf 88' lang='lat' dir='ltr'>modo</span> <span class='ocrx_word' id='word_1_257' title='bbox 601 3457 888 3515; x_wconf 88' lang='lat' dir='ltr'>laboranti</span> <span class='ocrx_word' id='word_1_258' title='bbox 914 3461 971 3512; x_wconf 88' lang='lat' dir='ltr'>et</span> <span class='ocrx_word' id='word_1_259' title='bbox 1000 3456 1324 3511; x_wconf 86' lang='lat' dir='ltr'>remedium</span> <span class='ocrx_word' id='word_1_260' title='bbox 1357 3457 1640 3530; x_wconf 84' lang='lat' dir='ltr'>ﬂagitanti</span> <span class='ocrx_word' id='word_1_261' title='bbox 1665 3458 1914 3515; x_wconf 84' lang='lat' dir='ltr'>caelestis</span> <span class='ocrx_word' id='word_1_262' title='bbox 1931 3476 2047 3515; x_wconf 89' lang='lat' dir='ltr'>me-</span> 
     </span>
    </p>
   </div>
   <div class='ocr_carea' id='block_1_37' title="bbox 398 3545 2045 3620">
    <p class='ocr_par' dir='ltr' id='par_1_37' title="bbox 398 3545 2045 3620">
     <span class='ocr_line' id='line_1_37' title="bbox 398 3545 2045 3620; baseline 0.001 -16"><span class='ocrx_word' id='word_1_263' title='bbox 398 3547 585 3614; x_wconf 87' lang='lat' dir='ltr'>dicus,</span> <span class='ocrx_word' id='word_1_264' title='bbox 619 3546 718 3619; x_wconf 91' lang='lat' dir='ltr'>qui</span> <span class='ocrx_word' id='word_1_265' title='bbox 752 3546 927 3601; x_wconf 88' lang='lat' dir='ltr'>sciret</span> <span class='ocrx_word' id='word_1_266' title='bbox 957 3561 1135 3617; x_wconf 88' lang='lat' dir='ltr'>quam</span> <span class='ocrx_word' id='word_1_267' title='bbox 1168 3545 1292 3617; x_wconf 90' lang='lat' dir='ltr'>ipse</span> <span class='ocrx_word' id='word_1_268' title='bbox 1324 3545 1534 3602; x_wconf 87' lang='lat' dir='ltr'>melius</span> <span class='ocrx_word' id='word_1_269' title='bbox 1565 3547 1703 3619; x_wconf 87' lang='lat' dir='ltr'>quid</span> <span class='ocrx_word' id='word_1_270' title='bbox 1730 3548 1779 3604; x_wconf 90' lang='lat' dir='ltr'>ei</span> <span class='ocrx_word' id='word_1_271' title='bbox 1813 3565 2045 3620; x_wconf 88' lang='lat' dir='ltr'>compe-</span> 
     </span>
    </p>
   </div>
   <div class='ocr_carea' id='block_1_38' title="bbox 396 3631 2047 3706">
    <p class='ocr_par' dir='ltr' id='par_1_38' title="bbox 396 3631 2047 3706">
     <span class='ocr_line' id='line_1_38' title="bbox 396 3631 2047 3706; baseline 0 -14"><span class='ocrx_word' id='word_1_272' title='bbox 396 3640 562 3706; x_wconf 86' lang='lat' dir='ltr'>teret,</span> <span class='ocrx_word' id='word_1_273' title='bbox 598 3634 961 3690; x_wconf 80' lang='lat' dir='ltr'>infirmitatis</span> <span class='ocrx_word' id='word_1_274' title='bbox 991 3631 1317 3689; x_wconf 79' lang='lat' dir='ltr'>antidotum</span> <span class='ocrx_word' id='word_1_275' title='bbox 1352 3636 1659 3692; x_wconf 84' lang='lat' dir='ltr'>convenire</span> <span class='ocrx_word' id='word_1_276' title='bbox 1700 3638 2047 3692; x_wconf 88' lang='lat' dir='ltr'>monstravit</span> 
     </span>
    </p>
   </div>
   <div class='ocr_carea' id='block_1_39' title="bbox 397 3722 2044 3797">
    <p class='ocr_par' dir='ltr' id='par_1_39' title="bbox 397 3722 2044 3797">
     <span class='ocr_line' id='line_1_39' title="bbox 397 3722 2044 3797; baseline 0.001 -17"><span class='ocrx_word' id='word_1_277' title='bbox 397 3724 549 3780; x_wconf 85' lang='lat' dir='ltr'>hanc</span> <span class='ocrx_word' id='word_1_278' title='bbox 570 3722 1305 3797; x_wconf 69' lang='lat' dir='ltr'>praedestinationem,quia</span> <span class='ocrx_word' id='word_1_279' title='bbox 1326 3724 1478 3779; x_wconf 90' lang='lat' dir='ltr'>Deus</span> <span class='ocrx_word' id='word_1_280' title='bbox 1510 3724 1777 3781; x_wconf 85' lang='lat' dir='ltr'>evolvens</span> <span class='ocrx_word' id='word_1_281' title='bbox 1794 3727 2044 3797; x_wconf 77' lang='lat' dir='ltr'>gratiam</span> 
     </span>
    </p>
   </div>
   <div class='ocr_carea' id='block_1_40' title="bbox 396 3811 2046 3884">
    <p class='ocr_par' dir='ltr' id='par_1_40' title="bbox 396 3811 2046 3884">
     <span class='ocr_line' id='line_1_40' title="bbox 396 3811 2046 3884; baseline 0.001 -15"><span class='ocrx_word' id='word_1_282' title='bbox 396 3816 478 3883; x_wconf 86' lang='lat' dir='ltr'>(a)</span> <span class='ocrx_word' id='word_1_283' title='bbox 488 3813 625 3868; x_wconf 74' lang='lat' dir='ltr'>facit</span> <span class='ocrx_word' id='word_1_284' title='bbox 645 3815 1020 3883; x_wconf 87' lang='lat' dir='ltr'>sanctos,non</span> <span class='ocrx_word' id='word_1_285' title='bbox 1038 3811 1340 3879; x_wconf 89' lang='lat' dir='ltr'>invenit,et</span> <span class='ocrx_word' id='word_1_286' title='bbox 1355 3818 1485 3884; x_wconf 88' lang='lat' dir='ltr'>post</span> <span class='ocrx_word' id='word_1_287' title='bbox 1498 3830 1807 3869; x_wconf 77' lang='lat' dir='ltr'>excursum</span> <span class='ocrx_word' id='word_1_288' title='bbox 1827 3815 2046 3870; x_wconf 88' lang='lat' dir='ltr'>instan-</span> 
     </span>
    </p>
   </div>
   <div class='ocr_carea' id='block_1_41' title="bbox 399 3901 2043 3976">
    <p class='ocr_par' dir='ltr' id='par_1_41' title="bbox 399 3901 2043 3976">
     <span class='ocr_line' id='line_1_41' title="bbox 399 3901 2043 3976; baseline 0.001 -18"><span class='ocrx_word' id='word_1_289' title='bbox 399 3902 476 3958; x_wconf 87' lang='lat' dir='ltr'>tis</span> <span class='ocrx_word' id='word_1_290' title='bbox 506 3901 630 3956; x_wconf 75' lang='lat' dir='ltr'>vitae</span> <span class='ocrx_word' id='word_1_291' title='bbox 662 3902 885 3973; x_wconf 85' lang='lat' dir='ltr'>perficit</span> <span class='ocrx_word' id='word_1_292' title='bbox 922 3904 979 3956; x_wconf 89' lang='lat' dir='ltr'>et</span> <span class='ocrx_word' id='word_1_293' title='bbox 1025 3905 1283 3957; x_wconf 86' lang='lat' dir='ltr'>coronat.</span> <span class='ocrx_word' id='word_1_294' title='bbox 1314 3902 1491 3970; x_wconf 88' lang='lat' dir='ltr'>Hanc,</span> <span class='ocrx_word' id='word_1_295' title='bbox 1526 3902 1790 3975; x_wconf 86' lang='lat' dir='ltr'>inquam,</span> <span class='ocrx_word' id='word_1_296' title='bbox 1822 3905 2043 3976; x_wconf 67' lang='lat' dir='ltr'>praede--</span> 
     </span>
    </p>
   </div>
   <div class='ocr_carea' id='block_1_42' title="bbox 398 3989 2045 4065">
    <p class='ocr_par' dir='ltr' id='par_1_42' title="bbox 398 3989 2045 4065">
     <span class='ocr_line' id='line_1_42' title="bbox 398 3989 2045 4065; baseline 0 -17"><span class='ocrx_word' id='word_1_297' title='bbox 398 3990 796 4058; x_wconf 76' lang='lat' dir='ltr'>stinationem,</span> <span class='ocrx_word' id='word_1_298' title='bbox 821 4007 948 4062; x_wconf 65' lang='lat' dir='ltr'>qua;</span> <span class='ocrx_word' id='word_1_299' title='bbox 982 3989 1310 4047; x_wconf 85' lang='lat' dir='ltr'>illustribus</span> <span class='ocrx_word' id='word_1_300' title='bbox 1341 3990 1523 4047; x_wconf 89' lang='lat' dir='ltr'>divini</span> <span class='ocrx_word' id='word_1_301' title='bbox 1553 3990 2045 4065; x_wconf 90' lang='lat' dir='ltr'>eloquiitestimo-</span> 
     </span>
    </p>
   </div>
   <div class='ocr_carea' id='block_1_43' title="bbox 396 4078 2045 4152">
    <p class='ocr_par' dir='ltr' id='par_1_43' title="bbox 396 4078 2045 4152">
     <span class='ocr_line' id='line_1_43' title="bbox 396 4078 2045 4152; baseline 0.001 -16"><span class='ocrx_word' id='word_1_302' title='bbox 396 4080 511 4136; x_wconf 90' lang='lat' dir='ltr'>niis</span> <span class='ocrx_word' id='word_1_303' title='bbox 539 4084 597 4136; x_wconf 91' lang='lat' dir='ltr'>et</span> <span class='ocrx_word' id='word_1_304' title='bbox 624 4078 1172 4152; x_wconf 85' lang='lat' dir='ltr'>inexpugnabilibus</span> <span class='ocrx_word' id='word_1_305' title='bbox 1203 4080 1567 4152; x_wconf 84' lang='lat' dir='ltr'>argumentis</span> <span class='ocrx_word' id='word_1_306' title='bbox 1597 4082 2045 4145; x_wconf 88' lang='lat' dir='ltr'>astruitur,flde-</span> 
     </span>
    </p>
   </div>
   <div class='ocr_carea' id='block_1_44' title="bbox 395 4167 2040 4242">
    <p class='ocr_par' dir='ltr' id='par_1_44' title="bbox 395 4167 2040 4242">
     <span class='ocr_line' id='line_1_44' title="bbox 395 4167 2040 4242; baseline 0 -17"><span class='ocrx_word' id='word_1_307' title='bbox 395 4168 480 4225; x_wconf 91' lang='lat' dir='ltr'>les</span> <span class='ocrx_word' id='word_1_308' title='bbox 511 4169 729 4242; x_wconf 88' lang='lat' dir='ltr'>quique</span> <span class='ocrx_word' id='word_1_309' title='bbox 751 4168 970 4241; x_wconf 89' lang='lat' dir='ltr'>passim</span> <span class='ocrx_word' id='word_1_310' title='bbox 992 4167 2040 4241; x_wconf 85' lang='lat' dir='ltr'>suscipiunt,constanterdefendunt,</span> 
     </span>
    </p>
   </div>
   <div class='ocr_carea' id='block_1_45' title="bbox 396 4257 2042 4332">
    <p class='ocr_par' dir='ltr' id='par_1_45' title="bbox 396 4257 2042 4332">
     <span class='ocr_line' id='line_1_45' title="bbox 396 4257 2042 4332; baseline 0.001 -19"><span class='ocrx_word' id='word_1_311' title='bbox 396 4257 454 4313; x_wconf 91' lang='lat' dir='ltr'>in</span> <span class='ocrx_word' id='word_1_312' title='bbox 484 4258 593 4313; x_wconf 85' lang='lat' dir='ltr'>hac</span> <span class='ocrx_word' id='word_1_313' title='bbox 624 4261 826 4330; x_wconf 87' lang='lat' dir='ltr'>utpar</span> <span class='ocrx_word' id='word_1_314' title='bbox 854 4261 944 4313; x_wconf 91' lang='lat' dir='ltr'>est</span> <span class='ocrx_word' id='word_1_315' title='bbox 987 4258 1258 4329; x_wconf 88' lang='lat' dir='ltr'>suspensi</span> <span class='ocrx_word' id='word_1_316' title='bbox 1311 4275 1474 4331; x_wconf 90' lang='lat' dir='ltr'>spem</span> <span class='ocrx_word' id='word_1_317' title='bbox 1525 4277 1643 4315; x_wconf 85' lang='lat' dir='ltr'>suae</span> <span class='ocrx_word' id='word_1_318' title='bbox 1689 4260 1899 4317; x_wconf 88' lang='lat' dir='ltr'>salutis</span> <span class='ocrx_word' id='word_1_319' title='bbox 1947 4260 2042 4332; x_wconf 91' lang='lat' dir='ltr'>pio</span> 
     </span>
    </p>
   </div>
   <div class='ocr_carea' id='block_1_46' title="bbox 396 4346 2045 4420">
    <p class='ocr_par' dir='ltr' id='par_1_46' title="bbox 396 4346 2045 4420">
     <span class='ocr_line' id='line_1_46' title="bbox 396 4346 2045 4420; baseline 0.001 -16"><span class='ocrx_word' id='word_1_320' title='bbox 396 4364 684 4404; x_wconf 90' lang='lat' dir='ltr'>consensu</span> <span class='ocrx_word' id='word_1_321' title='bbox 717 4352 1025 4420; x_wconf 88' lang='lat' dir='ltr'>reponunt,</span> <span class='ocrx_word' id='word_1_322' title='bbox 1058 4364 1162 4403; x_wconf 90' lang='lat' dir='ltr'>nec</span> <span class='ocrx_word' id='word_1_323' title='bbox 1193 4346 1507 4403; x_wconf 89' lang='lat' dir='ltr'>immerito.</span> <span class='ocrx_word' id='word_1_324' title='bbox 1540 4349 1841 4420; x_wconf 90' lang='lat' dir='ltr'>Siquidem</span> <span class='ocrx_word' id='word_1_325' title='bbox 1880 4349 2045 4405; x_wconf 89' lang='lat' dir='ltr'>nulla</span> 
     </span>
    </p>
   </div>
   <div class='ocr_carea' id='block_1_47' title="bbox 394 4435 2043 4508">
    <p class='ocr_par' dir='ltr' id='par_1_47' title="bbox 394 4435 2043 4508">
     <span class='ocr_line' id='line_1_47' title="bbox 394 4435 2043 4508; baseline 0 -15"><span class='ocrx_word' id='word_1_326' title='bbox 394 4437 487 4494; x_wconf 88' lang='lat' dir='ltr'>via</span> <span class='ocrx_word' id='word_1_327' title='bbox 525 4435 732 4492; x_wconf 86' lang='lat' dir='ltr'>salutis</span> <span class='ocrx_word' id='word_1_328' title='bbox 778 4435 1049 4491; x_wconf 70' lang='lat' dir='ltr'>humanas</span> <span class='ocrx_word' id='word_1_329' title='bbox 1098 4438 1289 4507; x_wconf 91' lang='lat' dir='ltr'>potest</span> <span class='ocrx_word' id='word_1_330' title='bbox 1340 4436 1585 4491; x_wconf 89' lang='lat' dir='ltr'>inveniri</span> <span class='ocrx_word' id='word_1_331' title='bbox 1638 4442 1845 4508; x_wconf 79' lang='lat' dir='ltr'>praeter</span> <span class='ocrx_word' id='word_1_332' title='bbox 1890 4438 2043 4493; x_wconf 89' lang='lat' dir='ltr'>hanc</span> 
     </span>
    </p>
   </div>
   <div class='ocr_carea' id='block_1_48' title="bbox 395 4523 2041 4598">
    <p class='ocr_par' dir='ltr' id='par_1_48' title="bbox 395 4523 2041 4598">
     <span class='ocr_line' id='line_1_48' title="bbox 395 4523 2041 4598; baseline 0.001 -18"><span class='ocrx_word' id='word_1_333' title='bbox 395 4542 570 4598; x_wconf 84' lang='lat' dir='ltr'>quam</span> <span class='ocrx_word' id='word_1_334' title='bbox 591 4542 718 4598; x_wconf 65' lang='lat' dir='ltr'>quae</span> <span class='ocrx_word' id='word_1_335' title='bbox 744 4523 1011 4597; x_wconf 67' lang='lat' dir='ltr'>praestitit</span> <span class='ocrx_word' id='word_1_336' title='bbox 1029 4523 1224 4579; x_wconf 87' lang='lat' dir='ltr'>divina</span> <span class='ocrx_word' id='word_1_337' title='bbox 1243 4523 1429 4596; x_wconf 70' lang='lat' dir='ltr'>gratia</span> <span class='ocrx_word' id='word_1_338' title='bbox 1447 4525 1890 4581; x_wconf 88' lang='lat' dir='ltr'>demonstravit.</span> <span class='ocrx_word' id='word_1_339' title='bbox 1924 4528 2041 4581; x_wconf 88' lang='lat' dir='ltr'>Hac</span> 
     </span>
    </p>
   </div>
   <div class='ocr_carea' id='block_1_49' title="bbox 2169 616 3761 691">
    <p class='ocr_par' dir='ltr' id='par_1_49' title="bbox 2169 616 3761 691">
     <span class='ocr_line' id='line_1_49' title="bbox 2169 616 3761 691; baseline 0.003 -20"><span class='ocrx_word' id='word_1_340' title='bbox 2169 634 2340 672; x_wconf 89' lang='lat' dir='ltr'>casus</span> <span class='ocrx_word' id='word_1_341' title='bbox 2372 616 3014 689; x_wconf 85' lang='lat' dir='ltr'>intulisse.potestatem</span> <span class='ocrx_word' id='word_1_342' title='bbox 3039 620 3228 672; x_wconf 86' lang='lat' dir='ltr'>tamen</span> <span class='ocrx_word' id='word_1_343' title='bbox 3252 617 3761 691; x_wconf 88' lang='lat' dir='ltr'>permisisse,ipsum</span> 
     </span>
    </p>
   </div>
   <div class='ocr_carea' id='block_1_50' title="bbox 2166 706 3767 779">
    <p class='ocr_par' dir='ltr' id='par_1_50' title="bbox 2166 706 3767 779">
     <span class='ocr_line' id='line_1_50' title="bbox 2166 706 3767 779; baseline 0.004 -20"><span class='ocrx_word' id='word_1_344' title='bbox 2166 723 2319 772; x_wconf 88' lang='lat' dir='ltr'>vero,</span> <span class='ocrx_word' id='word_1_345' title='bbox 2355 710 2553 778; x_wconf 88' lang='lat' dir='ltr'>utpote</span> <span class='ocrx_word' id='word_1_346' title='bbox 2585 706 2684 778; x_wconf 90' lang='lat' dir='ltr'>qui</span> <span class='ocrx_word' id='word_1_347' title='bbox 2717 706 2849 761; x_wconf 90' lang='lat' dir='ltr'>fecit</span> <span class='ocrx_word' id='word_1_348' title='bbox 2879 722 3007 777; x_wconf 65' lang='lat' dir='ltr'>qua;</span> <span class='ocrx_word' id='word_1_349' title='bbox 3037 706 3235 760; x_wconf 86' lang='lat' dir='ltr'>futura</span> <span class='ocrx_word' id='word_1_350' title='bbox 3265 710 3493 771; x_wconf 88' lang='lat' dir='ltr'>sunt,et</span> <span class='ocrx_word' id='word_1_351' title='bbox 3520 708 3611 779; x_wconf 89' lang='lat' dir='ltr'>qui</span> <span class='ocrx_word' id='word_1_352' title='bbox 3632 716 3767 766; x_wconf 86' lang='lat' dir='ltr'>vocat</span> 
     </span>
    </p>
   </div>
   <div class='ocr_carea' id='block_1_51' title="bbox 2166 800 3768 870">
    <p class='ocr_par' dir='ltr' id='par_1_51' title="bbox 2166 800 3768 870">
     <span class='ocr_line' id='line_1_51' title="bbox 2166 800 3768 870; baseline 0.002 -21"><span class='ocrx_word' id='word_1_353' title='bbox 2166 811 2293 867; x_wconf 75' lang='lat' dir='ltr'>quae</span> <span class='ocrx_word' id='word_1_354' title='bbox 2329 812 2443 849; x_wconf 79' lang='lat' dir='ltr'>non</span> <span class='ocrx_word' id='word_1_355' title='bbox 2477 800 2612 850; x_wconf 91' lang='lat' dir='ltr'>sunt</span> <span class='ocrx_word' id='word_1_356' title='bbox 2638 800 2918 867; x_wconf 87' lang='lat' dir='ltr'>tanquam</span> <span class='ocrx_word' id='word_1_357' title='bbox 2953 812 3023 850; x_wconf 90' lang='lat' dir='ltr'>ea</span> <span class='ocrx_word' id='word_1_358' title='bbox 3051 812 3179 866; x_wconf 65' lang='lat' dir='ltr'>quae</span> <span class='ocrx_word' id='word_1_359' title='bbox 3211 800 3433 864; x_wconf 90' lang='lat' dir='ltr'>sunt,et</span> <span class='ocrx_word' id='word_1_360' title='bbox 3451 812 3638 852; x_wconf 88' lang='lat' dir='ltr'>casum</span> <span class='ocrx_word' id='word_1_361' title='bbox 3656 815 3768 870; x_wconf 63' lang='lat' dir='ltr'>pra:-</span> 
     </span>
    </p>
   </div>
   <div class='ocr_carea' id='block_1_52' title="bbox 2167 883 3768 956">
    <p class='ocr_par' dir='ltr' id='par_1_52' title="bbox 2167 883 3768 956">
     <span class='ocr_line' id='line_1_52' title="bbox 2167 883 3768 956; baseline 0.002 -17"><span class='ocrx_word' id='word_1_362' title='bbox 2167 883 2347 939; x_wconf 78' lang='lat' dir='ltr'>scisse</span> <span class='ocrx_word' id='word_1_363' title='bbox 2379 888 2435 939; x_wconf 88' lang='lat' dir='ltr'>et</span> <span class='ocrx_word' id='word_1_364' title='bbox 2464 884 2603 955; x_wconf 89' lang='lat' dir='ltr'>quid</span> <span class='ocrx_word' id='word_1_365' title='bbox 2638 900 2839 939; x_wconf 90' lang='lat' dir='ltr'>casum</span> <span class='ocrx_word' id='word_1_366' title='bbox 2875 888 3218 956; x_wconf 89' lang='lat' dir='ltr'>sequeretur</span> <span class='ocrx_word' id='word_1_367' title='bbox 3245 884 3686 950; x_wconf 88' lang='lat' dir='ltr'>constituisse,ut</span> <span class='ocrx_word' id='word_1_368' title='bbox 3709 888 3768 943; x_wconf 82' lang='lat' dir='ltr'>vi-</span> 
     </span>
    </p>
   </div>
   <div class='ocr_carea' id='block_1_53' title="bbox 2166 972 3769 1045">
    <p class='ocr_par' dir='ltr' id='par_1_53' title="bbox 2166 972 3769 1045">
     <span class='ocr_line' id='line_1_53' title="bbox 2166 972 3769 1045; baseline 0.002 -18"><span class='ocrx_word' id='word_1_369' title='bbox 2166 972 2374 1028; x_wconf 85' lang='lat' dir='ltr'>delicet</span> <span class='ocrx_word' id='word_1_370' title='bbox 2405 989 2589 1045; x_wconf 88' lang='lat' dir='ltr'>genus</span> <span class='ocrx_word' id='word_1_371' title='bbox 2615 972 2943 1027; x_wconf 89' lang='lat' dir='ltr'>humanum</span> <span class='ocrx_word' id='word_1_372' title='bbox 2976 989 3084 1027; x_wconf 88' lang='lat' dir='ltr'>sua</span> <span class='ocrx_word' id='word_1_373' title='bbox 3106 977 3310 1045; x_wconf 84' lang='lat' dir='ltr'>sponte</span> <span class='ocrx_word' id='word_1_374' title='bbox 3343 979 3769 1045; x_wconf 82' lang='lat' dir='ltr'>corruptum,nee</span> 
     </span>
    </p>
   </div>
   <div class='ocr_carea' id='block_1_54' title="bbox 2164 1060 3769 1134">
    <p class='ocr_par' dir='ltr' id='par_1_54' title="bbox 2164 1060 3769 1134">
     <span class='ocr_line' id='line_1_54' title="bbox 2164 1060 3769 1134; baseline 0.003 -18"><span class='ocrx_word' id='word_1_375' title='bbox 2164 1066 2353 1116; x_wconf 90' lang='lat' dir='ltr'>totum</span> <span class='ocrx_word' id='word_1_376' title='bbox 2386 1065 2621 1134; x_wconf 87' lang='lat' dir='ltr'>propter</span> <span class='ocrx_word' id='word_1_377' title='bbox 2650 1060 3113 1117; x_wconf 89' lang='lat' dir='ltr'>misericordiam</span> <span class='ocrx_word' id='word_1_378' title='bbox 3162 1062 3554 1130; x_wconf 87' lang='lat' dir='ltr'>damnaretur,</span> <span class='ocrx_word' id='word_1_379' title='bbox 3585 1080 3677 1120; x_wconf 89' lang='lat' dir='ltr'>nec</span> <span class='ocrx_word' id='word_1_380' title='bbox 3701 1070 3769 1121; x_wconf 84' lang='lat' dir='ltr'>to-</span> 
     </span>
    </p>
   </div>
   <div class='ocr_carea' id='block_1_55' title="bbox 2165 1150 3770 1224">
    <p class='ocr_par' dir='ltr' id='par_1_55' title="bbox 2165 1150 3770 1224">
     <span class='ocr_line' id='line_1_55' title="bbox 2165 1150 3770 1224; baseline 0.002 -18"><span class='ocrx_word' id='word_1_381' title='bbox 2165 1155 2291 1206; x_wconf 89' lang='lat' dir='ltr'>tum</span> <span class='ocrx_word' id='word_1_382' title='bbox 2322 1156 2556 1223; x_wconf 89' lang='lat' dir='ltr'>propter</span> <span class='ocrx_word' id='word_1_383' title='bbox 2577 1151 2874 1221; x_wconf 84' lang='lat' dir='ltr'>justitiam</span> <span class='ocrx_word' id='word_1_384' title='bbox 2907 1150 3246 1213; x_wconf 87' lang='lat' dir='ltr'>salvaretur,</span> <span class='ocrx_word' id='word_1_385' title='bbox 3266 1150 3487 1206; x_wconf 89' lang='lat' dir='ltr'>nullam</span> <span class='ocrx_word' id='word_1_386' title='bbox 3518 1153 3770 1224; x_wconf 89' lang='lat' dir='ltr'>patientur</span> 
     </span>
    </p>
   </div>
   <div class='ocr_carea' id='block_1_56' title="bbox 2166 1239 3770 1313">
    <p class='ocr_par' dir='ltr' id='par_1_56' title="bbox 2166 1239 3770 1313">
     <span class='ocr_line' id='line_1_56' title="bbox 2166 1239 3770 1313; baseline 0 -16"><span class='ocrx_word' id='word_1_387' title='bbox 2166 1242 2319 1297; x_wconf 71' lang='lat'>288</span> <span class='ocrx_word' id='word_1_388' title='bbox 2379 1239 2715 1311; x_wconf 89' lang='lat' dir='ltr'>caliginem,</span> <span class='ocrx_word' id='word_1_389' title='bbox 2760 1240 2915 1295; x_wconf 91' lang='lat' dir='ltr'>Deus</span> <span class='ocrx_word' id='word_1_390' title='bbox 2963 1256 3110 1311; x_wconf 90' lang='lat' dir='ltr'>quos</span> <span class='ocrx_word' id='word_1_391' title='bbox 3156 1245 3342 1295; x_wconf 79' lang='lat' dir='ltr'>rectos</span> <span class='ocrx_word' id='word_1_392' title='bbox 3393 1240 3607 1313; x_wconf 86' lang='lat' dir='ltr'>origine</span> <span class='ocrx_word' id='word_1_393' title='bbox 3655 1259 3770 1297; x_wconf 89' lang='lat' dir='ltr'>con-</span> 
     </span>
    </p>
   </div>
   <div class='ocr_carea' id='block_1_57' title="bbox 2164 1328 3769 1401">
    <p class='ocr_par' dir='ltr' id='par_1_57' title="bbox 2164 1328 3769 1401">
     <span class='ocr_line' id='line_1_57' title="bbox 2164 1328 3769 1401; baseline 0.002 -18"><span class='ocrx_word' id='word_1_394' title='bbox 2164 1329 2334 1395; x_wconf 92' lang='lat' dir='ltr'>didit,</span> <span class='ocrx_word' id='word_1_395' title='bbox 2360 1328 2631 1384; x_wconf 75' lang='lat' dir='ltr'>voluntas</span> <span class='ocrx_word' id='word_1_396' title='bbox 2672 1328 2907 1401; x_wconf 84' lang='lat' dir='ltr'>propria</span> <span class='ocrx_word' id='word_1_397' title='bbox 2952 1328 3195 1394; x_wconf 85' lang='lat' dir='ltr'>vitiavit,</span> <span class='ocrx_word' id='word_1_398' title='bbox 3247 1345 3396 1401; x_wconf 92' lang='lat' dir='ltr'>quos</span> <span class='ocrx_word' id='word_1_399' title='bbox 3444 1346 3555 1384; x_wconf 91' lang='lat' dir='ltr'>non</span> <span class='ocrx_word' id='word_1_400' title='bbox 3598 1329 3769 1386; x_wconf 76' lang='lat' dir='ltr'>liberat</span> 
     </span>
    </p>
   </div>
   <div class='ocr_carea' id='block_1_58' title="bbox 2164 1416 3766 1490">
    <p class='ocr_par' dir='ltr' id='par_1_58' title="bbox 2164 1416 3766 1490">
     <span class='ocr_line' id='line_1_58' title="bbox 2164 1416 3766 1490; baseline 0.002 -18"><span class='ocrx_word' id='word_1_401' title='bbox 2164 1416 2493 1483; x_wconf 90' lang='lat' dir='ltr'>clementia,</span> <span class='ocrx_word' id='word_1_402' title='bbox 2522 1417 2604 1472; x_wconf 91' lang='lat' dir='ltr'>sic</span> <span class='ocrx_word' id='word_1_403' title='bbox 2636 1417 2845 1490; x_wconf 91' lang='lat' dir='ltr'>punire</span> <span class='ocrx_word' id='word_1_404' title='bbox 2880 1417 3105 1488; x_wconf 91' lang='lat' dir='ltr'>judicio</span> <span class='ocrx_word' id='word_1_405' title='bbox 3153 1423 3220 1472; x_wconf 91' lang='lat' dir='ltr'>ut</span> <span class='ocrx_word' id='word_1_406' title='bbox 3268 1434 3387 1472; x_wconf 90' lang='lat' dir='ltr'>non</span> <span class='ocrx_word' id='word_1_407' title='bbox 3434 1417 3574 1489; x_wconf 89' lang='lat' dir='ltr'>ipse,</span> <span class='ocrx_word' id='word_1_408' title='bbox 3603 1436 3766 1475; x_wconf 88' lang='lat' dir='ltr'>verum</span> 
     </span>
    </p>
   </div>
   <div class='ocr_carea' id='block_1_59' title="bbox 2163 1506 3768 1579">
    <p class='ocr_par' dir='ltr' id='par_1_59' title="bbox 2163 1506 3768 1579">
     <span class='ocr_line' id='line_1_59' title="bbox 2163 1506 3768 1579; baseline 0.002 -18"><span class='ocrx_word' id='word_1_409' title='bbox 2163 1506 2274 1579; x_wconf 91' lang='lat' dir='ltr'>ipsi</span> <span class='ocrx_word' id='word_1_410' title='bbox 2309 1507 2732 1561; x_wconf 87' lang='lat' dir='ltr'>convincantur</span> <span class='ocrx_word' id='word_1_411' title='bbox 2778 1523 2896 1561; x_wconf 83' lang='lat' dir='ltr'>suae</span> <span class='ocrx_word' id='word_1_412' title='bbox 2946 1506 3345 1562; x_wconf 89' lang='lat' dir='ltr'>damnationis</span> <span class='ocrx_word' id='word_1_413' title='bbox 3393 1512 3661 1563; x_wconf 84' lang='lat' dir='ltr'>auctores.</span> <span class='ocrx_word' id='word_1_414' title='bbox 3689 1510 3768 1565; x_wconf 85' lang='lat' dir='ltr'>Hic</span> 
     </span>
    </p>
   </div>
   <div class='ocr_carea' id='block_1_60' title="bbox 2164 1594 3765 1667">
    <p class='ocr_par' dir='ltr' id='par_1_60' title="bbox 2164 1594 3765 1667">
     <span class='ocr_line' id='line_1_60' title="bbox 2164 1594 3765 1667; baseline 0.001 -17"><span class='ocrx_word' id='word_1_415' title='bbox 2164 1594 2563 1667; x_wconf 89' lang='lat' dir='ltr'>aliquis,unde</span> <span class='ocrx_word' id='word_1_416' title='bbox 2595 1594 2810 1667; x_wconf 90' lang='lat' dir='ltr'>placari</span> <span class='ocrx_word' id='word_1_417' title='bbox 2846 1595 3270 1661; x_wconf 83' lang='lat' dir='ltr'>debuit,forsan</span> <span class='ocrx_word' id='word_1_418' title='bbox 3305 1595 3584 1651; x_wconf 88' lang='lat' dir='ltr'>irritatior</span> <span class='ocrx_word' id='word_1_419' title='bbox 3610 1597 3765 1652; x_wconf 80' lang='lat' dir='ltr'>dicat:</span> 
     </span>
    </p>
   </div>
   <div class='ocr_carea' id='block_1_61' title="bbox 2150 1683 3768 1757">
    <p class='ocr_par' dir='ltr' id='par_1_61' title="bbox 2150 1683 3768 1757">
     <span class='ocr_line' id='line_1_61' title="bbox 2150 1683 3768 1757; baseline 0.001 -18"><span class='ocrx_word' id='word_1_420' title='bbox 2150 1685 2233 1739; x_wconf 66' lang='grc' dir='ltr'>Ἐἰ</span> <span class='ocrx_word' id='word_1_421' title='bbox 2259 1685 2305 1739; x_wconf 89' lang='lat' dir='ltr'>si</span> <span class='ocrx_word' id='word_1_422' title='bbox 2339 1683 2482 1738; x_wconf 88' lang='lat' dir='ltr'>mihi</span> <span class='ocrx_word' id='word_1_423' title='bbox 2517 1683 2694 1739; x_wconf 85' lang='lat' dir='ltr'>semel</span> <span class='ocrx_word' id='word_1_424' title='bbox 2719 1685 3082 1755; x_wconf 89' lang='lat' dir='ltr'>pereundum</span> <span class='ocrx_word' id='word_1_425' title='bbox 3102 1684 3442 1756; x_wconf 90' lang='lat' dir='ltr'>est,curhuj</span> <span class='ocrx_word' id='word_1_426' title='bbox 3455 1702 3520 1740; x_wconf 90' lang='lat' dir='ltr'>us</span> <span class='ocrx_word' id='word_1_427' title='bbox 3538 1685 3655 1740; x_wconf 68' lang='lat' dir='ltr'>vita:</span> <span class='ocrx_word' id='word_1_428' title='bbox 3675 1703 3768 1757; x_wconf 89' lang='lat' dir='ltr'>per-</span> 
     </span>
    </p>
   </div>
   <div class='ocr_carea' id='block_1_62' title="bbox 2163 1772 3766 1845">
    <p class='ocr_par' dir='ltr' id='par_1_62' title="bbox 2163 1772 3766 1845">
     <span class='ocr_line' id='line_1_62' title="bbox 2163 1772 3766 1845; baseline 0.001 -18"><span class='ocrx_word' id='word_1_429' title='bbox 2163 1774 2236 1827; x_wconf 90' lang='lat' dir='ltr'>do</span> <span class='ocrx_word' id='word_1_430' title='bbox 2266 1772 2749 1845; x_wconf 88' lang='lat' dir='ltr'>compendia?cur</span> <span class='ocrx_word' id='word_1_431' title='bbox 2778 1788 2913 1827; x_wconf 91' lang='lat' dir='ltr'>cum</span> <span class='ocrx_word' id='word_1_432' title='bbox 2944 1772 3090 1827; x_wconf 89' lang='lat' dir='ltr'>mihi</span> <span class='ocrx_word' id='word_1_433' title='bbox 3123 1772 3258 1827; x_wconf 85' lang='lat' dir='ltr'>alibi</span> <span class='ocrx_word' id='word_1_434' title='bbox 3291 1789 3525 1844; x_wconf 90' lang='lat' dir='ltr'>semper</span> <span class='ocrx_word' id='word_1_435' title='bbox 3553 1774 3766 1829; x_wconf 88' lang='lat' dir='ltr'>futurum</span> 
     </span>
    </p>
   </div>
   <div class='ocr_carea' id='block_1_63' title="bbox 2162 1860 3765 1934">
    <p class='ocr_par' dir='ltr' id='par_1_63' title="bbox 2162 1860 3765 1934">
     <span class='ocr_line' id='line_1_63' title="bbox 2162 1860 3765 1934; baseline 0.001 -17"><span class='ocrx_word' id='word_1_436' title='bbox 2162 1867 2250 1917; x_wconf 89' lang='lat' dir='ltr'>est</span> <span class='ocrx_word' id='word_1_437' title='bbox 2280 1862 2450 1929; x_wconf 87' lang='lat' dir='ltr'>male,</span> <span class='ocrx_word' id='word_1_438' title='bbox 2483 1878 2597 1917; x_wconf 89' lang='lat' dir='ltr'>non</span> <span class='ocrx_word' id='word_1_439' title='bbox 2632 1862 2710 1916; x_wconf 92' lang='lat' dir='ltr'>sit</span> <span class='ocrx_word' id='word_1_440' title='bbox 2743 1861 2835 1916; x_wconf 90' lang='lat' dir='ltr'>hic</span> <span class='ocrx_word' id='word_1_441' title='bbox 2882 1860 3222 1933; x_wconf 90' lang='lat' dir='ltr'>aliquandiu</span> <span class='ocrx_word' id='word_1_442' title='bbox 3255 1862 3453 1918; x_wconf 83' lang='lat' dir='ltr'>bene?</span> <span class='ocrx_word' id='word_1_443' title='bbox 3482 1878 3648 1934; x_wconf 89' lang='lat' dir='ltr'>quare</span> <span class='ocrx_word' id='word_1_444' title='bbox 3680 1880 3765 1918; x_wconf 84' lang='lat' dir='ltr'>non</span> 
     </span>
    </p>
   </div>
   <div class='ocr_carea' id='block_1_64' title="bbox 2161 1950 3763 2024">
    <p class='ocr_par' dir='ltr' id='par_1_64' title="bbox 2161 1950 3763 2024">
     <span class='ocr_line' id='line_1_64' title="bbox 2161 1950 3763 2024; baseline 0 -17"><span class='ocrx_word' id='word_1_445' title='bbox 2161 1967 2365 2007; x_wconf 91' lang='lat' dir='ltr'>omnes</span> <span class='ocrx_word' id='word_1_446' title='bbox 2396 1950 2713 2023; x_wconf 82' lang='lat' dir='ltr'>voluptatis</span> <span class='ocrx_word' id='word_1_447' title='bbox 2743 1951 2977 2006; x_wconf 77' lang='lat' dir='ltr'>effando</span> <span class='ocrx_word' id='word_1_448' title='bbox 3007 1950 3292 2020; x_wconf 87' lang='lat' dir='ltr'>habenas,</span> <span class='ocrx_word' id='word_1_449' title='bbox 3325 1956 3622 2024; x_wconf 88' lang='lat' dir='ltr'>totumque</span> <span class='ocrx_word' id='word_1_450' title='bbox 3647 1955 3763 2024; x_wconf 89' lang='lat' dir='ltr'>quod</span> 
     </span>
    </p>
   </div>
   <div class='ocr_carea' id='block_1_65' title="bbox 2161 2039 3761 2112">
    <p class='ocr_par' dir='ltr' id='par_1_65' title="bbox 2161 2039 3761 2112">
     <span class='ocr_line' id='line_1_65' title="bbox 2161 2039 3761 2112; baseline 0 -17"><span class='ocrx_word' id='word_1_451' title='bbox 2161 2040 2410 2095; x_wconf 84' lang='lat' dir='ltr'>delectat</span> <span class='ocrx_word' id='word_1_452' title='bbox 2464 2040 2750 2112; x_wconf 82' lang='lat' dir='ltr'>perﬁcio?</span> <span class='ocrx_word' id='word_1_453' title='bbox 2796 2039 3080 2094; x_wconf 88' lang='lat' dir='ltr'>Averterit</span> <span class='ocrx_word' id='word_1_454' title='bbox 3127 2040 3281 2095; x_wconf 90' lang='lat' dir='ltr'>Deus</span> <span class='ocrx_word' id='word_1_455' title='bbox 3332 2039 3486 2095; x_wconf 89' lang='lat' dir='ltr'>hanc</span> <span class='ocrx_word' id='word_1_456' title='bbox 3531 2040 3597 2095; x_wconf 88' lang='lat' dir='ltr'>ab</span> <span class='ocrx_word' id='word_1_457' title='bbox 3640 2042 3761 2096; x_wconf 90' lang='lat' dir='ltr'>omni</span> 
     </span>
    </p>
   </div>
   <div class='ocr_carea' id='block_1_66' title="bbox 2159 2127 3761 2202">
    <p class='ocr_par' dir='ltr' id='par_1_66' title="bbox 2159 2127 3761 2202">
     <span class='ocr_line' id='line_1_66' title="bbox 2159 2127 3761 2202; baseline -0.001 -17"><span class='ocrx_word' id='word_1_458' title='bbox 2159 2128 2490 2185; x_wconf 88' lang='lat' dir='ltr'>Christiano</span> <span class='ocrx_word' id='word_1_459' title='bbox 2522 2127 2811 2183; x_wconf 89' lang='lat' dir='ltr'>insaniam</span> <span class='ocrx_word' id='word_1_460' title='bbox 2846 2132 2911 2183; x_wconf 91' lang='lat' dir='ltr'>ut</span> <span class='ocrx_word' id='word_1_461' title='bbox 2955 2144 3017 2183; x_wconf 89' lang='lat' dir='ltr'>se</span> <span class='ocrx_word' id='word_1_462' title='bbox 3048 2127 3265 2200; x_wconf 88' lang='lat' dir='ltr'>aliquis</span> <span class='ocrx_word' id='word_1_463' title='bbox 3297 2129 3371 2184; x_wconf 92' lang='lat' dir='ltr'>de</span> <span class='ocrx_word' id='word_1_464' title='bbox 3412 2145 3641 2185; x_wconf 89' lang='lat' dir='ltr'>numero</span> <span class='ocrx_word' id='word_1_465' title='bbox 3667 2147 3761 2202; x_wconf 88' lang='lat' dir='ltr'>per-</span> 
     </span>
    </p>
   </div>
   <div class='ocr_carea' id='block_1_67' title="bbox 2158 2216 3763 2291">
    <p class='ocr_par' dir='ltr' id='par_1_67' title="bbox 2158 2216 3763 2291">
     <span class='ocr_line' id='line_1_67' title="bbox 2158 2216 3763 2291; baseline -0.001 -18"><span class='ocrx_word' id='word_1_466' title='bbox 2158 2219 2413 2273; x_wconf 91' lang='lat' dir='ltr'>ditorum</span> <span class='ocrx_word' id='word_1_467' title='bbox 2446 2218 2662 2281; x_wconf 88' lang='lat' dir='ltr'>credat,</span> <span class='ocrx_word' id='word_1_468' title='bbox 2697 2235 2757 2272; x_wconf 90' lang='lat' dir='ltr'>se</span> <span class='ocrx_word' id='word_1_469' title='bbox 2789 2234 2822 2271; x_wconf 91' lang='lat' dir='ltr'>a</span> <span class='ocrx_word' id='word_1_470' title='bbox 2853 2216 3005 2271; x_wconf 89' lang='lat' dir='ltr'>malo</span> <span class='ocrx_word' id='word_1_471' title='bbox 3037 2217 3243 2273; x_wconf 87' lang='lat' dir='ltr'>reverti</span> <span class='ocrx_word' id='word_1_472' title='bbox 3284 2235 3404 2274; x_wconf 88' lang='lat' dir='ltr'>non</span> <span class='ocrx_word' id='word_1_473' title='bbox 3455 2234 3618 2291; x_wconf 88' lang='lat' dir='ltr'>posse</span> <span class='ocrx_word' id='word_1_474' title='bbox 3658 2235 3763 2273; x_wconf 88' lang='lat' dir='ltr'>con-</span> 
     </span>
    </p>
   </div>
   <div class='ocr_carea' id='block_1_68' title="bbox 2148 2305 3758 2380">
    <p class='ocr_par' dir='ltr' id='par_1_68' title="bbox 2148 2305 3758 2380">
     <span class='ocr_line' id='line_1_68' title="bbox 2148 2305 3758 2380; baseline 0.002 -20"><span class='ocrx_word' id='word_1_475' title='bbox 2148 2306 2335 2379; x_wconf 88' lang='lat' dir='ltr'>jiciat,</span> <span class='ocrx_word' id='word_1_476' title='bbox 2372 2323 2433 2362; x_wconf 93' lang='lat' dir='ltr'>se</span> <span class='ocrx_word' id='word_1_477' title='bbox 2464 2305 2854 2361; x_wconf 76' lang='lat' dir='ltr'>inaestimabili</span> <span class='ocrx_word' id='word_1_478' title='bbox 2889 2306 2987 2361; x_wconf 87' lang='lat' dir='ltr'>Dei</span> <span class='ocrx_word' id='word_1_479' title='bbox 3022 2306 3338 2362; x_wconf 87' lang='lat' dir='ltr'>clementia</span> <span class='ocrx_word' id='word_1_480' title='bbox 3378 2307 3582 2363; x_wconf 84' lang='lat' dir='ltr'>salvari</span> <span class='ocrx_word' id='word_1_481' title='bbox 3626 2323 3758 2380; x_wconf 81' lang='lat' dir='ltr'>posse</span> 
     </span>
    </p>
   </div>
   <div class='ocr_carea' id='block_1_69' title="bbox 2157 2394 3754 2467">
    <p class='ocr_par' dir='ltr' id='par_1_69' title="bbox 2157 2394 3754 2467">
     <span class='ocr_line' id='line_1_69' title="bbox 2157 2394 3754 2467; baseline 0.001 -17"><span class='ocrx_word' id='word_1_482' title='bbox 2157 2396 2404 2452; x_wconf 90' lang='lat' dir='ltr'>diffidat.</span> <span class='ocrx_word' id='word_1_483' title='bbox 2438 2396 2556 2451; x_wconf 87' lang='lat' dir='ltr'>Hoc</span> <span class='ocrx_word' id='word_1_484' title='bbox 2589 2412 2787 2451; x_wconf 90' lang='lat' dir='ltr'>eorum</span> <span class='ocrx_word' id='word_1_485' title='bbox 2821 2400 2910 2451; x_wconf 89' lang='lat' dir='ltr'>est</span> <span class='ocrx_word' id='word_1_486' title='bbox 2940 2394 3037 2467; x_wconf 89' lang='lat' dir='ltr'>qui</span> <span class='ocrx_word' id='word_1_487' title='bbox 3069 2399 3384 2452; x_wconf 89' lang='lat' dir='ltr'>transeunt</span> <span class='ocrx_word' id='word_1_488' title='bbox 3429 2396 3490 2451; x_wconf 89' lang='lat' dir='ltr'>in</span> <span class='ocrx_word' id='word_1_489' title='bbox 3533 2397 3754 2452; x_wconf 71' lang='lat' dir='ltr'>affectum</span> 
     </span>
    </p>
   </div>
   <div class='ocr_carea' id='block_1_70' title="bbox 2155 2483 3749 2558">
    <p class='ocr_par' dir='ltr' id='par_1_70' title="bbox 2155 2483 3749 2558">
     <span class='ocr_line' id='line_1_70' title="bbox 2155 2483 3749 2558; baseline -0.001 -18"><span class='ocrx_word' id='word_1_490' title='bbox 2155 2485 2481 2552; x_wconf 86' lang='lat' dir='ltr'>cordis,hoc</span> <span class='ocrx_word' id='word_1_491' title='bbox 2501 2483 2712 2557; x_wconf 90' lang='lat' dir='ltr'>est,qui</span> <span class='ocrx_word' id='word_1_492' title='bbox 2729 2483 2949 2540; x_wconf 88' lang='lat' dir='ltr'>malum</span> <span class='ocrx_word' id='word_1_493' title='bbox 2967 2502 3164 2540; x_wconf 87' lang='lat' dir='ltr'>amore</span> <span class='ocrx_word' id='word_1_494' title='bbox 3180 2484 3503 2541; x_wconf 90' lang='lat' dir='ltr'>insatiabili</span> <span class='ocrx_word' id='word_1_495' title='bbox 3523 2486 3749 2558; x_wconf 82' lang='lat' dir='ltr'>diligunt,</span> 
     </span>
    </p>
   </div>
   <div class='ocr_carea' id='block_1_71' title="bbox 2155 2572 3750 2631">
    <p class='ocr_par' dir='ltr' id='par_1_71' title="bbox 2155 2572 3750 2631">
     <span class='ocr_line' id='line_1_71' title="bbox 2155 2572 3750 2631; baseline -0.001 -1"><span class='ocrx_word' id='word_1_496' title='bbox 2155 2578 2212 2630; x_wconf 91' lang='lat' dir='ltr'>et</span> <span class='ocrx_word' id='word_1_497' title='bbox 2241 2574 2302 2629; x_wconf 91' lang='lat' dir='ltr'>in</span> <span class='ocrx_word' id='word_1_498' title='bbox 2334 2591 2399 2630; x_wconf 92' lang='lat' dir='ltr'>eo</span> <span class='ocrx_word' id='word_1_499' title='bbox 2429 2575 2640 2629; x_wconf 89' lang='lat' dir='ltr'>durare</span> <span class='ocrx_word' id='word_1_500' title='bbox 2670 2572 3135 2630; x_wconf 87' lang='lat' dir='ltr'>obstinatissima</span> <span class='ocrx_word' id='word_1_501' title='bbox 3182 2574 3506 2631; x_wconf 87' lang='lat' dir='ltr'>intentione</span> <span class='ocrx_word' id='word_1_502' title='bbox 3533 2575 3750 2631; x_wconf 84' lang='lat' dir='ltr'>decreve-</span> 
     </span>
    </p>
   </div>
   <div class='ocr_carea' id='block_1_72' title="bbox 2156 2662 3749 2735">
    <p class='ocr_par' dir='ltr' id='par_1_72' title="bbox 2156 2662 3749 2735">
     <span class='ocr_line' id='line_1_72' title="bbox 2156 2662 3749 2735; baseline -0.001 -18"><span class='ocrx_word' id='word_1_503' title='bbox 2156 2667 2313 2730; x_wconf 88' lang='lat' dir='ltr'>runt,</span> <span class='ocrx_word' id='word_1_504' title='bbox 2348 2667 2404 2718; x_wconf 89' lang='lat' dir='ltr'>et</span> <span class='ocrx_word' id='word_1_505' title='bbox 2436 2663 2495 2717; x_wconf 92' lang='lat' dir='ltr'>in</span> <span class='ocrx_word' id='word_1_506' title='bbox 2530 2663 2596 2734; x_wconf 76' lang='grc' dir='ltr'>(ε)</span> <span class='ocrx_word' id='word_1_507' title='bbox 2628 2662 3051 2735; x_wconf 87' lang='lat' dir='ltr'>desperationis</span> <span class='ocrx_word' id='word_1_508' title='bbox 3072 2662 3419 2719; x_wconf 84' lang='lat' dir='ltr'>barathrum</span> <span class='ocrx_word' id='word_1_509' title='bbox 3442 2662 3749 2719; x_wconf 87' lang='lat' dir='ltr'>irrevocabili</span> 
     </span>
    </p>
   </div>
   <div class='ocr_carea' id='block_1_73' title="bbox 2156 2752 3750 2824">
    <p class='ocr_par' dir='ltr' id='par_1_73' title="bbox 2156 2752 3750 2824">
     <span class='ocr_line' id='line_1_73' title="bbox 2156 2752 3750 2824; baseline -0.001 -18"><span class='ocrx_word' id='word_1_510' title='bbox 2156 2768 2218 2807; x_wconf 91' lang='lat' dir='ltr'>se</span> <span class='ocrx_word' id='word_1_511' title='bbox 2250 2752 2546 2823; x_wconf 85' lang='lat' dir='ltr'>impietate</span> <span class='ocrx_word' id='word_1_512' title='bbox 2594 2756 2947 2807; x_wconf 89' lang='lat' dir='ltr'>merserunt.</span> <span class='ocrx_word' id='word_1_513' title='bbox 2981 2752 3089 2817; x_wconf 89' lang='lat' dir='ltr'>Qui</span> <span class='ocrx_word' id='word_1_514' title='bbox 3139 2768 3273 2807; x_wconf 89' lang='lat' dir='ltr'>vero</span> <span class='ocrx_word' id='word_1_515' title='bbox 3324 2769 3389 2808; x_wconf 89' lang='lat' dir='ltr'>se</span> <span class='ocrx_word' id='word_1_516' title='bbox 3439 2753 3750 2824; x_wconf 89' lang='lat' dir='ltr'>redemptum</span> 
     </span>
    </p>
   </div>
   <div class='ocr_carea' id='block_1_74' title="bbox 2157 2839 3750 2913">
    <p class='ocr_par' dir='ltr' id='par_1_74' title="bbox 2157 2839 3750 2913">
     <span class='ocr_line' id='line_1_74' title="bbox 2157 2839 3750 2913; baseline 0 -18"><span class='ocrx_word' id='word_1_517' title='bbox 2157 2840 2367 2895; x_wconf 89' lang='lat' dir='ltr'>Christi</span> <span class='ocrx_word' id='word_1_518' title='bbox 2403 2839 2682 2912; x_wconf 90' lang='lat' dir='ltr'>sangaine</span> <span class='ocrx_word' id='word_1_519' title='bbox 2734 2844 2898 2895; x_wconf 88' lang='lat' dir='ltr'>tanto</span> <span class='ocrx_word' id='word_1_520' title='bbox 2947 2841 3132 2913; x_wconf 89' lang='lat' dir='ltr'>pretio</span> <span class='ocrx_word' id='word_1_521' title='bbox 3181 2842 3474 2907; x_wconf 90' lang='lat' dir='ltr'>meminit,</span> <span class='ocrx_word' id='word_1_522' title='bbox 3507 2841 3750 2896; x_wconf 89' lang='lat' dir='ltr'>initiatum</span> 
     </span>
    </p>
   </div>
   <div class='ocr_carea' id='block_1_75' title="bbox 2156 2929 3754 3001">
    <p class='ocr_par' dir='ltr' id='par_1_75' title="bbox 2156 2929 3754 3001">
     <span class='ocr_line' id='line_1_75' title="bbox 2156 2929 3754 3001; baseline -0.001 -17"><span class='ocrx_word' id='word_1_523' title='bbox 2156 2929 2507 3001; x_wconf 86' lang='lat' dir='ltr'>baptismate</span> <span class='ocrx_word' id='word_1_524' title='bbox 2532 2933 2695 2984; x_wconf 88' lang='lat' dir='ltr'>tanto</span> <span class='ocrx_word' id='word_1_525' title='bbox 2727 2933 2851 2983; x_wconf 89' lang='lat' dir='ltr'>sato</span> <span class='ocrx_word' id='word_1_526' title='bbox 2882 2933 3249 2984; x_wconf 87' lang='lat' dir='ltr'>sacramento</span> <span class='ocrx_word' id='word_1_527' title='bbox 3290 2946 3411 2986; x_wconf 89' lang='lat' dir='ltr'>non</span> <span class='ocrx_word' id='word_1_528' title='bbox 3444 2931 3633 2995; x_wconf 87' lang='lat' dir='ltr'>nescit,</span> <span class='ocrx_word' id='word_1_529' title='bbox 3662 2947 3754 3001; x_wconf 70' lang='lat' dir='ltr'>po:-</span> 
     </span>
    </p>
   </div>
   <div class='ocr_carea' id='block_1_76' title="bbox 2157 3016 3753 3092">
    <p class='ocr_par' dir='ltr' id='par_1_76' title="bbox 2157 3016 3753 3092">
     <span class='ocr_line' id='line_1_76' title="bbox 2157 3016 3753 3092; baseline -0.002 -19"><span class='ocrx_word' id='word_1_530' title='bbox 2157 3017 2413 3073; x_wconf 70' lang='lat' dir='ltr'>nitentiaa</span> <span class='ocrx_word' id='word_1_531' title='bbox 2447 3017 2670 3072; x_wconf 90' lang='lat' dir='ltr'>aditum</span> <span class='ocrx_word' id='word_1_532' title='bbox 2685 3033 2803 3071; x_wconf 70' lang='lat' dir='ltr'>suae</span> <span class='ocrx_word' id='word_1_533' title='bbox 2833 3016 3041 3072; x_wconf 89' lang='lat' dir='ltr'>salutis</span> <span class='ocrx_word' id='word_1_534' title='bbox 3054 3023 3469 3090; x_wconf 87' lang='lat' dir='ltr'>argumentum</span> <span class='ocrx_word' id='word_1_535' title='bbox 3483 3022 3753 3092; x_wconf 84' lang='lat' dir='ltr'>paterenon</span> 
     </span>
    </p>
   </div>
   <div class='ocr_carea' id='block_1_77' title="bbox 2156 3106 3753 3179">
    <p class='ocr_par' dir='ltr' id='par_1_77' title="bbox 2156 3106 3753 3179">
     <span class='ocr_line' id='line_1_77' title="bbox 2156 3106 3753 3179; baseline -0.002 -17"><span class='ocrx_word' id='word_1_536' title='bbox 2156 3106 2405 3175; x_wconf 88' lang='lat' dir='ltr'>dubitat,</span> <span class='ocrx_word' id='word_1_537' title='bbox 2440 3123 2562 3175; x_wconf 89' lang='lat' dir='ltr'>cur,</span> <span class='ocrx_word' id='word_1_538' title='bbox 2597 3123 2816 3179; x_wconf 67' lang='lat' dir='ltr'>quaeso,</span> <span class='ocrx_word' id='word_1_539' title='bbox 2851 3107 3046 3179; x_wconf 88' lang='lat' dir='ltr'>potius</span> <span class='ocrx_word' id='word_1_540' title='bbox 3076 3106 3258 3163; x_wconf 88' lang='lat' dir='ltr'>tantis</span> <span class='ocrx_word' id='word_1_541' title='bbox 3299 3108 3590 3164; x_wconf 86' lang='lat' dir='ltr'>beneficiis</span> <span class='ocrx_word' id='word_1_542' title='bbox 3630 3106 3753 3162; x_wconf 84' lang='lat' dir='ltr'>nullo</span> 
     </span>
    </p>
   </div>
   <div class='ocr_carea' id='block_1_78' title="bbox 2156 3194 3753 3269">
    <p class='ocr_par' dir='ltr' id='par_1_78' title="bbox 2156 3194 3753 3269">
     <span class='ocr_line' id='line_1_78' title="bbox 2156 3194 3753 3269; baseline -0.003 -17"><span class='ocrx_word' id='word_1_543' title='bbox 2156 3213 2262 3252; x_wconf 90' lang='lat' dir='ltr'>suo</span> <span class='ocrx_word' id='word_1_544' title='bbox 2294 3195 2499 3250; x_wconf 90' lang='lat' dir='ltr'>merito</span> <span class='ocrx_word' id='word_1_545' title='bbox 2531 3194 2643 3251; x_wconf 90' lang='lat' dir='ltr'>nisi</span> <span class='ocrx_word' id='word_1_546' title='bbox 2675 3195 2851 3263; x_wconf 89' lang='lat' dir='ltr'>malo,</span> <span class='ocrx_word' id='word_1_547' title='bbox 2887 3213 3002 3250; x_wconf 90' lang='lat' dir='ltr'>non</span> <span class='ocrx_word' id='word_1_548' title='bbox 3037 3195 3372 3252; x_wconf 88' lang='lat' dir='ltr'>indefessus</span> <span class='ocrx_word' id='word_1_549' title='bbox 3422 3196 3688 3269; x_wconf 88' lang='lat' dir='ltr'>implorat,</span> <span class='ocrx_word' id='word_1_550' title='bbox 3708 3200 3753 3249; x_wconf 82' lang='lat' dir='ltr'>ut</span> 
     </span>
    </p>
   </div>
   <div class='ocr_carea' id='block_1_79' title="bbox 2156 3280 3754 3357">
    <p class='ocr_par' dir='ltr' id='par_1_79' title="bbox 2156 3280 3754 3357">
     <span class='ocr_line' id='line_1_79' title="bbox 2156 3280 3754 3357; baseline -0.001 -17"><span class='ocrx_word' id='word_1_551' title='bbox 2156 3284 2330 3340; x_wconf 81' lang='lat' dir='ltr'>etiam</span> <span class='ocrx_word' id='word_1_552' title='bbox 2355 3288 2411 3338; x_wconf 89' lang='lat' dir='ltr'>et</span> <span class='ocrx_word' id='word_1_553' title='bbox 2443 3284 2660 3339; x_wconf 91' lang='lat' dir='ltr'>bonum</span> <span class='ocrx_word' id='word_1_554' title='bbox 2694 3284 2968 3339; x_wconf 88' lang='lat' dir='ltr'>meritum</span> <span class='ocrx_word' id='word_1_555' title='bbox 3004 3301 3037 3338; x_wconf 90' lang='lat' dir='ltr'>a</span> <span class='ocrx_word' id='word_1_556' title='bbox 3056 3280 3182 3340; x_wconf 87' lang='lat' dir='ltr'>Deo</span> <span class='ocrx_word' id='word_1_557' title='bbox 3212 3289 3270 3340; x_wconf 91' lang='lat' dir='ltr'>et</span> <span class='ocrx_word' id='word_1_558' title='bbox 3299 3301 3431 3357; x_wconf 69' lang='lat' dir='ltr'>quas</span> <span class='ocrx_word' id='word_1_559' title='bbox 3454 3286 3651 3340; x_wconf 88' lang='lat' dir='ltr'>bonum</span> <span class='ocrx_word' id='word_1_560' title='bbox 3667 3300 3754 3339; x_wconf 87' lang='lat' dir='ltr'>me-</span> 
     </span>
    </p>
   </div>
   <div class='ocr_carea' id='block_1_80' title="bbox 2155 3371 3750 3446">
    <p class='ocr_par' dir='ltr' id='par_1_80' title="bbox 2155 3371 3750 3446">
     <span class='ocr_line' id='line_1_80' title="bbox 2155 3371 3750 3446; baseline -0.001 -18"><span class='ocrx_word' id='word_1_561' title='bbox 2155 3371 2329 3428; x_wconf 90' lang='lat' dir='ltr'>ritum</span> <span class='ocrx_word' id='word_1_562' title='bbox 2389 3379 2832 3444; x_wconf 89' lang='lat' dir='ltr'>consequuntur</span> <span class='ocrx_word' id='word_1_563' title='bbox 2875 3372 3170 3444; x_wconf 85' lang='lat' dir='ltr'>accipiat?</span> <span class='ocrx_word' id='word_1_564' title='bbox 3198 3373 3315 3428; x_wconf 87' lang='lat' dir='ltr'>Cur</span> <span class='ocrx_word' id='word_1_565' title='bbox 3366 3391 3429 3429; x_wconf 91' lang='lat' dir='ltr'>se</span> <span class='ocrx_word' id='word_1_566' title='bbox 3471 3389 3750 3446; x_wconf 84' lang='lat' dir='ltr'>regressum</span> 
     </span>
    </p>
   </div>
   <div class='ocr_carea' id='block_1_81' title="bbox 2156 3459 3751 3535">
    <p class='ocr_par' dir='ltr' id='par_1_81' title="bbox 2156 3459 3751 3535">
     <span class='ocr_line' id='line_1_81' title="bbox 2156 3459 3751 3535; baseline 0.001 -20"><span class='ocrx_word' id='word_1_567' title='bbox 2156 3461 2370 3516; x_wconf 90' lang='lat' dir='ltr'>habere</span> <span class='ocrx_word' id='word_1_568' title='bbox 2402 3462 2544 3516; x_wconf 92' lang='lat' dir='ltr'>dum</span> <span class='ocrx_word' id='word_1_569' title='bbox 2575 3460 2667 3517; x_wconf 90' lang='lat' dir='ltr'>hic</span> <span class='ocrx_word' id='word_1_570' title='bbox 2698 3459 2837 3516; x_wconf 89' lang='lat' dir='ltr'>vivit</span> <span class='ocrx_word' id='word_1_571' title='bbox 2868 3463 3157 3533; x_wconf 86' lang='lat' dir='ltr'>desperat,</span> <span class='ocrx_word' id='word_1_572' title='bbox 3191 3478 3327 3517; x_wconf 90' lang='lat' dir='ltr'>cum</span> <span class='ocrx_word' id='word_1_573' title='bbox 3361 3462 3551 3535; x_wconf 90' lang='lat' dir='ltr'>potius</span> <span class='ocrx_word' id='word_1_574' title='bbox 3590 3462 3651 3517; x_wconf 89' lang='lat' dir='ltr'>de</span> <span class='ocrx_word' id='word_1_575' title='bbox 3676 3462 3751 3516; x_wconf 87' lang='lat' dir='ltr'>bo-</span> 
     </span>
    </p>
   </div>
   <div class='ocr_carea' id='block_1_82' title="bbox 2155 3548 3751 3621">
    <p class='ocr_par' dir='ltr' id='par_1_82' title="bbox 2155 3548 3751 3621">
     <span class='ocr_line' id='line_1_82' title="bbox 2155 3548 3751 3621; baseline -0.001 -18"><span class='ocrx_word' id='word_1_576' title='bbox 2155 3548 2337 3604; x_wconf 89' lang='lat' dir='ltr'>nitate</span> <span class='ocrx_word' id='word_1_577' title='bbox 2369 3548 2468 3604; x_wconf 91' lang='lat' dir='ltr'>Dei</span> <span class='ocrx_word' id='word_1_578' title='bbox 2517 3564 2867 3621; x_wconf 69' lang='lat' dir='ltr'>praasumere</span> <span class='ocrx_word' id='word_1_579' title='bbox 2898 3549 3123 3613; x_wconf 88' lang='lat' dir='ltr'>debeat,</span> <span class='ocrx_word' id='word_1_580' title='bbox 3159 3550 3312 3621; x_wconf 91' lang='lat' dir='ltr'>quod</span> <span class='ocrx_word' id='word_1_581' title='bbox 3370 3551 3496 3605; x_wconf 91' lang='lat' dir='ltr'>ideo</span> <span class='ocrx_word' id='word_1_582' title='bbox 3538 3549 3671 3604; x_wconf 86' lang='lat' dir='ltr'>vivat</span> <span class='ocrx_word' id='word_1_583' title='bbox 3704 3553 3751 3603; x_wconf 89' lang='lat' dir='ltr'>ut</span> 
     </span>
    </p>
   </div>
   <div class='ocr_carea' id='block_1_83' title="bbox 2154 3637 3752 3711">
    <p class='ocr_par' dir='ltr' id='par_1_83' title="bbox 2154 3637 3752 3711">
     <span class='ocr_line' id='line_1_83' title="bbox 2154 3637 3752 3711; baseline -0.001 -18"><span class='ocrx_word' id='word_1_584' title='bbox 2154 3637 2536 3709; x_wconf 89' lang='lat' dir='ltr'>semetipsum</span> <span class='ocrx_word' id='word_1_585' title='bbox 2567 3638 2803 3693; x_wconf 86' lang='lat' dir='ltr'>tandem</span> <span class='ocrx_word' id='word_1_586' title='bbox 2836 3637 3152 3708; x_wconf 88' lang='lat' dir='ltr'>aliquando</span> <span class='ocrx_word' id='word_1_587' title='bbox 3183 3638 3611 3711; x_wconf 65' lang='lat' dir='ltr'>corrigatiouis</span> <span class='ocrx_word' id='word_1_588' title='bbox 3636 3639 3752 3692; x_wconf 79' lang='lat' dir='ltr'>inte-</span> 
     </span>
    </p>
   </div>
   <div class='ocr_carea' id='block_1_84' title="bbox 2153 3724 3751 3800">
    <p class='ocr_par' dir='ltr' id='par_1_84' title="bbox 2153 3724 3751 3800">
     <span class='ocr_line' id='line_1_84' title="bbox 2153 3724 3751 3800; baseline -0.003 -19"><span class='ocrx_word' id='word_1_589' title='bbox 2153 3744 2254 3799; x_wconf 91' lang='lat' dir='ltr'>gre</span> <span class='ocrx_word' id='word_1_590' title='bbox 2285 3744 2545 3798; x_wconf 87' lang='lat' dir='ltr'>unquam</span> <span class='ocrx_word' id='word_1_591' title='bbox 2575 3744 2809 3799; x_wconf 89' lang='lat' dir='ltr'>sperare</span> <span class='ocrx_word' id='word_1_592' title='bbox 2839 3727 2898 3782; x_wconf 90' lang='lat' dir='ltr'>in</span> <span class='ocrx_word' id='word_1_593' title='bbox 2931 3727 3176 3783; x_wconf 91' lang='lat' dir='ltr'>Domino</span> <span class='ocrx_word' id='word_1_594' title='bbox 3216 3729 3429 3799; x_wconf 89' lang='lat' dir='ltr'>potuit,</span> <span class='ocrx_word' id='word_1_595' title='bbox 3461 3745 3559 3783; x_wconf 88' lang='lat' dir='ltr'>nec</span> <span class='ocrx_word' id='word_1_596' title='bbox 3606 3724 3751 3800; x_wconf 87' lang='lat' dir='ltr'>potuit</span> 
     </span>
    </p>
   </div>
   <div class='ocr_carea' id='block_1_85' title="bbox 2154 3813 3749 3889">
    <p class='ocr_par' dir='ltr' id='par_1_85' title="bbox 2154 3813 3749 3889">
     <span class='ocr_line' id='line_1_85' title="bbox 2154 3813 3749 3889; baseline -0.004 -17"><span class='ocrx_word' id='word_1_597' title='bbox 2154 3818 2226 3872; x_wconf 89' lang='lat' dir='ltr'>ad</span> <span class='ocrx_word' id='word_1_598' title='bbox 2267 3816 2496 3871; x_wconf 87' lang='lat' dir='ltr'>veniam</span> <span class='ocrx_word' id='word_1_599' title='bbox 2547 3816 2891 3888; x_wconf 78' lang='lat' dir='ltr'>pervenire?</span> <span class='ocrx_word' id='word_1_600' title='bbox 2940 3817 3062 3870; x_wconf 90' lang='lat' dir='ltr'>Imo</span> <span class='ocrx_word' id='word_1_601' title='bbox 3109 3833 3215 3872; x_wconf 92' lang='lat' dir='ltr'>suo</span> <span class='ocrx_word' id='word_1_602' title='bbox 3277 3818 3529 3889; x_wconf 87' lang='lat' dir='ltr'>quisque</span> <span class='ocrx_word' id='word_1_603' title='bbox 3571 3813 3749 3888; x_wconf 88' lang='lat' dir='ltr'>judicio</span> 
     </span>
    </p>
   </div>
   <div class='ocr_carea' id='block_1_86' title="bbox 2152 3904 3750 3977">
    <p class='ocr_par' dir='ltr' id='par_1_86' title="bbox 2152 3904 3750 3977">
     <span class='ocr_line' id='line_1_86' title="bbox 2152 3904 3750 3977; baseline -0.003 -16"><span class='ocrx_word' id='word_1_604' title='bbox 2152 3906 2469 3961; x_wconf 87' lang='lat' dir='ltr'>damnatus</span> <span class='ocrx_word' id='word_1_605' title='bbox 2501 3904 2685 3977; x_wconf 86' lang='lat' dir='ltr'>fugiat</span> <span class='ocrx_word' id='word_1_606' title='bbox 2716 3921 2749 3959; x_wconf 88' lang='lat' dir='ltr'>a</span> <span class='ocrx_word' id='word_1_607' title='bbox 2777 3904 2891 3960; x_wconf 89' lang='lat' dir='ltr'>Deo</span> <span class='ocrx_word' id='word_1_608' title='bbox 2917 3906 2987 3960; x_wconf 89' lang='lat' dir='ltr'>ad</span> <span class='ocrx_word' id='word_1_609' title='bbox 3020 3905 3307 3973; x_wconf 90' lang='lat' dir='ltr'>Deum,ab</span> <span class='ocrx_word' id='word_1_610' title='bbox 3340 3906 3489 3961; x_wconf 87' lang='lat' dir='ltr'>irato</span> <span class='ocrx_word' id='word_1_611' title='bbox 3512 3906 3639 3961; x_wconf 88' lang='lat' dir='ltr'>dum</span> <span class='ocrx_word' id='word_1_612' title='bbox 3659 3918 3750 3975; x_wconf 83' lang='lat' dir='ltr'>pec-</span> 
     </span>
    </p>
   </div>
   <div class='ocr_carea' id='block_1_87' title="bbox 2152 3992 3749 4066">
    <p class='ocr_par' dir='ltr' id='par_1_87' title="bbox 2152 3992 3749 4066">
     <span class='ocr_line' id='line_1_87' title="bbox 2152 3992 3749 4066; baseline -0.004 -17"><span class='ocrx_word' id='word_1_613' title='bbox 2152 3998 2264 4060; x_wconf 87' lang='lat' dir='ltr'>cat,</span> <span class='ocrx_word' id='word_1_614' title='bbox 2310 3994 2381 4048; x_wconf 87' lang='lat' dir='ltr'>ad</span> <span class='ocrx_word' id='word_1_615' title='bbox 2428 3993 2725 4066; x_wconf 88' lang='lat' dir='ltr'>placatum</span> <span class='ocrx_word' id='word_1_616' title='bbox 2776 3993 2916 4048; x_wconf 92' lang='lat' dir='ltr'>dum</span> <span class='ocrx_word' id='word_1_617' title='bbox 2967 3994 3227 4065; x_wconf 82' lang='lat' dir='ltr'>pcnnitet.</span> <span class='ocrx_word' id='word_1_618' title='bbox 3276 3994 3508 4050; x_wconf 82' lang='lat' dir='ltr'>Revelet</span> <span class='ocrx_word' id='word_1_619' title='bbox 3553 3992 3749 4049; x_wconf 88' lang='lat' dir='ltr'>Domino</span> 
     </span>
    </p>
   </div>
   <div class='ocr_carea' id='block_1_88' title="bbox 2150 4080 3749 4155">
    <p class='ocr_par' dir='ltr' id='par_1_88' title="bbox 2150 4080 3749 4155">
     <span class='ocr_line' id='line_1_88' title="bbox 2150 4080 3749 4155; baseline -0.002 -17"><span class='ocrx_word' id='word_1_620' title='bbox 2150 4083 2304 4138; x_wconf 81' lang='lat' dir='ltr'>viam</span> <span class='ocrx_word' id='word_1_621' title='bbox 2338 4099 2529 4146; x_wconf 88' lang='lat' dir='ltr'>suam,</span> <span class='ocrx_word' id='word_1_622' title='bbox 2563 4086 2619 4137; x_wconf 90' lang='lat' dir='ltr'>et</span> <span class='ocrx_word' id='word_1_623' title='bbox 2645 4086 2836 4153; x_wconf 87' lang='lat' dir='ltr'>speret</span> <span class='ocrx_word' id='word_1_624' title='bbox 2865 4082 2923 4136; x_wconf 91' lang='lat' dir='ltr'>in</span> <span class='ocrx_word' id='word_1_625' title='bbox 2958 4099 3114 4149; x_wconf 90' lang='lat' dir='ltr'>eum,</span> <span class='ocrx_word' id='word_1_626' title='bbox 3147 4088 3203 4138; x_wconf 91' lang='lat' dir='ltr'>et</span> <span class='ocrx_word' id='word_1_627' title='bbox 3250 4082 3378 4155; x_wconf 90' lang='lat' dir='ltr'>ipse</span> <span class='ocrx_word' id='word_1_628' title='bbox 3425 4083 3601 4148; x_wconf 84' lang='lat' dir='ltr'>faciet,</span> <span class='ocrx_word' id='word_1_629' title='bbox 3632 4080 3749 4137; x_wconf 70' lang='grc'>284</span> 
     </span>
    </p>
   </div>
   <div class='ocr_carea' id='block_1_89' title="bbox 2152 4169 3750 4244">
    <p class='ocr_par' dir='ltr' id='par_1_89' title="bbox 2152 4169 3750 4244">
     <span class='ocr_line' id='line_1_89' title="bbox 2152 4169 3750 4244; baseline -0.004 -18"><span class='ocrx_word' id='word_1_630' title='bbox 2152 4171 2377 4227; x_wconf 90' lang='lat' dir='ltr'>scilicet</span> <span class='ocrx_word' id='word_1_631' title='bbox 2409 4174 2472 4225; x_wconf 88' lang='lat' dir='ltr'>ut</span> <span class='ocrx_word' id='word_1_632' title='bbox 2504 4169 2659 4225; x_wconf 89' lang='lat' dir='ltr'>mala</span> <span class='ocrx_word' id='word_1_633' title='bbox 2689 4169 2858 4241; x_wconf 85' lang='lat' dir='ltr'>plena</span> <span class='ocrx_word' id='word_1_634' title='bbox 2888 4171 3200 4236; x_wconf 88' lang='lat' dir='ltr'>deserat,et</span> <span class='ocrx_word' id='word_1_635' title='bbox 3220 4172 3378 4227; x_wconf 86' lang='lat' dir='ltr'>bona</span> <span class='ocrx_word' id='word_1_636' title='bbox 3396 4171 3750 4244; x_wconf 87' lang='lat' dir='ltr'>jamardenter</span> 
     </span>
    </p>
   </div>
   <div class='ocr_carea' id='block_1_90' title="bbox 2153 4254 3745 4333">
    <p class='ocr_par' dir='ltr' id='par_1_90' title="bbox 2153 4254 3745 4333">
     <span class='ocr_line' id='line_1_90' title="bbox 2153 4254 3745 4333; baseline -0.004 -19"><span class='ocrx_word' id='word_1_637' title='bbox 2153 4277 2219 4315; x_wconf 90' lang='lat' dir='ltr'>ac</span> <span class='ocrx_word' id='word_1_638' title='bbox 2248 4258 2666 4315; x_wconf 84' lang='lat' dir='ltr'>delectabiliter</span> <span class='ocrx_word' id='word_1_639' title='bbox 2706 4258 3103 4330; x_wconf 87' lang='lat' dir='ltr'>apprehendat</span> <span class='ocrx_word' id='word_1_640' title='bbox 3145 4259 3245 4316; x_wconf 91' lang='lat' dir='ltr'>llle</span> <span class='ocrx_word' id='word_1_641' title='bbox 3295 4278 3415 4316; x_wconf 91' lang='lat' dir='ltr'>non</span> <span class='ocrx_word' id='word_1_642' title='bbox 3464 4263 3637 4333; x_wconf 88' lang='lat' dir='ltr'>potest</span> <span class='ocrx_word' id='word_1_643' title='bbox 3672 4254 3745 4311; x_wconf 82' lang='lat' dir='ltr'>Dei</span> 
     </span>
    </p>
   </div>
   <div class='ocr_carea' id='block_1_91' title="bbox 2152 4347 3746 4422">
    <p class='ocr_par' dir='ltr' id='par_1_91' title="bbox 2152 4347 3746 4422">
     <span class='ocr_line' id='line_1_91' title="bbox 2152 4347 3746 4422; baseline -0.002 -18"><span class='ocrx_word' id='word_1_644' title='bbox 2152 4347 2615 4404; x_wconf 90' lang='lat' dir='ltr'>misericordiam</span> <span class='ocrx_word' id='word_1_645' title='bbox 2650 4348 2927 4420; x_wconf 89' lang='lat' dir='ltr'>consequi</span> <span class='ocrx_word' id='word_1_646' title='bbox 2956 4349 3054 4420; x_wconf 88' lang='lat' dir='ltr'>qui</span> <span class='ocrx_word' id='word_1_647' title='bbox 3086 4349 3144 4403; x_wconf 90' lang='lat' dir='ltr'>in</span> <span class='ocrx_word' id='word_1_648' title='bbox 3177 4348 3277 4404; x_wconf 91' lang='lat' dir='ltr'>illo</span> <span class='ocrx_word' id='word_1_649' title='bbox 3308 4365 3543 4422; x_wconf 88' lang='lat' dir='ltr'>sperare</span> <span class='ocrx_word' id='word_1_650' title='bbox 3560 4364 3657 4404; x_wconf 89' lang='lat' dir='ltr'>non</span> <span class='ocrx_word' id='word_1_651' title='bbox 3674 4360 3746 4417; x_wconf 87' lang='lat' dir='ltr'>po-</span> 
     </span>
    </p>
   </div>
   <div class='ocr_carea' id='block_1_92' title="bbox 2148 4433 3743 4510">
    <p class='ocr_par' dir='ltr' id='par_1_92' title="bbox 2148 4433 3743 4510">
     <span class='ocr_line' id='line_1_92' title="bbox 2148 4433 3743 4510; baseline 0.001 -17"><span class='ocrx_word' id='word_1_652' title='bbox 2148 4442 2280 4493; x_wconf 91' lang='lat' dir='ltr'>test.</span> <span class='ocrx_word' id='word_1_653' title='bbox 2331 4438 2477 4493; x_wconf 89' lang='lat' dir='ltr'>Nam</span> <span class='ocrx_word' id='word_1_654' title='bbox 2536 4444 2842 4508; x_wconf 76' lang='lat' dir='ltr'>sperantem</span> <span class='ocrx_word' id='word_1_655' title='bbox 2890 4439 2949 4492; x_wconf 86' lang='lat' dir='ltr'>in</span> <span class='ocrx_word' id='word_1_656' title='bbox 2996 4439 3243 4505; x_wconf 87' lang='lat' dir='ltr'>Domino,</span> <span class='ocrx_word' id='word_1_657' title='bbox 3296 4443 3362 4493; x_wconf 90' lang='lat' dir='ltr'>ut</span> <span class='ocrx_word' id='word_1_658' title='bbox 3418 4439 3538 4510; x_wconf 88' lang='lat' dir='ltr'>ipse</span> <span class='ocrx_word' id='word_1_659' title='bbox 3584 4433 3743 4507; x_wconf 73' lang='lat' dir='ltr'>aperit.</span> 
     </span>
    </p>
   </div>
   <div class='ocr_carea' id='block_1_93' title="bbox 2147 4521 3743 4598">
    <p class='ocr_par' dir='ltr' id='par_1_93' title="bbox 2147 4521 3743 4598">
     <span class='ocr_line' id='line_1_93' title="bbox 2147 4521 3743 4598; baseline -0.004 -16"><span class='ocrx_word' id='word_1_660' title='bbox 2147 4525 2525 4582; x_wconf 71' lang='lat' dir='ltr'>misericordia</span> <span class='ocrx_word' id='word_1_661' title='bbox 2554 4525 2933 4581; x_wconf 80' lang='lat' dir='ltr'>circumdabit.</span> <span class='ocrx_word' id='word_1_662' title='bbox 2968 4525 3013 4581; x_wconf 90' lang='grc' dir='ltr'>Ο</span> <span class='ocrx_word' id='word_1_663' title='bbox 3049 4543 3225 4598; x_wconf 88' lang='lat' dir='ltr'>quam</span> <span class='ocrx_word' id='word_1_664' title='bbox 3258 4532 3449 4583; x_wconf 89' lang='lat' dir='ltr'>tutum</span> <span class='ocrx_word' id='word_1_665' title='bbox 3502 4529 3582 4582; x_wconf 88' lang='lat' dir='ltr'>est</span> <span class='ocrx_word' id='word_1_666' title='bbox 3615 4521 3743 4579; x_wconf 86' lang='lat' dir='ltr'>nobis</span> 
     </span>
    </p>
   </div>
   <div class='ocr_carea' id='block_1_94' title="bbox 394 4612 3742 4695">
    <p class='ocr_par' dir='ltr' id='par_1_94' title="bbox 394 4612 3742 4695">
     <span class='ocr_line' id='line_1_94' title="bbox 394 4612 3742 4695; baseline -0.001 -24"><span class='ocrx_word' id='word_1_667' title='bbox 394 4613 644 4671; x_wconf 85' lang='lat' dir='ltr'>exclusis</span> <span class='ocrx_word' id='word_1_668' title='bbox 676 4612 876 4669; x_wconf 86' lang='lat' dir='ltr'>nullus</span> <span class='ocrx_word' id='word_1_669' title='bbox 908 4612 1147 4669; x_wconf 88' lang='lat' dir='ltr'>omnino</span> <span class='ocrx_word' id='word_1_670' title='bbox 1179 4616 1338 4684; x_wconf 84' lang='lat' dir='ltr'>patet</span> <span class='ocrx_word' id='word_1_671' title='bbox 1370 4612 1598 4667; x_wconf 86' lang='lat' dir='ltr'>reditus</span> <span class='ocrx_word' id='word_1_672' title='bbox 1648 4613 1719 4667; x_wconf 90' lang='lat' dir='ltr'>ad</span> <span class='ocrx_word' id='word_1_673' title='bbox 1768 4614 2037 4671; x_wconf 89' lang='lat' dir='ltr'>salutem.</span> <span class='ocrx_word' id='word_1_674' title='bbox 2070 4631 2119 4695; x_wconf 83' lang='lat' dir='ltr'><strong>D</strong></span> <span class='ocrx_word' id='word_1_675' title='bbox 2151 4614 2208 4669; x_wconf 89' lang='lat' dir='ltr'>in</span> <span class='ocrx_word' id='word_1_676' title='bbox 2242 4613 2341 4670; x_wconf 90' lang='lat' dir='ltr'>Dei</span> <span class='ocrx_word' id='word_1_677' title='bbox 2389 4613 2602 4686; x_wconf 80' lang='lat' dir='ltr'>pietate</span> <span class='ocrx_word' id='word_1_678' title='bbox 2650 4613 3015 4686; x_wconf 86' lang='lat' dir='ltr'>perfugium!</span> <span class='ocrx_word' id='word_1_679' title='bbox 3052 4615 3294 4670; x_wconf 89' lang='lat' dir='ltr'>Paratus</span> <span class='ocrx_word' id='word_1_680' title='bbox 3324 4620 3414 4671; x_wconf 88' lang='lat' dir='ltr'>est</span> <span class='ocrx_word' id='word_1_681' title='bbox 3460 4615 3603 4670; x_wconf 87' lang='lat' dir='ltr'>Deus</span> <span class='ocrx_word' id='word_1_682' title='bbox 3642 4627 3742 4683; x_wconf 78' lang='lat' dir='ltr'>par-</span> 
     </span>
    </p>
   </div>
   <div class='ocr_carea' id='block_1_95' title="bbox 394 4699 2044 4775">
    <p class='ocr_par' dir='ltr' id='par_1_95' title="bbox 394 4699 2044 4775">
     <span class='ocr_line' id='line_1_95' title="bbox 394 4699 2044 4775; baseline -0.001 -16"><span class='ocrx_word' id='word_1_683' title='bbox 394 4703 474 4759; x_wconf 89' lang='lat' dir='ltr'>De</span> <span class='ocrx_word' id='word_1_684' title='bbox 504 4702 597 4758; x_wconf 91' lang='lat' dir='ltr'>his</span> <span class='ocrx_word' id='word_1_685' title='bbox 626 4701 1198 4775; x_wconf 72' lang='lat' dir='ltr'>prazdestinationem</span> <span class='ocrx_word' id='word_1_686' title='bbox 1233 4699 1332 4755; x_wconf 93' lang='lat' dir='ltr'>Dei</span> <span class='ocrx_word' id='word_1_687' title='bbox 1365 4700 1481 4755; x_wconf 91' lang='lat' dir='ltr'>dici</span> <span class='ocrx_word' id='word_1_688' title='bbox 1514 4700 1755 4756; x_wconf 90' lang='lat' dir='ltr'>horrent</span> <span class='ocrx_word' id='word_1_689' title='bbox 1784 4703 2044 4775; x_wconf 88' lang='lat' dir='ltr'>plerique</span> 
     </span>
    </p>
   </div>
   <div class='ocr_carea' id='block_1_96' title="bbox 393 4788 2044 4864">
    <p class='ocr_par' dir='ltr' id='par_1_96' title="bbox 393 4788 2044 4864">
     <span class='ocr_line' id='line_1_96' title="bbox 393 4788 2044 4864; baseline -0.001 -16"><span class='ocrx_word' id='word_1_690' title='bbox 393 4795 567 4864; x_wconf 88' lang='lat' dir='ltr'>atque</span> <span class='ocrx_word' id='word_1_691' title='bbox 597 4790 915 4862; x_wconf 88' lang='lat' dir='ltr'>refugiunt,</span> <span class='ocrx_word' id='word_1_692' title='bbox 940 4790 1000 4844; x_wconf 92' lang='lat' dir='ltr'>in</span> <span class='ocrx_word' id='word_1_693' title='bbox 1033 4789 1250 4860; x_wconf 88' lang='lat' dir='ltr'>quibus</span> <span class='ocrx_word' id='word_1_694' title='bbox 1278 4791 1335 4842; x_wconf 90' lang='lat' dir='ltr'>et</span> <span class='ocrx_word' id='word_1_695' title='bbox 1364 4788 1631 4859; x_wconf 79' lang='lat' dir='ltr'>quaedam</span> <span class='ocrx_word' id='word_1_696' title='bbox 1667 4789 1736 4860; x_wconf 91' lang='lat' dir='ltr'>(b)</span> <span class='ocrx_word' id='word_1_697' title='bbox 1770 4792 2044 4862; x_wconf 68' lang='lat' dir='ltr'>praeclara</span> 
     </span>
    </p>
   </div>
   <div class='ocr_carea' id='block_1_97' title="bbox 395 4876 2044 4945">
    <p class='ocr_par' dir='ltr' id='par_1_97' title="bbox 395 4876 2044 4945">
     <span class='ocr_line' id='line_1_97' title="bbox 395 4876 2044 4945; baseline 0.001 -10"><span class='ocrx_word' id='word_1_698' title='bbox 395 4878 715 4935; x_wconf 86' lang='lat' dir='ltr'>Praesulum</span> <span class='ocrx_word' id='word_1_699' title='bbox 744 4876 1218 4945; x_wconf 89' lang='lat' dir='ltr'>lumina,seilicet</span> <span class='ocrx_word' id='word_1_700' title='bbox 1247 4893 1317 4932; x_wconf 91' lang='lat' dir='ltr'>ne</span> <span class='ocrx_word' id='word_1_701' title='bbox 1331 4876 1602 4932; x_wconf 90' lang='lat' dir='ltr'>credatur</span> <span class='ocrx_word' id='word_1_702' title='bbox 1624 4878 1778 4933; x_wconf 90' lang='lat' dir='ltr'>Deus</span> <span class='ocrx_word' id='word_1_703' title='bbox 1801 4879 2044 4937; x_wconf 87' lang='lat' dir='ltr'>libidine</span> 
     </span>
    </p>
   </div>
   <div class='ocr_carea' id='block_1_98' title="bbox 395 4963 2042 5042">
    <p class='ocr_par' dir='ltr' id='par_1_98' title="bbox 395 4963 2042 5042">
     <span class='ocr_line' id='line_1_98' title="bbox 395 4963 2042 5042; baseline 0.001 -18"><span class='ocrx_word' id='word_1_704' title='bbox 395 4968 674 5042; x_wconf 88' lang='lat' dir='ltr'>puniendi</span> <span class='ocrx_word' id='word_1_705' title='bbox 708 4967 937 5040; x_wconf 88' lang='lat' dir='ltr'>aliquos</span> <span class='ocrx_word' id='word_1_706' title='bbox 968 4964 1299 5022; x_wconf 87' lang='lat' dir='ltr'>condidisse</span> <span class='ocrx_word' id='word_1_707' title='bbox 1322 4969 1380 5020; x_wconf 92' lang='lat' dir='ltr'>et</span> <span class='ocrx_word' id='word_1_708' title='bbox 1406 4963 1624 5037; x_wconf 87' lang='lat' dir='ltr'>injuste</span> <span class='ocrx_word' id='word_1_709' title='bbox 1647 4967 1926 5025; x_wconf 85' lang='lat' dir='ltr'>damnare</span> <span class='ocrx_word' id='word_1_710' title='bbox 1943 4985 2042 5026; x_wconf 89' lang='lat' dir='ltr'>eos</span> 
     </span>
    </p>
   </div>
   <div class='ocr_carea' id='block_1_99' title="bbox 396 5054 2043 5130">
    <p class='ocr_par' dir='ltr' id='par_1_99' title="bbox 396 5054 2043 5130">
     <span class='ocr_line' id='line_1_99' title="bbox 396 5054 2043 5130; baseline 0.001 -18"><span class='ocrx_word' id='word_1_711' title='bbox 396 5057 496 5130; x_wconf 90' lang='lat' dir='ltr'>qui</span> <span class='ocrx_word' id='word_1_712' title='bbox 527 5074 643 5113; x_wconf 91' lang='lat' dir='ltr'>non</span> <span class='ocrx_word' id='word_1_713' title='bbox 673 5055 962 5111; x_wconf 89' lang='lat' dir='ltr'>valuerint</span> <span class='ocrx_word' id='word_1_714' title='bbox 992 5056 1292 5126; x_wconf 86' lang='lat' dir='ltr'>peccatum</span> <span class='ocrx_word' id='word_1_715' title='bbox 1322 5069 1387 5107; x_wconf 89' lang='lat' dir='ltr'>ac</span> <span class='ocrx_word' id='word_1_716' title='bbox 1419 5070 1522 5126; x_wconf 90' lang='lat' dir='ltr'>per</span> <span class='ocrx_word' id='word_1_717' title='bbox 1549 5054 1659 5110; x_wconf 91' lang='lat' dir='ltr'>hoc</span> <span class='ocrx_word' id='word_1_718' title='bbox 1689 5073 1793 5112; x_wconf 89' lang='lat' dir='ltr'>nec</span> <span class='ocrx_word' id='word_1_719' title='bbox 1824 5058 2043 5130; x_wconf 90' lang='lat' dir='ltr'>suppli-</span> 
     </span>
    </p>
   </div>
   <div class='ocr_carea' id='block_1_100' title="bbox 395 5142 2039 5209">
    <p class='ocr_par' dir='ltr' id='par_1_100' title="bbox 395 5142 2039 5209">
     <span class='ocr_line' id='line_1_100' title="bbox 395 5142 2039 5209; baseline 0.001 -7"><span class='ocrx_word' id='word_1_720' title='bbox 395 5146 551 5202; x_wconf 90' lang='lat' dir='ltr'>cium</span> <span class='ocrx_word' id='word_1_721' title='bbox 583 5144 892 5201; x_wconf 88' lang='lat' dir='ltr'>declinare.</span> <span class='ocrx_word' id='word_1_722' title='bbox 926 5143 1034 5206; x_wconf 90' lang='lat' dir='ltr'>Qui</span> <span class='ocrx_word' id='word_1_723' title='bbox 1069 5142 1117 5196; x_wconf 90' lang='lat' dir='ltr'>si</span> <span class='ocrx_word' id='word_1_724' title='bbox 1152 5142 1539 5209; x_wconf 88' lang='lat' dir='ltr'>attenderent,</span> <span class='ocrx_word' id='word_1_725' title='bbox 1571 5143 1724 5200; x_wconf 85' lang='lat' dir='ltr'>sicut</span> <span class='ocrx_word' id='word_1_726' title='bbox 1767 5146 1825 5201; x_wconf 91' lang='lat' dir='ltr'>in</span> <span class='ocrx_word' id='word_1_727' title='bbox 1854 5148 2039 5203; x_wconf 80' lang='lat' dir='ltr'>Adam</span> 
     </span>
    </p>
   </div>
   <div class='ocr_carea' id='block_1_101' title="bbox 395 5233 2040 5309">
    <p class='ocr_par' dir='ltr' id='par_1_101' title="bbox 395 5233 2040 5309">
     <span class='ocr_line' id='line_1_101' title="bbox 395 5233 2040 5309; baseline 0.003 -22"><span class='ocrx_word' id='word_1_728' title='bbox 395 5233 495 5289; x_wconf 89' lang='lat' dir='ltr'>illo</span> <span class='ocrx_word' id='word_1_729' title='bbox 525 5233 823 5289; x_wconf 88' lang='lat' dir='ltr'>voluntate</span> <span class='ocrx_word' id='word_1_730' title='bbox 845 5234 1119 5304; x_wconf 88' lang='lat' dir='ltr'>peccante</span> <span class='ocrx_word' id='word_1_731' title='bbox 1140 5246 1343 5285; x_wconf 88' lang='lat' dir='ltr'>omnes</span> <span class='ocrx_word' id='word_1_732' title='bbox 1359 5234 1857 5303; x_wconf 87' lang='lat' dir='ltr'>peccaverunt,ita</span> <span class='ocrx_word' id='word_1_733' title='bbox 1876 5237 2040 5309; x_wconf 90' lang='lat' dir='ltr'>prius</span> 
     </span>
    </p>
   </div>
   <div class='ocr_carea' id='block_1_102' title="bbox 396 5318 2039 5395">
    <p class='ocr_par' dir='ltr' id='par_1_102' title="bbox 396 5318 2039 5395">
     <span class='ocr_line' id='line_1_102' title="bbox 396 5318 2039 5395; baseline 0.003 -19"><span class='ocrx_word' id='word_1_734' title='bbox 396 5322 496 5378; x_wconf 92' lang='lat' dir='ltr'>illo</span> <span class='ocrx_word' id='word_1_735' title='bbox 525 5324 748 5392; x_wconf 89' lang='lat' dir='ltr'>absque</span> <span class='ocrx_word' id='word_1_736' title='bbox 772 5318 909 5374; x_wconf 88' lang='lat' dir='ltr'>vitio</span> <span class='ocrx_word' id='word_1_737' title='bbox 939 5319 1225 5373; x_wconf 80' lang='lat' dir='ltr'>existente</span> <span class='ocrx_word' id='word_1_738' title='bbox 1271 5335 1474 5376; x_wconf 91' lang='lat' dir='ltr'>omnes</span> <span class='ocrx_word' id='word_1_739' title='bbox 1517 5322 1739 5395; x_wconf 88' lang='lat' dir='ltr'>absque</span> <span class='ocrx_word' id='word_1_740' title='bbox 1770 5325 1906 5381; x_wconf 90' lang='lat' dir='ltr'>vitio</span> <span class='ocrx_word' id='word_1_741' title='bbox 1936 5342 2039 5381; x_wconf 81' lang='lat' dir='ltr'>ex-</span> 
     </span>
    </p>
   </div>
   <div class='ocr_carea' id='block_1_103' title="bbox 468 5442 2037 5515">
    <p class='ocr_par' dir='ltr' id='par_1_103' title="bbox 468 5442 2037 5515">
     <span class='ocr_line' id='line_1_103' title="bbox 468 5442 2037 5515; baseline 0.006 -18"><span class='ocrx_word' id='word_1_742' title='bbox 468 5443 544 5515; x_wconf 89' lang='lat' dir='ltr'>(a)</span> <span class='ocrx_word' id='word_1_743' title='bbox 576 5442 739 5515; x_wconf 56' lang='lat' dir='ltr'>Facit</span> <span class='ocrx_word' id='word_1_744' title='bbox 753 5448 987 5515; x_wconf 65' lang='lat' dir='ltr'>sanctos,</span> <span class='ocrx_word' id='word_1_745' title='bbox 1011 5458 1129 5515; x_wconf 56' lang='lat' dir='ltr'>non</span> <span class='ocrx_word' id='word_1_746' title='bbox 1162 5444 1386 5515; x_wconf 74' lang='lat' dir='ltr'>invenit.</span> <span class='ocrx_word' id='word_1_747' title='bbox 1423 5445 1721 5503; x_wconf 89' lang='lat' dir='ltr'>Imitatum</span> <span class='ocrx_word' id='word_1_748' title='bbox 1764 5449 1919 5507; x_wconf 87' lang='lat' dir='ltr'>istud</span> <span class='ocrx_word' id='word_1_749' title='bbox 1950 5452 2037 5506; x_wconf 79' lang='lat' dir='ltr'>vi—</span> 
     </span>
    </p>
   </div>
   <div class='ocr_carea' id='block_1_104' title="bbox 397 5508 2038 5587">
    <p class='ocr_par' dir='ltr' id='par_1_104' title="bbox 397 5508 2038 5587">
     <span class='ocr_line' id='line_1_104' title="bbox 397 5508 2038 5587; baseline 0.006 -20"><span class='ocrx_word' id='word_1_750' title='bbox 397 5508 663 5587; x_wconf 69' lang='lat' dir='ltr'>deturex</span> <span class='ocrx_word' id='word_1_751' title='bbox 693 5508 978 5587; x_wconf 85' lang='lat' dir='ltr'>Taci_to__in</span> <span class='ocrx_word' id='word_1_752' title='bbox 1001 5512 1142 5587; x_wconf 72' lang='lat' dir='ltr'>_Yita</span> <span class='ocrx_word' id='word_1_753' title='bbox 1171 5513 1482 5587; x_wconf 67' lang='lat' dir='ltr'>Agricolae:</span> <span class='ocrx_word' id='word_1_754' title='bbox 1517 5542 1544 5567; x_wconf 92' lang='grc'>‹‹</span> <span class='ocrx_word' id='word_1_755' title='bbox 1580 5519 1903 5576; x_wconf 81' lang='lat' dir='ltr'>Rarissima</span> <span class='ocrx_word' id='word_1_756' title='bbox 1920 5540 2038 5577; x_wconf 90' lang='lat' dir='ltr'>mo-</span> 
     </span>
    </p>
   </div>
   <div class='ocr_carea' id='block_1_105' title="bbox 397 5578 2035 5663">
    <p class='ocr_par' dir='ltr' id='par_1_105' title="bbox 397 5578 2035 5663">
     <span class='ocr_line' id='line_1_105' title="bbox 397 5578 2035 5663; baseline 0.007 -26"><span class='ocrx_word' id='word_1_757' title='bbox 397 5582 694 5662; x_wconf 75' lang='lat' dir='ltr'>deratione</span> <span class='ocrx_word' id='word_1_758' title='bbox 726 5578 932 5637; x_wconf 83' lang='lat' dir='ltr'>maluit</span> <span class='ocrx_word' id='word_1_759' title='bbox 960 5584 1141 5639; x_wconf 87' lang='lat' dir='ltr'>videri</span> <span class='ocrx_word' id='word_1_760' title='bbox 1171 5578 1460 5643; x_wconf 51' lang='lat' dir='ltr'>invvenisse</span> <span class='ocrx_word' id='word_1_761' title='bbox 1500 5590 1702 5659; x_wconf 90' lang='lat' dir='ltr'>bonos,</span> <span class='ocrx_word' id='word_1_762' title='bbox 1740 5608 1915 5663; x_wconf 88' lang='lat' dir='ltr'>quam</span> <span class='ocrx_word' id='word_1_763' title='bbox 1952 5594 2035 5648; x_wconf 55' lang='lat' dir='ltr'>fe.</span> 
     </span>
    </p>
   </div>
   <div class='ocr_carea' id='block_1_106' title="bbox 276 5652 633 5707">
    <p class='ocr_par' dir='ltr' id='par_1_106' title="bbox 276 5652 633 5707">
     <span class='ocr_line' id='line_1_106' title="bbox 276 5652 633 5707; baseline -0.017 0"><span class='ocrx_word' id='word_1_764' title='bbox 276 5665 291 5682; x_wconf 83' lang='lat'><strong><em>&#39;</em></strong></span> <span class='ocrx_word' id='word_1_765' title='bbox 394 5652 566 5707; x_wconf 80' lang='lat' dir='ltr'>cisse.</span> <span class='ocrx_word' id='word_1_766' title='bbox 606 5671 633 5696; x_wconf 71' lang='grc' dir='ltr'><em>η</em></span> 
     </span>
    </p>
   </div>
   <div class='ocr_carea' id='block_1_107' title="bbox 464 5717 2037 5803">
    <p class='ocr_par' dir='ltr' id='par_1_107' title="bbox 464 5717 2037 5803">
     <span class='ocr_line' id='line_1_107' title="bbox 464 5717 2037 5803; baseline 0.013 -31"><span class='ocrx_word' id='word_1_767' title='bbox 464 5717 836 5787; x_wconf 69' lang='lat' dir='ltr'>(b)Pr.z’elara</span> <span class='ocrx_word' id='word_1_768' title='bbox 841 5727 1145 5793; x_wconf 68' lang='lat' dir='ltr'>praemium</span> <span class='ocrx_word' id='word_1_769' title='bbox 1166 5727 1847 5803; x_wconf 81' lang='lat' dir='ltr'>tumina.Intelligithaud</span> <span class='ocrx_word' id='word_1_770' title='bbox 1861 5735 2037 5792; x_wconf 89' lang='lat' dir='ltr'>dubie</span> 
     </span>
    </p>
   </div>
   <div class='ocr_carea' id='block_1_108' title="bbox 2155 4698 3743 4775">
    <p class='ocr_par' dir='ltr' id='par_1_108' title="bbox 2155 4698 3743 4775">
     <span class='ocr_line' id='line_1_108' title="bbox 2155 4698 3743 4775; baseline -0.004 -17"><span class='ocrx_word' id='word_1_771' title='bbox 2155 4719 2283 4758; x_wconf 90' lang='lat' dir='ltr'>cere</span> <span class='ocrx_word' id='word_1_772' title='bbox 2313 4701 2595 4773; x_wconf 90' lang='lat' dir='ltr'>subjectis</span> <span class='ocrx_word' id='word_1_773' title='bbox 2625 4706 2682 4757; x_wconf 90' lang='lat' dir='ltr'>et</span> <span class='ocrx_word' id='word_1_774' title='bbox 2710 4701 3001 4758; x_wconf 89' lang='lat' dir='ltr'>debellare</span> <span class='ocrx_word' id='word_1_775' title='bbox 3026 4703 3329 4775; x_wconf 88' lang='lat' dir='ltr'>superbos.</span> <span class='ocrx_word' id='word_1_776' title='bbox 3365 4702 3465 4759; x_wconf 86' lang='lat' dir='ltr'>His</span> <span class='ocrx_word' id='word_1_777' title='bbox 3494 4702 3584 4775; x_wconf 91' lang='lat' dir='ltr'>qui</span> <span class='ocrx_word' id='word_1_778' title='bbox 3612 4698 3743 4757; x_wconf 86' lang='lat' dir='ltr'>relin-</span> 
     </span>
    </p>
   </div>
   <div class='ocr_carea' id='block_1_109' title="bbox 2153 4789 3739 4864">
    <p class='ocr_par' dir='ltr' id='par_1_109' title="bbox 2153 4789 3739 4864">
     <span class='ocr_line' id='line_1_109' title="bbox 2153 4789 3739 4864; baseline 0.001 -18"><span class='ocrx_word' id='word_1_779' title='bbox 2153 4795 2343 4863; x_wconf 73' lang='lat' dir='ltr'>quunt</span> <span class='ocrx_word' id='word_1_780' title='bbox 2372 4790 2625 4863; x_wconf 87' lang='lat' dir='ltr'>culpam,</span> <span class='ocrx_word' id='word_1_781' title='bbox 2659 4794 2717 4847; x_wconf 90' lang='lat' dir='ltr'>et</span> <span class='ocrx_word' id='word_1_782' title='bbox 2740 4790 3196 4863; x_wconf 86' lang='lat' dir='ltr'>lacrymabiliter</span> <span class='ocrx_word' id='word_1_783' title='bbox 3216 4791 3513 4864; x_wconf 87' lang='lat' dir='ltr'>postulant</span> <span class='ocrx_word' id='word_1_784' title='bbox 3538 4789 3739 4848; x_wconf 71' lang='lat' dir='ltr'>veniam,</span> 
     </span>
    </p>
   </div>
   <div class='ocr_carea' id='block_1_110' title="bbox 2152 4872 3741 4953">
    <p class='ocr_par' dir='ltr' id='par_1_110' title="bbox 2152 4872 3741 4953">
     <span class='ocr_line' id='line_1_110' title="bbox 2152 4872 3741 4953; baseline -0.004 -18"><span class='ocrx_word' id='word_1_785' title='bbox 2152 4880 2340 4936; x_wconf 84' lang='lat' dir='ltr'>facilis</span> <span class='ocrx_word' id='word_1_786' title='bbox 2370 4883 2460 4935; x_wconf 90' lang='lat' dir='ltr'>est</span> <span class='ocrx_word' id='word_1_787' title='bbox 2489 4872 2763 4952; x_wconf 67' lang='lat' dir='ltr'>praestare</span> <span class='ocrx_word' id='word_1_788' title='bbox 2810 4879 3257 4953; x_wconf 88' lang='lat' dir='ltr'>indulgentiam.</span> <span class='ocrx_word' id='word_1_789' title='bbox 3292 4882 3433 4948; x_wconf 87' lang='lat' dir='ltr'>Quis</span> <span class='ocrx_word' id='word_1_790' title='bbox 3481 4897 3583 4936; x_wconf 89' lang='lat' dir='ltr'>non</span> <span class='ocrx_word' id='word_1_791' title='bbox 3623 4878 3741 4933; x_wconf 85' lang='lat' dir='ltr'>hunc</span> 
     </span>
    </p>
   </div>
   <div class='ocr_carea' id='block_1_111' title="bbox 2154 4962 3741 5043">
    <p class='ocr_par' dir='ltr' id='par_1_111' title="bbox 2154 4962 3741 5043">
     <span class='ocr_line' id='line_1_111' title="bbox 2154 4962 3741 5043; baseline -0.004 -19"><span class='ocrx_word' id='word_1_792' title='bbox 2154 4968 2407 5024; x_wconf 90' lang='lat' dir='ltr'>multum</span> <span class='ocrx_word' id='word_1_793' title='bbox 2439 4968 2667 5041; x_wconf 89' lang='lat' dir='ltr'>diligat,</span> <span class='ocrx_word' id='word_1_794' title='bbox 2697 4972 2763 5024; x_wconf 93' lang='lat' dir='ltr'>ut</span> <span class='ocrx_word' id='word_1_795' title='bbox 2792 4968 2904 5025; x_wconf 90' lang='lat' dir='ltr'>sibi</span> <span class='ocrx_word' id='word_1_796' title='bbox 2935 4968 3151 5025; x_wconf 88' lang='lat' dir='ltr'>dimitti</span> <span class='ocrx_word' id='word_1_797' title='bbox 3179 4976 3420 5043; x_wconf 89' lang='lat' dir='ltr'>peccata</span> <span class='ocrx_word' id='word_1_798' title='bbox 3436 4968 3608 5026; x_wconf 80' lang='lat' dir='ltr'>multa</span> <span class='ocrx_word' id='word_1_799' title='bbox 3631 4962 3741 5021; x_wconf 87' lang='lat' dir='ltr'>obti-</span> 
     </span>
    </p>
   </div>
   <div class='ocr_carea' id='block_1_112' title="bbox 2151 5054 3738 5132">
    <p class='ocr_par' dir='ltr' id='par_1_112' title="bbox 2151 5054 3738 5132">
     <span class='ocr_line' id='line_1_112' title="bbox 2151 5054 3738 5132; baseline -0.004 -19"><span class='ocrx_word' id='word_1_800' title='bbox 2151 5059 2315 5114; x_wconf 86' lang='lat' dir='ltr'>neat?</span> <span class='ocrx_word' id='word_1_801' title='bbox 2330 5054 2600 5113; x_wconf 89' lang='lat' dir='ltr'>Festinus</span> <span class='ocrx_word' id='word_1_802' title='bbox 2629 5073 2765 5130; x_wconf 88' lang='lat' dir='ltr'>ergo</span> <span class='ocrx_word' id='word_1_803' title='bbox 2796 5057 3046 5130; x_wconf 87' lang='lat' dir='ltr'>quisque</span> <span class='ocrx_word' id='word_1_804' title='bbox 3078 5059 3150 5115; x_wconf 89' lang='lat' dir='ltr'>ad</span> <span class='ocrx_word' id='word_1_805' title='bbox 3180 5059 3526 5132; x_wconf 71' lang='lat' dir='ltr'>poenitentiae</span> <span class='ocrx_word' id='word_1_806' title='bbox 3553 5059 3738 5130; x_wconf 89' lang='lat' dir='ltr'>portum</span> 
     </span>
    </p>
   </div>
   <div class='ocr_carea' id='block_1_113' title="bbox 2151 5144 3738 5220">
    <p class='ocr_par' dir='ltr' id='par_1_113' title="bbox 2151 5144 3738 5220">
     <span class='ocr_line' id='line_1_113' title="bbox 2151 5144 3738 5220; baseline 0 -18"><span class='ocrx_word' id='word_1_807' title='bbox 2151 5146 2470 5219; x_wconf 83' lang='lat' dir='ltr'>confugiat.</span> <span class='ocrx_word' id='word_1_808' title='bbox 2503 5163 2746 5203; x_wconf 85' lang='lat' dir='ltr'>securus</span> <span class='ocrx_word' id='word_1_809' title='bbox 2776 5147 3179 5220; x_wconf 88' lang='lat' dir='ltr'>apprehendat</span> <span class='ocrx_word' id='word_1_810' title='bbox 3198 5153 3258 5204; x_wconf 90' lang='lat' dir='ltr'>et</span> <span class='ocrx_word' id='word_1_811' title='bbox 3285 5153 3493 5205; x_wconf 88' lang='lat' dir='ltr'>teneat.</span> <span class='ocrx_word' id='word_1_812' title='bbox 3509 5144 3738 5217; x_wconf 60' lang='lat' dir='ltr'>Proponit</span> 
     </span>
    </p>
   </div>
   <div class='ocr_carea' id='block_1_114' title="bbox 2150 5234 3733 5311">
    <p class='ocr_par' dir='ltr' id='par_1_114' title="bbox 2150 5234 3733 5311">
     <span class='ocr_line' id='line_1_114' title="bbox 2150 5234 3733 5311; baseline -0.003 -20"><span class='ocrx_word' id='word_1_813' title='bbox 2150 5236 2259 5291; x_wconf 91' lang='lat' dir='ltr'>sibi</span> <span class='ocrx_word' id='word_1_814' title='bbox 2293 5234 2541 5308; x_wconf 91' lang='lat' dir='ltr'>quisque</span> <span class='ocrx_word' id='word_1_815' title='bbox 2572 5236 2783 5291; x_wconf 66' lang='lat' dir='ltr'>amula</span> <span class='ocrx_word' id='word_1_816' title='bbox 2803 5236 3018 5309; x_wconf 86' lang='lat' dir='ltr'>pietate</span> <span class='ocrx_word' id='word_1_817' title='bbox 3040 5237 3217 5292; x_wconf 85' lang='lat' dir='ltr'>David</span> <span class='ocrx_word' id='word_1_818' title='bbox 3250 5252 3443 5311; x_wconf 85' lang='lat' dir='ltr'>regem</span> <span class='ocrx_word' id='word_1_819' title='bbox 3473 5240 3525 5293; x_wconf 88' lang='lat' dir='ltr'>et</span> <span class='ocrx_word' id='word_1_820' title='bbox 3551 5235 3733 5291; x_wconf 85' lang='lat' dir='ltr'>Petrum</span> 
     </span>
    </p>
   </div>
   <div class='ocr_carea' id='block_1_115' title="bbox 2148 5318 3731 5397">
    <p class='ocr_par' dir='ltr' id='par_1_115' title="bbox 2148 5318 3731 5397">
     <span class='ocr_line' id='line_1_115' title="bbox 2148 5318 3731 5397; baseline -0.004 -17"><span class='ocrx_word' id='word_1_821' title='bbox 2148 5323 2759 5397; x_wconf 87' lang='lat' dir='ltr'>apostolum;quorum</span> <span class='ocrx_word' id='word_1_822' title='bbox 2788 5342 2944 5380; x_wconf 91' lang='lat' dir='ltr'>unus</span> <span class='ocrx_word' id='word_1_823' title='bbox 2973 5326 3045 5381; x_wconf 89' lang='lat' dir='ltr'>de</span> <span class='ocrx_word' id='word_1_824' title='bbox 3069 5326 3356 5383; x_wconf 89' lang='lat' dir='ltr'>adulterio</span> <span class='ocrx_word' id='word_1_825' title='bbox 3385 5331 3439 5382; x_wconf 88' lang='lat' dir='ltr'>et</span> <span class='ocrx_word' id='word_1_826' title='bbox 3477 5318 3731 5380; x_wconf 87' lang='lat' dir='ltr'>homicidio</span> 
     </span>
    </p>
   </div>
   <div class='ocr_carea' id='block_1_116' title="bbox 2147 5446 3725 5524">
    <p class='ocr_par' dir='ltr' id='par_1_116' title="bbox 2147 5446 3725 5524">
     <span class='ocr_line' id='line_1_116' title="bbox 2147 5446 3725 5524; baseline 0.004 -21"><span class='ocrx_word' id='word_1_827' title='bbox 2147 5449 2530 5524; x_wconf 55' lang='lat' dir='ltr'>[Iincmarum</span> <span class='ocrx_word' id='word_1_828' title='bbox 2562 5448 2973 5524; x_wconf 80' lang='lat' dir='ltr'>Rhemensem,</span> <span class='ocrx_word' id='word_1_829' title='bbox 3007 5450 3315 5524; x_wconf 82' lang='lat' dir='ltr'>Rabanum</span> <span class='ocrx_word' id='word_1_830' title='bbox 3336 5446 3725 5524; x_wconf 42' lang='lat' dir='ltr'>_Moguntin}.1m.</span> 
     </span>
    </p>
   </div>
   <div class='ocr_carea' id='block_1_117' title="bbox 2148 5514 3724 5589">
    <p class='ocr_par' dir='ltr' id='par_1_117' title="bbox 2148 5514 3724 5589">
     <span class='ocr_line' id='line_1_117' title="bbox 2148 5514 3724 5589; baseline -0.004 -13"><span class='ocrx_word' id='word_1_831' title='bbox 2148 5519 2466 5576; x_wconf 88' lang='lat' dir='ltr'>Pardulum</span> <span class='ocrx_word' id='word_1_832' title='bbox 2484 5514 3029 5589; x_wconf 81' lang='lat' dir='ltr'>Laudunensem,ac</span> <span class='ocrx_word' id='word_1_833' title='bbox 3041 5522 3287 5579; x_wconf 87' lang='lat' dir='ltr'>fortasse</span> <span class='ocrx_word' id='word_1_834' title='bbox 3300 5522 3441 5579; x_wconf 90' lang='lat' dir='ltr'>alios</span> <span class='ocrx_word' id='word_1_835' title='bbox 3452 5514 3724 5589; x_wconf 72' lang='lat' dir='ltr'>nonnullos.</span> 
     </span>
    </p>
   </div>
   <div class='ocr_carea' id='block_1_118' title="bbox 2217 5586 3727 5667">
    <p class='ocr_par' dir='ltr' id='par_1_118' title="bbox 2217 5586 3727 5667">
     <span class='ocr_line' id='line_1_118' title="bbox 2217 5586 3727 5667; baseline -0.001 -22"><span class='ocrx_word' id='word_1_836' title='bbox 2217 5592 2285 5662; x_wconf 82' lang='grc' dir='ltr'>(ε)</span> <span class='ocrx_word' id='word_1_837' title='bbox 2322 5592 2726 5667; x_wconf 74' lang='lat' dir='ltr'>Desperationis</span> <span class='ocrx_word' id='word_1_838' title='bbox 2755 5586 3383 5667; x_wconf 69' lang='lat' dir='ltr'>baratlirum.Epist.3:«</span> <span class='ocrx_word' id='word_1_839' title='bbox 3398 5592 3570 5649; x_wconf 89' lang='lat' dir='ltr'>Etiam</span> <span class='ocrx_word' id='word_1_840' title='bbox 3590 5590 3638 5667; x_wconf 88' lang='lat' dir='ltr'>i_n</span> <span class='ocrx_word' id='word_1_841' title='bbox 3658 5586 3727 5667; x_wconf 52' lang='lat' dir='ltr'>gle-</span> 
     </span>
    </p>
   </div>
   <div class='ocr_carea' id='block_1_119' title="bbox 2143 5660 3724 5806">
    <p class='ocr_par' dir='ltr' id='par_1_119' title="bbox 2143 5660 3724 5806">
     <span class='ocr_line' id='line_1_119' title="bbox 2146 5660 3724 5746; baseline -0.002 -27"><span class='ocrx_word' id='word_1_842' title='bbox 2146 5660 2497 5735; x_wconf 81' lang='lat' dir='ltr'>sperationis</span> <span class='ocrx_word' id='word_1_843' title='bbox 2520 5662 2865 5746; x_wconf 70' lang='lat' dir='ltr'>barathrum</span> <span class='ocrx_word' id='word_1_844' title='bbox 2895 5660 3506 5738; x_wconf 46' lang='lat' dir='ltr'>dejicere-potuissent.</span> <span class='ocrx_word' id='word_1_845' title='bbox 3533 5684 3559 5712; x_wconf 72' lang='grc' dir='ltr'>ι»</span> <span class='ocrx_word' id='word_1_846' title='bbox 3586 5660 3724 5730; x_wconf 59' lang='lat' dir='ltr'>Epist.</span> 
     </span>
     <span class='ocr_line' id='line_1_120' title="bbox 2143 5733 3664 5806; baseline -0.002 -15"><span class='ocrx_word' id='word_1_847' title='bbox 2143 5737 2215 5791; x_wconf 77' lang='grc'>94</span> <span class='ocrx_word' id='word_1_848' title='bbox 2248 5750 2261 5789; x_wconf 87' lang='grc'>;</span> <span class='ocrx_word' id='word_1_849' title='bbox 2292 5757 2321 5784; x_wconf 90' lang='grc'>‹‹</span> <span class='ocrx_word' id='word_1_850' title='bbox 2354 5733 2416 5790; x_wconf 92' lang='lat' dir='ltr'>In</span> <span class='ocrx_word' id='word_1_851' title='bbox 2448 5733 2875 5806; x_wconf 74' lang='lat' dir='ltr'>desperationis</span> <span class='ocrx_word' id='word_1_852' title='bbox 2906 5736 3250 5794; x_wconf 87' lang='lat' dir='ltr'>barathrum</span> <span class='ocrx_word' id='word_1_853' title='bbox 3282 5749 3616 5796; x_wconf 87' lang='lat' dir='ltr'>corruamus.</span> <span class='ocrx_word' id='word_1_854' title='bbox 3647 5750 3664 5777; x_wconf 77' lang='grc' dir='ltr'><strong>ο</strong></span> 
     </span>
    </p>
   </div>
  </div>
