3898 6194
164 376 283 437 641

1236 375 1380 437 LIB.
1426 377 1531 437 DE
1571 374 1853 437 TRlBUS
1898 370 2518 446 QUAESTIONIBUS.

3460 377 3581 440 642

169 507 538 579 increpatus,
574 512 638 562 ut
668 524 773 579 par
804 507 930 577 fuit,
965 506 1182 581 insigni
1225 507 1445 575 dolore,
1472 511 1692 580 peccavi
1720 513 1825 564 Do-
1857 512 1913 574 Α
1943 508 2096 563 236
2125 507 2350 573 debeat,
2386 503 2712 561 malitiosus
2761 522 2877 561 non
2925 504 3182 562 inveniat.
3229 508 3289 563 in
3327 525 3394 566 eo
3424 511 3580 583 quod

170 598 326 651 mino
355 595 506 651 dixit
536 598 610 669 (II
643 598 766 667 Reg.
797 598 919 668 xu),
954 601 1012 652 et
1042 597 1117 669 (a)
1148 596 1497 653 translatum
1530 614 1664 653 mox
1695 614 1828 669 pec-

171 689 511 751 catum,nec
542 702 604 741 se
630 684 981 741 moriturum
1007 685 1207 741 audire
1229 686 1443 741 meruit
1473 703 1486 740 :
1521 685 1667 742 alter
1695 702 1827 741 vcro

172 780 482 847 respectus
512 774 585 830 ab
612 790 679 830 eo
703 774 803 846 qui
829 773 1127 846 paulisper
1139 779 1422 831 averterat
1441 774 1512 830 ab
1534 792 1601 830 eo
1620 774 1828 831 faciem

174 880 370 931 suam,
403 868 462 919 et
506 867 814 936 propterea
860 864 1050 919 factus
1080 863 1272 919 fuerat
1302 865 1706 932 conturbatus,
1742 880 1829 919 rc-

176 956 438 1025 spectus,
473 952 741 1024 inquam,
800 952 858 1007 id
908 956 1000 1009 est
1049 951 1108 1007 in
1157 952 1431 1008 affectum
1480 952 1831 1025 poenitentiae

174 1041 485 1109 excitatus,
518 1040 846 1114 negationis
892 1040 990 1097 Dei
1022 1041 1335 1108 maculam,
1369 1046 1598 1097 tantum
1645 1041 1829 1109 nefas,

177 1130 335 1187 dicto
384 1129 561 1186 citius
608 1129 826 1186 amaris
874 1129 1152 1203 lacrymis
1199 1129 1391 1198 diluit,
1444 1130 1712 1186 abolevit.
1760 1133 1834 1186 At

179 1220 229 1276 si
260 1220 400 1292 quis
430 1223 730 1276 tantorum
761 1219 1020 1275 virorum
1052 1218 1545 1291 contemplatione
1567 1220 1835 1292 despera-

179 1309 406 1365 tionem
437 1325 617 1381 quam
647 1307 1035 1365 imitationem
1068 1309 1503 1381 concipit,quod
1536 1308 1617 1380 hi,
1643 1326 1833 1381 quan-

181 1414 366 1469 quam
398 1397 1211 1454 maximacriminavirtutum
1254 1397 1420 1470 copia
1456 1397 1833 1470 propulsave-

182 1487 303 1542 rint
318 1491 497 1559 atque
510 1487 929 1559 oppresserint,
952 1503 1014 1542 se
1044 1492 1238 1542 autem
1266 1486 1408 1543 solis
1438 1492 1659 1543 scatere
1678 1485 1834 1542 vitiis

184 1574 1245 1649 ingemiscat,saltemillumlatronem
1264 1575 1530 1648 aspiciat,
1556 1575 1657 1650 qui
1688 1593 1833 1647 sup-

183 1664 428 1736 plicium
451 1664 641 1720 crucis
656 1665 813 1720 haud
835 1665 1011 1720 dubie
1032 1665 1328 1721 sceleratis
1349 1665 1579 1720 actibus
1598 1664 1833 1731 meruit,

181 1759 239 1810 et
261 1770 367 1826 per
387 1753 573 1810 solam
601 1752 932 1826 fidemque
952 1753 1145 1810 subito
1162 1754 1588 1810 confessionem
1612 1753 1836 1825 peperit

182 1847 361 1915 atque
391 1842 642 1915 spem,in
674 1843 867 1899 media
883 1847 1069 1899 morte
1090 1843 1270 1899 vitam
1290 1842 1834 1899 invenit.Postremo

182 1931 230 1986 si
249 1932 430 1987 sciret
442 1947 503 1986 se
517 1929 731 2003 aliquis
748 1935 869 1985 tam
897 1929 1205 1986 infeliciter
1215 1931 1515 1986 addictum
1530 1934 1595 1986 ut
1611 1930 1836 2002 absque

182 2019 306 2075 ulla
318 2018 617 2075 dubietate
630 2019 1003 2075 damnandus
1014 2021 1299 2087 esset,cur
1310 2035 1427 2073 non
1441 2022 1837 2091 temperareta

179 2107 374 2163 vitiis?
386 2106 538 2164 285
553 2123 660 2162 cur
670 2124 784 2163 non
797 2106 973 2163 etiam
987 2106 1312 2163 elaboraret
1323 2107 1533 2163 seetari
1546 2108 1698 2162 bona
1709 2124 1835 2179 quas

182 2200 479 2268 posset,ut
508 2194 716 2251 saltem
733 2211 868 2250 eum
890 2194 1067 2251 levior
1100 2212 1270 2267 pmna
1289 2200 1492 2268 postea
1523 2195 1838 2267 plecteret?

181 2285 333 2354 Quis
364 2284 544 2356 hujus
572 2283 700 2340 vitae
730 2283 916 2356 poenis
947 2285 1331 2357 torquendus,
1363 2285 1413 2340 si
1460 2285 1706 2341 facultas
1736 2285 1835 2340 de-

180 2378 306 2441 tur,
340 2390 458 2430 non
498 2374 756 2430 minores
804 2372 1001 2446 eligat,
1035 2374 1287 2445 majores
1325 2372 1621 2429 declinet?
1652 2374 1835 2430 Mino-

180 2479 281 2520 res
311 2468 509 2518 autem
542 2478 744 2536 poenas
762 2461 1108 2530 minoribus,
1141 2463 1396 2534 majores
1426 2462 1678 2536 peccatis
1710 2479 1840 2518 ma-

174 2552 417 2623 joribus
447 2549 683 2622 rependi
731 2549 928 2605 divina
957 2549 1257 2622 Scriptura
1286 2549 1555 2606 consulta
1594 2567 1837 2624 respon-

185 2641 308 2695 det.
345 2640 568 2707 Reddes,
599 2638 793 2711 inquit
820 2638 1127 2712 Propheta,
1160 2641 1460 2712 unicuique
1479 2639 1648 2711 juxta
1674 2656 1839 2712 opera

180 2746 291 2785 sua
321 2730 496 2799 (Psal.
522 2732 653 2798 LXI),
686 2745 789 2801 pro
821 2727 1102 2801 qualitate
1133 2727 1354 2785 scilicet
1398 2728 1684 2784 honorum
1718 2730 1837 2784 sive

186 2818 484 2874 malorum
516 2817 757 2890 praemia
786 2818 1121 2890 quibusque
1151 2817 1330 2891 digna
1351 2817 1764 2874 restitues.Sed
1786 2816 1837 2873 si

173 2908 307 2978 jam
343 2905 564 2979 aliquid
594 2906 656 2962 in
686 2907 1093 2980 persuadenda
1121 2907 1276 2964 bona
1296 2924 1399 2980 spe
1422 2908 1613 2963 favore
1640 2907 1838 2963 divino

183 2995 769 3068 promovimus,sitne
794 2996 1085 3052 malorum
1116 2996 1547 3070 praedestinatio
1579 2996 1841 3052 sentien-

180 3085 423 3157 da,post
452 3083 957 3142 ratiocinationem
1008 3103 1187 3158 quam
1235 3086 1648 3159 praemisimus,
1681 3085 1837 3140 beati

178 3173 498 3247 Augustini
512 3174 830 3231 assertione
846 3176 1197 3247 pandemus.
1211 3175 1286 3247 (b)
1302 3175 1404 3231 Hic
1427 3178 1632 3231 auctor
1642 3175 1839 3231 certis-

1928 596 2089 667 juste
2117 594 2525 666 reprehendat.
2550 593 2690 660 Quis
2719 592 2818 650 illo
2850 594 3111 666 pressius
3139 596 3280 652 vitia
3299 601 3584 656 resecuit.’

1937 684 2076 747 Quis
2107 684 2177 740 ad
2224 682 2468 739 virtutes
2516 682 2812 755 potentius
2861 683 3181 756 instigavit,
3212 685 3351 755 imo,
3396 694 3459 743 ut
3489 706 3582 759 ve-

1938 775 2062 831 rius
2091 773 2350 846 eloquar,
2384 771 2652 844 impulit?
2678 771 2817 835 Quis
2849 772 2945 827 illo
2977 772 3203 830 felicius
3224 792 3374 847 quos
3402 777 3587 835 voluit

1938 862 2274 936 persuasit?
2304 861 2564 933 Cumque
2595 860 2764 930 sit-,ut
2785 861 2865 917 ait
2894 861 3142 929 Tullius,
3168 863 3482 922 minimum
3515 869 3585 924 de

1939 956 2060 1008 arte
2091 951 2270 1023 loqui,
2301 950 2487 1006 multo
2518 951 2841 1006 maximum
2871 967 2940 1006 ex
2969 955 3091 1008 arte
3120 952 3332 1023 dicere,
3364 971 3433 1010 ex
3461 961 3585 1013 arte

1939 1041 2208 1113 quotiens
2255 1040 2440 1096 voluit
2489 1039 2738 1112 perfecte
2790 1040 3035 1112 loquens
3066 1045 3354 1098 oratorem
3384 1042 3587 1116 imple-

1936 1130 2056 1197 vit;
2090 1131 2159 1185 de
2189 1133 2313 1185 arte
2343 1132 2540 1185 autem
2589 1128 2866 1201 praeclara
2907 1130 3267 1201 adjumcnta,
3308 1132 3425 1187 vim
3456 1134 3585 1206 ejus

1940 1218 2226 1291 aperiens,
2271 1218 2330 1273 in
2379 1221 2587 1290 quarto
2638 1219 2707 1273 de
2751 1218 3015 1274 doctrina
3059 1219 3389 1277 Christiana
3436 1221 3585 1279 libro

1941 1306 2253 1379 capacibus
2303 1307 2591 1378 praestitit.
2644 1305 2786 1372 Quis
2836 1306 2944 1362 hoc
2995 1306 3071 1363 sit
3118 1310 3392 1378 sanctior,
3453 1311 3588 1383 quis

1940 1396 2182 1464 cautior,
2215 1396 2348 1467 quis
2375 1394 2637 1451 auctior?
2658 1393 2759 1450 Hic
2790 1394 2986 1467 itaque
3032 1399 3113 1451 tot
3161 1397 3374 1454 divinis
3414 1416 3584 1456 orna-

1940 1489 2036 1541 tus
2084 1484 2447 1552 muneribus,
2510 1501 2625 1540 non
2678 1483 3020 1554 dubitando,
3076 1503 3192 1542 non
3252 1489 3585 1559 quaerendo,

1942 1592 2056 1630 non
2078 1573 2563 1647 argumentando,
2597 1574 2696 1629 sed
2729 1572 2900 1646 plane
2928 1574 3085 1629 velut
3125 1576 3455 1647 professum
3488 1578 3587 1634 do-
3632 1622 3639 1627 .

1942 1665 2146 1730 cendo,
2180 1662 2468 1719 malorum
2516 1662 3089 1735 praedestinationem
3121 1681 3249 1721 esse
3300 1665 3585 1724 insinuat.

1942 1754 2132 1809 Verba
2159 1754 2288 1825 ejus
2332 1753 2500 1825 posui
2549 1769 2618 1808 ex
2645 1751 2793 1808 libro
2846 1769 3025 1825 quem
3072 1753 3449 1812 Enchiridion
3498 1757 3586 1812 di—

1941 1841 2144 1909 xit,cul
2173 1843 2231 1897 in
2263 1841 2669 1897 retractatione
2715 1858 2850 1897 cum
2894 1841 3068 1898 vellet
3106 1860 3443 1915 supremam
3475 1844 3588 1901 im-

1944 1947 2176 2003 ponere,
2210 1935 2275 1985 ut
2304 1931 2489 1999 aiunt,
2524 1947 2787 1998 manum,
2821 1931 2964 1986 nihil
3014 1933 3167 2003 quod
3196 1933 3470 2001 adiceret,
3504 1935 3588 1990 ni-

1944 2018 2026 2074 hil
2074 2019 2229 2091 quod
2274 2019 2622 2087 detraheret,
2656 2018 2799 2074 nihil
2850 2019 3005 2091 quod
3050 2024 3304 2077 mutaret
3344 2022 3585 2083 invenit.

1944 2108 2073 2163 Haec
2103 2112 2242 2163 sunt
2267 2125 2467 2179 magna
2509 2124 2672 2179 opera
2720 2109 2963 2176 Domini,
2996 2112 3270 2181 exquisita
3318 2112 3376 2166 in
3406 2127 3590 2168 omnes

1928 2198 2242 2253 voluntates
2270 2200 2386 2269 ejus
2416 2198 2584 2267 (Psal.
2616 2197 2790 2269 cx),et
2819 2201 2940 2253 tam
2962 2198 3255 2270 sapienter
3278 2200 3587 2271 exquisita,

1945 2291 2011 2341 ut
2041 2302 2177 2341 cum
2206 2285 2469 2358 angelica
2499 2289 2556 2340 et
2584 2285 2846 2343 humana
2886 2290 3154 2342 creatura
3180 2292 3500 2359 peccasset,
3528 2288 3587 2345 id

1945 2379 2051 2441 est,
2086 2391 2201 2430 non
2235 2374 2390 2446 quod
2441 2373 2557 2443 ille,
2592 2374 2692 2429 sed
2726 2374 2882 2446 quod
2930 2374 3112 2430 voluit
3160 2375 3285 2447 ipse
3332 2376 3586 2447 fecisset,

1945 2463 2120 2520 etiam
2151 2480 2255 2536 per
2282 2463 2549 2519 eamdem
2599 2466 2875 2519 creatura:
2917 2463 3298 2533 voluntatem,
3350 2483 3468 2539 qua
3504 2466 3589 2523 fa-

1947 2557 2107 2609 ctum
2137 2557 2226 2609 est
2253 2552 2408 2624 quod
2460 2552 2696 2608 Creator
2725 2551 2933 2620 noluit,
2969 2552 3236 2625 impleret
3274 2555 3399 2627 ipse
3433 2557 3589 2628 quod

1946 2641 2149 2707 voluit,
2181 2643 2327 2698 bene
2360 2645 2529 2697 utens
2567 2644 2624 2696 et
2664 2640 2839 2697 malis
2890 2645 3173 2713 tanquam
3222 2660 3453 2699 summe
3482 2644 3591 2717 bo-

1949 2748 2059 2786 nus
2090 2731 2161 2786 ad
2193 2747 2395 2786 eorum
2440 2729 2898 2798 damnationem,
2932 2746 3079 2802 quos
3123 2732 3286 2802 juste
3335 2734 3592 2805 praedes—

1946 2819 2150 2876 tinavit
2178 2820 2250 2875 ad
2282 2836 2534 2892 poenam,
2569 2822 2627 2874 et
2674 2819 2746 2874 ad
2775 2835 2978 2874 eorum
3026 2818 3279 2876 salutem
3309 2837 3458 2893 quos
3488 2822 3591 2879 he-

1944 2909 2121 2981 nigne
2146 2908 2578 2981 praedestinavit
2606 2908 2674 2962 ad
2710 2906 3055 2980 gloriam.Et
3083 2925 3156 2964 ne
3183 2908 3293 2964 hoc
3322 2909 3406 2965 illi
3437 2911 3590 2967 exci-

1947 2998 2105 3053 disse
2152 2997 2476 3063 arbitreris,
2518 3013 2585 3052 ac
2637 3013 2753 3052 non
2797 3012 2901 3068 pro
2946 3000 3241 3069 comperto
3290 3000 3347 3053 et
3393 2998 3594 3056 certis-

1946 3086 2096 3143 simo
2126 3086 2593 3158 comprobatum,
2628 3102 2762 3141 cum
2793 3103 2862 3141 ex
2908 3084 3111 3141 multis
3151 3085 3433 3143 librorum
3462 3088 3591 3160 ejus

1944 3175 2088 3232 locis
2119 3181 2244 3232 tum
2276 3192 2340 3232 ex
2372 3174 2531 3232 illius
2584 3176 2753 3247 cujus
2803 3175 2910 3231 feci
2959 3173 3133 3248 paulo
3172 3180 3306 3231 ante
3338 3176 3592 3233 mentio-

180 3262 545 3337 simus,quia
574 3263 906 3320 divinarum
937 3264 1375 3338 Scripturarum
1396 3264 1838 3321 observantissi-
1867 3250 1911 3320 C
1946 3283 2078 3322 nem
2109 3265 2208 3338 qui
2239 3264 2577 3322 inscribitur
2604 3265 2675 3320 de
2700 3264 2861 3320 Dono
2912 3266 3375 3338 perseverantiae,
3415 3282 3590 3338 quem

180 3369 346 3423 mus,
397 3353 707 3410 scribendo
767 3353 1028 3425 profecit.
1080 3353 1242 3410 Unde
1296 3355 1495 3426 culpat
1550 3355 1836 3426 quosdam

179 3442 244 3498 in
276 3442 430 3498 libro
458 3442 531 3497 de
560 3441 1069 3514 pradestinatione
1100 3447 1439 3499 sanctorum
1492 3444 1646 3515 quod
1686 3444 1838 3500 sicut

181 3532 556 3588 studuissent
600 3530 790 3604 ipsius
820 3530 1003 3588 libros
1031 3531 1242 3603 legere,
1266 3549 1381 3588 non
1414 3532 1591 3588 etiam
1622 3536 1837 3588 certas-

182 3624 322 3677 sent
350 3636 487 3676 cum
518 3620 646 3692 ipso
695 3621 992 3692 proficere,
1036 3623 1092 3675 et
1148 3620 1523 3692 proficienter
1577 3619 1834 3694 scripsit,

180 3725 294 3765 nec
327 3713 525 3764 tamen
557 3725 663 3765 suo
703 3707 928 3780 judicio
979 3708 1050 3764 ad
1100 3708 1512 3780 perfectionem
1555 3708 1834 3781 pervenit.

180 3798 449 3853 Tenebat
476 3797 817 3869 enim,quod
842 3797 1017 3853 etiam
1049 3798 1108 3852 in
1140 3815 1246 3853 suo
1273 3796 1527 3853 mirabili
1558 3798 1628 3853 de
1650 3814 1838 3870 gram-

181 3886 407 3942 matica
430 3903 600 3959 opere
616 3889 684 3958 (ε)
700 3886 1034 3942 Priscianus
1055 3885 1499 3959 intelligit,nihil
1517 3886 1836 3959 perfectum

180 3993 254 4031 ex
294 3976 458 4032 omni
504 3981 668 4048 parte
714 3975 774 4030 in
822 3974 1101 4031 humanis
1149 3974 1546 4030 locationibus
1591 3973 1836 4030 inveniri

180 4081 380 4137 posse.
410 4064 553 4132 Imo,
587 4065 743 4136 quod
792 4068 991 4120 noster
1039 4063 1121 4120 ait
1163 4062 1479 4136 Apostolus
1512 4080 1525 4119 :
1558 4066 1642 4119 Ea:
1680 4071 1839 4135 parte

177 4155 579 4225 cognoscimus,
628 4160 681 4208 et
721 4170 791 4208 ex
828 4161 986 4225 parte
1021 4154 1407 4225 prophelamus
1456 4152 1500 4224 (I
1538 4151 1659 4207 Cor.
1692 4152 1835 4225 xm).

179 4243 303 4299 Hoc
335 4242 395 4297 in
440 4242 811 4297 exactissimo
855 4241 1003 4297 libro
1055 4243 1128 4297 de
1176 4241 1328 4297 bono
1372 4240 1834 4312 perseverantize,

179 4348 364 4404 quem
396 4336 529 4404 post
554 4330 643 4387 vel
666 4330 818 4386 inter
843 4329 1024 4386 libros
1046 4330 1525 4386 retractationum
1547 4329 1841 4398 edidit,di-

177 4424 402 4494 gnatur
428 4420 682 4493 ingenue
710 4419 995 4475 confiteri.
1032 4422 1096 4474 In
1128 4418 1294 4475 libris
1334 4423 1530 4475 autem
1561 4422 1836 4475 retracta-

177 4509 661 4581 tionum,quibus
682 4525 798 4565 non
829 4507 1065 4564 erubuit
1080 4507 1378 4580 publicare
1399 4506 1459 4563 in
1482 4507 1839 4581 quibuscun-

1945 3359 2111 3412 aetate
2166 3359 2399 3411 matura
2454 3354 2740 3426 ﬁrmoque
2796 3352 3017 3425 judicio
3072 3353 3591 3412 exercitatissimus

1947 3446 2093 3503 237
2124 3444 2327 3511 edidit,
2383 3443 2593 3517 poterit
2629 3443 2985 3500 conﬁrmari.
3019 3466 3047 3493 «
3078 3442 3325 3512 Quibus,
3376 3444 3589 3517 inquit,

1945 3552 2062 3591 non
2095 3532 2220 3589 vult
2251 3532 2559 3589 subvenire
2588 3548 2704 3587 non
2740 3531 3030 3601 subvenit,
3051 3532 3121 3588 de
3149 3532 3364 3604 quibus
3393 3533 3451 3589 in
3485 3550 3594 3589 sua

1944 3623 2478 3697 praedestinatione,
2522 3620 2746 3677 occulte
2796 3620 3056 3694 quidem,
3091 3622 3192 3677 sed
3215 3621 3398 3692 juste.
3434 3622 3594 3678 aliud

1938 3713 2243 3786 judicavit.
2279 3712 2403 3767 Non
2450 3714 2539 3766 est
2582 3710 2738 3766 enim
2790 3711 3077 3784 iniquitas
3120 3711 3275 3783 apud
3322 3711 3528 3767 Deum.
3563 3733 3594 3762 »

1950 3803 2089 3857 Uuic
2122 3818 2238 3857 non
2270 3799 2587 3856 dissimilia
2616 3800 2672 3855 S.
2701 3799 3015 3872 Gregorius
3046 3817 3217 3871 papa,
3254 3799 3596 3873 Fulgentius

1947 3892 2324 3962 Isidorusque
2380 3892 2735 3944 senserunt:
2790 3904 3042 3959 quorum
3099 3904 3204 3961 ego
3262 3889 3599 3945 testimonia

1946 3996 2160 4053 ponere
2191 3977 2514 4049 supersedi,
2549 3992 2621 4030 ne
2653 3976 2753 4030 diu
2784 3975 3035 4030 aliorum
3067 3975 3300 4047 scriptis
3324 3981 3595 4033 extentus

1944 4064 2101 4115 esset
2131 4062 2326 4114 noster
2352 4057 2516 4111 labor
2546 4055 2851 4127 ingratior.
2886 4054 3066 4126 Cujus
3115 4059 3313 4109 autem
3359 4056 3438 4112 sit
3474 4072 3596 4112 mo-

1946 4148 2127 4203 menti
2157 4144 2520 4219 Augustinus
2552 4143 2625 4216 (ιι)
2649 4142 2957 4199 Caelestino
2979 4160 3131 4216 papa
3150 4143 3390 4200 docente
3410 4144 3596 4200 disca-

1948 4254 2100 4293 mus.
2136 4258 2164 4285 ‹‹
2197 4233 2612 4307 Augustinum,
2659 4231 2870 4303 inquit,
2922 4236 3140 4288 sanctae
3174 4232 3593 4290 recordationis

1943 4326 2134 4381 virum
2166 4340 2270 4397 pro
2294 4323 2415 4377 vita
2442 4338 2549 4377 sua
2565 4325 2740 4393 atque
2763 4320 2987 4376 meritis
3008 4320 3067 4375 in
3099 4324 3299 4377 nostra
3326 4338 3593 4378 commu-

1946 4414 2121 4469 nione
2151 4427 2383 4483 semper
2404 4408 2857 4477 habuimus,nec
2885 4425 3147 4481 unquam
3161 4409 3319 4466 hunc
3339 4411 3592 4466 sinistrae

1946 4500 2301 4575 suspicionis
2350 4515 2553 4555 rumor
2596 4498 2847 4569 aspersit
2876 4514 3050 4570 quem
3106 4502 3280 4553 tantae
3339 4497 3592 4555 scientia

177 4616 297 4671 que
328 4615 392 4654 se
441 4597 831 4670 deprehendit
867 4613 1094 4654 errasse
1136 4601 1194 4652 et
1235 4597 1499 4654 censoria
1537 4597 1837 4654 severitate
1864 4623 1911 4687 D
1947 4593 2086 4649 olim
2120 4591 2301 4647 fuisse
2328 4587 2710 4644 meminimus
2732 4590 2797 4642 ut
2825 4585 2978 4687 inter
3009 4585 3320 4660 magistros
3351 4586 3527 4643 etiam
3557 4604 3593 4644 a

176 4688 550 4755 damnare,et
566 4686 832 4742 adhibita
842 4686 1178 4758 ubicunque
1189 4685 1378 4758 potuit
1397 4702 1603 4742 norma
1624 4685 1830 4741 divinae

176 4775 552 4832 auctoritatis
594 4780 651 4831 et
682 4775 952 4831 acumine
983 4774 1340 4831 cautissimas
1377 4776 1834 4848 argumentatio-

177 4866 277 4922 nis
306 4864 621 4938 coxrigere.
652 4881 721 4920 eo
754 4881 940 4936 usque
976 4863 1221 4937 profecit
1246 4868 1312 4919 ut
1333 4864 1634 4920 studiosus
1677 4864 1836 4936 quis-

176 4971 297 5027 que
349 4951 709 5026 singularem
759 4953 887 5024 ejus
931 4952 1259 5009 doctrinam
1309 4969 1551 5009 securus
1600 4952 1835 5008 haurire

252 5095 332 5167 (a)
369 5096 717 5167 Translatum
726 5104 1028 5167 peccatum.
1054 5096 1113 5151 Id
1140 5099 1230 5151 est
1254 5094 1514 5151 Davidis:
1539 5094 1709 5167 cujus
1727 5094 1836 5167 cri-

176 5165 321 5223 men
348 5167 411 5221 in
442 5166 565 5223 ﬁlio
596 5165 853 5239 primum
876 5167 1365 5239 vindicatur,dein
1383 5182 1518 5239 vero
1538 5165 1599 5220 in
1620 5165 1833 5222 Davide

175 5239 409 5295 inso.Et
436 5237 723 5294 videndus
752 5238 989 5295 omnino
1019 5238 1325 5295 Salvianus
1354 5238 1414 5292 in
1441 5237 1590 5293 libro
1622 5254 1832 5293 secun-

219 5328 253 5367 o
284 5311 359 5365 de
388 5309 821 5366 Gubernatione
852 5310 971 5378 Dei,
1005 5326 1138 5382 pag.
1171 5310 1251 5382 38_
1270 5314 1327 5364 et
1352 5325 1473 5382 seq.

249 5382 326 5454 (ὁ)
358 5383 462 5454 Hic
492 5390 684 5454 auctor
705 5378 1358 5454 certissimusLoquitur
1386 5378 1457 5434 de
1478 5378 1827 5454 Augustino,

176 5451 357 5537 quem
382 5452 462 5537 in“
474 5451 728 5536 epistola
757 5470 989 5537 qupque
1012 5453 1115 5509 429
1126 5451 1290 5537 vocat
1309 5451 1604 5537 auctorem
1634 5451 1832 5537 certis-

174 5521 531 5605 simumLSic‘
542 5521 606 5579 in
625 5521 1124 5605 epist—.30loquens
1154 5523 1225 5605 de
1243 5523 1449 5603 eodem
1477 5522 1830 5605 Augustino,

175 5597 257 5651 ait
290 5613 315 5667 :7
341 5620 369 5645 ι(
405 5596 632 5667 Quippe
660 5593 1026 5667 clarissimus
1074 5600 1276 5651 auctor
1304 5593 1444 5665 quia
1482 5593 1690 5648 divina:
1722 5611 1830 5650 au-

173 5666 469 5723 ctoritatis
500 5666 1077 5722 observantissimus.
1112 5688 1140 5716 ››

244 5742 321 5815 (ο)
347 5737 868 5800 Ρνίδοίαπαδ.Ηιιηο
898 5736 1181 5798 Prisciani
1205 5736 1400 5796 locum
1429 5733 1631 5794 laudat
1653 5735 1829 5795 etiam

1946 4682 2095 4739 meis
2141 4696 2372 4752 semper
2416 4675 2825 4733 decessoribus
2886 4674 3216 4732 haberetur.
3272 4680 3424 4731 Bene
3453 4692 3590 4752 ergo

1942 4771 2013 4827 de
2042 4787 2109 4827 eo
2138 4784 2341 4826 omnes
2388 4767 2451 4821 in
2496 4782 2807 4821 commune
2851 4768 3182 4832 senserunt,
3238 4768 3439 4837 utpote
3487 4764 3590 4837 qui

1941 4860 2159 4932 ubique
2189 4855 2414 4913 cunctis
2459 4858 2515 4909 et
2562 4854 2744 4910 amori
2775 4853 2949 4910 fuerit
2978 4858 3035 4909 et
3063 4852 3289 4909 honori.
3318 4875 3347 4903 »
3366 4852 3588 4909 Verum

1941 4967 2031 5018 ne,
2057 4948 2211 5021 quod
2245 4944 2567 5002 cavendum
2599 4942 2775 4999 etiam
2806 4942 3182 4999 saecularibus
3206 4941 3416 4998 litteris
3446 4942 3587 4998 dum

1941 5095 2138 5164 Lupus
2167 5089 2227 5144 in
2259 5088 2523 5164 epist.34.
2543 5086 2830 5164 Sed‘quod
2846 5085 2950 5164 hic
2969 5085 3177 5164 legitur
3196 5086 3587 5164 locationibus,

1939 5155 2047 5236 pro
2073 5155 2684 5236 inpenttonibm,ut_est_
2695 5155 2864 5236 apud
2892 5155 3281 5236 Priscianum,
3302 5157 3449 5236 etin
3471 5155 3589 5236 edi:

1936 5227 2093 5291 tione
2124 5231 2331 5288 Donati
2362 5228 2601 5284 Candidi
2627 5246 2638 5296 ;
2670 5228 2728 5282 id
2750 5227 2827 5300 ex
2852 5245 2919 5283 eo
2950 5229 3271 5300 profectum
3301 5234 3411 5295 est,
3428 5227 3585 5300 quod

1938 5304 2234 5383 Sirmondi
2282 5301 2595 5383 editionem
2647 5298 2812 5383 sequi
2856 5298 3191 5383 studuinus,
3241 5298 3585 5383 quanquam

1936 5380 2063 5451 ipse
2091 5372 2439 5433 Sirmondus
2497 5369 2807 5425 admonuit
2861 5369 2998 5426 alibi
3058 5370 3193 5443 legi,
3251 5369 3586 5427 inventioni-

1942 5451 2080 5603 buici)
2112 5517 2577 5603 Caesaream:
2612 5511 3586 5603 laeseitssseuade-aestates!

1936 5583 2240 5665 episcOpos
2271 5583 2608 5665 (galliarum.
2644 5583 2810 5665 Hunc
2841 5583 3359 5665 autemﬁCgelestini
3391 5583 3587 5641 locum

1936 5654 2155 5793 Sigeia"
2196 5656 2387 5715 verbis
2443 5655 2618 5713 refert
2677 5655 2878 5732 Lupus
2930 5655 2991 5714 in
3035 5654 3416 5730 Collectaneo,
3448 5672 3583 5734 pag.
