3898 6194
166 384 300 449 ’645

1247 389 1398 452 LIB.
1444 386 1547 451 DE
1590 385 1874 452 TRIBUS
1920 385 2538 460 QUIESTIONIBUS.

3477 385 3595 449 646

179 520 380 587 bitrio,
414 527 472 577 et
503 523 573 578 de
603 522 1136 595 prmdestinatione,
1160 525 1236 591 (a)
1270 539 1385 578 non
1413 527 1477 576 ut
1522 521 1833 588 voluimus,
1867 523 1922 588 Α
1952 520 2160 576 salutis
2192 538 2414 587 eorum,
2448 521 2557 577 hoc
2601 526 2706 590 est,
2741 525 3038 578 auctorem
3087 519 3464 589 salvatorum,
3496 539 3598 594 per

181 610 287 666 sed
338 614 402 666 ut
432 610 750 680 valuimus,
787 611 1178 684 pertractatis,
1219 611 1288 666 ad
1333 610 1589 677 tertiam,
1622 609 1845 666 scilicet

181 699 255 755 de
277 700 699 772 redemptione,
721 703 942 772 quanta
969 699 1047 756 sit
1097 699 1405 773 sanguinis
1444 698 1682 767 Christi,
1715 715 1842 770 qua:

182 791 274 844 est
305 787 874 857 ultima,veniamus.
909 789 978 844 Et
1009 789 1162 843 unde
1192 787 1400 843 melius
1433 786 1841 842 considerandi

183 877 493 951 capiemus
521 878 824 934 exordium
861 894 1038 950 quam
1072 877 1144 933 ab
1177 877 1306 953 ejus
1334 876 1528 932 verbis
1557 876 1657 948 qui
1689 876 1844 948 quod

187 970 398 1039 postea
427 965 579 1023 sicut
608 967 782 1022 homo
816 965 1096 1040 implevit,
1130 969 1304 1022 antea
1334 965 1485 1021 sicut
1515 965 1669 1020 Deus
1701 982 1844 1037 prae-

185 1055 380 1111 dixit?
411 1056 562 1112 Sunt
592 1056 730 1111 hinc
761 1057 890 1128 ejus
933 1055 1107 1111 verba
1140 1072 1153 1111 :
1187 1056 1248 1111 Si
1288 1055 1564 1112 exaltatus
1610 1056 1764 1125 fuero
1813 1072 1846 1109 a

184 1152 356 1212 terra,
380 1147 564 1201 omnia
596 1146 814 1201 traham
846 1145 915 1200 ad
944 1161 1030 1201 me
1061 1146 1241 1218 ipsum
1268 1146 1446 1215 (Joan.
1477 1144 1598 1216 xu).
1633 1144 1696 1199 In
1737 1143 1845 1198 hac

184 1232 556 1302 exaltatione,
593 1250 770 1306 quam
802 1250 863 1289 se
891 1232 1258 1289 humiliando
1304 1237 1368 1288 ut
1415 1249 1521 1288 nos
1565 1230 1844 1288 exaltare-

184 1339 325 1377 mur
353 1339 666 1395 perpessus
698 1326 806 1390 est,
841 1321 1082 1395 sanguis
1112 1321 1208 1377 ille
1241 1338 1344 1393 pro
1377 1319 1579 1375 multis
1625 1321 1846 1376 ell‘usus

185 1416 276 1468 est
338 1411 397 1466 in
452 1410 858 1468 remissionem
915 1415 1308 1484 peccatorum.
1343 1409 1437 1466 Sic
1485 1409 1641 1466 enim
1690 1409 1845 1464 idem

179 1499 384 1566 Jesus,
416 1498 525 1555 hoc
552 1504 642 1556 est
675 1505 878 1556 nostra
911 1499 1114 1572 lingua
1147 1499 1417 1567 Salvator,
1452 1498 1677 1554 salvum
1714 1499 1849 1553 fecit

183 1587 476 1660 populum
509 1605 684 1644 suum
719 1606 752 1644 a
782 1588 1039 1660 peccatis
1071 1605 1293 1645 eorum.
1319 1587 1579 1660 Denique
1610 1605 1723 1644 non
1748 1585 1851 1643 ali-

183 1694 369 1749 quam
421 1677 604 1734 solam
656 1682 886 1750 gentem
938 1677 1111 1751 elegit
1163 1679 1309 1734 241
1348 1693 1523 1749 quam
1565 1675 1847 1749 singulari

184 1765 494 1838 privilegio
525 1769 706 1822 totam
739 1765 1018 1835 salvaret;
1056 1767 1154 1822 sed
1191 1770 1254 1821 ut
1303 1783 1417 1822 non
1467 1783 1573 1821 suo
1618 1765 1848 1835 merito,

183 1872 393 1911 verum
420 1855 660 1910 forsitan
681 1856 1158 1911 commendandae
1181 1853 1482 1928 dignitatis
1499 1853 1850 1927 pontiﬁcalis

184 1943 401 2016 gratia,
434 1943 685 2017 Caiphae
717 1944 1102 2017 prophetavit,
1121 1948 1388 1999 mortuus
1413 1947 1502 1999 est
1529 1943 1844 2010 Jesus,non

188 2035 424 2087 tantum
454 2049 559 2105 pro
587 2033 923 2089 Judaeorum
953 2037 1144 2106 gente,
1175 2033 1329 2088 unde
1360 2049 1546 2105 genus
1575 2032 1842 2100 ducebat,

187 2122 294 2178 sed
329 2125 393 2176 ut
425 2120 575 2178 filios
605 2121 707 2178 Dei
739 2122 838 2195 qui
872 2126 1037 2178 erant
1067 2122 1314 2194 dispersi
1367 2127 1744 2195 congregaret
1786 2121 1844 2176 in

188 2226 402 2266 unum.
435 2210 561 2266 Non
593 2211 749 2283 quod
782 2211 973 2266 adhuc
1025 2215 1219 2267 essent
1268 2210 1372 2265 ﬁlii
1421 2209 1542 2281 Dei,
1579 2212 1678 2266 sed
1711 2210 1848 2283 quia

186 2298 346 2354 inter
371 2299 849 2372 congregandum
881 2299 1015 2355 facti
1048 2303 1188 2356 sunt
1220 2297 1321 2354 ﬁlii
1351 2299 1448 2356 Dei
1480 2316 1612 2355 cum
1637 2299 1848 2355 unitati

188 2387 327 2444 ﬁdei
361 2393 753 2445 accesserunt.
787 2389 912 2445 Non
961 2388 1412 2462 incongruenter
1467 2389 1666 2462 igitur,
1694 2389 1849 2445 sicut

188 2477 485 2550 praedixit,
516 2478 588 2533 ad
623 2495 683 2534 se
715 2477 912 2534 omnia
942 2478 1135 2545 traxit,
1171 2477 1271 2550 qui
1319 2494 1386 2533 ex
1436 2478 1592 2533 omni
1638 2493 1847 2550 genere

187 2566 501 2623 hominum
536 2566 710 2640 elegit
740 2584 1124 2639 quoscunque
1169 2567 1390 2622 salvare
1433 2567 1705 2621 decrevit.
1740 2566 1846 2632 Qui

187 2658 360 2712 multi
390 2657 526 2711 dicti
557 2661 715 2723 sunt,
743 2657 883 2728 quia
913 2655 1112 2729 plures
1143 2657 1342 2728 utique
1373 2655 1699 2722 salvantur;
1733 2673 1847 2711 om—

189 2762 291 2801 nes
326 2750 543 2816 autem,
579 2745 717 2817 quia
766 2763 834 2799 ex
883 2745 1041 2800 omni
1093 2761 1301 2818 genere
1349 2744 1653 2799 hominum
1686 2743 1846 2798 colli-

191 2838 440 2908 guntur.
472 2835 580 2890 Pro
610 2834 702 2889 his
735 2834 932 2890 fusum
983 2851 1112 2890 esse
1160 2833 1507 2906 sanguinem
1554 2833 1674 2901 Dei,
1709 2833 1850 2905 quia

195 2925 431 2980 Verbum
459 2940 584 2980 caro
613 2926 820 2996 factum
848 2932 945 2992 est,
979 2924 1087 2980 hoc
1117 2927 1224 2989 est,
1251 2927 1400 2978 Deus
1428 2922 1602 2978 homo
1635 2923 1846 2989 factus,

195 3030 234 3069 a
265 3016 425 3085 parte
457 3015 645 3068 totum
676 3011 1043 3085 signiﬁcante
1093 3012 1414 3084 Scriptura,
1460 3011 1612 3067 sicut
1660 3012 1798 3068 alibi
1834 3029 1847 3069 :

190 3103 263 3157 Et
292 3101 494 3158 videbit
523 3104 699 3158 omnis
728 3119 855 3158 caro
881 3103 1122 3158 salutare
1149 3103 1248 3157 Dei
1279 3101 1426 3173 (Luc.
1460 3103 1568 3170 In),
1598 3100 1707 3156 hoc
1739 3106 1846 3170 est,

198 3191 399 3246 omnis
429 3189 625 3259 homo,
647 3195 704 3246 et
735 3190 873 3262 quia
901 3190 1234 3258 Deus,dum
1265 3189 1552 3262 integram
1578 3193 1845 3246 naturam

195 3283 464 3336 nostram
495 3279 838 3353 assumpsit,
872 3297 1040 3335 suam
1071 3279 1469 3352 incorruptam
1515 3283 1668 3334 certe
1719 3279 1849 3334 reti-
1877 3263 1919 3331 C

193 3369 350 3438 nuit,
365 3368 711 3426 universalis
727 3369 1039 3424 confitetur
1049 3367 1307 3425 Ecclesia
1323 3385 1426 3441 per
1442 3371 1627 3424 totum
1651 3369 1852 3424 orbem

191 3465 366 3514 terra:
397 3458 763 3531 diﬂ‘usa,qua
793 3458 1138 3514 necessitate
1159 3457 1584 3530 constringitur
1609 3458 1667 3512 in
1690 3475 1853 3514 acce-

194 3553 301 3621 pta
320 3546 1463 3618 sanctiﬁcationemanendi,sicApostolo
1475 3546 1848 3619 explanante:

191 3638 382 3709 Empti
408 3638 537 3693 estis
560 3638 738 3708 pretio
766 3653 988 3706 magno,
1018 3636 1319 3708 gloriﬁcate
1347 3644 1397 3691 et
1431 3644 1642 3708 portate
1683 3637 1854 3692 Deum

193 3729 260 3782 in
289 3742 512 3799 corpore
537 3734 706 3782 vestro
734 3728 784 3795 (Ι
812 3725 932 3781 Cor.
967 3725 1345 3797 VI).1temque
1376 3741 1438 3780 se
1471 3729 1853 3782 annumerato

194 3816 270 3871 de
303 3815 580 3871 omnibus
629 3814 771 3870 dicit
819 3813 973 3870 idem
1021 3813 1378 3887 Apostolus:
1415 3815 1644 3886 Pr0prio
1684 3815 1850 3882 Filio,

193 3904 360 3960 haud
391 3904 637 3959 dubium
669 3903 812 3976 quin
842 3903 1017 3971 Deus,
1050 3921 1159 3958 non
1187 3903 1550 3975 pepercit,sed
1577 3919 1678 3976 pro
1698 3905 1854 3959 nobis

194 3994 454 4049 omnibus
483 3992 713 4048 tradidit
742 3993 903 4048 illum
929 3994 1105 4062 (Rom.
1139 3995 1282 4060 vm).
1316 3991 1459 4046 Item
1493 3992 1564 4047 de
1593 3990 1685 4047 his
1735 4008 1856 4048 om-

195 4083 380 4138 nibus
408 4081 466 4136 in
511 4081 771 4154 Epistola
819 4099 945 4154 quae
995 4079 1396 4154 praescribitur
1423 4080 1496 4136 ad
1534 4080 1802 4136 Hebraeos
1837 4098 1850 4137 :

199 4171 446 4228 Vidimus
490 4173 670 4227 Iesum
719 4179 940 4243 propter
983 4171 1297 4242 passionem
1341 4171 1535 4225 mortis
1578 4170 1753 4238 gloria
1805 4177 1859 4226 et

195 4261 404 4316 honore
432 4267 769 4326 coronatum,
803 4266 863 4314 ut
889 4260 1074 4330 gratia
1104 4260 1206 4314 Dei
1235 4275 1331 4330 pro
1360 4257 1613 4314 omnibus
1665 4266 1854 4326 gusta-

193 4357 280 4406 ret
307 4357 537 4404 mortem
566 4349 746 4418 (Hebr.
779 4347 863 4421 ιι).
895 4349 965 4403 Et
995 4347 1262 4421 aperiens
1294 4347 1394 4419 qui
1424 4349 1564 4403 sunt
1611 4345 1708 4402 isti
1757 4346 1854 4403 ho-

194 4438 412 4507 mines,
433 4453 569 4494 mox
595 4435 799 4492 intulit
832 4454 844 4492 :
877 4437 1104 4494 Deeebat
1132 4439 1281 4494 enim
1309 4453 1434 4493 eum
1461 4442 1678 4508 propter
1697 4451 1856 4507 quem

192 4529 387 4585 omnia
416 4535 467 4583 et
494 4543 591 4598 per
617 4542 775 4598 quem
804 4527 1125 4597 omnia,qui
1142 4526 1337 4581 multos
1354 4525 1500 4595 ﬁlios
1532 4526 1591 4579 in
1618 4525 1855 4596 gloriam

193 4617 522 4685 adduxerat,
555 4624 828 4673 auctorem
854 4616 1050 4671 salutis
1083 4615 1238 4671 242
1267 4631 1457 4670 eorum
1495 4629 1596 4685 per
1637 4615 1851 4686 passio-
1884 4634 1932 4701 Β

193 4722 324 4762 nem
369 4721 766 4761 consummare.
799 4703 1054 4760 Decebat
1099 4701 1315 4776 quippe
1368 4702 1552 4758 Deum
1599 4703 1850 4770 Patrem,

188 4802 417 4868 propter
461 4810 619 4866 quem
663 4795 871 4860 omnia,
903 4792 1012 4848 hoc
1062 4796 1150 4848 est
1193 4791 1362 4863 cujus
1413 4790 1669 4847 bonitate
1715 4793 1856 4847 sunt

194 4884 419 4950 omnia,
450 4892 501 4939 et
527 4900 624 4956 per
652 4899 812 4954 quem
831 4883 1038 4949 omnia,
1073 4880 1213 4954 quia
1260 4881 1333 4937 ab
1384 4879 1482 4936 illo
1532 4885 1854 4938 coaeternus

196 4974 249 5032 ei
283 4977 448 5030 ortus
473 4976 561 5030 est
591 4970 772 5028 Filius
803 4987 904 5044 per
933 4987 1109 5044 quem
1135 4970 1290 5026 facta
1320 4973 1459 5025 sunt
1489 4969 1689 5024 omnia
1715 4970 1856 5042 (0m-

196 5066 302 5120 nia
346 5064 498 5120 enim
544 5063 606 5118 in
652 5061 930 5133 sapientia
970 5060 1175 5132 fecisti,
1199 5057 1342 5115 dicit
1371 5073 1535 5113 sacer
1586 5056 1855 5114 Psalmus

159 5153 378 5225 ~[Psal.
413 5151 552 5222 ct]),
589 5150 710 5222 qui,
767 5149 875 5206 hoc
928 5153 1039 5218 est,
1090 5149 1279 5217 Pater,
1313 5145 1532 5202 multos
1587 5144 1738 5218 ﬁlios
1793 5146 1854 5202 in

196 5241 449 5316 gloriam
480 5240 824 5306 adduxerat,
852 5255 987 5295 cum
1020 5237 1243 5296 scilicet
1273 5251 1444 5292 nemo
1480 5234 1736 5292 venisset
1781 5236 1852 5292 ad

199 5330 417 5390 Filium
457 5328 571 5386 nisi
619 5345 796 5403 quem
843 5328 1012 5386 Pater
1059 5328 1184 5401 ipse
1229 5323 1522 5393 traxisset,
1556 5327 1854 5382 auctorem

267 5548 347 5618 (a)
380 5546 500 5603 Non
527 5551 589 5600 ut
615 5544 907 5601 voluimus.
958 5540 1242 5618 Epist._;30
1273 5555 1286 5593 :
1322 5560 1351 5588 «
1384 5537 1851 5618 Prgmopstratis

192 5607 411 5687 verbis,
445 5631 624 5689 super
652 5631 903 5689 quorum
934 5607 1223 5689 sententia
1255 5626 1369 5665 non
1417 5613 1482 5664 ut
1529 5607 1848 5679 voluimus,

195 5690 300 5748 sed
323 5682 735 5756 ut'valuimu's,
764 5684 990 5741 diutule
1019 5682 1457 5756 locuti‘sumus.
1489 5701 1518 5731 »

268 5761 346 5841 (b)
375 5760 544 5821 Salva
565 5758 690 5838 ﬁde.
707 5748 734 5812 (ἱ
755 5757 1041 5830 Quoniam
1065 5755 1135 5828 de
1174 5752 1394 5814 eisdem
1424 5748 1851 5832 quaestionibus

1951 609 2284 680 passionem
2317 626 2748 677 consummare,
2767 614 2831 665 ut
2860 610 2930 665 de
2951 625 3066 682 quo
3097 609 3331 678 dicitur,
3357 627 3483 684 qua?
3502 629 3598 667 ece-

1945 699 2032 770 pit
2047 699 2200 754 Iesus
2228 701 2408 771 facere
2437 706 2486 755 et
2512 699 2714 766 docere,
2741 700 2895 772 quod
2928 700 3253 755 docendum
3288 699 3346 754 in
3377 699 3596 756 mundo

1952 786 2077 860 ipse
2125 787 2403 844 docuerat
2447 787 2676 860 primus
2720 787 3007 861 impleret,
3041 788 3150 844 hoc
3198 792 3305 852 est,
3337 788 3600 860 majorem

1951 878 2274 932 charitatem
2304 894 2458 933 nemo
2488 878 2649 933 habet
2675 894 2838 948 quam
2869 886 2931 932 ut
2958 879 3206 934 animam
3234 895 3391 934 suam
3431 886 3603 951 ponat

1954 968 2076 1038 quis
2097 983 2196 1038 pro
2227 968 2422 1022 amicis
2449 969 2583 1035 suis,
2608 969 2663 1023 et
2691 966 2772 1021 ita
2801 983 2935 1022 eum
2967 984 3069 1040 per
3097 967 3429 1038 passionem
3461 985 3600 1024 con-

1955 1059 2278 1110 summaret
2314 1055 2501 1122 Pater,
2533 1054 2590 1110 id
2622 1059 2729 1126 est,
2745 1061 3217 1112 consummatum
3250 1057 3598 1130 perfectum-

1954 1160 2066 1214 que
2097 1145 2454 1212 ostenderet;
2474 1161 2608 1200 cum
2641 1145 2793 1216 quod
2827 1144 2950 1216 ipse
2979 1145 3124 1202 bene
3156 1145 3468 1214 docuisset,
3483 1163 3599 1202 non

1955 1232 2147 1288 solum
2181 1232 2797 1306 implere,quanquam
2830 1235 3223 1303 arduum,non
3253 1240 3600 1303 recusasset,

1953 1339 2153 1377 verum
2173 1321 2346 1377 etiam
2371 1339 2476 1378 suo
2498 1322 2757 1395 exemplo
2779 1328 3016 1380 caeteros
3037 1326 3606 1383 excitasset.lntuen-

1957 1412 2099 1467 dum
2131 1411 2286 1483 quod
2320 1428 2465 1483 quos
2491 1411 2630 1467 dicit
2658 1429 2841 1468 omnes
2871 1413 2930 1468 in
2964 1430 3028 1469 eo
3061 1415 3212 1486 quod
3247 1415 3419 1487 paulo
3468 1419 3602 1471 ante

1956 1499 2173 1574 posuit,
2202 1499 2452 1572 qualiter
2480 1501 2669 1574 gratia
2700 1502 2795 1557 Dei
2829 1519 2932 1575 pro
2965 1503 3240 1559 omnibus
3283 1504 3606 1577 gustaverit

1958 1594 2228 1657 mortem,
2253 1590 2486 1645 eosdem
2519 1578 2692 1662 pdulo
2724 1595 2855 1663 post
2884 1596 3183 1665 nuncupat
3212 1595 3430 1665 multos,
3454 1593 3603 1650 infe-

1958 1679 2218 1750 rens,qui
2240 1678 2455 1735 multos
2475 1679 2622 1736 filios
2641 1680 2694 1734 in
2715 1679 2961 1753 gloriam
2976 1681 3451 1739 adduxeratJIasc
3465 1682 3605 1739 divi-

1959 1785 2168 1822 norum
2190 1767 2555 1839 eloquiorum
2579 1770 2894 1826 auctoritas
2919 1770 3308 1844 intelligenter
3328 1789 3601 1844 expensa,

1960 1874 2062 1929 pro
2093 1856 2369 1913 omnibus
2399 1856 2496 1912 Dei
2520 1856 2728 1913 Filium
2750 1863 3018 1931 gustasse
3044 1865 3291 1916 mortem
3316 1860 3398 1917 sic
3420 1860 3600 1934 accipi

1956 1962 2126 2018 posse
2158 1946 2419 2000 insinuat
2452 1947 2946 2017 quemadmodum
2976 1947 3159 2004 Deum
3209 1949 3351 2004 velle
3399 1967 3603 2006 omnes

1958 2034 2081 2090 ﬁeri
2109 2033 2319 2089 salvos.
2346 2033 2417 2089 Ut
2447 2033 2602 2090 enim
2635 2035 2824 2091 salvos
2847 2037 2970 2092 fieri
2991 2037 3116 2092 vult
3137 2053 3342 2094 omnes
3364 2040 3605 2111 quicun-

1957 2141 2070 2196 que
2101 2123 2420 2190 salvantur,
2451 2123 2534 2179 ita
2562 2124 2797 2180 redimit
2825 2142 3029 2181 omnes
3067 2125 3404 2199 quicunque
3447 2127 3603 2184 redi-

1957 2216 2219 2268 muntur.
2236 2212 2360 2271 Non
2393 2217 2587 2268 autem
2616 2212 2914 2269 salvantur
2941 2231 3166 2282 omnes,
3199 2232 3306 2271 nec
3333 2232 3466 2273 vero
3513 2233 3604 2272 re-

1958 2301 2282 2357 dimuntur.
2317 2302 2441 2357 Non
2475 2302 2673 2374 itaque
2702 2301 2826 2358 vult
2855 2301 3064 2359 salvari
3095 2303 3241 2361 alios
3272 2322 3476 2362 omnes
3505 2309 3609 2362 aut

1960 2390 2165 2446 redimi
2199 2391 2312 2446 nisi
2347 2390 2446 2463 qui
2477 2391 2849 2447 redimuntur
2878 2396 3051 2464 atque
3073 2393 3392 2451 salvantur.
3410 2395 3471 2451 In
3495 2395 3607 2452 hoc

1958 2497 2132 2536 sensu
2155 2479 3037 2552 beatusAugustinusinvenitur
3058 2481 3116 2538 in
3138 2481 3286 2539 libro
3300 2484 3605 2556 cujusjam

1958 2586 2137 2639 supra
2161 2568 2562 2635 meminimus,
2597 2568 2696 2640 qui
2730 2569 3107 2626 Enchiridion
3157 2573 3388 2629 dicitur.
3420 2575 3606 2629 Locus

1959 2659 2110 2714 243
2135 2657 2227 2711 hic
2258 2661 2406 2711 est.u
2436 2657 2562 2711 Haec
2594 2675 2720 2729 qua:
2744 2658 2800 2712 in
2829 2660 3046 2715 sanctis
3086 2661 3310 2733 angelis
3347 2667 3404 2718 et
3435 2664 3608 2718 virtu-

1956 2746 2113 2800 tibus
2145 2744 2359 2800 dicitur
2388 2744 2817 2814 Ecclesia,tunc
2851 2747 3017 2802 nobis
3044 2748 3212 2804 sicuti
3246 2755 3335 2806 est
3384 2752 3609 2808 innote-

1959 2839 2079 2890 scet
2108 2851 2242 2888 cum
2272 2833 2321 2888 ei
2355 2833 2648 2904 conjuncti
2681 2835 2967 2891 fuerimus
2999 2836 3058 2890 in
3089 2836 3266 2893 ﬁnem
3315 2840 3388 2895 ad
3426 2841 3605 2897 simul

1959 2924 2287 2980 habendam
2305 2922 2726 2978 beatitudinem
2740 2923 3605 3001 sempiternam.lstavero,qua3

1959 3016 2031 3071 ab
2060 3013 2159 3068 illa
2190 3012 2593 3086 peregrinatur
2621 3012 2679 3067 in
2711 3013 2902 3080 terris,
2935 3017 2992 3068 et
3038 3014 3208 3070 nobis
3260 3015 3450 3073 notior
3492 3022 3602 3088 est,

1959 3120 2106 3175 quos
2130 3101 2185 3156 in
2207 3100 2308 3155 illa
2331 3117 2559 3168 sumus,
2575 3106 2631 3156 et
2653 3101 2788 3173 quia
2808 3101 3115 3158 hominum
3136 3106 3401 3177 est,quod
3423 3110 3478 3162 et
3498 3125 3605 3164 nos

1960 3208 2186 3257 sumus,
2221 3189 2341 3244 haec
2366 3189 2651 3262 sanguine
2684 3190 3016 3248 Mediatoris
3049 3191 3279 3248 nullum
3330 3193 3604 3254 habentis

1960 3284 2259 3351 peccatum
2292 3278 2364 3333 ab
2395 3277 2554 3333 omni
2585 3283 2673 3334 est
2704 3279 3002 3353 redempta
3033 3286 3288 3354 peccato.
3313 3284 3454 3356 Ejus
3497 3303 3606 3340 vox

1962 3372 2050 3424 est
2081 3385 2092 3424 :
2119 3367 2181 3423 Si
2210 3368 2346 3423 Deus
2371 3383 2472 3439 pro
2501 3368 2676 3433 nobis,
2707 3369 2828 3440 quis
2856 3378 3046 3425 contra
3087 3374 3224 3427 nos?
3251 3375 3348 3444 qui
3379 3375 3606 3446 proprio

1959 3459 2100 3513 Filio
2129 3473 2236 3513 non
2254 3457 2620 3529 pepercit,sed
2642 3474 2742 3529 pro
2763 3459 3012 3514 omnibus
3032 3460 3260 3516 tradidit
3284 3478 3408 3517 enm
3429 3464 3603 3535 (Rom.

1959 3550 2102 3615 vm).
2137 3551 2199 3600 In
2248 3545 2504 3602 Ecclesia
2546 3545 2727 3616 enim,
2758 3563 2884 3620 quas
2937 3548 3223 3623 sanguine
3275 3551 3608 3608 Mediatoris

1962 3635 2190 3691 nullum
2222 3634 2493 3691 habentis
2526 3640 2827 3707 peccatum
2861 3636 2933 3692 ab
2963 3638 3122 3693 omni
3173 3644 3264 3696 est
3311 3641 3610 3714 redempta

1962 3729 2216 3797 peccato,
2250 3723 2526 3796 intelligit
2554 3741 2681 3780 esse
2711 3741 2914 3782 omnes
2945 3728 3044 3799 qui
3089 3728 3404 3801 apostollco
3453 3729 3612 3788 testi-

1963 3814 2158 3869 monio
2175 3812 2934 3886 comprehenduntur,quod
2952 3821 3160 3889 est,pro
3177 3820 3346 3876 nobis
3358 3821 3610 3877 omnibus

1962 3902 2188 3958 tradidit
2211 3918 2352 3956 eum.
2370 3900 2642 3957 Curiosos
2662 3906 2858 3958 tamen
2882 3904 3210 3962 divinorum
3243 3907 3608 3981 eloquiorum

1963 4009 2076 4046 non
2110 3991 2274 4062 fugat
2301 3989 2680 4061 probabiliter
2707 3991 2818 4046 dici
2841 4009 3013 4064 posse
3035 3998 3330 4050 mortuum
3362 4015 3466 4069 pro
3488 4016 3611 4055 om-

1963 4080 2136 4135 nibus
2169 4078 2466 4134 Christum
2501 4078 2600 4150 qui
2634 4079 2763 4150 ejus
2795 4079 2928 4136 fidei
2960 4089 3327 4140 sacramenta
3356 4085 3474 4141 sive
3496 4105 3611 4144 ser-

1962 4166 2294 4234 vaturi,sive
2324 4183 2439 4221 non
2469 4167 2754 4222 servaturi
2786 4169 3136 4242 suscipiunt.
3165 4171 3270 4228 Pro
3293 4176 3609 4232 servaturis

1963 4257 2199 4330 quidem
2231 4254 2375 4310 nulli
2411 4259 2602 4327 potest
2630 4273 2758 4312 esse
2789 4257 3154 4330 ambiguum.
3189 4261 3294 4318 Pro
3330 4281 3444 4319 non
3488 4281 3610 4322 ser-

1963 4343 2506 4418 vaturisApestolus
2526 4344 2771 4401 idoneus
2794 4350 2997 4402 auctor
3015 4353 3106 4404 est
3120 4349 3219 4407 illo
3242 4353 3572 4411 testimonio
3592 4372 3606 4412 :

1961 4434 2173 4492 Peribit
2205 4436 2263 4489 in
2295 4435 2528 4489 scientia
2555 4437 2746 4506 frater,
2763 4442 2987 4507 propter
3015 4453 3174 4508 quem
3205 4438 3452 4496 Christus
3470 4459 3608 4500 mor-

1963 4533 2087 4581 tuus
2117 4531 2192 4580 est
2220 4522 2268 4595 (ι
2301 4524 2430 4580 Cor.
2452 4523 2702 4592 vu).Nec
2734 4523 3123 4592 mirum,cum
3154 4527 3298 4582 ﬁdes
3330 4528 3454 4585 sine
3474 4547 3608 4602 ope-

1963 4612 2126 4667 ribus
2157 4613 2343 4668 otiosa
2371 4611 2530 4680 sit,et
2553 4610 2724 4668 multi
2747 4612 3130 4687 vocati,pauci
3146 4631 3276 4671 vero
3293 4617 3612 4674 doceantur

1963 4700 2378 4757 electi.Verum
2409 4701 2518 4757 hoc
2548 4701 2788 4774 quidam
2810 4701 2968 4759 velut
2997 4702 3405 4777 blasphemum
3434 4706 3608 4763 vehe-

1962 4795 2187 4846 menter
2201 4795 2575 4846 exsecrantur
2596 4796 2653 4847 et
2668 4791 3136 4865 damnant,quod
3158 4792 3467 4867 derogetur
3483 4795 3610 4868 plu-

1962 4880 2180 4935 rimum
2204 4879 2594 4952 Redemptori,
2618 4880 2728 4936 nisi
2750 4880 3099 4954 generaliter
3118 4899 3320 4938 omnes
3342 4882 3610 4941 homines

1961 4968 2290 5024 redemerit.
2326 4969 2442 5024 Nos
2471 4975 2685 5037 autem,
2718 4969 2794 5038 (b)
2826 4968 2985 5026 salva
3016 4971 3149 5039 fide,
3182 4971 3290 5029 hoc
3322 4976 3428 5041 est,
3451 4974 3607 5045 quod

1961 5073 2068 5114 suo
2099 5057 2386 5129 sanguine
2418 5057 2573 5112 Deus
2604 5057 2918 5114 redemerit
2945 5075 3148 5116 omnes
3170 5077 3316 5132 qnos
3340 5061 3607 5130 voluerit,

1961 5150 2018 5202 et
2047 5145 2191 5201 nulli
2213 5146 2333 5202 sint
2365 5145 2651 5218 redempti
2682 5145 2796 5202 nisi
2829 5163 2976 5219 quos
3007 5148 3336 5217 redemerit,
3361 5148 3444 5204 ita
3471 5167 3609 5206 cau-

1961 5251 2088 5290 sam
2119 5233 2178 5288 in
2211 5233 2402 5289 medio
2434 5232 2846 5306 relinquimus,
2879 5239 2944 5290 ut
2974 5235 3023 5292 si
3053 5235 3300 5309 quilibet
3336 5239 3608 5295 eumdem

1961 5321 2307 5396 sanguinem
2322 5322 2728 5396 Redcmptoris
2748 5325 3023 5397 prodesse
3044 5325 3266 5400 aliquid
3287 5327 3463 5384 etiam
3485 5344 3612 5400 per-

1959 5538 2188 5594 diversa
2244 5537 2542 5616 sentire,»
2578 5542 2644 5616 1_1t_
2703 5539 2761 5595 in
2809 5539 3056 5612 epistola
3103 5543 3174 5598 30
3219 5541 3359 5616 dicit
3386 5542 3604 5616 Lupus.

1960 5633 1987 5661 «
2015 5626 2332 5692 quousque.
2353 5613 2554 5666 contra
2571 5610 2745 5666 ﬁdem
2778 5610 2894 5669 non
2924 5617 3032 5684 est,
3047 5619 3150 5670 aut
3170 5614 3332 5673 nulla
3357 5610 3610 5692 aut

1955 5678 2360 5755 vat—culpa'est.
2397 5702 2427 5733 »
