3898 6194
370 306 489 369 6η

1358 298 1428 359 B.
1478 300 1546 359 S.
1591 296 1770 361 LUPI
1818 296 2146 358 ABBATIS
2192 297 2786 361 FERRARIENSIS.
3639 302 3738 366 648

372 440 512 493 ditis
542 435 767 493 valeant
788 434 1336 499 demonstrare,non
1353 430 1543 485 solum
1566 430 1907 485 resistamus
1940 430 2020 484 ni-
2048 433 2102 498 Α
2134 447 2343 502 ponam
2378 447 2558 485 unum
2592 432 2747 503 quod
2780 449 2913 487 cum
2944 433 3030 489 eis
3067 432 3240 489 faciat
3264 433 3670 504 testimonium,
3693 441 3738 496 et

372 526 478 592 hil,
501 541 701 581 verum
724 524 877 580 244
897 520 1073 577 etiam
1094 519 1344 576 libenter
1362 518 1419 574 in
1442 536 1644 575 eorum
1673 517 2020 574 sententiam

372 610 926 672 transeamus.Nam
960 610 1008 666 si
1041 608 1128 666 sol
1162 625 1721 680 czecos,quanquam
1754 624 1869 663 non
1892 606 2022 663 illu-

371 703 573 771 minet,
608 705 807 757 tamen
838 700 1008 767 fovet,
1034 714 1138 752 cur
1169 714 1285 754 non
1319 695 1610 770 potentior
1641 695 1748 761 sol,
1779 696 1884 751 etsi
1906 713 2021 752 non

369 791 555 848 salvat
582 807 693 847 suo
722 787 937 845 merito
958 790 1273 843 excaecatos
1306 789 1480 857 atque
1516 786 1847 852 damnatos,
1874 785 2021 840 tanti

368 879 541 953 pretii
575 877 781 934 merito
814 877 1011 932 minus
1042 874 1290 949 puniat?
1314 874 1373 932 Si
1405 878 1599 930 tamen
1620 873 1729 929 hoc
1751 874 2024 929 admittat

369 968 599 1026 consilii
629 968 757 1039 ejus
779 964 1197 1032 benevolentia,
1224 963 1316 1019 cui
1340 962 1571 1019 canitur
1596 980 1607 1017 :
1630 964 2021 1018 Suavz‘sDomi-

367 1076 473 1115 nus
498 1059 790 1125 universis,
816 1064 869 1111 et
896 1056 1276 1110 miserationes
1306 1053 1424 1125 ejus
1454 1069 1618 1124 super
1645 1054 1831 1107 omnia
1862 1069 2023 1124 opera

368 1150 485 1221 ejus
506 1147 679 1217 (Psal.
713 1144 1044 1217 cxx.1v).Sed
1077 1142 1214 1198 huic
1246 1140 1505 1214 Opinioni
1537 1141 1765 1196 videtur
1785 1142 2025 1213 Aposto-

368 1235 462 1292 lus
495 1233 794 1307 refragari,
818 1232 918 1288 ubi
951 1231 1030 1287 ait
1062 1248 1074 1285 :
1109 1233 1219 1302 Ego
1248 1230 1455 1286 Paulus
1484 1230 1604 1285 dico
1634 1231 1955 1301 vobis,quia
1974 1230 2026 1284 si

367 1323 861 1391 circumcidamiai,
878 1321 1123 1377 Christus
1144 1321 1292 1375 vobis
1321 1320 1467 1374 nihil
1491 1318 1735 1391 proderit
1758 1317 2019 1389 (Gal.1n).

368 1415 516 1470 Nam
546 1413 595 1470 si
629 1410 774 1468 nihil
809 1408 1066 1483 proderit
1094 1408 1360 1464 Christus
1390 1406 1703 1479 baptizatis
1725 1406 1825 1479 qui
1847 1407 2022 1463 etiam

370 1502 651 1576 Spiritum
684 1505 956 1555 sanetum
988 1496 1336 1571 acceperint,
1356 1496 1509 1553 sicut
1531 1496 1686 1552 idem
1710 1495 2022 1567 Apostolus

369 1591 624 1648 declarat
652 1590 746 1645 his
776 1588 966 1644 verbis
1001 1604 1012 1643 :
1049 1588 1132 1641 Ea:
1161 1587 1412 1658 operibus
1444 1587 1578 1654 legis
1599 1586 1855 1657 spiritum
1873 1602 2022 1641 acce-

2130 536 2228 575 eos
2261 536 2487 586 omnes,
2513 523 2577 575 ut
2597 520 2821 593 opinor,
2847 520 2906 577 in
2936 521 3186 594 gratiam
3210 521 3742 581 reduxero.Joannes

2131 607 2834 681 Constantinopolitanae,
2870 609 3137 666 doctrina
3181 614 3238 665 et
3280 610 3585 667 sanctitate
3602 611 3745 684 juxta

2131 694 2382 767 insignis
2404 695 2808 768 episcopus,ut
2831 697 3021 770 gratia
3040 696 3141 753 Dei
3164 713 3266 769 pro
3288 695 3561 753 omnibus
3580 702 3746 770 gusta-

2129 783 2276 839 verit
2307 788 2575 852 mortem,
2607 785 2761 856 quod
2792 801 2969 858 supra
2992 786 3118 857 jam
3144 785 3335 859 posui,
3369 785 3453 840 sic
3483 786 3742 859 exposuit,

2132 872 2382 944 qualiter
2403 872 2591 945 gratia
2611 872 2711 929 Dei
2738 889 2842 946 pro
2864 874 3139 931 omnibus
3158 872 3481 948 gustaverit
3507 879 3748 942 mortem,

2132 978 2246 1016 non
2282 979 2383 1034 pro
2416 961 2686 1018 ﬁdelibus
2716 964 3085 1031 tantum,sed
3117 980 3221 1037 pro
3244 962 3468 1018 mundo
3489 962 3749 1020 universo.

2131 1051 2202 1105 Et
2232 1050 2356 1123 ipse
2386 1050 2623 1123 quidem
2656 1068 2759 1124 pro
2791 1051 3067 1109 omnibus
3088 1056 3361 1108 mortuus
3390 1051 3649 1118 est.Quid
3669 1070 3750 1109 au-

2132 1144 2247 1195 tem
2280 1139 2329 1194 si
2362 1157 2477 1195 non
2499 1157 2702 1196 omnes
2725 1141 3011 1197 credunt?
3034 1140 3134 1197 Ille
3155 1141 3308 1214 quod
3335 1156 3511 1196 suum
3533 1145 3647 1195 erat
3665 1141 3751 1196 im-

2132 1228 2326 1299 plevit.
2362 1252 2387 1278 ››
2422 1227 2612 1301 Eligat
2644 1229 3227 1301 sane,superioribus
3257 1232 3429 1284 acute
3460 1228 3753 1285 considera-

2129 1317 2227 1383 tis,
2253 1316 2665 1390 unusquisque
2694 1318 2849 1390 quod
2880 1318 3169 1390 optimum
3192 1318 3244 1373 ei
3268 1317 3426 1373 Deus
3449 1316 3662 1373 occulta
3680 1319 3748 1373 in-

2132 1406 2452 1479 spiratione
2482 1406 2861 1479 suggesserit,
2887 1411 2990 1462 aut
3022 1407 3307 1480 magistra
3336 1406 3467 1478 ejus
3488 1405 3748 1479 Scriptura

2132 1495 2442 1551 manifesta
2471 1496 2695 1551 ratione
2723 1495 3051 1569 protulerit.

2202 1585 2353 1641 245
2386 1584 2515 1640 Haec
2547 1584 2727 1641 habui
2758 1602 2884 1657 qua:
2932 1586 3004 1639 de
3050 1585 3241 1647 tribus
3291 1601 3409 1640 non
3441 1583 3748 1658 spernendis

2131 1672 2553 1745 quastionihus
2585 1673 2858 1741 dicerem,
2891 1677 3068 1745 atque
3097 1672 3325 1729 utinam
3357 1677 3482 1729 tam
3529 1672 3745 1745 proﬁcue

363 1682 547 1753 pistis,
580 1696 654 1734 an
681 1695 751 1733 ex
778 1676 972 1732 auditu
997 1675 1129 1747 ﬁdei
1158 1673 1295 1746 (Gal.
1332 1674 1424 1743 v)?
1464 1673 1545 1742 Si,
1580 1673 1841 1745 inquam,
1875 1673 2021 1729 nihil

368 1768 627 1843 proderit
654 1766 922 1822 Christus
953 1763 1171 1819 talibus
1200 1761 1511 1834 baptizatis
1543 1779 1577 1817 a
1606 1762 1718 1838 ﬁde
1758 1760 2019 1818 resilien-
2058 1802 2099 1843 η
2132 1779 2309 1833 quam
2342 1761 2579 1834 prolixe.
2613 1762 2747 1826 Quae
2795 1761 2845 1817 si
2896 1778 3243 1835 cognoscere
3277 1778 3396 1817 non
3439 1760 3749 1817 fastidierint

368 1858 548 1925 tibus,
566 1854 1064 1929 quemadmodum
1097 1851 1353 1924 proderit
1384 1850 1604 1922 aliquid
1637 1850 1947 1923 baptizatis
1966 1855 2025 1906 et
2056 1850 2100 1866 "
2134 1850 2749 1923 studiosi,quanquam
2772 1851 3095 1923 approbare
3118 1868 3232 1906 non
3265 1850 3498 1924 possint
3515 1852 3744 1906 obtusam

368 1946 613 2019 relapsis
642 1944 701 2000 in
735 1943 983 1999 crimina
1012 1959 1118 1998 nec
1149 1940 1422 1996 correctis
1473 1944 1530 1995 et
1580 1939 1915 2012 quibusque
1964 1939 2022 1994 in
2134 1938 2536 2011 incultamque
2567 1957 2757 1995 meam
2790 1938 3270 2012 disputationem,
3302 1943 3503 1995 tamen
3551 1940 3746 2012 quando

368 2034 710 2090 inﬁdelitate
739 2030 1071 2087 defunctis?
1100 2029 1318 2085 Verum
1352 2046 1423 2084 ne
1456 2046 1545 2083 me
1576 2028 1945 2083 irridendum
1969 2032 2026 2083 et
2131 2027 2461 2085 volentibus
2489 2030 2641 2101 quod
2678 2027 2819 2084 utile
2866 2027 3064 2102 putavi
3108 2028 3387 2086 benevole
3436 2045 3745 2102 cognoscen-

371 2123 765 2196 respuendum
799 2119 1179 2192 pronuntient
1210 2119 1425 2189 quibus
1457 2117 1643 2189 placet
1674 2134 1878 2171 omnes
1905 2116 2024 2172 sive
2134 2118 2273 2172 dum
2300 2118 2689 2190 exposui,non
2709 2115 3545 2190 improbabunt,credo,talem
3567 2116 3745 2171 scilicet

369 2213 553 2268 bonos
588 2211 708 2267 sive
731 2208 917 2264 malos
940 2208 1335 2263 indiﬁ'erenter
1362 2225 1395 2262 a
1415 2206 1645 2261 Christo
1669 2206 2024 2278 redemptos,
2131 2205 2421 2262 volentem
2453 2206 2729 2279 prodesse
2760 2206 3145 2262 devotionem.

798 2354 3741 2386 Μ

369 2365 797 2388 m

434 2376 796 2392 ‘--———-——-.-—-

1348 2508 1486 2608 Β.
1582 2504 2322 2610 SEBVATI
2409 2509 2812 2611 ιυιηῑ

1646 2705 2166 2763 FERRARIENSIS
2203 2706 2511 2762 ABBATIS

787 2867 957 2921 “°
993 2872 1817 3022 COLLECTANEUM
1892 2873 2023 3020 DE
2096 2872 2483 3021 TllIBUS
2552 2870 3359 3046 QUIESTIONIBUS

437 3248 1318 3309 Multislaudabiliterstudiosis
1331 3248 1797 3304 desiderantibus
1811 3264 2018 3321 cogno-
2046 3247 2090 3315 C
2127 3247 2312 3303 amori
2344 3247 2516 3303 fuerit
2546 3252 2602 3304 et
2630 3247 2857 3305 honori.
2881 3270 2909 3299 »
2940 3247 3042 3303 Hic
3069 3248 3133 3321 (ε)
3156 3247 3525 3303 clarissimus
3553 3247 3737 3311 doctor,

365 3359 526 3398 scere
556 3340 701 3414 ipsis
730 3342 1036 3395 auctorum
1076 3337 1268 3392 verbis
1301 3352 1475 3408 quem
1507 3336 1723 3392 exitum
1756 3336 2014 3391 habeant

367 3430 717 3503 quaestiones
748 3429 817 3483 de
847 3425 1353 3499 praedestinatione
1403 3442 1469 3480 ac
1521 3424 1703 3480 libero
1753 3424 2016 3492 arbitrio,

366 3534 591 3574 necnon
624 3518 695 3571 de
728 3513 1130 3586 redemptione
1157 3514 1466 3586 sanguinis
1512 3512 1746 3577 Christi,
1771 3512 2020 3568 ﬁdeliter

366 3620 590 3661 morem
623 3602 807 3676 gessi;
841 3606 906 3657 ut
935 3605 991 3657 et
1035 3602 1126 3673 pie
1176 3601 1562 3674 quaerentium
1612 3601 1859 3657 eruditio
1898 3600 2020 3655 lar-

363 3695 558 3768 giente
589 3691 688 3747 Dei
738 3690 926 3764 gratia
972 3691 1164 3762 capiat
1215 3690 1661 3759 incrementum,
1693 3695 1750 3745 et
1792 3689 2019 3745 diversa

363 3780 744 3837 sentientium
778 3778 1156 3835 contradictio
1190 3779 1507 3852 mitigetur.
1530 3779 1644 3834 Nec
1676 3778 2018 3851 aspernabi-

361 3877 460 3927 tur
489 3867 801 3926 benevolus
830 3873 886 3923 et
910 3869 1168 3940 prudens
1196 3866 1450 3933 lector,si
1470 3867 1723 3923 deferam
1748 3884 1850 3939 per
1870 3884 2018 3939 quos

362 3958 579 4033 profeci
610 3962 667 4013 et
696 3956 934 4030 proﬁcio
955 3957 1241 4027 doctores,
1256 3956 1345 4011 vel
1380 3956 1425 4013 si
1461 3973 1661 4013 eorum
1698 3954 2018 4029 assignatis

361 4046 801 4105 obscurioribus
851 4044 1161 4101 sententiis
1211 4044 1433 4118 aliquid
1487 4044 1637 4100 lucis
1680 4045 2013 4112 infundam,

362 4153 497 4191 cum
530 4152 731 4191 eorum
761 4133 1000 4190 honoris
1032 4150 1262 4190 mecum
1294 4133 1505 4191 habere
1527 4134 1734 4191 debeat
1755 4133 2019 4190 conside-

364 4223 669 4289 rationem,
704 4225 761 4277 et
792 4221 1066 4278 facillime
1098 4222 1284 4295 possit
1314 4222 1631 4293 advertere,
1654 4226 1731 4291 (a)
1773 4239 1889 4278 non
1922 4239 2017 4278 os-

363 4311 701 4368 tentationis
730 4310 1002 4379 vanitate,
1033 4312 1133 4367 sed
1167 4312 1542 4368 ostendendae
1570 4311 1831 4367 veritatis
1861 4314 2015 4376 voto,

366 4417 459 4456 me
517 4399 881 4473 deprehensa
926 4405 1275 4456 monstrare.
1320 4399 1449 4455 Jam
1505 4399 1704 4471 itaque
1762 4399 2017 4455 narratio

365 4489 731 4562 propositum
763 4494 1137 4561 exsequatur.

436 4580 511 4652 (b)
533 4577 882 4635 leestinus
897 4594 1048 4650 papa
1058 4578 1295 4633 beatum
1311 4576 1706 4648 Augustinum
1719 4574 1812 4631 his
1828 4576 2018 4632 verbis

367 4668 738 4724 commendat
768 4667 944 4738 (epist.
989 4669 1043 4735 8,
1076 4665 1146 4720 ad
1175 4667 1445 4737 episcopos
1476 4664 1824 4735 Galliarum).
1850 4688 1877 4714 ‹‹
1906 4666 2017 4721 Au-

2127 3337 2283 3393 sedis
2305 3336 2634 3409 apostolicae
2656 3342 2821 3392 tanto
2842 3336 3132 3409 praeconio
3150 3335 3510 3404 laudatus,in
3534 3334 3665 3391 libro
3684 3333 3736 3389 ad

2126 3426 2501 3481 Laurentium
2552 3426 2622 3481 de
2656 3426 2811 3493 Fide,
2844 3426 2976 3498 Spe,
3009 3429 3067 3481 et
3090 3425 3410 3493 Charitate,
3445 3440 3609 3498 quem
3638 3424 3737 3495 jam

2126 3513 2436 3587 episcopus
2466 3519 2523 3570 et
2550 3531 2725 3570 senex
2777 3514 2980 3581 edidit,
3011 3514 3461 3587 praedestinatos
3505 3514 3669 3569 bonos
3697 3514 3737 3565 et

2127 3602 2315 3659 malos
2345 3604 2425 3659 ita
2455 3603 2718 3659 insinuat
2737 3604 3075 3672 (Enchiridii
3101 3618 3219 3675 cap.
3244 3602 3397 3674 400).
3414 3626 3443 3651 ‹‹
3464 3603 3587 3658 Haec
3605 3605 3730 3665 sunt,

2124 3691 2338 3763 inquit,
2370 3709 2572 3764 magna
2601 3708 2763 3765 opera
2795 3693 3038 3755 Domini,
3068 3692 3346 3763 exquisita
3379 3694 3441 3747 in
3473 3705 3645 3747 omnes
3668 3703 3734 3743 vo-

2128 3780 2361 3836 luntates
2383 3782 2517 3853 ejus,
2535 3784 2591 3835 et
2627 3786 2748 3835 tam
2781 3780 3075 3853 sapienter
3101 3780 3414 3852 exquisita,
3430 3784 3495 3836 ut
3515 3796 3635 3835 cum
3654 3794 3733 3831 an-

2125 3868 2309 3940 gelica
2358 3873 2413 3923 et
2457 3869 2718 3924 humana
2767 3873 3032 3925 creatura
3081 3874 3401 3940 peccasset,
3433 3869 3491 3923 id
3521 3871 3617 3932 est,
3646 3880 3732 3919 non

2125 3957 2280 4028 quod
2315 3956 2432 4024 ille,
2467 3958 2566 4013 sed
2600 3959 2755 4029 quod
2784 3957 2967 4014 voluit
2996 3956 3124 4029 ipsa
3172 3957 3426 4025 fecisset,
3459 3955 3621 4012 etiam
3658 3967 3734 4025 per

2126 4046 2392 4101 eamdem
2424 4050 2698 4102 creaturae
2720 4045 3102 4111 voluntatem,
3127 4062 3241 4117 qua
3273 4045 3495 4101 factum
3515 4046 3597 4099 est
3610 4038 3730 4114 quod

2124 4134 2360 4190 Greater
2389 4132 2873 4206 noluit,impleret
2896 4134 3020 4207 ipse
3041 4134 3194 4205 quod
3216 4131 3423 4200 voluit,
3438 4132 3579 4188 bene
3596 4134 3729 4185 utens

2125 4226 2182 4278 et
2211 4221 2402 4291 malis,
2436 4226 2719 4295 tanquam
2750 4238 2983 4279 summe
3013 4223 3223 4287 bonus,
3249 4222 3321 4277 ad
3354 4236 3555 4278 eorum
3601 4219 3731 4273 dam-

2126 4311 2422 4367 nationem
2457 4328 2605 4383 quos
2626 4312 2789 4383 juste
2820 4310 3251 4383 praedestinavit
3270 4309 3343 4366 ad
3366 4302 3727 4383 paenam,etad

2125 4416 2327 4456 eorum
2358 4400 2615 4456 salutem
2637 4417 2785 4472 quos
2817 4399 3064 4472 benigne
3091 4398 3526 4472 praedestinavit
3551 4396 3614 4451 ad
3632 4391 3730 4465 glo-

2127 4506 2296 4544 riam.
2332 4510 2360 4540 ›)

2197 4577 2357 4633 Idem
2392 4576 2451 4631 in
2482 4576 2687 4632 ultimo
2729 4577 2801 4632 de
2830 4576 3070 4633 Civitate
3114 4575 3214 4632 Dei
3243 4575 3416 4644 libro,
3451 4588 3609 4646 quem
3630 4571 3726 4641 jam

2127 4666 2434 4739 episcopus
2466 4666 2817 4738 composuit,
2834 4669 3198 4738 expresserat
3227 4666 3348 4737 (lib.
3376 4680 3512 4732 xxn,
3532 4677 3637 4731 cap.
3654 4657 3723 4717 2t.

364 4757 671 4829 gustinum
722 4757 936 4809 sanctae
964 4752 1382 4809 recordationis
1411 4752 1599 4807 virum
1633 4769 1736 4824 pro
1766 4753 1883 4807 vita
1911 4770 2021 4809 sua
2125 4758 2226 4811 sub
2236 4756 2485 4826 ﬁnem).«
2503 4754 3078 4827 Haec,inquit,omnia
3101 4753 3448 4810 miserorum
3470 4747 3729 4807 suntdam-

364 4849 540 4917 atque
568 4843 795 4900 meritis
815 4842 873 4896 in
897 4846 1096 4897 nostra
1118 4840 1528 4896 communione
1558 4857 1789 4913 semper
1806 4841 2017 4897 habui-

365 4950 638 5001 mus,nec
669 4947 931 5003 unquam
966 4930 1123 4985 hunc
1154 4929 1404 4984 sinistras
1429 4929 1782 5001 suscipionis
1805 4929 2013 4986 saltem

367 5039 569 5078 rumor
598 5020 868 5093 aspersit.
903 5021 1085 5085 Quem
1117 5021 1293 5072 tantae
1342 5018 1597 5073 scientiae
1647 5017 1786 5074 olim
1835 5019 2017 5076 fuisse

366 5109 849 5178 meminimus,ut
883 5108 1033 5162 inter
1057 5106 1372 5179 magistros
1402 5108 1550 5163 241
1577 5106 1751 5162 etiam
1795 5125 1829 5164 a
1870 5109 2017 5164 meis

365 5195 776 5253 decessoribus
807 5193 1137 5248 haberetur.
1158 5196 1309 5248 Bene
1338 5209 1474 5266 ergo
1506 5194 1577 5249 de
1608 5210 1673 5249 eo
1705 5210 1908 5249 omnes
1955 5195 2015 5250 in

369 5299 683 5341 commune
714 5284 1048 5347 senserunt,
1082 5284 1282 5352 utpote
1313 5282 1410 5354 qui
1442 5282 1659 5355 ubique
1691 5284 1920 5339 cunctis
1962 5288 2021 5340 et

439 5410 518 5476 (a)
538 5411 660 5479 Non
687 5410 931 5479 ostentat.
956 5404 1209 5479 vanitate.
1242 5404 1325 5479 In_
1359 5405 1604 5479 epistola
1626 5477 1633 5479 Α
1654 5407 1755 5463 128
1778 5425 1791 5479 ;
1819 5430 1846 5457 ‹‹
1879 5407 2015 5476 Nec,

346 5473 706 5548 .ut'quidam
745 5473 1031 5548 suspicari
1064 5491 1135 5548 se
1156 5473 1457 5540 simulant.
1481 5477 1751 5544 inaniter,
1776 5478 1884 5534 hoc
1909 5473 2017 5547 est,

368 5543 529 5619 vanige
559 5543 757 5619 gloriae
783 5543 976 5619 studio
1006 5546 1176 5619 cupio
1220 5548 1674 5607 innotescere....
1708 5550 1809 5608 sed
1860 5543 2019 5607 asse-'-

370 5612 856 5679 rendae'veritatis
888 5612 1128 5693 intuitu,
1162 5641 1191 5672 »
1223 5624 1332 5680 etc.

2123 4848 2513 4916 natorumque
2533 4843 2880 4910 solatia,non
2915 4841 3154 4915 praemia
3178 4840 3633 4904 beatorum.0ua:
3652 4831 3727 4904 igi-

2122 4937 2221 4988 tur
2251 4932 2351 4987 illa
2382 4937 2541 5001 sunt,
2570 4933 2617 4987 si
2650 4936 2735 4988 tot
2765 4936 2822 4987 et
2849 4931 2966 4988 alia
2995 4949 3064 4988 ac
3092 4936 3256 4988 tanta
3285 4936 3430 4987 sunt
3458 4925 3596 4984 ista?
3612 4917 3724 4988 Quid

2125 5021 2288 5077 dabit
2308 5021 2391 5077 eis
2414 5037 2563 5093 quos
2586 5020 3019 5099 prmdestinavit
3045 5021 3117 5075 ad
3147 5019 3455 5091 vitam,qui
3475 5017 3585 5073 haec
3603 5007 3725 5069 dedit

2125 5110 2301 5166 etiam
2332 5109 2416 5165 eis
2447 5125 2594 5181 quos
2633 5110 3065 5181 praedestinavit
3093 5110 3162 5164 ad
3196 5107 3481 5165 mortem?
3509 5126 3535 5157 ιο
3565 5103 3618 5158 In
3648 5111 3722 5181 poj

2127 5198 2380 5254 nultimo
2412 5179 2608 5253 autem
2634 5179 2901 5268 ejusdem
2932 5202 3054 5254 tam
3089 5197 3367 5254 elaborati
3416 5200 3471 5251 et
3517 5179 3720 5248 mirandl

2126 5285 2321 5358 operis
2351 5284 2500 5341 libro
2533 5285 2617 5342 sic
2639 5286 2949 5343 docuerat:
2970 5286 3100 5342 Haec
3118 5302 3298 5342 causa
3318 5301 3433 5357 qua
3454 5283 3516 5337 ﬁt
3533 5283 3717 5334 utnuno

2200 5410 2512 5482 (b)VCa’lest.
2541 5426 2707 5482 papa.
2741 5410 3028 5482 Eumdem
3075 5409 3271 5466 locum
3320 5408 3482 5466 affert
3519 5404 3571 5460 in
3608 5398 3716 5457 libro

2130 5481 2415 5555 detribus
2447 5481 2897 5555 Quaestionibus,
2932 5498 3064 5555 pag.
3092 5484 3221 5555 237.
3322 5552 3335 5555 _
3444 5552 3452 5555 _
3612 5540 3642 5555 η

2200 5552 2268 5624 (c)
2302 5553 2654 5626 Clarissimus
2703 5548 2901 5609 doctor.
2932 5548 3249 5626 "Loquitur
3305 5552 3377 5626 de
3426 5548 3715 5626 Augusliggi

2131 5610 2306 5701 quem
2334 5622 2732 5684 clarissimum
2780 5610 3079 5683 auctorem
3120 5628 3288 5687 vocat
3322 5624 3381 5682 in
3408 5610 3627 5699 epistola
3648 5610 3712 5667 3οο
