3898 6194
109 355 249 416 653

1090 357 1462 420 COLLEGT.
1510 355 1612 417 DE
1654 353 1937 417 TRIBUS
1985 355 2609 428 QUESTIONIBUS.

3434 366 3551 424 654

107 488 446 555 ditionem,
473 488 1526 561 utnotasfarcrctdiviliasgloriasum
1562 489 1617 541 in
1651 504 1789 542 vasa
1820 488 1867 554 Α
1906 487 2137 542 natione
2173 490 2542 544 redimuntur
2572 489 2678 544 hoc
2714 491 2895 545 fuisse
2925 492 3187 546 debitum
3224 510 3427 547 massa
3470 494 3551 548 illi

107 577 755 649 misericordia,quem
782 578 1057 649 superius
1086 578 1613 649 dixerat,tanquam
1647 578 1788 648 ﬁgu-

104 663 253 722 lum
290 666 501 734 luti,ex
529 666 734 721 eadem
766 682 965 721 massa
995 665 1183 721 facere
1214 665 1370 720 aliud
1391 682 1492 721 vas
1524 666 1581 719 in
1614 663 1791 720 hono-

106 754 451 820 rem,aliud
480 754 541 809 in
573 752 1013 809 contumeliam.
1036 754 1240 809 Merito
1271 757 1468 810 autem
1499 753 1792 808 videretur

20 862 23 867 ·
108 841 427 913 injustum
460 842 614 915 quod
646 843 796 897 ﬁunt
825 842 961 898 inde
992 859 1129 898 vasa
1162 842 1258 897 ira
1276 843 1347 898 ad
1378 841 1785 915 perditionem,

106 931 163 986 si
196 949 325 988 non
342 924 513 988 esset
542 930 673 1003 ipsa
693 930 965 986 universa
978 931 1243 985 exAdam
1273 948 1469 987 massa
1486 931 1784 985 damnata.

22 1060 23 1063 η
104 1021 295 1085 Quod
327 1037 466 1094 ergo
498 1020 647 1075 ﬁunt
677 1019 812 1075 inde
835 1020 1128 1075 nascendo
1157 1036 1297 1075 vasa
1317 1019 1413 1075 ira
1437 1019 1685 1091 pertinet
1714 1019 1786 1074 ad

22 1128 25 1159 ι
105 1110 391 1165 debitam
424 1109 838 1182 panam;quod
873 1112 1070 1163 autem
1104 1108 1253 1163 ﬁunt
1274 1109 1629 1164 renascendo
1649 1125 1789 1163 vasa

22 1222 33 1235 -
106 1197 573 1264 misericordia,
596 1197 931 1269 pertinetad
947 1196 1267 1252 indebitam
1286 1197 1557 1269 gratiam.
1582 1197 1785 1252 Osten-

24 1318 29 1339 τ
104 1287 205 1342 dit
239 1303 387 1358 ergo
420 1286 575 1341 Deus
604 1286 753 1341 iram
783 1301 1097 1352 suam,non
1133 1286 1335 1358 utique
1355 1285 1535 1341 animi
1564 1290 1789 1357 pertur-

24 1396 31 1429 :
102 1375 452 1442 bationem,
486 1375 641 1430 sicut
670 1377 759 1430 est
789 1391 918 1446 qua
956 1372 1043 1429 ira
1081 1373 1339 1430 hominis
1389 1378 1783 1446 nuncupatur,

24 1488 33 1519 ι
101 1465 221 1520 sed
268 1466 499 1536 justam
550 1464 841 1535 ﬁxamque
892 1462 1233 1530 vindictam,
1284 1463 1440 1535 quod
1488 1464 1559 1518 de
1607 1462 1788 1534 stirpe

99 1551 538 1609 inobedientia
554 1552 791 1607 ducitur
807 1568 1061 1624 propago
1076 1551 1292 1623 peccati
1306 1556 1479 1623 atque
1492 1550 1783 1623 supplicii;

26 1672 28 1681 ι
100 1646 166 1697 et
200 1642 395 1698 homo
427 1645 602 1696 natus
626 1656 695 1696 ex
731 1639 1162 1706 muliere,sicut
1191 1640 1250 1694 in
1282 1639 1430 1695 libro
1461 1640 1569 1695 Job
1600 1640 1786 1713 scrip-

26 1756 33 1789 :
100 1736 253 1785 tum
287 1735 381 1787 est
410 1731 525 1799 (Job
555 1730 695 1801 xlv),
720 1729 909 1785 brevis
945 1734 1034 1785 est
1061 1729 1190 1784 vita
1219 1736 1276 1783 et
1315 1727 1524 1801 plenus
1555 1729 1783 1784 iracun-

1902 576 2185 631 universa
2230 578 2384 649 quod
2439 582 2560 633 tam
2610 594 2834 651 magna
2886 580 3037 652 parti
3093 582 3221 651 ejus
3260 584 3552 639 redditum

1900 669 2224 731 cernerent,
2260 682 2375 720 non
2408 666 2599 721 solum
2632 666 2691 721 in
2724 668 2808 723 eis
2850 669 2950 740 qui
3002 669 3269 741 originali
3320 676 3554 742 peccato

1899 752 2086 807 multa
2150 753 2375 808 addunt
2422 754 2588 809 mala
2648 754 2965 812 voluntatis
3025 756 3289 824 arbitrio,
3350 775 3552 815 verum

1896 839 2072 896 etiam
2104 841 2163 896 in
2194 846 2313 897 tam
2347 842 2623 914 parvulis,
2657 844 2810 901 256
2843 845 2943 917 qui
2984 847 3396 902 tantummodo
3425 849 3551 903 vin-

1897 928 2028 984 culo
2080 931 2297 1002 peccati
2346 930 2647 1004 originalis
2706 933 2971 989 obstricti
3021 936 3147 990 sine
3194 936 3381 1008 gratia
3428 954 3550 992 me-

1897 1016 2139 1074 diatoris
2185 1036 2253 1075 ex
2302 1020 2408 1076 hac
2456 1020 2586 1075 luce
2627 1021 2957 1093 rapiuntur.
2992 1024 3137 1078 Tota
3186 1025 3401 1097 quippe
3434 1025 3550 1082 ista

1897 1123 2095 1163 massa
2115 1109 2290 1177 justa
2333 1109 2730 1164 damnationis
2779 1111 3060 1182 reciperet
3113 1112 3399 1178 debitum,
3432 1113 3547 1169 nisi

1895 1210 1964 1249 ex
1989 1212 2055 1249 ea
2086 1195 2319 1262 faceret,
2355 1212 2470 1251 non
2503 1196 2695 1252 solum
2719 1198 2944 1267 justus,
2977 1199 3077 1253 sed
3110 1200 3283 1255 etiam
3317 1200 3545 1256 miscri-

1896 1299 2026 1339 cors
2055 1283 2289 1356 ﬁgulus,
2323 1284 2437 1340 alia
2465 1302 2603 1341 vasa
2636 1285 2694 1340 in
2727 1285 3007 1342 honorem
3050 1289 3374 1344 secundum
3406 1306 3544 1362 gra-

1895 1371 2058 1440 tiam,
2112 1390 2228 1428 non
2278 1374 2602 1428 secundum
2656 1374 2943 1441 debitum,
2992 1375 3133 1430 dum
3185 1380 3243 1431 et
3290 1377 3546 1448 parvulis

1895 1461 2182 1529 subvenit,
2236 1480 2488 1534 quorum
2540 1462 2702 1519 nulla
2752 1464 2962 1520 merita
3005 1465 3117 1519 dici
3169 1472 3438 1537 possunt,
3491 1472 3548 1522 et

1896 1550 2147 1620 majores
2196 1550 2493 1622 praevenit,
2538 1556 2603 1606 ut
2655 1551 2867 1607 habere
2909 1551 3109 1625 aliqua
3156 1554 3367 1609 merita
3412 1572 3547 1627 pos-

1895 1636 2033 1692 sint.
2072 1661 2099 1687 ››

1965 1727 2413 1785 Pradestinatos
2445 1729 2631 1785 malos
2663 1729 2720 1784 in
2754 1747 2924 1801 opere
2954 1731 3109 1786 beati
3130 1732 3439 1804 Augustini
3473 1733 3546 1789 ad

28 1846 31 1866 ;
102 1819 229 1875 dia
272 1837 286 1875 :
323 1820 455 1891 ejus
488 1818 643 1874 enim
678 1817 758 1873 rei
789 1834 892 1873 vas
931 1822 1019 1873 est
1068 1835 1184 1889 qua
1231 1817 1441 1891 plenus
1488 1822 1596 1884 est,
1629 1818 1785 1873 unde
1815 1850 1863 1914 B
1898 1814 2299 1914 N‘Iarcellinum
2332 1818 2620 1886 (Adversus
2649 1819 2980 1889 Pelagianos
3012 1820 3159 1876 libro
3204 1838 3288 1887 Ill,
3319 1820 3376 1875 in
3410 1823 3546 1891 ﬁne)

28 1936 35 1969 :
96 1925 266 1964 vasa
315 1908 416 1963 ira
464 1908 760 1963 dicuntur.
810 1906 1079 1963 Ostendit
1124 1910 1180 1962 et
1234 1906 1551 1978 potentiam
1591 1922 1781 1973 suam,

30 2026 37 2047 ς
98 2015 238 2071 qua
272 1998 425 2053 bene
457 1997 643 2051 utitur
675 1996 853 2052 etiam
869 1995 1063 2062 malis,
1086 1994 1472 2051 multainillis
1494 1994 1786 2051 naturalia

30 2142 35 2149 ,
99 2091 163 2143 et
196 2084 564 2161 temporalia
591 2085 743 2141 bona
772 2083 1676 2158 largiens,eorumquemalitiam
1710 2084 1783 2139 ad

30 2206 35 2213 τ
98 2175 483 2231 exercendos
510 2178 567 2230 et
594 2173 1036 2246 comparatione
1058 2174 1458 2229 admonendos
1493 2175 1673 2229 bonos
1694 2190 1785 2229 ac-

100 2263 537 2329 commodans,
567 2260 721 2318 utin
775 2261 861 2317 eis
905 2260 1137 2317 discant
1186 2278 1355 2334 agere
1399 2261 1619 2333 gratias
1669 2261 1784 2316 Deo

32 2396 33 2407 χ
104 2352 282 2424 quod
313 2352 392 2408 ab
415 2350 643 2417 eis,non
676 2349 806 2404 suis
832 2348 1082 2419 meritis,
1115 2366 1243 2422 qua
1285 2349 1345 2404 in
1377 2351 1580 2406 eadem
1622 2350 1787 2422 paria

32 2476 37 2482 -
101 2440 496 2508 fuerunt,sed
524 2439 588 2495 in
620 2438 782 2494 illius
809 2439 1432 2495 miserationediscreti
1456 2439 1784 2505 sunt.Quod

34 2578 35 2581 η
102 2530 383 2586 maxime
413 2528 564 2585 255
596 2531 840 2601 apparet
872 2527 929 2581 in
971 2527 1229 2599 parvulis
1257 2546 1270 2596 ;
1304 2528 1373 2582 de
1404 2528 1619 2600 quibus
1651 2544 1783 2583 cum

36 2688 39 2689 ν
102 2635 220 2692 per
252 2617 476 2674 Christi
507 2617 753 2691 gratiam
786 2620 1203 2682 renascuntur,
1231 2615 1482 2672 etistam
1513 2616 1688 2672 vitam
1723 2616 1780 2671 in

34 2746 40 2779 τ
100 2708 213 2763 illa
249 2712 459 2763 tenera
484 2711 649 2762 atate
695 2705 965 2761 ﬁnientes
1011 2704 1071 2759 in
1131 2711 1345 2759 aterna
1394 2709 1700 2759 transeunt
1728 2710 1784 2759 et

103 2798 385 2864 beatam,
417 2795 529 2851 dici
560 2812 675 2851 non
710 2798 899 2867 potest
949 2794 1105 2866 quod
1142 2793 1323 2849 libero
1372 2794 1784 2848 discernuntur

101 2886 370 2942 arbitrio
399 2886 471 2940 ab
502 2884 633 2939 aliis
664 2883 991 2938 infantibus
1022 2883 1122 2954 qui
1177 2882 1302 2938 sine
1352 2881 1459 2938 hac
1506 2882 1693 2955 gratia
1724 2882 1781 2936 in

100 2975 312 3047 ipsius
347 2990 554 3029 massa
605 2971 978 3027 damnatione
1013 2970 1362 3025 moriuntur.
1401 2971 1459 3025 Si
1494 2974 1689 3025 autem
1721 2969 1782 3025 hi

100 3064 220 3120 soli
256 3066 602 3118 crearentur
629 3078 698 3117 ex
726 3061 908 3115 Adam
941 3060 1039 3131 qui
1072 3064 1269 3115 essent
1301 3077 1402 3130 per
1433 3058 1683 3131 gratiam
1701 3076 1784 3113 re-

98 3150 447 3216 creandi,et
474 3154 682 3222 prater
707 3148 837 3204 illos
867 3147 967 3220 qui
998 3148 1056 3202 in
1090 3148 1189 3203 Dei
1222 3147 1374 3203 ﬁlios
1406 3148 1776 3219 adoptantur,

1895 1902 2259 1960 clarissimus
2289 1910 2492 1961 auctor
2517 1906 2902 1980 Hieronymus
2928 1907 3150 1980 lcgit,et
3182 1909 3238 1963 id
3263 1926 3410 1981 opus
3430 1927 3545 1966 non

1894 1992 2085 2047 solum
2111 2010 2227 2049 non
2252 1995 2852 2067 reprehendit,verum
2883 1996 3059 2052 etiam
3093 1997 3325 2069 magnis
3356 1997 3545 2053 laudi-

1892 2080 2003 2137 bus
2028 2080 2446 2138 extulit.Verba
2475 2083 2603 2154 ejus
2634 2082 2754 2138 hac
2784 2088 2956 2139 sunt:
2983 2108 3011 2134 ‹‹
3045 2085 3291 2157 Scripsit
3317 2086 3543 2142 dudum

1891 2170 1965 2240 (α)
1998 2170 2085 2224 vir
2113 2175 2351 2226 sanctus
2381 2175 2437 2227 et
2465 2171 2744 2243 eloquens
2758 2173 3067 2244 episcOpus
3084 2174 3453 2246 Augustinus
3472 2175 3544 2229 ad

1894 2257 2435 2331 Marcellinum,qui
2469 2264 2669 2332 postea
2699 2262 2809 2316 sub
2840 2260 3060 2316 invidia
3087 2262 3417 2333 tyrannidis
3441 2264 3547 2319 He-

1893 2345 2163 2402 racliana
2192 2348 2264 2402 ab
2296 2347 2582 2405 hareticis
2614 2348 2895 2405 iunocens
2922 2366 3107 2405 casus
3152 2355 3260 2417 est,
3294 2351 3442 2407 duos
3474 2351 3544 2406 li-

1894 2434 2030 2490 bros
2061 2436 2131 2491 de
2162 2435 2486 2491 infantibns
2515 2437 2883 2509 baptizandis
2914 2443 3117 2493 contra
3147 2438 3416 2495 baresim
3448 2457 3544 2495 ve-

1893 2527 2100 2592 stram,
2132 2542 2236 2597 per
2267 2542 2443 2597 quam
2477 2525 2651 2580 vultis
2679 2542 2936 2583 asserere
2969 2527 3248 2599 baptizari
3293 2528 3547 2584 infantes

1894 2628 2009 2667 non
2044 2613 2101 2667 in
2151 2613 2557 2669 remissionem
2610 2620 3003 2686 peccatorum,
3036 2616 3137 2670 sed
3188 2616 3244 2670 in
3298 2633 3545 2689 regnum

1891 2700 2454 2756 calorum.Tertium
2488 2718 2719 2773 quoque
2751 2703 2820 2756 ad
2846 2704 3118 2757 eumdem
3140 2704 3544 2761 Marcellinum

1891 2795 2091 2844 contra
2120 2806 2217 2844 eos
2239 2788 2555 2861 quidicunt
2576 2789 2728 2845 idem
2752 2791 2905 2862 quod
2928 2792 3540 2862 vos,possehominem

1891 2878 2017 2932 sine
2048 2882 2282 2949 peccato
2313 2894 2460 2943 esse,
2491 2878 2539 2932 si
2570 2877 2725 2947 velit,
2758 2880 2979 2950 absque
3011 2879 3111 2934 Dei
3144 2880 3349 2951 gratia.
3378 2880 3542 2936 Unde

1891 2966 2387 3038 supersedendum
2421 2965 2556 3021 huic
2589 2966 2772 3022 labori
2805 2984 3112 3035 censeo,ne
3141 2967 3371 3024 dicatur
3392 2969 3535 3023 mihi

1889 3053 2033 3109 illud
2066 3052 2284 3109 Horat!
2319 3072 2330 3108 :
2366 3056 2427 3110 1η
2463 3056 2661 3110 silvam
2710 3072 2779 3111 ne
2828 3056 2977 3127 ligna
3019 3059 3186 3129 feras.
3218 3058 3334 3111 Aut
3380 3057 3535 3113 enim

1892 3144 2095 3198 eadem
2130 3144 2397 3198 dicemus
2429 3161 2497 3198 ex
2530 3144 2847 3216 superﬂuo,
2880 3149 2983 3200 aut
3014 3144 3062 3199 si
3097 3162 3244 3200 nova
3290 3145 3540 3202 volueri-

101 3240 270 3298 nulli
303 3239 404 3295 alii
433 3238 699 3294 homines
738 3242 1139 3303 nascerentur,
1174 3236 1383 3292 lateret
1427 3236 1775 3292 beneﬁcium
1808 3214 1852 3281 (ἶ
1892 3248 2026 3287 mus
2075 3232 2286 3299 dicere,
2330 3248 2365 3287 a
2412 3230 2739 3288 clarissimo
2788 3231 3024 3305 ingenio
3072 3237 3354 3306 occupata
3400 3239 3541 3291 sunt

101 3330 281 3404 quod
314 3330 633 3384 donaretur
660 3325 1088 3399 indignis,quia
1115 3325 1294 3381 nullis
1311 3342 1378 3380 ex
1394 3326 1596 3381 eadem
1619 3326 1781 3380 dam-

102 3420 307 3477 nabili
340 3414 902 3490 stirpevenientibus
914 3415 1179 3470 debitum
1192 3413 1546 3487 supplicium
1573 3415 1778 3471 redde-

102 3514 304 3567 retur.
341 3506 488 3563 Cum
517 3521 651 3561 vero
681 3503 878 3559 attulit
907 3504 964 3557 in
999 3502 1184 3557 multa
1207 3502 1488 3574 patientia
1511 3520 1650 3559 vasa
1680 3503 1777 3559 ira

105 3615 249 3673 qua
283 3596 543 3671 perfecta
572 3597 711 3650 sunt
733 3593 793 3648 in
815 3590 1340 3676 perditionem,non
1374 3591 1565 3647 solum
1590 3596 1778 3647 osten-

103 3689 199 3745 dit
232 3688 394 3743 iram
423 3688 481 3741 et
518 3680 940 3740 demonstravit
988 3680 1310 3754 potentiam
1359 3697 1550 3746 suam,
1583 3681 1777 3736 redhi-

103 3776 318 3834 bendo
366 3772 704 3836 vindictam,
737 3774 795 3826 et
842 3771 988 3826 bene
1019 3769 1236 3825 utendo
1284 3786 1399 3825 non
1450 3769 1639 3837 bonis,
1674 3770 1774 3824 sed

104 3866 301 3923 etiam
336 3866 504 3919 notas
533 3860 669 3917 fecit
697 3858 929 3914 divitias
958 3857 1156 3931 gloria
1186 3857 1377 3914 suain
1391 3874 1528 3913 vasa
1549 3858 1777 3914 miseri-

105 3954 362 4011 cordia.
394 3952 481 4007 Ita
508 3950 666 4006 enim
696 3946 837 4020 quid
868 3947 981 4003 sibi
1028 3951 1338 4020 prastetur
1375 3946 1549 4001 discit
1595 3945 1777 4019 gratis

96 4042 507 4116 justiﬁcatus,
540 4039 683 4094 dum
715 4054 833 4093 non
866 4053 973 4093 suo
999 4035 1337 4102 merito,sed
1369 4034 1553 4108 gloria
1573 4033 1778 4107 largis-

106 4134 289 4190 simae
348 4129 451 4185 Dei
504 4125 914 4184 misericordia
973 4124 1329 4181 discernitur
1386 4140 1421 4178 a
1476 4122 1775 4189 damnato,

106 4238 261 4278 cum
289 4234 411 4292 quo
442 4217 646 4273 eadem
664 4215 902 4287 justitia
930 4214 1119 4270 fuerat
1149 4218 1205 4269 et
1234 4212 1359 4285 ipse
1382 4212 1775 4267 damnandus.

106 4312 271 4368 Tam
306 4306 527 4363 multos
556 4309 751 4359 autem
799 4303 1050 4359 creando
1082 4302 1241 4357 nasci
1289 4299 1491 4366 voluit,
1525 4316 1673 4373 quos
1704 4301 1775 4355 ad

107 4413 297 4455 suam
330 4392 582 4467 gratiam
608 4407 725 4447 non
756 4389 1047 4462 pertinere
1076 4385 1380 4461 prascivit,
1415 4392 1480 4441 ut
1517 4386 1779 4441 multitu-

107 4488 261 4543 dine
294 4478 741 4554 incomparabili
774 4477 972 4551 plures
1002 4477 1120 4533 sint
1145 4477 1230 4532 eis
1250 4492 1398 4548 quos
1428 4476 1489 4530 in
1506 4474 1596 4531 sui
1615 4475 1779 4548 regni

1890 3319 2151 3376 meliora.
2189 3343 2216 3368 »

1960 3410 2117 3466 Idem
2150 3409 2351 3465 doctor
2381 3409 2493 3465 alio
2524 3410 2696 3465 verbo
2728 3427 2968 3466 sensum
3013 3409 3540 3484 pradestinationis

1886 3498 2171 3570 expressit
2198 3498 2254 3552 in
2286 3497 2692 3571 explanatione
2724 3499 2897 3570 primi
2928 3499 3140 3572 psalmi
3174 3517 3187 3555 :
3220 3502 3333 3570 Qui
3359 3507 3542 3555 autem

1884 3604 1997 3643 non
2024 3586 2215 3656 credit,
2251 3585 2465 3657 inquit,
2479 3586 2603 3657 jam
2652 3586 2907 3643 udicatus
2936 3595 3041 3642 est:
3064 3588 3191 3658 jam
3222 3587 3380 3643 enim
3402 3604 3543 3659 pra-

1878 3676 2183 3748 judicatus
2216 3675 2287 3730 ad
2318 3692 2549 3747 poenam
2580 3679 2727 3731 est.»
2756 3677 2825 3731 Et
2855 3679 2987 3748 post
3017 3692 3276 3748 paucam
3307 3681 3429 3734 Non
3454 3692 3539 3732 re-

1884 3773 2137 3835 surgunt,
2170 3763 2382 3836 inquit,
2418 3765 2580 3836 impii
2609 3766 2669 3819 in
2689 3763 2925 3835 judicio,
2959 3780 3075 3818 non
3124 3769 3438 3837 resurgunt
3476 3768 3543 3818 ut

1878 3852 2243 3923 judicentur,
2276 3851 2376 3922 qui
2400 3851 2525 3921 jam
2549 3850 2800 3921 judicati
2833 3855 2993 3906 sunt.
3027 3851 3177 3907 251
3223 3851 3330 3917 Qui
3380 3852 3540 3907 enim

1885 3957 2002 3995 non
2034 3940 2218 3995 credit
2245 3939 2305 3993 in
2337 3955 2450 4006 me,
2475 3939 2602 4010 jam
2626 3938 2929 4009 judicatus
2960 3942 3067 3992 est.
3107 3961 3133 3985 ››

1957 4029 2103 4083 Item
2129 4026 2189 4081 in
2221 4024 2459 4098 Dialogo
2492 4041 2505 4079 :
2542 4048 2568 4074 ‹‹
2600 4024 2770 4080 Aliud
2803 4029 2891 4080 est
2917 4025 3134 4080 cadere
3165 4026 3433 4099 magistri
3481 4031 3541 4083 et

1887 4115 2147 4189 parentis
2179 4114 2409 4182 affectu,
2445 4112 2601 4167 aliud
2647 4117 2850 4168 contra
2898 4112 3262 4169 adversarios
3314 4114 3535 4169 crudeli

1886 4204 2082 4261 animo
2137 4201 2429 4259 desavire.
2480 4201 2664 4264 Quam
2714 4200 2785 4255 ob
2844 4216 3084 4255 causam
3128 4204 3185 4256 et
3229 4200 3288 4255 in
3348 4200 3537 4273 primo

1887 4292 2114 4365 psalmo
2145 4291 2320 4357 canit,
2345 4289 2623 4362 quoniam
2654 4305 2771 4343 non
2802 4293 3118 4361 resurgunt
3150 4288 3312 4361 impii
3348 4290 3405 4344 in
3441 4291 3539 4362 ju-

1887 4382 2107 4438 dicium
2143 4381 2305 4452 :jam
2338 4378 2494 4434 enim
2526 4377 2587 4433 in
2610 4376 2899 4449 judicium
2937 4378 3299 4448 prajudicati
3330 4383 3487 4433 sunt.
3508 4404 3535 4428 ››

1888 4471 2049 4526 Idem
2079 4469 2138 4523 in
2187 4466 2591 4541 explanatione
2620 4466 2780 4521 Isaia
2832 4464 3124 4537 prepheta
3156 4469 3301 4537 (cap.
3334 4470 3485 4535 xxuv)
3521 4485 3533 4521 :

106 4574 376 4650 gloriam
406 4569 559 4626 ﬁlios
590 4565 999 4641 promissionis
1040 4563 1454 4637 pradestinare
1501 4563 1778 4637 dignatus
1807 4579 1855 4645 D
1888 4583 1914 4611 ι(
1951 4559 2057 4614 Pro
2086 4559 2367 4650 dissipata
2416 4565 2722 4650 terra-axx
2769 4562 3085 4650 corruptum
3352 4554 3537 4650 linter-

107 4670 231 4730 est,
268 4667 338 4718 ut
367 4660 544 4715 etiam
575 4657 706 4730 ipsa
734 4656 1082 4728 rejectorum
1115 4652 1490 4710 multitudine
1519 4654 1779 4710 ostende-

108 4758 288 4811 retur
318 4764 499 4823 quam
524 4746 746 4803 nullius
778 4743 1061 4801 momenti
1083 4741 1158 4799 sit
1174 4742 1328 4815 apud
1345 4742 1529 4799 Deum
1544 4743 1777 4813 justum

107 4837 495 4916 quantalibet
524 4834 919 4891 numerositas
957 4831 1291 4904 justissime
1340 4831 1773 4888 damnatorum.

104 4936 314 5003 Atque
345 4933 410 4983 ut
440 4926 577 4982 hinc
606 4939 840 4997 quoque
869 4919 1203 4995 intelligant
1231 4919 1330 4992 qui
1357 4937 1426 4976 ex
1453 4919 1584 4992 ipsa
1612 4921 1776 4976 dam-

184 5055 277 5126 (a),
306 5050 858 5126 VirisanctusLocus
889 5045 1223 5126 Hieronymi
1238 5043 1780 5126 Augustinumlauo

108 5117 344 5185 dantis.
376 5125 449 5179 Et
477 5124 707 5196 constat
731 5117 1128 5196 Augustinum
1170 5118 1351 5196 fuisse
1399 5117 1775 5196 superstitem

107 5200 498 5268 Hieronymo.
548 5194 750 5268 Itaque
796 5187 1192 5263 A'ugustinum
1228 5187 1418 5268 etiam
1445 5187 1777 5268 ‘viventem,

109 5257 401 5327 sanctum
430 5266 553 5322 viro
583 5257 749 5319 vocat
787 5257 918 5329 pro'
942 5276 1103 5317 more
1150 5259 1242 5314 sui
1288 5257 1509 5329 saculi,
1543 5258 1611 5313 de
1662 5275 1778 5329 quo

109 5356 285 5399 more
319 5354 429 5395 nos
475 5335 745 5410 pluribus
770 5328 1033 5410 diximus
1084 5331 1156 5386 ad
1184 5328 1778 5410 Salviano-muneque

109 5411 308 5487 repeti
344 5399 635 5487 est_(_3pus.
664 5405 890 5487 Addere
915 5407 1111 5487 tamen
1142 5401 1455 5487 visum‘esrt
1485 5399 1777 5487 insignem

109 5425 308 5487 repeti
344 5425 436 5465 ρει
465 5425 498 5464 0
544 5425 635 5463 us.
664 5425 890 5462 Attaere
915 5425 1111 5485 tamen
1144 5425 1333 5482 Visun:
1366 5425 1455 5454 est
1488 5425 1777 5472 insignem

107 5485 317 5541 locum
352 5497 419 5537 ex
447 5425 598 5552 lili’rq
627 5477 817 5551 primo
846 5478 1032 5552 sancti
1049 5473 1307 5552 Gregorii
1321 5470 1392 5552 de
1413 5470 1563 5552 Cura
1583 5474 1777 5552 pasto-

109 5555 250 5636 rali.
282 5568 416 5636 cap-
452 5553 540 5636 4.1-
576 5541 851 5636 ιδιιυθης
876 5541 1455 5636 99is_virj§s19£‘is_
1488 5542 1560 5636 d9
1587 5541 1780 5636 aes

111 5612 442 5703 episcopis,
488 5622 611 5703 hac
660 5612 1067 5703 gemebundus
1131 5612 1455 5703 inclamat:
1515 5634 1543 5661 ‹‹
1584 5612 1778 5695 .Nemo

109 5683 347 5780 quippei
369 5683 629 5771 amplius
659 5683 724 5751 in
755 5688 1014 5751 Ecclesia
1050 5689 1239 5759 nocet,
1272 5700 1451 5765 quam
1495 5683 1597 5761 qui
1644 5700 1780 5763 per.

1888 4648 2098 4722 pretati
2129 4651 2289 4714 sunt;
2308 4650 2365 4702 et
2393 4661 2496 4718 pro
2526 4645 2735 4717 afﬂicta
2763 4646 2907 4715 [acie
2937 4644 3112 4711 illius,
3136 4642 3194 4698 id
3226 4647 3316 4699 est
3346 4647 3533 4712 terra,

1887 4737 2064 4792 iidem
2118 4733 2567 4801 transtulerunt,
2617 4741 2669 4790 et
2717 4734 2976 4789 reuelabit
3028 4733 3228 4802 faciem
3282 4732 3421 4803 ejus,
3472 4735 3539 4786 ut

1886 4826 2205 4899 procedant
2243 4822 2459 4880 mortui
2488 4823 2560 4879 de
2608 4821 2893 4895 sepulcris
2939 4822 3103 4890 suis;
3138 4821 3257 4877 sive
3304 4819 3539 4875 nudabit

1884 4920 2097 4984 eam,ut
2128 4913 2327 4970 omnia
2357 4929 2533 4986 opera
2560 4912 2688 4983 ejus
2718 4911 3091 4983 proferantur
3116 4909 3175 4965 in
3208 4907 3530 4981 publicum,

1885 5057 2049 5096 verse
2078 5055 2278 5112 agens,
2312 5053 2525 5093 nomen
2558 5034 2646 5112 vel
2677 5035 2939 5091 ordinem
2974 5034 3301 5112 sanctitatis
3332 5032 3531 5088 habet.

1887 5105 2331 5185 Delinqiientem
2349 5124 2603 5185 namque
2634 5106 2790 5185 hunc
2821 5122 2991 5185 nemo
3012 5105 3534 5185 redarguerepra-

1886 5175 2152 5249 sumitiet
2182 5181 2241 5235 in
2272 5175 2603 5251 exemplum
2616 5175 3531 5251 culpavehementerextenditur,

1888 5246 2121 5326 quando
2170 5269 2272 5323 pro
2317 5246 2638 5326 reverentia
2697 5246 2927 5326 ordinis
2939 5252 3238 5326 peccator
3284 5246 3533 5326 honora-

1887 5316 2002 5379 tur.
2022 5347 2047 5374 ››
2081 5324 2143 5379 In
2170 5316 2446 5377 eumdem
2478 5321 2720 5390 modum
2740 5320 2822 5390 Ade
2849 5316 3223 5390 religiosis,id
3254 5321 3346 5373 est
3376 5316 3539 5390 cleri-

1888 5396 1993 5461 cis,
2027 5395 2083 5449 in
2119 5393 2456 5461 universum
2487 5391 2632 5445 dixit
2660 5388 2983 5445 Salvianus
2998 5388 3099 5461 lib.
3133 5406 3189 5461 v,
3223 5404 3356 5461 pag.
3391 5388 3534 5443 117:

1890 5490 1915 5544 ς‹
1950 5456 2068 5544 Qui
2090 5456 2697 5544 scilicet,in_qui‘t,post
2723 5456 3367 5544 veterum‘ﬁagitidru'm
3394 5473 3539 5544 pro-

1889 5530 1993 5594 bra
2021 5542 2078 5593 et
2107 5533 2357 5590 crimina
2386 5530 2823 5603 titulo'sibimet
2852 5530 3182 5603 sanctitatis
3230 5530 3536 5603 inscripto,

1888 5625 2004 5666 non
2037 5604 2475 5665 conversatione
2504 5602 2768 5675 aliis,_zed
2792 5600 3151 5675 professione
3182 5617 3395 5659 nomen
3416 5600 3541 5661 tan-

1886 5683 2015 5742 tum
2046 5679 2437 5752 demutavere,
2474 5691 2589 5736 non
2617 5672 2815 5735 vitam}
2856 5694 2886 5728 ››
