3898 6194
430 399 548 457 655

1424 393 1492 453 Β.
1542 394 1607 453 s.
1654 391 1831 455 LUPI
1876 389 2206 452 ABBATIS
2251 376 2848 454 FERBARIENS'IS.
3674 398 3763 458 ese

425 534 483 587 et
514 529 926 601 dispergantur
956 526 1317 581 habitatores
1340 524 1399 580 in
1426 522 2075 598 diversaloca,pra3miis
2103 524 2159 591 Α
2190 522 2351 580 Unde
2381 539 2619 581 necesse
2654 529 2764 592 est,
2797 524 3008 582 fratres
3057 524 3407 592 charissimi,
3438 529 3499 581 ut
3539 526 3595 582 in
3634 544 3764 587 omne

425 618 515 674 vel
548 615 855 689 suppliciis
883 613 1181 671 destinati.
1218 637 1244 665 »

495 705 622 761 Non
653 705 1119 762 contemnendus
1151 703 1384 759 auditor
1427 704 1694 774 ejusdem
1745 701 2078 775 Hieronymi

427 792 731 865 Philippus
760 792 820 847 in
854 792 1216 864 expositione
1247 790 1549 847 sententiae
1582 790 1735 846 beati
1765 791 2080 846 JobzAnte-

427 899 593 955 quam
637 881 753 937 dies
795 882 913 953 ejus
962 882 1301 952 impleantur
1343 881 1548 953 peribit
1597 878 1711 950 (Job
1759 882 1874 946 xv).
1917 879 2078 934 Tune

428 971 574 1039 dies,
632 969 849 1043 inquit,
908 970 1303 1042 unicujusque
1372 968 1600 1041 impleri
1671 967 1884 1022 dicitur
1943 984 2077 1022 cum

429 1061 716 1119 bonorum
742 1059 1049 1115 hominum
1082 1076 1147 1114 ac
1178 1058 1467 1115 malorum
1501 1056 1804 1113 retributio
1835 1056 2074 1112 venerit.

428 1150 532 1206 Hic
561 1167 696 1223 ergo
727 1149 924 1216 homo,
959 1148 1078 1205 sive
1108 1147 1397 1215 diabolus,
1433 1151 1568 1202 ante
1599 1146 1918 1219 perspicuae
1952 1162 2080 1200 son-

429 1237 620 1294 tentiae
652 1237 808 1294 diem
846 1253 1025 1309 quam
1076 1237 1128 1292 ei
1176 1236 1462 1292 Dominus
1508 1235 1565 1289 in
1618 1236 1813 1290 futuro
1854 1233 2078 1305 judicio

431 1326 678 1382 daturus
709 1331 814 1394 est,
851 1325 1155 1399 praescitus
1186 1325 1245 1381 in
1288 1324 1792 1397 praedestinatione
1844 1321 2074 1394 peribit,

429 1415 582 1472 sicut
610 1420 667 1471 et
694 1416 765 1470 de
792 1415 1111 1472 incredulis
1139 1414 1425 1487 Propheta
1450 1413 1619 1469 dicit:
1650 1415 1766 1469 Non
1795 1419 2079 1479 resurgent

428 1507 591 1579 impii
614 1507 675 1562 in
694 1505 907 1578 judicio
940 1504 1113 1573 (Psal.
1147 1506 1190 1572 1)
1217 1520 1230 1571 ;
1262 1502 1350 1558 vel
1382 1501 1667 1558 Dominus
1698 1500 1780 1557 ait
1810 1501 1868 1555 in
1900 1500 2078 1556 Evan-

429 1595 633 1668 gelio:
684 1595 794 1664 Qui
846 1601 1030 1649 autem
1084 1609 1197 1648 non
1253 1592 1443 1659 credit,
1494 1592 1615 1663 jam
1664 1590 1946 1661 judicatus
2000 1597 2079 1644 est

432 1687 606 1755 (Joan.
640 1685 750 1755 III).

502 1773 758 1829 Sanctus
819 1789 972 1845 papa
1029 1769 1343 1844 Gregorius
1400 1768 1843 1841 praedestinatos
1890 1766 2076 1823 malos

429 1861 718 1936 pressiore
748 1861 941 1918 adhuc
970 1859 1437 1958 verbo-insinuat
1467 1858 1587 1928 (lib.
1612 1857 2073 1958 xxx1|i,cap.1l?.
2108 1892 2156 1958 Β

432 1973 461 2003 «
511 1950 850 2017 Leviathan,
902 1949 1097 2021 inquit
1142 1947 1261 2014 ille,
1294 1948 1395 2020 qui
1446 1964 1579 2002 cum
1624 1945 1908 2001 membris
1953 1945 2078 2000 suis

431 2039 661 2096 aeternis
691 2043 782 2094 est
809 2036 1165 2093 cruciatibus
1196 2036 1593 2108 deputatus,et
1621 2033 1867 2091 dolusin
1900 2050 2078 2089 manu

431 2128 561 2199 ejus
592 2126 882 2200 dirigitur,
903 2129 959 2181 et
989 2126 1047 2180 in
1078 2124 1221 2183 coelo
1251 2125 1301 2196 ej
1314 2142 1380 2179 us
1414 2123 1689 2179 fortitudo
1719 2123 2076 2189 demoratur,

430 2216 540 2272 hoc
571 2215 725 2288 quod
757 2214 1156 2287 temporaliter
1187 2213 1867 2287 perversacontrabonos
1884 2210 2081 2266 volun-

431 2307 548 2359 tate
596 2303 908 2370 desiderat,
959 2302 1314 2375 perversiore
1371 2299 1643 2357 facultate
1686 2303 2077 2365 consummat,

431 2391 584 2450 258
616 2396 683 2448 ut
709 2396 872 2447 tanto
907 2391 957 2448 ei
989 2392 1061 2447 de
1107 2391 1458 2447 adversitate
1505 2388 1564 2444 in
1613 2388 1884 2461 praesenti
1933 2387 2078 2443 nihil

429 2481 621 2537 obstet
650 2480 885 2553 quando
916 2480 967 2535 ei
999 2479 1058 2534 in
1095 2484 1395 2552 posterum
1428 2478 1499 2532 de
1530 2475 1911 2549 prosperitate
1934 2474 2078 2531 nihil

431 2573 714 2625 remanet.
747 2591 775 2619 »
813 2568 1028 2625 Eadem
1059 2572 1255 2623 tamen
1288 2566 1717 2640 praedostinatio
1758 2564 1844 2620 vel
1894 2566 2077 2637 depu-

430 2658 593 2727 tatio,
629 2656 1127 2730 quemadmodum
1160 2657 1238 2712 sit
1270 2654 1647 2727 intelligenda
1694 2669 1987 2725 exponens
2021 2654 2077 2708 in

432 2746 751 2803 Moralibus
785 2763 798 2802 :
843 2769 869 2796 «
903 2748 1017 2803 Non
1068 2746 1244 2818 quasi,
1277 2744 1487 2817 inquit,
1521 2742 1759 2798 crudelis
1806 2743 2078 2799 suscitabo

429 2853 574 2893 eum.
607 2837 740 2905 Quis
767 2837 915 2891 enim
965 2834 1217 2891 resistere
1249 2840 1421 2906 potest
1468 2832 1649 2888 vultui
1692 2848 1828 2899 meo,
1859 2840 1909 2887 et
1958 2833 2079 2904 quis

429 2934 556 2982 ante
582 2924 731 2983 dedit
755 2925 898 2980 mihi
924 2932 986 2979 ut
1014 2922 1239 2979 reddam
1267 2924 1321 2979 ei
1339 2926 1365 2977 .9
1395 2925 1591 2995 aperte
1640 2920 1919 2978 insinuat.
1953 2921 2078 2975 Non

431 3012 979 3087 eum,inquit,quasi
1014 3010 1265 3068 crudelis
1297 3010 1683 3083 suscito,quia
1704 3010 1781 3099 de
1812 3011 1939 3083 ejus
1973 3010 2081 3067 for-

432 3103 685 3161 titudine
716 3106 774 3158 et
803 3101 1015 3158 electos
1046 3117 1206 3157 meos
1226 3104 1491 3172 potenter
1520 3100 1722 3172 eripio,
1755 3102 1812 3155 et
1843 3115 2078 3154 rursum

434 3191 713 3266 reprobos
758 3207 875 3246 non
903 3189 1123 3261 injuste
1155 3189 1254 3244 sed
1300 3187 1724 3244 rationabiliter
1751 3188 1986 3251 damno,
2020 3187 2077 3242 id

2189 614 2343 684 quod
2377 613 3055 686 agimus,omnipotentis
3075 628 3254 686 super
3270 630 3375 670 nos
3394 614 3607 670 Domini
3624 620 3767 673 consi-

2189 699 2267 756 lia
2297 700 2525 757 occulta
2554 700 2988 771 timeamus;ne,
3012 703 3155 758 dum
3184 719 3352 758 mens
3370 707 3768 764 nostraexterius

2187 790 2320 845 fusa
2351 807 2385 845 a
2415 807 2524 846 sua
2553 807 2616 847 se
2644 789 2942 847 voluntate
2989 807 3104 847 non
3154 794 3395 859 revocat,
3427 790 3574 848 intus
3614 799 3771 851 contra

2188 895 2315 934 eam
2340 879 2524 950 judex
2554 879 2892 935 terribiliter
2919 880 3164 936 adversa
3192 880 3636 951 disponat.Quod
3661 882 3771 940 bene
3834 876 3835 951 ξ

2190 966 2499 1022 Psalmista
2525 967 2761 1024 intuens
2799 968 2881 1024 ait
2913 985 2927 1024 :
2990 969 3170 1024 Venite
3213 976 3263 1024 et
3306 968 3477 1024 ridete
3516 985 3659 1042 opera
3694 972 3771 1027 Do-

2186 1057 2348 1122 mini,
2377 1072 2545 1127 quam
2574 1058 2839 1113 terribilis
2872 1059 2927 1113 in
2967 1058 3216 1113 consiliis
3259 1073 3420 1129 super
3461 1058 3593 1128 ﬁlios
3635 1060 3774 1115 homi-

2188 1160 2321 1198 num
2348 1145 2522 1211 (Psal.
2558 1150 2705 1215 va).
2738 1145 2897 1201 Vidit
2926 1163 3182 1218 namque
3212 1146 3364 1218 quod
3406 1145 3551 1202 alius
3593 1149 3773 1204 miseri-

2187 1231 2439 1288 corditer
2465 1238 2725 1302 vocatur,
2760 1234 2910 1290 alius
2931 1235 3169 1307 justitia
3197 1236 3460 1309 exigente
3507 1235 3771 1308 repellitur.

2185 1321 2255 1376 Et
2285 1322 2424 1394 quia
2454 1321 2569 1379 alia
2597 1324 2886 1395 parcendo
2917 1323 3223 1392 Dominus,
3241 1322 3354 1381 alia
3378 1324 3658 1381 irascendo
3682 1326 3773 1381 dis-

2187 1410 2372 1482 ponit,
2402 1410 2630 1483 expavit
2660 1413 2814 1485 quod
2847 1417 3152 1485 penetrare
3182 1430 3298 1468 non
3331 1413 3535 1486 potuit,
3567 1416 3616 1469 et
3641 1429 3773 1486 quem

2188 1514 2303 1553 non
2317 1498 2509 1555 solum
2535 1500 3001 1574 investigabilem
3015 1502 3073 1557 in
3088 1501 3446 1575 quibusdam
3470 1501 3585 1559 suis
3596 1507 3775 1559 senten-

2187 1586 2306 1655 tiis,
2360 1589 2461 1643 sed
2511 1588 2685 1645 etiam
2739 1590 3120 1647 inflexibilem
3176 1591 3342 1658 vidit,
3399 1590 3689 1647 terribilem
3734 1592 3772 1649 iu

2188 1676 2447 1732 consiliis
2495 1695 2625 1735 esse
2678 1678 3041 1735 memoravit.
3081 1701 3103 1731 ι
3154 1680 3327 1749 Beda,
3365 1679 3570 1745 divinis
3615 1679 3773 1738 litteris

2188 1765 2452 1838 impense
2500 1767 2727 1838 doctus,
2778 1769 2962 1824 bonos
3022 1768 3327 1841 malosque
3373 1767 3772 1841 praedestinatos,

2186 1870 2481 1926 exponens
2512 1853 2654 1911 illud
2687 1856 2927 1912 Genesis
2959 1873 2973 1911 :
3006 1859 3246 1930 Surgite,
3276 1856 3598 1929 egredimini
3620 1856 3676 1913 de
3698 1859 3775 1915 loco

2188 1944 2310 2011 isto,
2342 1946 2475 2015 quia
2521 1943 2718 2000 delebit
2767 1949 3031 2002 Dominus
3078 1949 3352 2003 civitatem
3400 1947 3556 2013 hanc,
3585 1955 3634 2002 et
3670 1948 3775 2002 visu:

2185 2040 2267 2087 est
2309 2035 2387 2088 eis
2431 2036 2592 2105 quasi
2637 2034 2829 2091 ludens
2877 2036 3029 2107 loqui
3076 2035 3227 2109 (Gen.
3259 2038 3400 2108 xxx),
3442 2035 3776 2091 indubitanter

2186 2120 2458 2177 asseruit.
2493 2144 2521 2173 ‹‹
2556 2123 2720 2188 Quod
2771 2123 3012 2189 ostium,
3046 2124 3260 2197 inquit,
3307 2125 3416 2181 Lot
3463 2123 3774 2181 obcluseruut

2188 2210 2398 2283 angeli,
2434 2227 2504 2267 ne
2533 2210 2620 2267 vel
2647 2211 2842 2283 ipsum
2872 2212 2959 2268 vel
3002 2212 3259 2285 aliquem
3308 2213 3380 2270 de
3431 2215 3598 2269 domo
3636 2213 3772 2287 ipsius

2186 2304 2427 2370 possent
2455 2300 2525 2355 ad
2557 2301 2922 2371 perdendum
2954 2318 3159 2375 rapere
3210 2302 3544 2371 Sodomita,
3573 2306 3776 2375 patenter

2186 2387 2448 2444 insinuat
2481 2388 2622 2460 quia
2652 2388 2880 2445 nullum
2913 2390 2984 2446 de
3035 2389 3236 2447 electis
3274 2390 3377 2447 Dei
3429 2390 3695 2464 perditura
3716 2396 3775 2445 est

2187 2475 2459 2547 impietas
2490 2479 2548 2532 et
2579 2477 2904 2549 persecutio
2935 2479 3571 2551 reproborum,dicente
3589 2478 3774 2535 Domino

2187 2564 2259 2620 de
2314 2565 2519 2620 ovibus
2572 2566 2742 2623 suis:
2792 2568 2857 2622 Et
2922 2583 3019 2637 ego
3074 2570 3247 2624 vitam
3300 2580 3566 2625 aeternam
3613 2567 3670 2624 do
3713 2571 3774 2629 iis.

2186 2663 2238 2710 et
2280 2670 2390 2709 non
2440 2657 2703 2726 peribunt
2769 2659 2829 2711 in
2885 2666 3172 2723 aeternum,
3243 2667 3296 2714 et
3359 2674 3475 2714 non
3528 2659 3682 2730 rapiet
3722 2673 3779 2712 ea:

2187 2745 2478 2814 quisquam
2531 2744 2595 2800 de
2659 2762 2833 2800 manu
2898 2762 3021 2801 mea
3081 2748 3265 2818 (Joan.
3324 2749 3407 2816 x).
3470 2745 3621 2810 Quod
3679 2746 3775 2800 item
3834 2744 3835 2797 l

2188 2833 2316 2900 Lot,
2350 2832 2628 2889 facultate
2660 2833 2733 2888 ab
2765 2834 2988 2908 angelis
3027 2835 3183 2903 data,
3216 2834 3452 2892 nullum
3499 2836 3567 2892 de
3608 2834 3775 2890 civibus

2188 2921 2446 2993 perfidis,
2480 2937 2552 2978 ne
2579 2921 2650 2978 de
2680 2922 2804 2979 suis
2835 2923 3075 2995 quidem
3125 2925 3394 2997 cognatis
3445 2924 3561 2981 sive
3603 2923 3777 2986 amicis,

2188 3009 2260 3082 (a)
2292 3011 2601 3066 tamenetsi
2636 3011 2888 3067 multum
2933 3017 3200 3080 conatus,
3234 3012 3429 3087 potuit
3472 3014 3544 3069 ad
3584 3011 3777 3070 salutem

2189 3115 2474 3167 revocare,
2500 3100 2795 3173 signiﬁcat
2839 3102 2997 3173 quod
3030 3102 3251 3159 nullius
3280 3101 3454 3158 labor
3482 3100 3707 3159 hominis
3729 3100 3777 3155 ad

2190 3204 2501 3243 numerum
2534 3189 3076 3261 praedestinatorum
3092 3191 3193 3264 qui
3208 3195 3343 3248 ante
3354 3190 3777 3248 constitutionem

438 3261 549 3349 est,
579 3284 636 3336 et
663 3296 762 3335 eos
794 3295 940 3351 quos
969 3277 1218 3350 benigne
1270 3276 1419 3348 eligo
1468 3276 1689 3348 eripere
1738 3274 2083 3331 mirabiliter
2112 3261 2154 3328 (ἶ
2196 3276 2403 3333 mundi
2434 3278 2588 3334 260
2618 3277 2783 3335 electi
2815 3284 2955 3335 sunt
2984 3297 3018 3336 a
3045 3261 3416 3347 Domino,vel
3452 3296 3618 3336 unam
3647 3278 3781 3351 possit

439 3385 705 3443 possum,
739 3371 796 3423 et
824 3383 923 3423 eos
953 3382 1102 3439 quos
1143 3382 1353 3438 respuo
1406 3382 1523 3420 non
1566 3363 1786 3436 injuste
1833 3363 2085 3419 derelin-

438 3475 574 3531 quo.
610 3480 639 3507 »
686 3457 757 3513 Et
801 3460 933 3528 post
978 3454 1327 3526 aliquanta:
1385 3477 1413 3504 ‹‹
1447 3453 1591 3509 Miro
1640 3453 1834 3524 modo,
1872 3453 2082 3525 inquit,

439 3563 643 3618 aequus
670 3545 945 3600 omnibus
975 3542 1252 3599 Conditor
1294 3547 1352 3598 et
1390 3543 1675 3615 quosdam
1718 3542 2001 3617 prmeligit
2030 3546 2087 3598 et

439 3633 727 3705 quosdam
741 3633 801 3686 in
815 3631 938 3686 suis
951 3631 1214 3703 reprobis
1228 3631 1493 3686 moribus
1499 3632 1522 3703 j
1534 3635 1659 3685 uste
1673 3630 2045 3704 derelinquit.
2056 3653 2083 3680 »

439 3721 581 3776 Item
613 3720 672 3776 in
708 3718 1027 3776 Moralibus
1056 3736 1350 3792 exponens
1381 3718 1591 3788 (Morel.
1626 3717 1728 3775 lib.
1756 3738 1816 3787 ιι,
1840 3720 2083 3792 cap.5):

436 3808 500 3865 Si
545 3808 895 3887 destruxerit,
924 3825 1079 3864 nemo
1126 3817 1206 3864 est
1250 3809 1347 3880 qui
1394 3808 1668 3879 aediﬁcet;
1696 3810 1748 3863 si
1797 3809 2087 3864 incluserit

437 3897 732 3964 hominem,
763 3898 953 3953 nullus
981 3906 1058 3954 est
1084 3899 1182 3969 qui
1210 3900 1422 3969 aperiat
1449 3897 1563 3969 (Job
1588 3896 1710 3968 χιι).
1745 3920 1771 3947 ‹‹
1806 3896 2083 3970 Omnipo-

439 3987 972 4060 tens,inquit,Deus
1000 3986 1332 4043 humanum
1355 4003 1453 4042 cor
1482 3985 1732 4042 destruit
1752 4002 1885 4041 cum
1913 3984 2084 4041 relin-

436 4075 840 4148 quit,aadiﬁcat
852 4075 991 4131 dum
1006 4074 1411 4148 replet.Neque
1424 4075 1579 4130 enim
1594 4074 1914 4131 humanam
1928 4090 2087 4130 men-

435 4169 554 4220 tem
568 4162 913 4221 debellando
927 4163 1194 4228 destruit,
1219 4164 1318 4220 sed
1334 4163 1673 4231 recedendo,
1699 4163 1839 4237 quia
1861 4164 1931 4220 ad
1955 4180 2083 4237 per-

437 4252 718 4309 ditionem
769 4270 937 4308 suam
987 4252 1206 4310 sufﬁcit
1254 4253 1363 4309 sibi
1414 4253 1680 4309 dimissa.
1718 4275 1747 4302 »
1781 4253 1921 4309 Item
1954 4255 2086 4324 post

438 4340 740 4415 aliquanta
796 4342 933 4414 (cap.
988 4342 1130 4412 eod.)
1174 4360 1187 4397 :
1242 4365 1269 4392 ‹‹
1324 4343 1391 4399 Si
1444 4343 1730 4398 incluserit
1784 4341 2080 4410 hominem,

433 4430 623 4487 nullus
650 4438 730 4487 est
758 4432 891 4502 quia
911 4433 1144 4503 aperiat.
1160 4430 1305 4495 Quia
1318 4430 1469 4486 sicut
1485 4446 1656 4484 nemo
1670 4428 2084 4503 obsistitlargi-

432 4516 541 4575 tati
570 4519 937 4586 vocantis,ita
968 4518 1167 4574 nullus
1198 4517 1390 4574 obviat
1409 4517 1654 4589 justitiaa
1678 4516 2080 4590 relinquentis.

434 4606 735 4664 Includere
768 4607 964 4678 itaque
994 4606 1093 4662 Dei
1123 4610 1233 4673 est,
1266 4604 1481 4660 clausis
1512 4622 1628 4660 non
1660 4605 2081 4678 aperire.Unde

433 4701 490 4754 et
520 4698 594 4754 ad
625 4697 860 4769 Moysen
893 4695 1108 4751 dicitur
1155 4695 1224 4751 de
1275 4693 1594 4763 Pharaone,
1628 4710 1734 4767 ego
1780 4695 2079 4753 obdurabo

435 4802 532 4842 cor
579 4786 727 4857 ejus.
766 4784 1064 4840 Obdurare
1112 4781 1326 4854 quippe
1374 4799 1477 4854 per
1514 4782 1811 4854 justitiam
1865 4784 2078 4840 dicitur

432 4874 666 4946 quando
697 4890 798 4930 cor
827 4872 1141 4944 reprobum
1173 4886 1276 4942 per
1302 4871 1551 4943 gratiam
1581 4888 1697 4926 non
1727 4870 1971 4927 emollit.
2001 4895 2029 4923 »

505 4963 661 5018 Idem
743 4962 804 5016 in
880 4958 1283 5031 explanatione
1367 4959 1706 5033 evangelicae
1779 4961 2077 5017 sententiae

433 5052 644 5123 (homil.
680 5067 755 5118 1v,
790 5051 849 5105 in
880 5050 1111 5118 Evang.)
1137 5065 1149 5103 :
1184 5049 1247 5103 In
1276 5049 1425 5103 viam
1453 5050 1706 5117 gentium
1734 5065 1802 5105 ne
1829 5051 2079 5106 abieritis

433 5140 655 5207 (Matth,
703 5140 840 5209 10):
894 5159 921 5187 «
973 5136 1205 5202 Subtili,
1257 5137 1357 5205 ait,
1409 5138 1748 5211 occultoque
1790 5139 2013 5211 judicio
2044 5157 2075 5196 a

431 5228 825 5299 quorumdam
857 5223 1098 5281 auribus
1120 5225 1452 5296 prtedicatio
1467 5227 1617 5285 259
1631 5231 1832 5285 sancta
1854 5228 2080 5285 subtra-

429 5316 612 5379 hitur,
645 5314 784 5385 quia
833 5312 1103 5370 suscitari
1135 5329 1238 5384 per
1286 5315 1534 5387 gratiam
1589 5334 1704 5374 non
1754 5322 2072 5373 merentur.

429 5527 464 5537 η
499 5455 578 5524 (α)
614 5455 934 5537 Tamenetsi.
958 5456 1069 5537 Pro
1096 5462 1311 5515 tamotsi
1328 5476 1341 5515 :
1377 5477 1555 5537 quam
1578 5476 1932 5533 vocem,quee
1947 5461 2074 5537 jam

427 5527 514 5604 ίίεξι
543 5524 918 5604 θκίὲριθνθςᾶι,
953 5532 1018 5583 ut
1052 5544 1230 5602 prope
1278 5548 1311 5586 a
1361 5524 1590 5589 nemine
1640 5524 2074 5604 agnosceretur,

422 5596 670 5673 retraxit
699 5611 787 5673 ex_
796 5596 949 5673 fuga
965 5596 1237 5673 summus
1260 5608 1317 5658 et
1332 5620 1466 5660 cum
1478 5604 1596 5660 illis
1612 5596 1906 5660 veteribus
1922 5596 2078 5658 com;

412 5661 726 5747 parandus
754 5668 807 5728 J.
836 5661 896 5730 CT.
918 5671 1174 5732 Jacobus
1206 5673 1572 5749 Cujacius,ut
1598 5675 1860 5733 Muretus
1879 5677 2078 5732 noster

2195 3366 2453 3421 animam
2485 3367 2759 3439 adjicere.
2792 3369 2963 3425 Novit
2992 3369 3149 3425 enim
3181 3370 3337 3426 Deus
3367 3369 3471 3442 qui
3520 3372 3645 3426 sunt
3669 3368 3778 3439 ejus.

2193 3453 2408 3510 Verum
2435 3455 2543 3512 etsi
2584 3461 2845 3513 nostram
2879 3456 3251 3531 fragilitatem
3285 3458 3389 3531 qui
3424 3460 3495 3515 ad
3525 3457 3778 3513 electorum

2195 3547 2407 3599 sortem
2441 3544 2736 3616 pertinent
2765 3545 2926 3613 latet,
2961 3564 3075 3602 non
3108 3551 3303 3604 tamen
3336 3547 3411 3603 ab
3449 3546 3658 3620 agenda
3682 3558 3780 3599 cun

2196 3635 2405 3688 nostra:
2460 3632 2669 3690 salutis
2733 3635 3105 3704 cessandum,
3166 3652 3272 3693 nec
3344 3636 3422 3692 ab
3488 3631 3783 3691 instruendis
3834 3652 3835 3704 ᾗ

2192 3721 2473 3793 proximis
2505 3721 2707 3796 lingua
2737 3726 2825 3779 est
2856 3723 3237 3793 continenda;
3270 3725 3373 3780 sed
3410 3725 3484 3780 ad
3514 3720 3781 3794 exemplum

2194 3808 2346 3865 beati
2400 3809 2505 3866 Lot
2550 3814 2608 3866 et
2651 3810 2820 3868 nobis
2868 3816 3026 3868 caste
3062 3812 3404 3880 vivendum,
3440 3818 3498 3868 et
3525 3810 3782 3868 errantium

2193 3913 2426 3970 quoque
2457 3899 2799 3955 correctioni
2830 3899 3089 3957 ofﬁcium
3108 3898 3781 3975 pietatisimpendendum.

2193 3986 2431 4043 Constat
2459 3987 2614 4044 enim
2647 3989 2801 4060 quod
2832 3988 2943 4044 etsi
2976 3989 3422 4062 praedestinatos
3454 3988 3783 4046 adinteritum

2192 4074 2416 4132 salvare
2446 4077 2999 4149 nequimusmostra:
3030 4083 3229 4135 tamen
3253 4078 3782 4151 benignitatis,un

2192 4179 2332 4237 erga
2360 4163 2593 4221 illorum
2621 4165 2870 4222 salutem
2900 4166 3317 4239 impendimus,
3352 4166 3669 4223 mercedem
3704 4175 3783 4218 non

2150 4254 2165 4259 “
2192 4254 2518 4325 perdimus.
2551 4276 2579 4306 »

2263 4342 2513 4401 Sanctus
2535 4342 3226 4417 Fulgentius,Ruspensis
3237 4342 3782 4418 provincialia-ieeur

2190 4431 2501 4505 episcopus
2548 4432 2634 4505 (ut
2681 4432 2885 4489 scribit
2930 4434 3188 4491 Joannes
3248 4435 3525 4490 Romanae
3570 4426 3784 4488 Ecclesia

2192 4519 2595 4589 diaconus),in
2622 4521 2769 4578 libro
2800 4522 2873 4578 ad
2907 4522 3141 4580 Petrum
3173 4522 3242 4579 de
3274 4523 3499 4597 Regula
3521 4537 3654 4578 vera:
3669 4513 3781 4579 ﬁdei,

2112 4629 2158 4694 ο
2192 4610 2263 4666 de
2295 4610 2745 4682 praedestinatis,
2779 4611 2889 4668 hoc
2921 4613 3094 4668 modo
3139 4612 3440 4677 disserunt
3470 4612 3554 4685 (de
3592 4609 3702 4666 Fide
3734 4601 3784 4658 ml

2193 4704 2362 4769 Petr.,
2386 4717 2436 4755 c.
2458 4701 2578 4769 35):
2600 4724 2628 4751 «
2656 4699 3018 4759 Firmissime
3033 4704 3233 4758 teneat
3250 4700 3583 4758 nullatenus
3602 4694 3780 4753 dubites

2186 4805 2389 4845 omnes
2427 4805 2574 4861 quos
2623 4807 2762 4846 vasa
2810 4789 3224 4846 misericordia;
3272 4791 3532 4863 gratuita
3577 4784 3783 4843 bonitate

2184 4877 2338 4933 Deus
2355 4877 2492 4933 facit
2507 4882 2639 4935 ante
2656 4876 3134 4942 constitutionem
3154 4879 3354 4934 mundi
3376 4879 3436 4935 in
3465 4876 3779 4951 adoptionem

2187 4964 2443 5022 ﬁliorum
2492 4966 2592 5037 Dei
2642 4967 3088 5040 prmdestinatos
3142 4983 3177 5023 a
3225 4967 3362 5036 Deo,
3416 4982 3600 5040 neque
3640 4958 3783 5036 perire

2187 5072 2357 5127 posse
2382 5054 2640 5127 aliquem
2672 5072 2875 5112 eorum
2907 5073 3057 5128 quos
3085 5056 3239 5113 Deus
3283 5051 3692 5129 praedestinavit
3726 5044 3777 5101 ad

2189 5159 2453 5216 regnum,
2479 5160 2584 5199 nec
2617 5160 2974 5216 quemquam
2995 5161 3197 5201 eorum
3216 5161 3367 5217 quos
3384 5144 3653 5201 Deusnon
3670 5151 3778 5210 pm-

2185 5232 2501 5288 destinavit
2528 5233 2600 5288 ad
2624 5231 2805 5289 vitam
2838 5232 2957 5289 ulla
2970 5249 3142 5306 posse
3173 5233 3397 5290 ratione
3428 5227 3776 5289 βαίνει-ἰῶτα

2185 5320 2495 5378 destinatio
2526 5322 2684 5377 enim
2716 5320 2817 5378 illa
2844 5322 3112 5396 gratuita:
3138 5321 3467 5380 donationis
3487 5325 3572 5378 est
3596 5328 3774 5392 praepa-

2185 5462 2267 5518 ait
2294 5461 2355 5517 in
2387 5462 2534 5537 libro
2563 5482 2620 5537 xi
2649 5463 2783 5520 Var.
2803 5464 2998 5537 _Lect.,
3033 5481 3159 5537 cap.
3196 5465 3280 5533 17,
3315 5464 3421 5521 ubi
3448 5463 3607 5521 ali‘ert
3634 5451 3768 5537 pluri-

2185 5551 2283 5608 ma
2329 5535 2684 5608 testimonia,
2718 5535 2932 5608 quibus
2981 5529 3187 5608 probet
3231 5529 3360 5608 eam
3405 5552 3531 5593 esse
3571 5529 3769 5590 retinen-

2185 5603 2342 5661 dam.
2378 5607 2458 5663 Ea
2488 5603 2944 5666 rursum—utitur
2970 5603 3171 5683 Lupus
3202 5607 3313 5665 col.
3346 5608 3416 5665 25
3454 5650 3469 5666 .
