3898 6194
98 314 232 380 ὥτ

1074 318 1443 386 GOLLECT.
1490 319 1594 382 DE
1637 313 1923 380 TBIBUS
1967 315 2591 390 QUIESTIONIBUS.

3410 316 3529 379 658

105 432 416 525 ratio,qua
446 467 557 510 nos
584 451 898 527 Apostolus
927 452 1010 510 ait
1040 454 1484 526 praedestinatcs
1512 451 1573 507 in
1598 451 1772 524 adop-
1801 450 1855 517 Α
1886 449 2180 509 nationem
2240 452 2402 511 solus
2461 453 2867 521 introduxerit,
2928 470 3063 512 cum
3122 448 3371 528 simplex
3428 450 3529 509 Dei

106 539 341 598 tionem
356 540 616 598 filiorum
636 542 741 598 Dei
765 559 866 615 per
878 542 1081 599 Jesum
1099 542 1397 597 Christum
1420 540 1479 596 in
1500 540 1716 612 ipsum.
1745 561 1772 589 »

179 629 333 687 Item
366 630 711 704 Fulgentius
742 630 802 687 in
852 631 1000 687 libro
1031 632 1104 687 ad
1153 631 1478 687 Monimum
1518 633 1660 701 (cap.
1693 628 1772 700 5.)

101 733 357 775 sensum
388 719 543 775 beati
578 718 893 791 Augustini
925 719 997 775 de
1028 718 1551 791 praedestinatisad
1578 716 1774 771 interi-

100 810 242 863 tum
300 807 393 863 bis
438 807 633 864 verbis
676 808 1007 880 expressit:
1053 806 1269 862 «Nihil
1322 806 1504 874 aliud,
1556 805 1769 879 inquit,

102 895 524 969 accipiendum
556 896 829 953 existimo
858 897 917 952 in
950 895 1049 952 illo
1082 896 1268 953 sancti
1307 895 1618 969 Augustini
1650 911 1771 952 ser-

100 985 471 1057 mone,quod
513 986 586 1051 ad
636 985 939 1042 interitum
990 985 1274 1058 quosdam
1326 974 1772 1057 praedestinatos

111 1073 463 1141 ﬁrmat,nisi
490 1075 562 1130 ad
592 1075 895 1130 interitum
925 1073 1222 1147 supplicii,
1252 1090 1368 1130 non
1418 1072 1637 1139 delicti,
1671 1089 1770 1128 ne-

107 1179 230 1236 que
260 1163 335 1218 ad
368 1162 591 1219 malum
625 1164 780 1236 quod
811 1163 1032 1235 lnjuste
1064 1162 1511 1227 admittunt,sed
1536 1162 1608 1217 ad
1638 1178 1770 1218 cru-

106 1252 343 1308 ciatum
389 1253 533 1310 201
584 1268 760 1324 quem
802 1252 1133 1323 justissime
1183 1251 1515 1324 patientur;
1549 1267 1655 1306 nec
1698 1250 1770 1306 ad

106 1345 448 1413 peccatum,
489 1358 606 1413 quo
664 1340 867 1413 primae
919 1340 1363 1396 resurrectionis
1421 1339 1769 1395 beneﬁcium

108 1435 223 1486 aut
252 1448 373 1486 non
403 1429 698 1502 accipiunt
726 1434 827 1485 aut
856 1430 1267 1495 amittunt,sed
1300 1430 1370 1485 ad
1412 1433 1769 1483 tormentum

101 1519 275 1592 quod
306 1518 423 1574 illis
444 1519 680 1591 propria
706 1517 990 1591 iniquitas
1041 1517 1193 1572 male
1240 1517 1393 1589 parit
1421 1521 1477 1572 et
1525 1517 1770 1588 aequitas

97 1608 315 1665 divina
343 1608 489 1664 bene
520 1607 825 1673 retribuit;
858 1622 967 1662 nec
1014 1606 1086 1661 ad
1118 1610 1367 1662 mortem
1418 1605 1627 1661 animae
1658 1603 1771 1676 pri-

99 1696 370 1762 mam,in
403 1712 521 1769 qua
564 1700 889 1752 nascuntur
927 1690 1269 1769 parvuli,vel
1292 1695 1351 1749 in
1383 1709 1583 1767 quam,
1617 1692 1771 1749 sicut

94 1786 320 1842 beatus
365 1785 619 1842 Iacobus
667 1784 811 1840 dicit
854 1789 998 1853 (Jac.
1033 1787 1095 1852 ι),
1139 1781 1614 1855 concupiscentia
1660 1798 1771 1837 sua

98 1872 398 1930 abstracti
428 1877 487 1929 et
513 1872 691 1928 illecti
718 1872 987 1928 recidunt
1010 1870 1310 1927 criminosi
1336 1890 1349 1939 ;
1384 1870 1485 1927 sed
1521 1870 1593 1925 ad
1623 1886 1771 1924 mor-

100 1967 232 2018 tem
266 1962 612 2027 secundam,
646 1976 824 2033 quam
857 1976 1094 2017 necesse
1121 1963 1212 2017 est
1251 1958 1570 2032 patiantur,
1604 1956 1771 2013 retri-

106 2051 339 2107 buente
359 2050 698 2121 justissimo
720 2049 956 2121 judice;
991 2065 1095 2104 seu
1128 2046 1228 2121 qui
1271 2051 1407 2103 ante
1439 2050 1771 2119 perceptam

108 2140 373 2214 gratiam
407 2138 683 2211 baptismi
713 2138 1023 2194 discedunt
1052 2138 1124 2194 de
1153 2136 1366 2194 saeculo
1390 2154 1404 2203 ;
1439 2135 1559 2191 sive
1587 2135 1687 2207 qui
1713 2134 1772 2188 in

110 2244 380 2285 vacuum
428 2228 675 2302 gratiam
719 2227 822 2284 Dei
872 2225 1237 2300 recipientes,
1288 2229 1421 2298 post
1469 2227 1772 2296 acceptum

114 2316 490 2391 baptismum
522 2332 709 2388 usque
739 2315 800 2371 in
830 2316 1008 2372 ﬁnem
1039 2314 1343 2388 presentis
1386 2312 1515 2369 vitae
1546 2310 1776 2368 malunt

116 2406 280 2462 servi
310 2422 440 2463 esse
489 2405 732 2478 peccati,
782 2420 889 2460 nec
935 2402 1161 2470 volunt,
1211 2403 1353 2460 dum
1402 2406 1636 2473 tempus
1686 2402 1776 2456 est

118 2493 503 2567 acceptabile,
523 2497 583 2549 et
612 2493 737 2550 dies
767 2492 997 2559 salutis,
1015 2492 1272 2548 converti
1303 2508 1338 2547 a
1363 2489 1456 2546 via
1483 2506 1591 2546 sua
1620 2488 1777 2545 mala

118 2587 192 2639 ut
211 2582 427 2648 vivant,
450 2586 508 2638 et
526 2581 861 2655 ignorantes
893 2580 1173 2654 quoniam
1207 2579 1538 2652 benignitas
1569 2577 1669 2633 Dei
1702 2577 1776 2632 ad

117 2671 530 2746 penitentiam
560 2686 660 2726 eos
689 2670 947 2736 adducit,
979 2669 1093 2742 ipsi
1140 2668 1465 2726 secundum
1495 2665 1775 2722 duritiam

116 2765 389 2818 suamet
417 2760 792 2833 impasnitens
818 2776 916 2816 cor
946 2759 1348 2816 thesaurizant
1377 2756 1490 2812 sibi
1534 2756 1683 2811 iram
1715 2754 1775 2810 in

116 2852 221 2907 die
249 2850 351 2906 ira:
380 2853 437 2905 et
464 2848 831 2905 revelationis
853 2848 1001 2919 justi
1024 2847 1235 2919 judicii
1267 2845 1389 2902 Dei.
1424 2868 1454 2896 »

198 2939 345 2996 Item
402 2942 487 3007 (a)
519 2938 776 2993 Joannes
831 2935 1102 2994 Ecclesia:
1163 2936 1438 2991 Romanae
1496 2932 1777 2988 diaconus

116 3026 570 3103 predestinatos
614 3024 802 3082 malos
846 3024 1218 3082 sermonibus
1268 3021 1421 3079 beati
1467 3019 1779 3094 Augustini

116 3115 435 3188 expressit,
488 3113 686 3171 volens
742 3115 1047 3171 ostendere
1095 3112 1236 3185 quid
1289 3110 1580 3184 signiticet
1625 3108 1771 3164 illud

118 3184 373 3263 Genesis
402 3203 541 3276 (cap.
566 3205 607 3273 ι)
642 3220 655 3259 :
689 3204 1093 3275 Congregentur
1120 3184 1298 3274 aqua:
1349 3215 1475 3272 quae
1511 3199 1610 3254 sub
1640 3199 1772 3253 εωιο
1803 3184 1845 3250 C

120 3302 257 3351 sunt
288 3295 350 3348 in
380 3294 557 3350 locum
586 3309 779 3359 unum,
811 3300 863 3349 et
897 3298 1154 3363 appareat
1181 3289 1344 3345 arida
1377 3306 1390 3344 :
1426 3312 1453 3337 ‹‹
1488 3287 1635 3352 Quid
1665 3291 1775 3352 est,

120 3378 344 3454 inquit,
376 3379 890 3437 aridaJnEcclesia
919 3380 1085 3436 arida
1110 3382 1349 3434 vocatur
1368 3376 1562 3433 omnis
1583 3374 1780 3431 anima

119 3471 335 3528 sitiens
366 3470 704 3527 Dominum.
731 3471 1055 3542 Segregataa
1110 3472 1249 3524 sunt
1286 3466 1444 3523 enim
1490 3481 1674 3537 aquae,
1721 3468 1779 3520 et

98 3558 406 3632 apparuit
436 3555 780 3615 arida.Mare
802 3558 915 3614 hoc
942 3556 1219 3614 saeculum
1251 3558 1422 3622 est,et
1451 3570 1613 3626 aquis
1649 3570 1777 3625 quae

123 3653 273 3706 sunt
293 3663 504 3702 amarae
527 3651 843 3721 segregatas
854 3649 1075 3713 sunt,et
1089 3646 1451 3717 congregata:
1467 3641 1526 3697 in
1544 3658 1780 3714 congre-

120 3735 368 3811 gatione
400 3752 540 3802 una,
572 3735 629 3790 id
677 3740 768 3791 est
816 3734 1238 3807 praedestinatze
1267 3731 1330 3787 in
1360 3748 1547 3787 unum
1580 3731 1776 3794 tinem,

124 3842 247 3897 quo
269 3823 471 3897 dirigit
481 3823 634 3879 Deus
650 3823 1021 3896 omnipotens
1036 3839 1184 3895 quos
1195 3824 1472 3893 separata
1488 3819 1728 3875 sanctis.
1751 3841 1778 3867 ››

90 3970 101 3975 _
202 3911 469 3969 Isidorus
494 3911 803 3984 episcopus
834 3912 895 3966 in
925 3911 1072 3966 libro
1101 3908 1537 3966 Sententiarum
1568 3908 1690 3977 (lib.
1716 3923 1777 3972 ιι,

122 4018 176 4058 c.
209 4001 265 4074 6)
302 4018 315 4057 :
354 4019 384 4053 ι
412 4000 656 4056 Gemina
711 4004 819 4066 est,
878 3999 1090 4071 inquit,
1151 3995 1604 4071 prazdestinatio,
1664 3993 1783 4050 sive

126 4090 453 4148 electorum
486 4089 638 4145 πω
669 4088 741 4144 ad
791 4087 1074 4160 requiem,
1106 4087 1227 4142 sive
1278 4084 1657 4157 reproborum
1709 4082 1781 4137 ad

124 4183 406 4235 mortem.
442 4199 469 4228 ››
500 4175 666 4233 Hunc
711 4181 909 4234 tamen
958 4175 1199 4248 quidam
1240 4170 1784 4246 reprehendendum

98 4269 348 4342 putant
376 4266 532 4339 quod
563 4264 994 4338 geminam,hoc
1022 4267 1131 4330 est,
1155 4260 1449 4333 duplicem
1480 4256 1783 4333 predesti-

203 4425 285 4500 (a)
312 4427 544 4500 laenae:
573 4426 866 4500 Diaconus.
900 4423 1088 4496 Hujus
1106 4426 1207 4500 est
1248 4436 1383 4493 ergo
1415 4416 1784 4500 expositioin

128 4490 626 4571 Heptateuchum.
671 4497 760 4551 An
804 4511 940 4552 vero
984 4490 1191 4571 auctor
1236 4490 1785 4571 quoque‘sihv‘itse

126 4560 325 4626 salicti
354 4566 617 4642 Gregorii
647 4582 831 4640 papae,
859 4583 977 4623 non
1008 4566 1152 4621 adeo
1190 4560 1556 4635 (ax—ploratum
1608 4560 1783 4617 habe-

130 4645 253 4696 tur.

204 4710 285 4784 (ὁ)
318 4711 482 4784 Docto
511 4711 648 4765 viro.
682 4708 924 4784 Isidoro.
1056 4778 1071 4784 _
1242 4776 1280 4784 __
1372 4779 1382 4784 _
1455 4778 1464 4784 α
1517 4772 1553 4784 Α,
1664 4770 1703 4784 ﬁ
1746 4768 1759 4784 ,

204 4772 280 4851 (οἱ
308 4780 387 4835 Ad
414 4778 673 4851 doctores.
701 4779 992 4836 Nimirum
1039 4776 1307 4848 docendi,
1324 4779 1392 4851 ut
1420 4772 1621 4830 statim
1648 4772 1790 4827 dicit

131 4847 361 4925 Ῑέιίρύεο
392 4848 539 4925 Nam
588 4850 796 4925 discere
835 4854 997 4925 prius
1044 4847 1451 4925 quisqye'depeg
1497 4852 1787 4925 antequam

132 4866 361 4925 Lupus.
392 4866 539 4933 nam
588 4866 796 4907 ducere
835 4868 997 4924 pnus
1044 4866 1273 4977 quispim
1302 4866 1451 4929 aepez
1497 4866 1787 4924 antequam

131 4924 326 5002 doceat
345 4941 368 4989 ;
388 4925 455 4977 ut
483 4939 541 5002 ig
574 4921 821 5002 epistola
844 4924 918 4978 25
946 4937 1058 5002 scr}
1105 4925 1170 5002 1t_
1231 4918 1491 4975 ormisda
1529 4914 1788 5002 pqptifezf

134 4985 461 5071 Romanus.
496 4985 661 5049 Unde
708 4998 767 5071 et
791 4993 914 5071 haec
943 4991 1291 5071 questinus
1319 5002 1479 5071 papa
1486 4985 1790 5071 scribebat

133 5066 210 5145 ad
241 5064 561 5145 episcopos
578 5063 1009 5145 provinciarum
1024 5056 1373 5141 Viennensis
1385 5056 1443 5115 et
1455 5056 1790 5145 I‘farb‘onen:

132 5136 221 5207 sis
255 5125 334 5190 ;’‹‹
373 5125 598 5207 Seiant‘
617 5136 773 5207 quod
823 5134 936 5207 sibi
980 5149 1184 5191 omnes
1236 5131 1335 5207 qui
1381 5125 1539 5207 male
1580 5127 1789 5181 docent

133 5206 365 5279 discere
412 5204 602 5274 magis
632 5199 938 5279 'ac_magis
978 5199 1270 5279 competat
1299 5216 1476 5279 quam
1507 5199 1731 5279 docere:
1758 5218 1787 5245 »

129 5277 413 5353 Julianus
443 5266 675 5353 quoque
706 5266 1027 5353 PomErius,
1055 5266 1211 5353 haud
1245 5266 1429 5353 multo
1460 5273 1594 5353 post
1614 5266 1788 5353 Cgele-

134 5347 387 5412 stinum,
418 5338 673 5412 graviter
699 5338 1167 5412 conquerebatur
1194 5345 1253 5399 in
1282 5343 1433 5399 libro
1461 5338 1525 5395 in
1555 5340 1626 5394 de
1656 5338 1791 5412 Vita

134 5411 591 5491 contemplativa
637 5434 763 5490 cap.
815 5411 885 5491 {0
912 5434 1041 5491 esse
1072 5412 1520 5491 quosdamAquAi
1549 5411 1791 5489 gestiunt

133 5491 327 5574 docere
356 5481 497 5614 {uad
527 5481 793 5570 nesciui“.
828 5489 987 5552 Quod
1012 5481 1187 5569 etiam
1204 5484 1361 5541 dolet
1384 5481 1454 5538 Sf
1478 5481 1790 5560 Gregorius

134 5578 196 5614 ιιι
253 5578 358 5614 oro
385 5576 494 5614 ogo
553 5559 624 5614 ad
674 5558 891 5614 librum
942 5574 1199 5614 primum
1243 5556 1406 5611 Curae
1455 5550 1787 5614 pastoralis.

134 5562 196 5616 in
251 5550 494 5633 prologo
553 5559 624 5615 ad
674 5550 891 5615 librum
942 5558 1199 5632 primum
1243 5556 1406 5611 Curae
1455 5550 1787 5625 pastoralis.

134 5632 423 5688 Eamdem
476 5628 773 5711 querelam
796 5629 1221 5711 acriushmo‘vet
1249 5627 1669 5711 Hieronymus,
1681 5637 1790 5711 pro

139 5641 423 5688 Eamdem
476 5641 773 5711 querelam
803 5646 999 5686 acrius
1031 5641 1221 5684 movet
1253 5641 1658 5749 hieronﬁmus,
1690 5641 1786 5692 pro

138 5719 305 5760 more
335 5718 465 5771 suo,
498 5718 558 5756 ιη
606 5701 853 5773 epistola
890 5702 962 5757 ad
995 5698 1303 5756 Paulinum
1334 5710 1468 5769 pres
1510 5698 1737 5766 ᾔει-ιλιι]
1773 5707 1786 5744 :

1452 5818 1459 5825 κ

1883 544 2094 596 natura
2147 541 2426 616 simplici,
2458 543 2569 600 hoc
2615 549 2704 600 est
2752 562 2870 600 una
2901 542 3407 617 praedestinatione
3439 559 3530 599 se-

1882 630 2143 686 cundum
2175 647 2274 687 eos
2321 632 2505 689 bonos
2548 633 2853 706 malosque
2884 632 3183 705 complexa
3214 631 3308 688 sit.
3341 632 3447 696 Qui
3468 632 3530 687 .si
3638 682 3649 689 ι

1882 717 2225 775 intueantur
2251 719 2397 776 alios
2427 738 2554 777 esse
2605 723 2705 793 qui
2739 723 2810 778 ad
2863 724 3160 778 dexteram
3190 720 3380 795 gratia
3409 724 3532 777 sta-
3603 736 3605 738 ·

1879 810 2148 874 tuuntur,
2173 808 2319 865 alios
2334 809 2434 881 qui
2451 811 2522 866 ad
2537 810 2839 867 sinistram
2851 810 3084 882 justitia
3096 809 3529 882 relinquuntur,

1881 897 2191 953 tamenetsi
2233 898 2328 964 sit,
2381 902 2447 954 ut
2498 898 2721 965 volunt,
2781 899 3030 972 simplex
3072 898 3529 972 praedestinatio,

1881 984 2173 1058 duplicem
2206 986 2334 1058 ejus
2383 1005 2496 1043 non
2535 988 2834 1060 negabunt
2863 989 3153 1055 effectum,
3185 1004 3320 1045 cum
3369 986 3529 1043 aliud

1882 1073 1959 1129 sit
1988 1075 2245 1130 debitam
2278 1093 2512 1147 pcsnam
2547 1075 2725 1143 luero,
2746 1076 2906 1133 aliud
2937 1076 3253 1149 gratuitam
3283 1076 3529 1148 gloriam

1880 1164 2313 1234 reportare.Nec
2338 1164 2408 1236 (b)
2423 1166 2591 1220 docti.»
2608 1165 2727 1221 viro
2739 1165 3264 1221 verbicalumniam
3284 1164 3529 1221 ulterius

1878 1251 1995 1306 nisi
2026 1251 2396 1308 contentione
2426 1253 2941 1325 impudentissima
2978 1255 3445 1310 commovebunt.
3479 1258 3523 1308 A

1879 1355 1997 1412 qua
2025 1344 2222 1396 tamen
2257 1344 2323 1396 ut
2370 1343 2605 1398 tandem
2653 1342 2967 1415 aliquando
3011 1342 3444 1416 conquiescant,
3471 1347 3529 1398 et

1879 1428 2105 1484 docturi
2135 1430 2301 1502 prius
2333 1431 2406 1502 (ε)
2439 1432 2510 1487 ad
2542 1432 2808 1488 doctores
2833 1433 3109 1488 accedant
3139 1432 3525 1499 docendi,non

1866 1517 2233 1588 judicaturi;
2266 1525 2606 1576 recenseant
2653 1521 3002 1576 sententiam
3033 1521 3134 1577 Dei
3185 1521 3259 1577 ad
3288 1521 3524 1577 beatum

1876 1605 1986 1661 Job
2018 1623 2030 1659 :
2064 1608 2324 1678 Nunquid
2353 1611 2517 1675 nosti,
2565 1608 2775 1679 inquit,
2809 1610 3057 1666 ordinem
3106 1610 3246 1677 caeli,
3278 1617 3328 1665 et
3362 1625 3528 1681 pones

1876 1696 2144 1751 rationem
2181 1697 2299 1768 ejus
2329 1698 2389 1752 in
2421 1701 2605 1752 terra?
2632 1698 3033 1769 (Job.xxxvm.)
3057 1702 3115 1752 et
3136 1698 3372 1753 beatum
3396 1698 3529 1754 Gre-

1798 1820 1846 1886 B
1881 1784 2112 1886 gorium
2140 1788 2198 1839 et
2226 1802 2457 1841 summe
2478 1786 2715 1842 doctum
2734 1791 2792 1842 et
2812 1786 2959 1842 mire
2981 1787 3297 1842 facundum
3322 1786 3381 1842 in
3401 1787 3530 1857 ejus

1881 1868 2284 1941 explanatione
2332 1873 2875 1942 preedestinationes
2905 1872 3117 1946 plurali
3148 1890 3392 1930 numero
3422 1890 3529 1947 po-

1881 1957 2071 2014 suisse
2114 1958 2411 2016 invenient
2440 1961 2661 2033 (Moral.
2697 1960 2800 2017 lib.
2832 1978 2963 2030 xxx,
3005 1978 3132 2034 cap.
3156 1962 3266 2029 48).
3303 1984 3325 2011 ι
3361 1961 3529 2018 Ordi-

1882 2045 2394 2118 nem,inquit,coeli
2426 2065 2621 2118 nosse,
2642 2053 2731 2106 est
2775 2067 3164 2122 supernarum
3195 2050 3528 2122 dispositio-

1880 2150 2024 2190 num
2054 2135 2314 2192 occultas
2336 2136 2411 2208 (ἀ)
2430 2138 2967 2209 przedesiinationes
2987 2138 3182 2195 videre
3205 2156 3218 2205 ;
3245 2124 3551 2194 rationem-

1880 2240 2015 2278 vero
2043 2224 2173 2296 ejus
2206 2224 2265 2279 in
2295 2228 2451 2281 terra
2497 2242 2731 2298 ponere,
2766 2231 2855 2283 est
2902 2231 3036 2283 ante
3064 2227 3326 2283 humana
3353 2227 3531 2283 corda

1879 2311 2085 2368 talium
2118 2315 2475 2369 secretorum
2506 2330 2717 2371 causas
2745 2314 2989 2388 aperire.
3022 2338 3051 2367 »

1955 2401 2035 2457 De
2066 2400 2249 2457 libero
2275 2401 2529 2457 Arbitrio
2560 2403 2767 2460 beatus
2796 2403 3162 2481 Augustinus
3185 2403 3243 2460 in
3275 2404 3423 2460 libro
3454 2403 3528 2460 ad

1886 2490 2268 2546 Laurentium
2318 2490 2458 2562 quid
2504 2493 2877 2548 sentiendum
2911 2492 3003 2550 his
3032 2494 3223 2550 verbis
3252 2492 3528 2551 ostendit.

1886 2579 2092 2636 Libero
2115 2578 2355 2635 arbitrio
2378 2579 2530 2635 male
2554 2584 2727 2637 utens
2743 2581 2919 2638 homo
2939 2586 2998 2638 et
3018 2600 3079 2639 se
3101 2582 3353 2656 perdidit
3372 2586 3429 2638 et
3448 2582 3532 2655 ip-

1886 2684 2039 2724 sum.
2075 2668 2238 2724 Sicut
2265 2668 2422 2724 enim
2453 2670 2552 2740 qui
2586 2686 2647 2725 se
2679 2670 2909 2736 occidit,
2952 2671 3155 2743 utique
3195 2671 3438 2726 vivendo
3469 2688 3533 2727 se

1885 2756 2116 2823 occidit,
2145 2757 2247 2812 sed
2296 2773 2359 2812 se
2389 2757 2703 2814 occidendo
2732 2776 2848 2814 non
2881 2759 3039 2826 vivit,
3071 2775 3176 2815 nec
3228 2776 3291 2815 se
3333 2758 3530 2833 ipsum

1885 2843 2100 2918 poterit
2129 2844 2475 2901 resuscitare
2491 2862 2625 2901 cum
2647 2846 3029 2917 occiderit,ita
3048 2864 3183 2903 cum
3204 2847 3385 2903 libero
3406 2864 3535 2921 pec-

1887 2937 2045 2990 caret
2074 2932 2556 3002 arbitrio,victore
2585 2940 2821 3007 peccato
2852 2935 3138 2991 amissum
3170 2940 3259 2992 est
3304 2941 3361 2992 et
3388 2936 3531 2991 libe-

1887 3039 2018 3078 rum
2050 3022 2429 3078 arbitrium.A
2459 3040 2575 3096 quo
2604 3024 2763 3079 enim
2794 3025 2927 3097 quis
2956 3024 3217 3081 devictus
3255 3028 3362 3093 est,
3394 3024 3533 3081 huic

1887 3116 1945 3167 et
1973 3127 2175 3166 servus
2192 3111 2461 3167 addictus
2490 3116 2597 3168 est.
2633 3113 2786 3168 263
2820 3112 2971 3168 Petri
3004 3117 3155 3169 certe
3178 3112 3422 3185 apostoli
3443 3117 3534 3169 est

1885 3200 1998 3255 ista
2017 3200 2334 3254 sententia:
2360 3216 2486 3271 quae
2500 3216 2635 3255 cum
2653 3217 2786 3255 vera
2798 3200 3334 3273 sit,qua1is,qumso,
3342 3205 3535 3274 potest

1887 3288 2035 3345 servi
2058 3288 2274 3343 addicti
2306 3304 2434 3344 esse
2464 3287 2850 3356 libertas,nisi
2870 3290 3104 3361 quando
3134 3306 3268 3345 eum
3296 3306 3533 3363 peccare

1886 3377 2176 3433 delectat?
2209 3377 2548 3433 Liberaliter
2572 3378 2727 3433 enim
2751 3378 2928 3434 servit
2958 3378 3056 3450 qui
3080 3377 3170 3433 sui
3193 3378 3416 3434 domini
3432 3396 3534 3434 vo-

1885 3464 2175 3521 luntatem
2187 3465 2437 3520 libenter
2449 3465 2678 3533 facit,ac
2690 3482 2792 3537 per
2802 3467 2911 3522 hoc
2924 3468 2995 3522 ad
3012 3467 3264 3538 peccand
3274 3483 3371 3522 um
3385 3466 3532 3522 liber

1888 3559 1977 3610 est
2003 3553 2103 3625 qui
2136 3553 2357 3626 peccati
2388 3572 2593 3610 servus
2622 3555 2898 3612 est.Undc
2927 3556 2997 3611 ad
3024 3557 3186 3626 juste
3203 3555 3531 3611 faciendum

1888 3641 2036 3698 liber
2049 3659 2163 3698 non
2177 3642 2425 3704 erit.nisi
2439 3660 2473 3697 a
2489 3648 2722 3716 peccato
2735 3644 3417 3716 liberatus,essejustitiis
3429 3660 3534 3705 cca,-

1888 3729 2040 3804 perit
2066 3731 2431 3803 servus.lpsa
2451 3736 2541 3786 est
2560 3747 2693 3787 vera
2714 3731 2954 3788 libertas
2976 3736 3214 3805 propter
3240 3733 3380 3788 recti
3401 3731 3536 3788 facti

1887 3818 2394 3886 1icentiam,simul
2430 3820 2591 3891 etpia
2614 3820 2864 3875 servitus
2878 3825 3112 3892 propter
3126 3819 3540 3893 praeceptiobe-

1892 3908 2316 3963 dientiam.Sed
2347 3908 2418 3961 ad
2449 3907 2596 3962 bene
2630 3908 2963 3964 faciendum
2994 3909 3109 3964 ista
3128 3907 3368 3964 libertas
3385 3910 3541 3965 unde

1891 3996 2001 4051 erit
2030 3994 2253 4050 homini
2286 3994 2517 4050 addicto
2549 3999 2607 4049 et
2635 3995 3009 4060 vendito,nisi
3031 4012 3165 4050 eum
3181 3995 3429 4050 redimat
3449 4013 3543 4051 cu-

1881 4084 1988 4155 jus
2011 4081 2113 4137 illa
2140 4100 2248 4137 vox
2275 4086 2365 4137 est
2397 4098 2410 4136 :
2444 4084 2506 4138 Si
2532 4099 2622 4138 vos
2669 4084 2847 4138 Filius
2875 4083 3206 4150 liberaverit,
3246 4090 3375 4138 tunc
3420 4100 3543 4140 rere

1894 4172 2056 4227 liberi
2083 4172 2273 4226 eritis?
2305 4171 2486 4242 (Joau.
2512 4172 2656 4241 vm.)
2689 4172 2849 4235 Quod
2872 4176 3189 4243 antequam
3218 4171 3340 4228 ﬁeri
3363 4171 3423 4227 in
3441 4171 3541 4228 ho-

1895 4257 2053 4315 mine
2082 4257 2640 4330 incipiat,quomodo
2662 4259 2977 4330 quisquam
2999 4260 3071 4315 de
3096 4258 3277 4315 libero
3303 4258 3540 4317 arbitrio

1895 4442 1941 4500 «-
1960 4418 2095 4475 Sola
2122 4417 2558 4500 Scripturarum
2589 4435 2697 4500 ars
2716 4418 3234 4500 est,inquit_,quain
3261 4418 3539 4500 sibi-pas-

1895 4489 2009 4546 sim
2060 4488 2269 4545 omnes
2310 4488 2629 4544 vindicant.
2663 4488 2986 4544 Scribimus
3018 4488 3235 4544 in‘docti
3268 4488 3540 4559 doctique

1893 4564 2163 4633 poemata
2187 4561 2427 4633 passim.
2458 4564 2624 4633 Hanc
2670 4559 2906 4633 garrula
2928 4577 3106 4633 anus,
3140 4559 3291 4633 hanc
3320 4559 3541 4633 delirus

1895 4630 2090 4699 senex,
2123 4630 2273 4703 hanc
2304 4631 2568 4703 sophista
2598 4630 2897 4698 verbosus,
2927 4631 3077 4687 hanc
3106 4630 3362 4703 universi
3395 4646 3540 4701 prae-

1896 4707 2161 4775 sumunt,
2217 4700 2496 4775 lacerant,
2556 4703 2766 4758 docent
2798 4706 2952 4775 ante
2998 4718 3177 4775 quam
3228 4700 3475 4775 discant.
3510 4722 3539 4750 ››

1896 4773 2048 4840 Quin
2078 4770 2149 4829 et
2169 4774 2498 4829 Bernardus
2529 4790 2762 4900 quoque
2794 4773 2853 4828 in
2885 4773 2993 4829 hoc
3013 4770 3357 4845 argumento
3377 4770 3544 4826 vehe-

1896 4860 2065 4900 mens
2094 4860 2224 4900 esse
2252 4845 2497 4900 videtur.
2574 4862 2673 4900 um
2725 4845 2845 4900 haec
2902 4844 3105 4900 scribit
3142 4844 3202 4897 in
3234 4841 3420 4900 capite
3452 4859 3541 4897 se-

1895 4860 2065 4900 mens
2094 4860 2224 4900 esse
2252 4845 2497 4911 videtur,
2532 4841 2684 4900 dum‘
2725 4845 2845 4900 haec
2902 4841 3110 4900 scribit
3142 4844 3202 4897 in
3234 4841 3420 4911 capite
3452 4859 3541 4897 se-

1896 4916 2087 4970 cundo
2133 4916 2204 4970 de
2242 4916 2377 4970 Vita
2429 4916 2613 4971 sancti
2673 4915 2967 4971 Malachiae
3001 4931 3014 4969 :
3043 4917 3243 4983 Lagant

1895 4986 2083 5042 docere
2104 5002 2238 5067 gues
2264 5003 2375 5067 non
2420 4987 2661 5067 didicere
2688 4994 2980 5067 ponantur.
3014 4986 3116 5067 His
3147 5001 3253 5067 nos
3279 4983 3545 5067 videlicet

1895 5056 2177 5129 exemplis
2208 5074 2274 5112 ac
2293 5058 2663 5129 documentis
2685 5057 2959 5129 instruxit
2980 5056 3300 5127 antiquitas
3325 5059 3429 5129 ;‘ut
3450 5056 3542 5108 in—

1896 5124 2296 5200 tel‘ligeremus
2307 5126 2602 5183 vitandam
2625 5127 2683 5181 in
2705 5127 2910 5199 primis
2926 5144 3058 5200 esse
3074 5124 3466 5200 arrogantiam
3480 5141 3546 5180 ac

1897 5197 2064 5270 prius
2089 5198 2311 5254 discere
2344 5216 2450 5255 nos
2482 5197 2747 5270 oportere
2819 5215 2954 5253 uam
2987 5197 3134 5253 alios
3163 5197 3370 5253 docere
3399 5213 3546 5268 prae-

1898 5285 2226 5323 sumamus.
2260 5269 2403 5323 Vide
2454 5274 2724 5323 sanctum
2774 5215 3117 5323 grecorium
3146 5268 3206 5323 in
3246 5267 3395 5322 libro
3424 5284 3444 5321 1
3473 5267 3545 5321 de

1898 5267 2226 5324 sumamus.
2260 5269 2403 5324 Vide
2454 5267 2724 5324 sanctum
2774 5267 3117 5339 Gregorium
3146 5268 3206 5323 in
3246 5267 3444 5322 libro’i
3473 5267 3545 5321 de

1897 5342 2047 5411 Cura
2077 5339 2356 5411 pastorali
2378 5356 2505 5410 cap.
2535 5342 2585 5393 1.

1969 5409 2048 5478 (ἀ)
2078 5407 2639 5466 Ῥνιτάεδιίηαῐίοηεδ.
2682 5409 2827 5464 Huic
2884 5409 3211 5465 austeritati
3271 5424 3333 5464 se
3387 5407 3546 5463 sufﬁ-

1898 5480 2116 5561 cienter
2145 5481 2516 5561 respondisse
2534 5479 2616 5534 ait
2633 5479 2982 5561 gincmaru‘s
3013 5479 3072 5534 in
3104 5497 3229 5561 cap.
3261 5480 3331 5534 38
3355 5482 3547 5561 poste—

1899 5551 2070 5675 rioriis
2100 5549 2292 5676 operiis
2320 5552 2602 5632 adversus
2632 5549 3123 5619 Gottescbalcum,
3155 5549 3216 5606 in
3248 5549 3434 5622 capite
3455 5566 3546 5604 se-

1899 5638 2013 5676 cun
2058 5638 2091 5676 ο
2123 5638 2211 5676 cm
2241 5638 2355 5676 om.

1899 5638 2091 5677 cunno
2123 5638 2355 5693 epilogi.

3449 4915 3547 4985 qui
