  <div class='ocr_page' id='page_1' title='image "/cluster/home/n/w/nwhite01/storage/ocr_20150623/119/uva.x000827049/342.png"; bbox 0 0 3898 6194; ppageno 0'>
   <div class='ocr_carea' id='block_1_1' title="bbox 134 323 252 392">
    <p class='ocr_par' dir='ltr' id='par_1_1' title="bbox 134 323 252 392">
     <span class='ocr_line' id='line_1_1' title="bbox 134 323 252 392; baseline 0.008 -1"><span class='ocrx_word' id='word_1_1' title='bbox 134 323 252 392; x_wconf 78' lang='grc'><strong>661</strong></span> 
     </span>
    </p>
   </div>
   <div class='ocr_carea' id='block_1_2' title="bbox 1091 325 2601 403">
    <p class='ocr_par' dir='ltr' id='par_1_2' title="bbox 1091 325 2601 403">
     <span class='ocr_line' id='line_1_2' title="bbox 1091 325 2601 403; baseline -0.002 -13"><span class='ocrx_word' id='word_1_2' title='bbox 1091 325 1460 391; x_wconf 83' lang='lat' dir='ltr'>COLLECT.</span> <span class='ocrx_word' id='word_1_3' title='bbox 1507 327 1610 391; x_wconf 86' lang='lat' dir='ltr'>DE</span> <span class='ocrx_word' id='word_1_4' title='bbox 1653 326 1936 393; x_wconf 78' lang='lat' dir='ltr'>TRIBUS</span> <span class='ocrx_word' id='word_1_5' title='bbox 1979 328 2601 403; x_wconf 68' lang='lat' dir='ltr'>QUIESTIONIBUS.</span> 
     </span>
    </p>
   </div>
   <div class='ocr_carea' id='block_1_3' title="bbox 3430 326 3549 390">
    <p class='ocr_par' dir='ltr' id='par_1_3' title="bbox 3430 326 3549 390">
     <span class='ocr_line' id='line_1_3' title="bbox 3430 326 3549 390; baseline 0.008 -1"><span class='ocrx_word' id='word_1_6' title='bbox 3430 326 3549 390; x_wconf 76' lang='lat'>662</span> 
     </span>
    </p>
   </div>
   <div class='ocr_carea' id='block_1_4' title="bbox 134 460 3551 537">
    <p class='ocr_par' dir='ltr' id='par_1_4' title="bbox 134 460 3551 537">
     <span class='ocr_line' id='line_1_4' title="bbox 134 460 3551 537; baseline -0 -15"><span class='ocrx_word' id='word_1_7' title='bbox 134 480 277 522; x_wconf 89' lang='lat' dir='ltr'>cum</span> <span class='ocrx_word' id='word_1_8' title='bbox 311 462 412 520; x_wconf 93' lang='lat' dir='ltr'>illo</span> <span class='ocrx_word' id='word_1_9' title='bbox 444 464 647 537; x_wconf 89' lang='lat' dir='ltr'>postea</span> <span class='ocrx_word' id='word_1_10' title='bbox 675 478 815 537; x_wconf 84' lang='lat' dir='ltr'>pace</span> <span class='ocrx_word' id='word_1_11' title='bbox 840 477 1173 535; x_wconf 85' lang='lat' dir='ltr'>regnemus,</span> <span class='ocrx_word' id='word_1_12' title='bbox 1215 462 1472 535; x_wconf 79' lang='lat' dir='ltr'>profecto</span> <span class='ocrx_word' id='word_1_13' title='bbox 1503 461 1616 518; x_wconf 92' lang='lat' dir='ltr'>nisi</span> <span class='ocrx_word' id='word_1_14' title='bbox 1639 461 1793 518; x_wconf 91' lang='lat' dir='ltr'>Deus</span> <span class='ocrx_word' id='word_1_15' title='bbox 1823 473 1877 536; x_wconf 79' lang='grc' dir='ltr'><strong>Α</strong></span> <span class='ocrx_word' id='word_1_16' title='bbox 1906 462 2122 530; x_wconf 84' lang='lat' dir='ltr'>decuit,</span> <span class='ocrx_word' id='word_1_17' title='bbox 2154 463 2454 520; x_wconf 89' lang='lat' dir='ltr'>universos</span> <span class='ocrx_word' id='word_1_18' title='bbox 2484 462 2756 520; x_wconf 84' lang='lat' dir='ltr'>instituit.</span> <span class='ocrx_word' id='word_1_19' title='bbox 2791 462 2873 520; x_wconf 82' lang='lat' dir='ltr'><strong>Ex</strong></span> <span class='ocrx_word' id='word_1_20' title='bbox 2915 463 3044 536; x_wconf 86' lang='lat' dir='ltr'>ejus</span> <span class='ocrx_word' id='word_1_21' title='bbox 3090 460 3337 521; x_wconf 83' lang='lat' dir='ltr'>decretis</span> <span class='ocrx_word' id='word_1_22' title='bbox 3374 464 3551 521; x_wconf 87' lang='lat' dir='ltr'>verba</span> 
     </span>
    </p>
   </div>
   <div class='ocr_carea' id='block_1_5' title="bbox 130 550 1792 620">
    <p class='ocr_par' dir='ltr' id='par_1_5' title="bbox 130 550 1792 620">
     <span class='ocr_line' id='line_1_5' title="bbox 130 550 1792 620; baseline -0.003 -8"><span class='ocrx_word' id='word_1_23' title='bbox 130 554 319 620; x_wconf 91' lang='lat' dir='ltr'>adsit,</span> <span class='ocrx_word' id='word_1_24' title='bbox 342 570 514 610; x_wconf 90' lang='lat' dir='ltr'>nemo</span> <span class='ocrx_word' id='word_1_25' title='bbox 542 556 632 610; x_wconf 90' lang='lat' dir='ltr'>est</span> <span class='ocrx_word' id='word_1_26' title='bbox 660 552 905 609; x_wconf 90' lang='lat' dir='ltr'>idoneus</span> <span class='ocrx_word' id='word_1_27' title='bbox 937 556 1159 608; x_wconf 89' lang='lat' dir='ltr'>certare</span> <span class='ocrx_word' id='word_1_28' title='bbox 1187 567 1322 607; x_wconf 91' lang='lat' dir='ltr'>cum</span> <span class='ocrx_word' id='word_1_29' title='bbox 1352 550 1528 620; x_wconf 86' lang='lat' dir='ltr'>vitiis,</span> <span class='ocrx_word' id='word_1_30' title='bbox 1562 568 1635 608; x_wconf 88' lang='lat' dir='ltr'>ne</span> <span class='ocrx_word' id='word_1_31' title='bbox 1665 551 1792 608; x_wconf 91' lang='lat' dir='ltr'>sine</span> 
     </span>
    </p>
   </div>
   <div class='ocr_carea' id='block_1_6' title="bbox 130 640 1791 716">
    <p class='ocr_par' dir='ltr' id='par_1_6' title="bbox 130 640 1791 716">
     <span class='ocr_line' id='line_1_6' title="bbox 130 640 1791 716; baseline -0.003 -16"><span class='ocrx_word' id='word_1_32' title='bbox 130 644 465 701; x_wconf 82' lang='lat' dir='ltr'>certamine</span> <span class='ocrx_word' id='word_1_33' title='bbox 486 642 863 716; x_wconf 90' lang='lat' dir='ltr'>pertrahatur</span> <span class='ocrx_word' id='word_1_34' title='bbox 892 642 965 697; x_wconf 89' lang='lat' dir='ltr'>ab</span> <span class='ocrx_word' id='word_1_35' title='bbox 996 641 1218 707; x_wconf 90' lang='lat' dir='ltr'>eis,aut</span> <span class='ocrx_word' id='word_1_36' title='bbox 1238 657 1311 696; x_wconf 91' lang='lat' dir='ltr'>ne</span> <span class='ocrx_word' id='word_1_37' title='bbox 1324 642 1450 713; x_wconf 91' lang='lat' dir='ltr'>jam</span> <span class='ocrx_word' id='word_1_38' title='bbox 1482 645 1711 697; x_wconf 85' lang='lat' dir='ltr'>certans</span> <span class='ocrx_word' id='word_1_39' title='bbox 1732 640 1791 695; x_wconf 89' lang='lat' dir='ltr'>in</span> 
     </span>
    </p>
   </div>
   <div class='ocr_carea' id='block_1_7' title="bbox 131 728 1794 806">
    <p class='ocr_par' dir='ltr' id='par_1_7' title="bbox 131 728 1794 806">
     <span class='ocr_line' id='line_1_7' title="bbox 131 728 1794 806; baseline -0.002 -17"><span class='ocrx_word' id='word_1_40' title='bbox 131 733 272 806; x_wconf 89' lang='lat' dir='ltr'>ipsa</span> <span class='ocrx_word' id='word_1_41' title='bbox 292 749 494 789; x_wconf 92' lang='lat' dir='ltr'>eorum</span> <span class='ocrx_word' id='word_1_42' title='bbox 514 731 946 788; x_wconf 86' lang='lat' dir='ltr'>conﬂictatione</span> <span class='ocrx_word' id='word_1_43' title='bbox 965 728 1252 785; x_wconf 81' lang='lat' dir='ltr'>vincatur.</span> <span class='ocrx_word' id='word_1_44' title='bbox 1279 730 1411 785; x_wconf 91' lang='lat' dir='ltr'>Ideo</span> <span class='ocrx_word' id='word_1_45' title='bbox 1448 729 1506 785; x_wconf 90' lang='lat' dir='ltr'>in</span> <span class='ocrx_word' id='word_1_46' title='bbox 1531 729 1639 785; x_wconf 90' lang='lat' dir='ltr'>hoc</span> <span class='ocrx_word' id='word_1_47' title='bbox 1660 745 1794 802; x_wconf 87' lang='lat' dir='ltr'>ago-</span> 
     </span>
    </p>
   </div>
   <div class='ocr_carea' id='block_1_8' title="bbox 132 817 1791 896">
    <p class='ocr_par' dir='ltr' id='par_1_8' title="bbox 132 817 1791 896">
     <span class='ocr_line' id='line_1_8' title="bbox 132 817 1791 896; baseline -0.002 -18"><span class='ocrx_word' id='word_1_48' title='bbox 132 840 213 879; x_wconf 88' lang='lat' dir='ltr'>ne</span> <span class='ocrx_word' id='word_1_49' title='bbox 234 821 426 896; x_wconf 88' lang='lat' dir='ltr'>magis</span> <span class='ocrx_word' id='word_1_50' title='bbox 450 838 555 878; x_wconf 90' lang='lat' dir='ltr'>nos</span> <span class='ocrx_word' id='word_1_51' title='bbox 577 821 731 877; x_wconf 90' lang='lat' dir='ltr'>Deus</span> <span class='ocrx_word' id='word_1_52' title='bbox 759 818 943 876; x_wconf 89' lang='lat' dir='ltr'>voluit</span> <span class='ocrx_word' id='word_1_53' title='bbox 971 817 1333 875; x_wconf 84' lang='lat' dir='ltr'>orationibus</span> <span class='ocrx_word' id='word_1_54' title='bbox 1356 823 1578 874; x_wconf 91' lang='lat' dir='ltr'>certare</span> <span class='ocrx_word' id='word_1_55' title='bbox 1613 835 1791 890; x_wconf 91' lang='lat' dir='ltr'>quam</span> 
     </span>
    </p>
   </div>
   <div class='ocr_carea' id='block_1_9' title="bbox 131 906 1793 983">
    <p class='ocr_par' dir='ltr' id='par_1_9' title="bbox 131 906 1793 983">
     <span class='ocr_line' id='line_1_9' title="bbox 131 906 1793 983; baseline -0.002 -17"><span class='ocrx_word' id='word_1_56' title='bbox 131 910 542 983; x_wconf 89' lang='lat' dir='ltr'>viribus,quia</span> <span class='ocrx_word' id='word_1_57' title='bbox 570 914 628 967; x_wconf 91' lang='lat' dir='ltr'>et</span> <span class='ocrx_word' id='word_1_58' title='bbox 656 908 818 983; x_wconf 84' lang='lat' dir='ltr'>ipsas</span> <span class='ocrx_word' id='word_1_59' title='bbox 844 908 1287 980; x_wconf 87' lang='lat' dir='ltr'>vires,quantas</span> <span class='ocrx_word' id='word_1_60' title='bbox 1315 906 1411 963; x_wconf 91' lang='lat' dir='ltr'>hic</span> <span class='ocrx_word' id='word_1_61' title='bbox 1441 907 1655 963; x_wconf 91' lang='lat' dir='ltr'>habere</span> <span class='ocrx_word' id='word_1_62' title='bbox 1685 924 1793 963; x_wconf 89' lang='lat' dir='ltr'>nos</span> 
     </span>
    </p>
   </div>
   <div class='ocr_carea' id='block_1_10' title="bbox 133 996 1794 1074">
    <p class='ocr_par' dir='ltr' id='par_1_10' title="bbox 133 996 1794 1074">
     <span class='ocr_line' id='line_1_10' title="bbox 133 996 1794 1074; baseline -0.004 -17"><span class='ocrx_word' id='word_1_63' title='bbox 133 1000 440 1074; x_wconf 88' lang='lat' dir='ltr'>competit,</span> <span class='ocrx_word' id='word_1_64' title='bbox 457 1000 583 1073; x_wconf 90' lang='lat' dir='ltr'>ipse</span> <span class='ocrx_word' id='word_1_65' title='bbox 612 997 1024 1054; x_wconf 85' lang='lat' dir='ltr'>subministrat</span> <span class='ocrx_word' id='word_1_66' title='bbox 1053 996 1410 1053; x_wconf 86' lang='lat' dir='ltr'>certantibus</span> <span class='ocrx_word' id='word_1_67' title='bbox 1432 1013 1607 1069; x_wconf 84' lang='lat' dir='ltr'>quem</span> <span class='ocrx_word' id='word_1_68' title='bbox 1632 1013 1794 1070; x_wconf 90' lang='lat' dir='ltr'>roga-</span> 
     </span>
    </p>
   </div>
   <div class='ocr_carea' id='block_1_11' title="bbox 134 1083 1793 1160">
    <p class='ocr_par' dir='ltr' id='par_1_11' title="bbox 134 1083 1793 1160">
     <span class='ocr_line' id='line_1_11' title="bbox 134 1083 1793 1160; baseline -0.004 -15"><span class='ocrx_word' id='word_1_69' title='bbox 134 1088 372 1145; x_wconf 85' lang='lat' dir='ltr'>mus.Si</span> <span class='ocrx_word' id='word_1_70' title='bbox 402 1104 538 1160; x_wconf 86' lang='lat' dir='ltr'>ergo</span> <span class='ocrx_word' id='word_1_71' title='bbox 566 1086 607 1142; x_wconf 91' lang='lat' dir='ltr'>ii</span> <span class='ocrx_word' id='word_1_72' title='bbox 638 1103 889 1159; x_wconf 90' lang='lat' dir='ltr'>quorum</span> <span class='ocrx_word' id='word_1_73' title='bbox 921 1090 1123 1142; x_wconf 88' lang='lat' dir='ltr'>contra</span> <span class='ocrx_word' id='word_1_74' title='bbox 1143 1101 1377 1141; x_wconf 87' lang='lat' dir='ltr'>carnem</span> <span class='ocrx_word' id='word_1_75' title='bbox 1401 1086 1526 1156; x_wconf 86' lang='lat' dir='ltr'>jam</span> <span class='ocrx_word' id='word_1_76' title='bbox 1550 1083 1793 1157; x_wconf 88' lang='lat' dir='ltr'>spiritus</span> 
     </span>
    </p>
   </div>
   <div class='ocr_carea' id='block_1_12' title="bbox 134 1172 1793 1251">
    <p class='ocr_par' dir='ltr' id='par_1_12' title="bbox 134 1172 1793 1251">
     <span class='ocr_line' id='line_1_12' title="bbox 134 1172 1793 1251; baseline -0.003 -17"><span class='ocrx_word' id='word_1_77' title='bbox 134 1176 506 1251; x_wconf 85' lang='lat' dir='ltr'>concupiscit</span> <span class='ocrx_word' id='word_1_78' title='bbox 533 1176 604 1232; x_wconf 90' lang='lat' dir='ltr'>ad</span> <span class='ocrx_word' id='word_1_79' title='bbox 637 1175 902 1249; x_wconf 88' lang='lat' dir='ltr'>singulos</span> <span class='ocrx_word' id='word_1_80' title='bbox 949 1178 1116 1231; x_wconf 91' lang='lat' dir='ltr'>actus</span> <span class='ocrx_word' id='word_1_81' title='bbox 1162 1173 1426 1248; x_wconf 83' lang='lat' dir='ltr'>indigent</span> <span class='ocrx_word' id='word_1_82' title='bbox 1454 1174 1554 1229; x_wconf 91' lang='lat' dir='ltr'>Dei</span> <span class='ocrx_word' id='word_1_83' title='bbox 1606 1172 1793 1247; x_wconf 89' lang='lat' dir='ltr'>gratia</span> 
     </span>
    </p>
   </div>
   <div class='ocr_carea' id='block_1_13' title="bbox 132 1261 1794 1337">
    <p class='ocr_par' dir='ltr' id='par_1_13' title="bbox 132 1261 1794 1337">
     <span class='ocr_line' id='line_1_13' title="bbox 132 1261 1794 1337; baseline -0.004 -14"><span class='ocrx_word' id='word_1_84' title='bbox 132 1283 215 1324; x_wconf 86' lang='lat' dir='ltr'>ne</span> <span class='ocrx_word' id='word_1_85' title='bbox 240 1266 569 1331; x_wconf 80' lang='lat' dir='ltr'>vincantur,</span> <span class='ocrx_word' id='word_1_86' title='bbox 592 1264 825 1337; x_wconf 89' lang='lat' dir='ltr'>qualem</span> <span class='ocrx_word' id='word_1_87' title='bbox 854 1264 1183 1319; x_wconf 89' lang='lat' dir='ltr'>libertatem</span> <span class='ocrx_word' id='word_1_88' title='bbox 1211 1262 1527 1319; x_wconf 88' lang='lat' dir='ltr'>voluntatis</span> <span class='ocrx_word' id='word_1_89' title='bbox 1577 1261 1794 1317; x_wconf 87' lang='lat' dir='ltr'>habere</span> 
     </span>
    </p>
   </div>
   <div class='ocr_carea' id='block_1_14' title="bbox 133 1351 1790 1430">
    <p class='ocr_par' dir='ltr' id='par_1_14' title="bbox 133 1351 1790 1430">
     <span class='ocr_line' id='line_1_14' title="bbox 133 1351 1790 1430; baseline -0.005 -17"><span class='ocrx_word' id='word_1_90' title='bbox 133 1360 395 1430; x_wconf 89' lang='lat' dir='ltr'>possunt</span> <span class='ocrx_word' id='word_1_91' title='bbox 421 1355 521 1429; x_wconf 85' lang='lat' dir='ltr'>qui</span> <span class='ocrx_word' id='word_1_92' title='bbox 542 1355 804 1411; x_wconf 89' lang='lat' dir='ltr'>nondum</span> <span class='ocrx_word' id='word_1_93' title='bbox 826 1355 897 1410; x_wconf 92' lang='lat' dir='ltr'>de</span> <span class='ocrx_word' id='word_1_94' title='bbox 919 1357 1205 1426; x_wconf 86' lang='lat' dir='ltr'>potestate</span> <span class='ocrx_word' id='word_1_95' title='bbox 1223 1351 1372 1408; x_wconf 90' lang='lat' dir='ltr'>eruti</span> <span class='ocrx_word' id='word_1_96' title='bbox 1395 1352 1790 1422; x_wconf 85' lang='lat' dir='ltr'>tenebrarum,</span> 
     </span>
    </p>
   </div>
   <div class='ocr_carea' id='block_1_15' title="bbox 132 1439 1791 1517">
    <p class='ocr_par' dir='ltr' id='par_1_15' title="bbox 132 1439 1791 1517">
     <span class='ocr_line' id='line_1_15' title="bbox 132 1439 1791 1517; baseline -0.004 -16"><span class='ocrx_word' id='word_1_97' title='bbox 132 1446 484 1502; x_wconf 86' lang='lat' dir='ltr'>dominante</span> <span class='ocrx_word' id='word_1_98' title='bbox 509 1441 840 1517; x_wconf 82' lang='lat' dir='ltr'>iniquitate,</span> <span class='ocrx_word' id='word_1_99' title='bbox 865 1459 971 1499; x_wconf 91' lang='lat' dir='ltr'>nec</span> <span class='ocrx_word' id='word_1_100' title='bbox 1001 1447 1220 1499; x_wconf 88' lang='lat' dir='ltr'>certare</span> <span class='ocrx_word' id='word_1_101' title='bbox 1251 1445 1569 1513; x_wconf 88' lang='lat' dir='ltr'>coeperunt,</span> <span class='ocrx_word' id='word_1_102' title='bbox 1593 1444 1694 1496; x_wconf 86' lang='lat' dir='ltr'>aut</span> <span class='ocrx_word' id='word_1_103' title='bbox 1741 1439 1791 1496; x_wconf 90' lang='lat' dir='ltr'>si</span> 
     </span>
    </p>
   </div>
   <div class='ocr_carea' id='block_1_16' title="bbox 131 1528 1789 1600">
    <p class='ocr_par' dir='ltr' id='par_1_16' title="bbox 131 1528 1789 1600">
     <span class='ocr_line' id='line_1_16' title="bbox 131 1528 1789 1600; baseline -0.004 -9"><span class='ocrx_word' id='word_1_104' title='bbox 131 1539 363 1591; x_wconf 87' lang='lat' dir='ltr'>certare</span> <span class='ocrx_word' id='word_1_105' title='bbox 393 1533 718 1600; x_wconf 88' lang='lat' dir='ltr'>voluerunt,</span> <span class='ocrx_word' id='word_1_106' title='bbox 753 1533 1014 1588; x_wconf 86' lang='lat' dir='ltr'>nondum</span> <span class='ocrx_word' id='word_1_107' title='bbox 1034 1531 1290 1586; x_wconf 84' lang='lat' dir='ltr'>liberatae</span> <span class='ocrx_word' id='word_1_108' title='bbox 1317 1528 1635 1585; x_wconf 88' lang='lat' dir='ltr'>voluntatis</span> <span class='ocrx_word' id='word_1_109' title='bbox 1669 1545 1789 1584; x_wconf 90' lang='lat' dir='ltr'>ser-</span> 
     </span>
    </p>
   </div>
   <div class='ocr_carea' id='block_1_17' title="bbox 126 1618 1789 1680">
    <p class='ocr_par' dir='ltr' id='par_1_17' title="bbox 126 1618 1789 1680">
     <span class='ocr_line' id='line_1_17' title="bbox 126 1618 1789 1680; baseline -0.003 -2"><span class='ocrx_word' id='word_1_110' title='bbox 126 1625 325 1680; x_wconf 83' lang='lat' dir='ltr'>vitute</span> <span class='ocrx_word' id='word_1_111' title='bbox 352 1621 705 1678; x_wconf 84' lang='lat' dir='ltr'>vincuntur?</span> <span class='ocrx_word' id='word_1_112' title='bbox 738 1644 767 1671; x_wconf 90' lang='lat'>»</span> <span class='ocrx_word' id='word_1_113' title='bbox 802 1622 944 1676; x_wconf 89' lang='lat' dir='ltr'>Item</span> <span class='ocrx_word' id='word_1_114' title='bbox 984 1620 1045 1675; x_wconf 90' lang='lat' dir='ltr'>in</span> <span class='ocrx_word' id='word_1_115' title='bbox 1091 1618 1240 1675; x_wconf 92' lang='lat' dir='ltr'>libro</span> <span class='ocrx_word' id='word_1_116' title='bbox 1292 1618 1789 1674; x_wconf 83' lang='lat' dir='ltr'>Retractationum</span> 
     </span>
    </p>
   </div>
   <div class='ocr_carea' id='block_1_18' title="bbox 132 1706 1791 1786">
    <p class='ocr_par' dir='ltr' id='par_1_18' title="bbox 132 1706 1791 1786">
     <span class='ocr_line' id='line_1_18' title="bbox 132 1706 1791 1786; baseline -0.004 -18"><span class='ocrx_word' id='word_1_117' title='bbox 132 1713 337 1786; x_wconf 90' lang='lat' dir='ltr'>priore</span> <span class='ocrx_word' id='word_1_118' title='bbox 370 1728 383 1766; x_wconf 91' lang='lat'><strong>:</strong></span> <span class='ocrx_word' id='word_1_119' title='bbox 424 1731 446 1759; x_wconf 74' lang='grc' dir='ltr'>ι</span> <span class='ocrx_word' id='word_1_120' title='bbox 477 1709 780 1777; x_wconf 80' lang='lat' dir='ltr'>Perfectio,</span> <span class='ocrx_word' id='word_1_121' title='bbox 820 1708 1030 1781; x_wconf 83' lang='lat' dir='ltr'>inquit,</span> <span class='ocrx_word' id='word_1_122' title='bbox 1059 1707 1195 1764; x_wconf 88' lang='lat' dir='ltr'>boni</span> <span class='ocrx_word' id='word_1_123' title='bbox 1240 1711 1331 1765; x_wconf 90' lang='lat' dir='ltr'>est</span> <span class='ocrx_word' id='word_1_124' title='bbox 1387 1711 1452 1762; x_wconf 93' lang='lat' dir='ltr'>ut</span> <span class='ocrx_word' id='word_1_125' title='bbox 1507 1723 1612 1762; x_wconf 89' lang='lat' dir='ltr'>nec</span> <span class='ocrx_word' id='word_1_126' title='bbox 1662 1706 1791 1779; x_wconf 89' lang='lat' dir='ltr'>ipsa</span> 
     </span>
    </p>
   </div>
   <div class='ocr_carea' id='block_1_19' title="bbox 132 1795 1784 1874">
    <p class='ocr_par' dir='ltr' id='par_1_19' title="bbox 132 1795 1784 1874">
     <span class='ocr_line' id='line_1_19' title="bbox 132 1795 1784 1874; baseline -0.004 -17"><span class='ocrx_word' id='word_1_127' title='bbox 132 1799 617 1874; x_wconf 88' lang='lat' dir='ltr'>concupiscentia</span> <span class='ocrx_word' id='word_1_128' title='bbox 645 1798 864 1872; x_wconf 86' lang='lat' dir='ltr'>peccati</span> <span class='ocrx_word' id='word_1_129' title='bbox 894 1797 972 1855; x_wconf 90' lang='lat' dir='ltr'>sit</span> <span class='ocrx_word' id='word_1_130' title='bbox 992 1797 1053 1852; x_wconf 90' lang='lat' dir='ltr'>in</span> <span class='ocrx_word' id='word_1_131' title='bbox 1083 1796 1350 1865; x_wconf 90' lang='lat' dir='ltr'>homine;</span> <span class='ocrx_word' id='word_1_132' title='bbox 1383 1795 1477 1851; x_wconf 90' lang='lat' dir='ltr'>cui</span> <span class='ocrx_word' id='word_1_133' title='bbox 1524 1795 1784 1868; x_wconf 91' lang='lat' dir='ltr'>quidem,</span> 
     </span>
    </p>
   </div>
   <div class='ocr_carea' id='block_1_20' title="bbox 133 1884 1787 1963">
    <p class='ocr_par' dir='ltr' id='par_1_20' title="bbox 133 1884 1787 1963">
     <span class='ocr_line' id='line_1_20' title="bbox 133 1884 1787 1963; baseline -0.005 -16"><span class='ocrx_word' id='word_1_134' title='bbox 133 1890 379 1963; x_wconf 88' lang='lat' dir='ltr'>quando</span> <span class='ocrx_word' id='word_1_135' title='bbox 408 1890 556 1946; x_wconf 87' lang='lat' dir='ltr'>bene</span> <span class='ocrx_word' id='word_1_136' title='bbox 598 1886 827 1956; x_wconf 89' lang='lat' dir='ltr'>vivitur,</span> <span class='ocrx_word' id='word_1_137' title='bbox 862 1904 977 1944; x_wconf 87' lang='lat' dir='ltr'>non</span> <span class='ocrx_word' id='word_1_138' title='bbox 1026 1884 1315 1943; x_wconf 86' lang='lat' dir='ltr'>consentit</span> <span class='ocrx_word' id='word_1_139' title='bbox 1357 1884 1656 1953; x_wconf 88' lang='lat' dir='ltr'>voluntas;</span> <span class='ocrx_word' id='word_1_140' title='bbox 1692 1901 1787 1940; x_wconf 82' lang='lat' dir='ltr'>ve-</span> 
     </span>
    </p>
   </div>
   <div class='ocr_carea' id='block_1_21' title="bbox 132 1973 1789 2050">
    <p class='ocr_par' dir='ltr' id='par_1_21' title="bbox 132 1973 1789 2050">
     <span class='ocr_line' id='line_1_21' title="bbox 132 1973 1789 2050; baseline -0.004 -16"><span class='ocrx_word' id='word_1_141' title='bbox 132 1983 475 2035; x_wconf 86' lang='lat' dir='ltr'>rumtamen</span> <span class='ocrx_word' id='word_1_142' title='bbox 506 1994 623 2033; x_wconf 90' lang='lat' dir='ltr'>non</span> <span class='ocrx_word' id='word_1_143' title='bbox 673 1975 897 2050; x_wconf 89' lang='lat' dir='ltr'>perﬁcit</span> <span class='ocrx_word' id='word_1_144' title='bbox 941 1975 1184 2041; x_wconf 91' lang='lat' dir='ltr'>bonum,</span> <span class='ocrx_word' id='word_1_145' title='bbox 1216 1974 1356 2047; x_wconf 90' lang='lat' dir='ltr'>quia</span> <span class='ocrx_word' id='word_1_146' title='bbox 1407 1974 1559 2030; x_wconf 88' lang='lat' dir='ltr'>inest</span> <span class='ocrx_word' id='word_1_147' title='bbox 1597 1973 1789 2028; x_wconf 89' lang='lat' dir='ltr'>adhuc</span> 
     </span>
    </p>
   </div>
   <div class='ocr_carea' id='block_1_22' title="bbox 130 2062 1791 2140">
    <p class='ocr_par' dir='ltr' id='par_1_22' title="bbox 130 2062 1791 2140">
     <span class='ocr_line' id='line_1_22' title="bbox 130 2062 1791 2140; baseline -0.004 -16"><span class='ocrx_word' id='word_1_148' title='bbox 130 2065 631 2140; x_wconf 84' lang='lat' dir='ltr'>concupiscentia,</span> <span class='ocrx_word' id='word_1_149' title='bbox 664 2066 757 2121; x_wconf 92' lang='lat' dir='ltr'>cui</span> <span class='ocrx_word' id='word_1_150' title='bbox 791 2068 1076 2138; x_wconf 82' lang='lat' dir='ltr'>repugnat</span> <span class='ocrx_word' id='word_1_151' title='bbox 1102 2062 1393 2119; x_wconf 89' lang='lat' dir='ltr'>voluntas.</span> <span class='ocrx_word' id='word_1_152' title='bbox 1426 2062 1607 2135; x_wconf 90' lang='lat' dir='ltr'>Cujus</span> <span class='ocrx_word' id='word_1_153' title='bbox 1650 2079 1791 2118; x_wconf 84' lang='lat' dir='ltr'>con-</span> 
     </span>
    </p>
   </div>
   <div class='ocr_carea' id='block_1_23' title="bbox 130 2151 1787 2230">
    <p class='ocr_par' dir='ltr' id='par_1_23' title="bbox 130 2151 1787 2230">
     <span class='ocr_line' id='line_1_23' title="bbox 130 2151 1787 2230; baseline -0.004 -18"><span class='ocrx_word' id='word_1_154' title='bbox 130 2156 511 2230; x_wconf 70' lang='lat' dir='ltr'>cupiscentiie</span> <span class='ocrx_word' id='word_1_155' title='bbox 542 2159 737 2211; x_wconf 88' lang='lat' dir='ltr'>reatus</span> <span class='ocrx_word' id='word_1_156' title='bbox 766 2154 827 2209; x_wconf 92' lang='lat' dir='ltr'>in</span> <span class='ocrx_word' id='word_1_157' title='bbox 858 2153 1207 2226; x_wconf 88' lang='lat' dir='ltr'>baptismate</span> <span class='ocrx_word' id='word_1_158' title='bbox 1254 2151 1518 2223; x_wconf 85' lang='lat' dir='ltr'>solvitur,</span> <span class='ocrx_word' id='word_1_159' title='bbox 1549 2152 1649 2208; x_wconf 90' lang='lat' dir='ltr'>sed</span> <span class='ocrx_word' id='word_1_160' title='bbox 1700 2151 1787 2206; x_wconf 85' lang='lat' dir='ltr'>in-</span> 
     </span>
    </p>
   </div>
   <div class='ocr_carea' id='block_1_24' title="bbox 126 2240 1790 2311">
    <p class='ocr_par' dir='ltr' id='par_1_24' title="bbox 126 2240 1790 2311">
     <span class='ocr_line' id='line_1_24' title="bbox 126 2240 1790 2311; baseline -0.002 -10"><span class='ocrx_word' id='word_1_161' title='bbox 126 2246 388 2302; x_wconf 88' lang='lat' dir='ltr'>ﬁrmitas</span> <span class='ocrx_word' id='word_1_162' title='bbox 437 2248 654 2311; x_wconf 88' lang='lat' dir='ltr'>manet,</span> <span class='ocrx_word' id='word_1_163' title='bbox 687 2243 802 2311; x_wconf 91' lang='lat' dir='ltr'>cui,</span> <span class='ocrx_word' id='word_1_164' title='bbox 835 2243 1017 2299; x_wconf 87' lang='lat' dir='ltr'>donec</span> <span class='ocrx_word' id='word_1_165' title='bbox 1067 2246 1327 2309; x_wconf 86' lang='lat' dir='ltr'>sanetur,</span> <span class='ocrx_word' id='word_1_166' title='bbox 1359 2241 1551 2297; x_wconf 91' lang='lat' dir='ltr'>omnis</span> <span class='ocrx_word' id='word_1_167' title='bbox 1598 2240 1790 2297; x_wconf 88' lang='lat' dir='ltr'>ﬁdelis</span> 
     </span>
    </p>
   </div>
   <div class='ocr_carea' id='block_1_25' title="bbox 126 2330 1565 2409">
    <p class='ocr_par' dir='ltr' id='par_1_25' title="bbox 126 2330 1565 2409">
     <span class='ocr_line' id='line_1_25' title="bbox 126 2330 1565 2409; baseline -0.007 -18"><span class='ocrx_word' id='word_1_168' title='bbox 126 2334 238 2409; x_wconf 89' lang='lat' dir='ltr'>qui</span> <span class='ocrx_word' id='word_1_169' title='bbox 268 2335 415 2392; x_wconf 91' lang='lat' dir='ltr'>bene</span> <span class='ocrx_word' id='word_1_170' title='bbox 445 2332 677 2407; x_wconf 83' lang='lat' dir='ltr'>proﬁcit</span> <span class='ocrx_word' id='word_1_171' title='bbox 706 2330 1140 2389; x_wconf 87' lang='lat' dir='ltr'>studiosissime</span> <span class='ocrx_word' id='word_1_172' title='bbox 1172 2330 1509 2386; x_wconf 90' lang='lat' dir='ltr'>reluctatur.</span> <span class='ocrx_word' id='word_1_173' title='bbox 1538 2352 1565 2379; x_wconf 87' lang='lat'>»</span> 
     </span>
    </p>
   </div>
   <div class='ocr_carea' id='block_1_26' title="bbox 203 2419 1789 2494">
    <p class='ocr_par' dir='ltr' id='par_1_26' title="bbox 203 2419 1789 2494">
     <span class='ocr_line' id='line_1_26' title="bbox 203 2419 1789 2494; baseline -0.003 -15"><span class='ocrx_word' id='word_1_174' title='bbox 203 2423 468 2479; x_wconf 89' lang='lat' dir='ltr'>Alterum</span> <span class='ocrx_word' id='word_1_175' title='bbox 499 2423 576 2494; x_wconf 87' lang='lat' dir='ltr'>(a)</span> <span class='ocrx_word' id='word_1_176' title='bbox 608 2421 806 2478; x_wconf 90' lang='lat' dir='ltr'>lumen</span> <span class='ocrx_word' id='word_1_177' title='bbox 854 2424 1240 2477; x_wconf 86' lang='lat' dir='ltr'>tractatorum</span> <span class='ocrx_word' id='word_1_178' title='bbox 1290 2419 1677 2492; x_wconf 80' lang='lat' dir='ltr'>Hieronymus</span> <span class='ocrx_word' id='word_1_179' title='bbox 1731 2419 1789 2474; x_wconf 90' lang='lat' dir='ltr'>in</span> 
     </span>
    </p>
   </div>
   <div class='ocr_carea' id='block_1_27' title="bbox 132 2508 1790 2585">
    <p class='ocr_par' dir='ltr' id='par_1_27' title="bbox 132 2508 1790 2585">
     <span class='ocr_line' id='line_1_27' title="bbox 132 2508 1790 2585; baseline -0.004 -17"><span class='ocrx_word' id='word_1_180' title='bbox 132 2512 379 2585; x_wconf 89' lang='lat' dir='ltr'>Dialogo</span> <span class='ocrx_word' id='word_1_181' title='bbox 403 2529 416 2567; x_wconf 88' lang='lat'>:</span> <span class='ocrx_word' id='word_1_182' title='bbox 447 2536 467 2562; x_wconf 80' lang='grc' dir='ltr'>ι</span> <span class='ocrx_word' id='word_1_183' title='bbox 484 2512 610 2568; x_wconf 87' lang='lat' dir='ltr'>Non</span> <span class='ocrx_word' id='word_1_184' title='bbox 627 2508 1260 2582; x_wconf 89' lang='lat' dir='ltr'>ideo,inquit,peccavit</span> <span class='ocrx_word' id='word_1_185' title='bbox 1277 2508 1463 2564; x_wconf 89' lang='lat' dir='ltr'>Adam</span> <span class='ocrx_word' id='word_1_186' title='bbox 1485 2508 1625 2581; x_wconf 89' lang='lat' dir='ltr'>quia</span> <span class='ocrx_word' id='word_1_187' title='bbox 1638 2508 1790 2563; x_wconf 90' lang='lat' dir='ltr'>Deus</span> 
     </span>
    </p>
   </div>
   <div class='ocr_carea' id='block_1_28' title="bbox 134 2596 1792 2671">
    <p class='ocr_par' dir='ltr' id='par_1_28' title="bbox 134 2596 1792 2671">
     <span class='ocr_line' id='line_1_28' title="bbox 134 2596 1792 2671; baseline -0.004 -14"><span class='ocrx_word' id='word_1_188' title='bbox 134 2602 252 2657; x_wconf 84' lang='lat' dir='ltr'>hoc</span> <span class='ocrx_word' id='word_1_189' title='bbox 274 2601 539 2656; x_wconf 79' lang='lat' dir='ltr'>futurum</span> <span class='ocrx_word' id='word_1_190' title='bbox 563 2603 819 2665; x_wconf 89' lang='lat' dir='ltr'>noverat,</span> <span class='ocrx_word' id='word_1_191' title='bbox 840 2599 941 2655; x_wconf 91' lang='lat' dir='ltr'>sed</span> <span class='ocrx_word' id='word_1_192' title='bbox 965 2597 1256 2671; x_wconf 63' lang='lat' dir='ltr'>praescivit</span> <span class='ocrx_word' id='word_1_193' title='bbox 1275 2598 1428 2654; x_wconf 89' lang='lat' dir='ltr'>Deus</span> <span class='ocrx_word' id='word_1_194' title='bbox 1452 2596 1619 2669; x_wconf 89' lang='lat' dir='ltr'>quasi</span> <span class='ocrx_word' id='word_1_195' title='bbox 1638 2596 1792 2652; x_wconf 87' lang='lat' dir='ltr'>Deus</span> 
     </span>
    </p>
   </div>
   <div class='ocr_carea' id='block_1_29' title="bbox 135 2686 1791 2763">
    <p class='ocr_par' dir='ltr' id='par_1_29' title="bbox 135 2686 1791 2763">
     <span class='ocr_line' id='line_1_29' title="bbox 135 2686 1791 2763; baseline -0.002 -18"><span class='ocrx_word' id='word_1_196' title='bbox 135 2690 296 2763; x_wconf 88' lang='lat' dir='ltr'>quod</span> <span class='ocrx_word' id='word_1_197' title='bbox 327 2688 425 2745; x_wconf 90' lang='lat' dir='ltr'>ille</span> <span class='ocrx_word' id='word_1_198' title='bbox 456 2693 581 2746; x_wconf 90' lang='lat' dir='ltr'>erat</span> <span class='ocrx_word' id='word_1_199' title='bbox 635 2687 871 2761; x_wconf 86' lang='lat' dir='ltr'>propria</span> <span class='ocrx_word' id='word_1_200' title='bbox 916 2686 1215 2743; x_wconf 87' lang='lat' dir='ltr'>voluntate</span> <span class='ocrx_word' id='word_1_201' title='bbox 1260 2687 1540 2741; x_wconf 84' lang='lat' dir='ltr'>facturus.</span> <span class='ocrx_word' id='word_1_202' title='bbox 1577 2708 1605 2735; x_wconf 90' lang='lat'>»</span> <span class='ocrx_word' id='word_1_203' title='bbox 1646 2686 1791 2742; x_wconf 89' lang='lat' dir='ltr'>Item</span> 
     </span>
    </p>
   </div>
   <div class='ocr_carea' id='block_1_30' title="bbox 137 2773 1786 2851">
    <p class='ocr_par' dir='ltr' id='par_1_30' title="bbox 137 2773 1786 2851">
     <span class='ocr_line' id='line_1_30' title="bbox 137 2773 1786 2851; baseline -0.003 -16"><span class='ocrx_word' id='word_1_204' title='bbox 137 2784 278 2851; x_wconf 88' lang='lat' dir='ltr'>post</span> <span class='ocrx_word' id='word_1_205' title='bbox 306 2778 608 2851; x_wconf 88' lang='lat' dir='ltr'>aliquanta</span> <span class='ocrx_word' id='word_1_206' title='bbox 637 2793 651 2832; x_wconf 89' lang='lat'><strong>:</strong></span> <span class='ocrx_word' id='word_1_207' title='bbox 685 2801 714 2826; x_wconf 92' lang='grc'>‹‹</span> <span class='ocrx_word' id='word_1_208' title='bbox 746 2776 1031 2832; x_wconf 88' lang='lat' dir='ltr'>Dominus</span> <span class='ocrx_word' id='word_1_209' title='bbox 1070 2774 1264 2842; x_wconf 90' lang='lat' dir='ltr'>inquit</span> <span class='ocrx_word' id='word_1_210' title='bbox 1310 2776 1382 2830; x_wconf 90' lang='lat' dir='ltr'>ad</span> <span class='ocrx_word' id='word_1_211' title='bbox 1422 2773 1744 2848; x_wconf 86' lang='lat' dir='ltr'>discipulos</span> <span class='ocrx_word' id='word_1_212' title='bbox 1774 2790 1786 2830; x_wconf 93' lang='lat'>:</span> 
     </span>
    </p>
   </div>
   <div class='ocr_carea' id='block_1_31' title="bbox 136 2864 1789 2941">
    <p class='ocr_par' dir='ltr' id='par_1_31' title="bbox 136 2864 1789 2941">
     <span class='ocr_line' id='line_1_31' title="bbox 136 2864 1789 2941; baseline -0.003 -18"><span class='ocrx_word' id='word_1_213' title='bbox 136 2870 253 2941; x_wconf 83' lang='lat' dir='ltr'>Ego</span> <span class='ocrx_word' id='word_1_214' title='bbox 281 2886 405 2924; x_wconf 86' lang='lat' dir='ltr'>sum</span> <span class='ocrx_word' id='word_1_215' title='bbox 431 2869 578 2935; x_wconf 83' lang='lat' dir='ltr'>vitis,</span> <span class='ocrx_word' id='word_1_216' title='bbox 609 2883 699 2922; x_wconf 88' lang='lat' dir='ltr'>vos</span> <span class='ocrx_word' id='word_1_217' title='bbox 731 2866 903 2934; x_wconf 88' lang='lat' dir='ltr'>rami;</span> <span class='ocrx_word' id='word_1_218' title='bbox 939 2866 1035 2937; x_wconf 88' lang='lat' dir='ltr'>qui</span> <span class='ocrx_word' id='word_1_219' title='bbox 1060 2871 1246 2919; x_wconf 84' lang='lat' dir='ltr'>manet</span> <span class='ocrx_word' id='word_1_220' title='bbox 1290 2866 1350 2919; x_wconf 83' lang='lat' dir='ltr'>in</span> <span class='ocrx_word' id='word_1_221' title='bbox 1390 2880 1495 2929; x_wconf 86' lang='lat' dir='ltr'>me,</span> <span class='ocrx_word' id='word_1_222' title='bbox 1526 2871 1578 2919; x_wconf 91' lang='lat' dir='ltr'>et</span> <span class='ocrx_word' id='word_1_223' title='bbox 1604 2879 1699 2934; x_wconf 85' lang='lat' dir='ltr'>ego</span> <span class='ocrx_word' id='word_1_224' title='bbox 1730 2864 1789 2918; x_wconf 87' lang='lat' dir='ltr'>in</span> 
     </span>
    </p>
   </div>
   <div class='ocr_carea' id='block_1_32' title="bbox 135 2952 1792 3030">
    <p class='ocr_par' dir='ltr' id='par_1_32' title="bbox 135 2952 1792 3030">
     <span class='ocr_line' id='line_1_32' title="bbox 135 2952 1792 3030; baseline -0.005 -15"><span class='ocrx_word' id='word_1_225' title='bbox 135 2974 223 3025; x_wconf 86' lang='lat' dir='ltr'>eo,</span> <span class='ocrx_word' id='word_1_226' title='bbox 259 2960 361 3014; x_wconf 84' lang='lat' dir='ltr'>iste</span> <span class='ocrx_word' id='word_1_227' title='bbox 386 2957 575 3030; x_wconf 63' lang='lat' dir='ltr'>aﬂ‘cret</span> <span class='ocrx_word' id='word_1_228' title='bbox 600 2958 844 3028; x_wconf 82' lang='lat' dir='ltr'>fructum</span> <span class='ocrx_word' id='word_1_229' title='bbox 886 2954 1143 3019; x_wconf 87' lang='lat' dir='ltr'>multum,</span> <span class='ocrx_word' id='word_1_230' title='bbox 1175 2955 1306 3024; x_wconf 83' lang='lat' dir='ltr'>quia</span> <span class='ocrx_word' id='word_1_231' title='bbox 1351 2954 1471 3008; x_wconf 89' lang='lat' dir='ltr'>sine</span> <span class='ocrx_word' id='word_1_232' title='bbox 1515 2969 1601 3007; x_wconf 87' lang='lat' dir='ltr'>me</span> <span class='ocrx_word' id='word_1_233' title='bbox 1644 2952 1792 3007; x_wconf 80' lang='lat' dir='ltr'>nihil</span> 
     </span>
    </p>
   </div>
   <div class='ocr_carea' id='block_1_33' title="bbox 131 3040 1789 3120">
    <p class='ocr_par' dir='ltr' id='par_1_33' title="bbox 131 3040 1789 3120">
     <span class='ocr_line' id='line_1_33' title="bbox 131 3040 1789 3120; baseline -0.005 -17"><span class='ocrx_word' id='word_1_234' title='bbox 131 3048 361 3120; x_wconf 76' lang='lat' dir='ltr'>potestis</span> <span class='ocrx_word' id='word_1_235' title='bbox 386 3049 566 3118; x_wconf 84' lang='lat' dir='ltr'>facere</span> <span class='ocrx_word' id='word_1_236' title='bbox 594 3046 769 3117; x_wconf 85' lang='lat' dir='ltr'>(Joan.</span> <span class='ocrx_word' id='word_1_237' title='bbox 798 3046 915 3111; x_wconf 82' lang='lat' dir='ltr'>xv).</span> <span class='ocrx_word' id='word_1_238' title='bbox 948 3042 1109 3099; x_wconf 88' lang='lat' dir='ltr'>Sicut</span> <span class='ocrx_word' id='word_1_239' title='bbox 1156 3040 1304 3096; x_wconf 92' lang='lat' dir='ltr'>rami</span> <span class='ocrx_word' id='word_1_240' title='bbox 1331 3045 1388 3096; x_wconf 93' lang='lat' dir='ltr'>et</span> <span class='ocrx_word' id='word_1_241' title='bbox 1417 3040 1554 3096; x_wconf 87' lang='lat' dir='ltr'>folia</span> <span class='ocrx_word' id='word_1_242' title='bbox 1582 3040 1789 3095; x_wconf 85' lang='lat' dir='ltr'>vitium</span> 
     </span>
    </p>
   </div>
   <div class='ocr_carea' id='block_1_34' title="bbox 138 3129 1792 3201">
    <p class='ocr_par' dir='ltr' id='par_1_34' title="bbox 138 3129 1792 3201">
     <span class='ocr_line' id='line_1_34' title="bbox 138 3129 1792 3201; baseline -0.004 -12"><span class='ocrx_word' id='word_1_243' title='bbox 138 3135 300 3190; x_wconf 89' lang='lat' dir='ltr'>illico</span> <span class='ocrx_word' id='word_1_244' title='bbox 317 3135 739 3191; x_wconf 87' lang='lat' dir='ltr'>contabescunt</span> <span class='ocrx_word' id='word_1_245' title='bbox 755 3149 888 3188; x_wconf 92' lang='lat' dir='ltr'>cum</span> <span class='ocrx_word' id='word_1_246' title='bbox 905 3131 1118 3187; x_wconf 83' lang='lat' dir='ltr'>fuerint</span> <span class='ocrx_word' id='word_1_247' title='bbox 1135 3148 1168 3187; x_wconf 91' lang='lat' dir='ltr'>a</span> <span class='ocrx_word' id='word_1_248' title='bbox 1186 3131 1425 3186; x_wconf 87' lang='lat' dir='ltr'>matrice</span> <span class='ocrx_word' id='word_1_249' title='bbox 1443 3129 1792 3201; x_wconf 84' lang='lat' dir='ltr'>praecisa,ita</span> 
     </span>
    </p>
   </div>
   <div class='ocr_carea' id='block_1_35' title="bbox 1818 1841 1867 1906">
    <p class='ocr_par' dir='ltr' id='par_1_35' title="bbox 1818 1841 1867 1906">
     <span class='ocr_line' id='line_1_35' title="bbox 1818 1841 1867 1906; baseline 0 0"><span class='ocrx_word' id='word_1_250' title='bbox 1818 1841 1867 1906; x_wconf 92' lang='lat' dir='ltr'><strong>B</strong></span> 
     </span>
    </p>
   </div>
   <div class='ocr_carea' id='block_1_36' title="bbox 1907 551 3547 626">
    <p class='ocr_par' dir='ltr' id='par_1_36' title="bbox 1907 551 3547 626">
     <span class='ocr_line' id='line_1_36' title="bbox 1907 551 3547 626; baseline 0.002 -20"><span class='ocrx_word' id='word_1_251' title='bbox 1907 551 2027 607; x_wconf 64' lang='lat' dir='ltr'>hac</span> <span class='ocrx_word' id='word_1_252' title='bbox 2058 556 2197 608; x_wconf 91' lang='lat' dir='ltr'>sunt</span> <span class='ocrx_word' id='word_1_253' title='bbox 2223 553 2362 625; x_wconf 86' lang='lat' dir='ltr'>(cap.</span> <span class='ocrx_word' id='word_1_254' title='bbox 2394 553 2447 625; x_wconf 91' lang='lat'>3)</span> <span class='ocrx_word' id='word_1_255' title='bbox 2475 569 2487 607; x_wconf 92' lang='lat'>:</span> <span class='ocrx_word' id='word_1_256' title='bbox 2514 576 2542 603; x_wconf 86' lang='lat'><strong><em>«</em></strong></span> <span class='ocrx_word' id='word_1_257' title='bbox 2575 554 2638 608; x_wconf 91' lang='lat' dir='ltr'>In</span> <span class='ocrx_word' id='word_1_258' title='bbox 2661 552 3547 626; x_wconf 68' lang='lat' dir='ltr'>praevaricatione,inquit,Adie,</span> 
     </span>
    </p>
   </div>
   <div class='ocr_carea' id='block_1_37' title="bbox 1902 640 3551 715">
    <p class='ocr_par' dir='ltr' id='par_1_37' title="bbox 1902 640 3551 715">
     <span class='ocr_line' id='line_1_37' title="bbox 1902 640 3551 715; baseline 0.003 -19"><span class='ocrx_word' id='word_1_259' title='bbox 1902 657 2105 697; x_wconf 90' lang='lat' dir='ltr'>omnes</span> <span class='ocrx_word' id='word_1_260' title='bbox 2137 640 2405 697; x_wconf 89' lang='lat' dir='ltr'>homines</span> <span class='ocrx_word' id='word_1_261' title='bbox 2437 641 2765 697; x_wconf 86' lang='lat' dir='ltr'>naturalem</span> <span class='ocrx_word' id='word_1_262' title='bbox 2792 641 3244 715; x_wconf 88' lang='lat' dir='ltr'>possibilitatem</span> <span class='ocrx_word' id='word_1_263' title='bbox 3295 646 3352 699; x_wconf 93' lang='lat' dir='ltr'>et</span> <span class='ocrx_word' id='word_1_264' title='bbox 3382 643 3551 701; x_wconf 89' lang='lat' dir='ltr'>inno-</span> 
     </span>
    </p>
   </div>
   <div class='ocr_carea' id='block_1_38' title="bbox 1901 729 3550 806">
    <p class='ocr_par' dir='ltr' id='par_1_38' title="bbox 1901 729 3550 806">
     <span class='ocr_line' id='line_1_38' title="bbox 1901 729 3550 806; baseline 0.002 -22"><span class='ocrx_word' id='word_1_265' title='bbox 1901 729 2153 785; x_wconf 86' lang='lat' dir='ltr'>centiam</span> <span class='ocrx_word' id='word_1_266' title='bbox 2184 731 2507 803; x_wconf 89' lang='lat' dir='ltr'>perdidisse</span> <span class='ocrx_word' id='word_1_267' title='bbox 2537 732 2759 787; x_wconf 90' lang='lat' dir='ltr'>clarum</span> <span class='ocrx_word' id='word_1_268' title='bbox 2782 737 2891 799; x_wconf 91' lang='lat' dir='ltr'>est,</span> <span class='ocrx_word' id='word_1_269' title='bbox 2915 736 2972 788; x_wconf 92' lang='lat' dir='ltr'>et</span> <span class='ocrx_word' id='word_1_270' title='bbox 3001 733 3297 788; x_wconf 88' lang='lat' dir='ltr'>neminem</span> <span class='ocrx_word' id='word_1_271' title='bbox 3317 733 3387 788; x_wconf 92' lang='lat' dir='ltr'>de</span> <span class='ocrx_word' id='word_1_272' title='bbox 3418 750 3550 806; x_wconf 70' lang='lat' dir='ltr'>pro-</span> 
     </span>
    </p>
   </div>
   <div class='ocr_carea' id='block_1_39' title="bbox 1901 817 3553 895">
    <p class='ocr_par' dir='ltr' id='par_1_39' title="bbox 1901 817 3553 895">
     <span class='ocr_line' id='line_1_39' title="bbox 1901 817 3553 895; baseline 0.003 -22"><span class='ocrx_word' id='word_1_273' title='bbox 1901 817 2080 875; x_wconf 89' lang='lat' dir='ltr'>fundo</span> <span class='ocrx_word' id='word_1_274' title='bbox 2111 818 2269 876; x_wconf 89' lang='lat' dir='ltr'>illius</span> <span class='ocrx_word' id='word_1_275' title='bbox 2300 820 2481 875; x_wconf 66' lang='lat' dir='ltr'>ruinas</span> <span class='ocrx_word' id='word_1_276' title='bbox 2503 837 2673 893; x_wconf 88' lang='lat' dir='ltr'>posse</span> <span class='ocrx_word' id='word_1_277' title='bbox 2695 837 3045 895; x_wconf 86' lang='lat' dir='ltr'>consurgere</span> <span class='ocrx_word' id='word_1_278' title='bbox 3068 820 3181 877; x_wconf 90' lang='lat' dir='ltr'>nisi</span> <span class='ocrx_word' id='word_1_279' title='bbox 3205 837 3339 877; x_wconf 92' lang='lat' dir='ltr'>eum</span> <span class='ocrx_word' id='word_1_280' title='bbox 3363 821 3553 895; x_wconf 87' lang='lat' dir='ltr'>gratia</span> 
     </span>
    </p>
   </div>
   <div class='ocr_carea' id='block_1_40' title="bbox 1902 906 3548 983">
    <p class='ocr_par' dir='ltr' id='par_1_40' title="bbox 1902 906 3548 983">
     <span class='ocr_line' id='line_1_40' title="bbox 1902 906 3548 983; baseline 0.004 -21"><span class='ocrx_word' id='word_1_281' title='bbox 1902 906 2233 965; x_wconf 87' lang='lat' dir='ltr'>miserentis</span> <span class='ocrx_word' id='word_1_282' title='bbox 2262 909 2363 965; x_wconf 89' lang='lat' dir='ltr'>Dei</span> <span class='ocrx_word' id='word_1_283' title='bbox 2393 910 2654 966; x_wconf 79' lang='lat' dir='ltr'>erexerit.</span> <span class='ocrx_word' id='word_1_284' title='bbox 2674 932 2701 959; x_wconf 92' lang='lat'>»</span> <span class='ocrx_word' id='word_1_285' title='bbox 2730 910 2872 966; x_wconf 90' lang='lat' dir='ltr'>Item</span> <span class='ocrx_word' id='word_1_286' title='bbox 2906 910 3044 983; x_wconf 87' lang='lat' dir='ltr'>(cap.</span> <span class='ocrx_word' id='word_1_287' title='bbox 3078 910 3132 982; x_wconf 91' lang='lat'>6)</span> <span class='ocrx_word' id='word_1_288' title='bbox 3160 927 3172 966; x_wconf 88' lang='lat'>:</span> <span class='ocrx_word' id='word_1_289' title='bbox 3200 911 3548 968; x_wconf 83' lang='lat' dir='ltr'>«Neminem</span> 
     </span>
    </p>
   </div>
   <div class='ocr_carea' id='block_1_41' title="bbox 1899 997 3546 1072">
    <p class='ocr_par' dir='ltr' id='par_1_41' title="bbox 1899 997 3546 1072">
     <span class='ocr_line' id='line_1_41' title="bbox 1899 997 3546 1072; baseline 0.003 -21"><span class='ocrx_word' id='word_1_290' title='bbox 1899 997 2693 1071; x_wconf 89' lang='lat' dir='ltr'>etiam,inquit,baptismatis</span> <span class='ocrx_word' id='word_1_291' title='bbox 2710 999 2898 1072; x_wconf 86' lang='lat' dir='ltr'>gratia</span> <span class='ocrx_word' id='word_1_292' title='bbox 2915 1003 3252 1055; x_wconf 87' lang='lat' dir='ltr'>renovatum</span> <span class='ocrx_word' id='word_1_293' title='bbox 3270 999 3546 1056; x_wconf 91' lang='lat' dir='ltr'>idoneum</span> 
     </span>
    </p>
   </div>
   <div class='ocr_carea' id='block_1_42' title="bbox 1899 1086 3548 1160">
    <p class='ocr_par' dir='ltr' id='par_1_42' title="bbox 1899 1086 3548 1160">
     <span class='ocr_line' id='line_1_42' title="bbox 1899 1086 3548 1160; baseline 0.004 -20"><span class='ocrx_word' id='word_1_294' title='bbox 1899 1101 2027 1141; x_wconf 89' lang='lat' dir='ltr'>esse</span> <span class='ocrx_word' id='word_1_295' title='bbox 2057 1086 2129 1141; x_wconf 88' lang='lat' dir='ltr'>ad</span> <span class='ocrx_word' id='word_1_296' title='bbox 2160 1088 2523 1160; x_wconf 87' lang='lat' dir='ltr'>superandas</span> <span class='ocrx_word' id='word_1_297' title='bbox 2551 1088 2767 1143; x_wconf 85' lang='lat' dir='ltr'>diaboli</span> <span class='ocrx_word' id='word_1_298' title='bbox 2792 1088 3034 1144; x_wconf 89' lang='lat' dir='ltr'>insidias</span> <span class='ocrx_word' id='word_1_299' title='bbox 3065 1094 3121 1144; x_wconf 90' lang='lat' dir='ltr'>et</span> <span class='ocrx_word' id='word_1_300' title='bbox 3142 1090 3213 1144; x_wconf 91' lang='lat' dir='ltr'>ad</span> <span class='ocrx_word' id='word_1_301' title='bbox 3233 1089 3548 1146; x_wconf 88' lang='lat' dir='ltr'>vincendas</span> 
     </span>
    </p>
   </div>
   <div class='ocr_carea' id='block_1_43' title="bbox 1900 1174 3550 1250">
    <p class='ocr_par' dir='ltr' id='par_1_43' title="bbox 1900 1174 3550 1250">
     <span class='ocr_line' id='line_1_43' title="bbox 1900 1174 3550 1250; baseline 0.003 -21"><span class='ocrx_word' id='word_1_302' title='bbox 1900 1174 2093 1230; x_wconf 90' lang='lat' dir='ltr'>carnis</span> <span class='ocrx_word' id='word_1_303' title='bbox 2124 1176 2650 1249; x_wconf 80' lang='lat' dir='ltr'>concupiscentiae,</span> <span class='ocrx_word' id='word_1_304' title='bbox 2682 1177 2793 1232; x_wconf 89' lang='lat' dir='ltr'>nisi</span> <span class='ocrx_word' id='word_1_305' title='bbox 2826 1194 2928 1250; x_wconf 91' lang='lat' dir='ltr'>per</span> <span class='ocrx_word' id='word_1_306' title='bbox 2956 1178 3363 1249; x_wconf 89' lang='lat' dir='ltr'>quotidianum</span> <span class='ocrx_word' id='word_1_307' title='bbox 3385 1179 3550 1249; x_wconf 87' lang='lat' dir='ltr'>adju-</span> 
     </span>
    </p>
   </div>
   <div class='ocr_carea' id='block_1_44' title="bbox 1899 1262 3550 1336">
    <p class='ocr_par' dir='ltr' id='par_1_44' title="bbox 1899 1262 3550 1336">
     <span class='ocr_line' id='line_1_44' title="bbox 1899 1262 3550 1336; baseline 0.004 -18"><span class='ocrx_word' id='word_1_308' title='bbox 1899 1262 2114 1319; x_wconf 90' lang='lat' dir='ltr'>torium</span> <span class='ocrx_word' id='word_1_309' title='bbox 2146 1264 2247 1320; x_wconf 91' lang='lat' dir='ltr'>Dei</span> <span class='ocrx_word' id='word_1_310' title='bbox 2270 1266 2757 1336; x_wconf 87' lang='lat' dir='ltr'>perseverantiam</span> <span class='ocrx_word' id='word_1_311' title='bbox 2790 1267 2953 1322; x_wconf 70' lang='lat' dir='ltr'>bona:</span> <span class='ocrx_word' id='word_1_312' title='bbox 2976 1268 3433 1323; x_wconf 84' lang='lat' dir='ltr'>conversationis</span> <span class='ocrx_word' id='word_1_313' title='bbox 3459 1285 3550 1324; x_wconf 85' lang='lat' dir='ltr'>ac-</span> 
     </span>
    </p>
   </div>
   <div class='ocr_carea' id='block_1_45' title="bbox 1900 1353 3549 1428">
    <p class='ocr_par' dir='ltr' id='par_1_45' title="bbox 1900 1353 3549 1428">
     <span class='ocr_line' id='line_1_45' title="bbox 1900 1353 3549 1428; baseline 0.004 -21"><span class='ocrx_word' id='word_1_314' title='bbox 1900 1353 2169 1425; x_wconf 86' lang='lat' dir='ltr'>ceperit.»</span> <span class='ocrx_word' id='word_1_315' title='bbox 2215 1353 2359 1409; x_wconf 88' lang='lat' dir='ltr'>Item</span> <span class='ocrx_word' id='word_1_316' title='bbox 2391 1357 2533 1426; x_wconf 86' lang='lat' dir='ltr'>(cap.</span> <span class='ocrx_word' id='word_1_317' title='bbox 2562 1356 2617 1427; x_wconf 92' lang='lat'>7)</span> <span class='ocrx_word' id='word_1_318' title='bbox 2643 1372 2657 1410; x_wconf 89' lang='lat'><strong>:</strong></span> <span class='ocrx_word' id='word_1_319' title='bbox 2682 1356 2836 1428; x_wconf 92' lang='lat' dir='ltr'>quod</span> <span class='ocrx_word' id='word_1_320' title='bbox 2872 1371 3043 1410; x_wconf 92' lang='lat' dir='ltr'>nemo</span> <span class='ocrx_word' id='word_1_321' title='bbox 3076 1356 3189 1411; x_wconf 89' lang='lat' dir='ltr'>nisi</span> <span class='ocrx_word' id='word_1_322' title='bbox 3216 1372 3320 1428; x_wconf 90' lang='lat' dir='ltr'>per</span> <span class='ocrx_word' id='word_1_323' title='bbox 3348 1357 3549 1413; x_wconf 87' lang='lat' dir='ltr'>Chris-</span> 
     </span>
    </p>
   </div>
   <div class='ocr_carea' id='block_1_46' title="bbox 1898 1441 3547 1511">
    <p class='ocr_par' dir='ltr' id='par_1_46' title="bbox 1898 1441 3547 1511">
     <span class='ocr_line' id='line_1_46' title="bbox 1898 1441 3547 1511; baseline 0.003 -15"><span class='ocrx_word' id='word_1_324' title='bbox 1898 1445 2025 1497; x_wconf 88' lang='lat' dir='ltr'>tum</span> <span class='ocrx_word' id='word_1_325' title='bbox 2057 1441 2238 1498; x_wconf 92' lang='lat' dir='ltr'>libero</span> <span class='ocrx_word' id='word_1_326' title='bbox 2259 1442 2404 1498; x_wconf 91' lang='lat' dir='ltr'>bene</span> <span class='ocrx_word' id='word_1_327' title='bbox 2421 1446 2620 1498; x_wconf 88' lang='lat' dir='ltr'>utatur</span> <span class='ocrx_word' id='word_1_328' title='bbox 2638 1444 3043 1511; x_wconf 89' lang='lat' dir='ltr'>arbitrio,hinc</span> <span class='ocrx_word' id='word_1_329' title='bbox 3065 1449 3121 1500; x_wconf 92' lang='lat' dir='ltr'>et</span> <span class='ocrx_word' id='word_1_330' title='bbox 3145 1445 3547 1501; x_wconf 88' lang='lat' dir='ltr'>Innocentium</span> 
     </span>
    </p>
   </div>
   <div class='ocr_carea' id='block_1_47' title="bbox 1898 1531 3547 1611">
    <p class='ocr_par' dir='ltr' id='par_1_47' title="bbox 1898 1531 3547 1611">
     <span class='ocr_line' id='line_1_47' title="bbox 1898 1531 3547 1611; baseline 0.004 -26"><span class='ocrx_word' id='word_1_331' title='bbox 1898 1547 2110 1603; x_wconf 88' lang='lat' dir='ltr'>papam</span> <span class='ocrx_word' id='word_1_332' title='bbox 2138 1531 2377 1588; x_wconf 91' lang='lat' dir='ltr'>adhibet</span> <span class='ocrx_word' id='word_1_333' title='bbox 2404 1537 2613 1589; x_wconf 85' lang='lat' dir='ltr'>testem</span> <span class='ocrx_word' id='word_1_334' title='bbox 2645 1533 2835 1605; x_wconf 90' lang='lat' dir='ltr'>posita</span> <span class='ocrx_word' id='word_1_335' title='bbox 2862 1534 2989 1611; x_wconf 71' lang='lat' dir='ltr'>ejus</span> <span class='ocrx_word' id='word_1_336' title='bbox 3041 1534 3330 1590; x_wconf 85' lang='lat' dir='ltr'>sententia</span> <span class='ocrx_word' id='word_1_337' title='bbox 3361 1535 3547 1606; x_wconf 85' lang='lat' dir='ltr'>(Inno-</span> 
     </span>
    </p>
   </div>
   <div class='ocr_carea' id='block_1_48' title="bbox 1897 1621 3547 1693">
    <p class='ocr_par' dir='ltr' id='par_1_48' title="bbox 1897 1621 3547 1693">
     <span class='ocr_line' id='line_1_48' title="bbox 1897 1621 3547 1693; baseline 0.003 -19"><span class='ocrx_word' id='word_1_338' title='bbox 1897 1621 2105 1675; x_wconf 76' lang='lat' dir='ltr'>centius</span> <span class='ocrx_word' id='word_1_339' title='bbox 2154 1622 2215 1676; x_wconf 85' lang='lat' dir='ltr'>in</span> <span class='ocrx_word' id='word_1_340' title='bbox 2262 1623 2416 1693; x_wconf 82' lang='lat' dir='ltr'>epist.</span> <span class='ocrx_word' id='word_1_341' title='bbox 2467 1622 2539 1677; x_wconf 85' lang='lat' dir='ltr'>ad</span> <span class='ocrx_word' id='word_1_342' title='bbox 2583 1623 2963 1679; x_wconf 83' lang='lat' dir='ltr'>Milevitanum</span> <span class='ocrx_word' id='word_1_343' title='bbox 3007 1625 3343 1679; x_wconf 77' lang='lat' dir='ltr'>concilium:</span> <span class='ocrx_word' id='word_1_344' title='bbox 3376 1645 3404 1673; x_wconf 89' lang='grc'>‹‹</span> <span class='ocrx_word' id='word_1_345' title='bbox 3436 1623 3547 1678; x_wconf 91' lang='lat' dir='ltr'>Ad-</span> 
     </span>
    </p>
   </div>
   <div class='ocr_carea' id='block_1_49' title="bbox 1896 1710 3547 1785">
    <p class='ocr_par' dir='ltr' id='par_1_49' title="bbox 1896 1710 3547 1785">
     <span class='ocr_line' id='line_1_49' title="bbox 1896 1710 3547 1785; baseline 0.002 -22"><span class='ocrx_word' id='word_1_346' title='bbox 1896 1713 2053 1764; x_wconf 86' lang='lat' dir='ltr'>verte</span> <span class='ocrx_word' id='word_1_347' title='bbox 2084 1710 2342 1777; x_wconf 88' lang='lat' dir='ltr'>tandem,</span> <span class='ocrx_word' id='word_1_348' title='bbox 2376 1728 2408 1765; x_wconf 94' lang='lat' dir='ltr'>o</span> <span class='ocrx_word' id='word_1_349' title='bbox 2439 1710 2919 1783; x_wconf 86' lang='lat' dir='ltr'>pravissimarum</span> <span class='ocrx_word' id='word_1_350' title='bbox 2952 1711 3237 1767; x_wconf 89' lang='lat' dir='ltr'>mentium</span> <span class='ocrx_word' id='word_1_351' title='bbox 3277 1728 3547 1785; x_wconf 85' lang='lat' dir='ltr'>perversa</span> 
     </span>
    </p>
   </div>
   <div class='ocr_carea' id='block_1_50' title="bbox 1900 1797 3547 1872">
    <p class='ocr_par' dir='ltr' id='par_1_50' title="bbox 1900 1797 3547 1872">
     <span class='ocr_line' id='line_1_50' title="bbox 1900 1797 3547 1872; baseline 0.002 -20"><span class='ocrx_word' id='word_1_352' title='bbox 1900 1797 2187 1865; x_wconf 89' lang='lat' dir='ltr'>doctrina,</span> <span class='ocrx_word' id='word_1_353' title='bbox 2221 1800 2377 1871; x_wconf 90' lang='lat' dir='ltr'>quod</span> <span class='ocrx_word' id='word_1_354' title='bbox 2409 1800 2666 1872; x_wconf 90' lang='lat' dir='ltr'>primum</span> <span class='ocrx_word' id='word_1_355' title='bbox 2709 1800 3005 1856; x_wconf 88' lang='lat' dir='ltr'>hominem</span> <span class='ocrx_word' id='word_1_356' title='bbox 3036 1800 3118 1855; x_wconf 92' lang='lat' dir='ltr'>ita</span> <span class='ocrx_word' id='word_1_357' title='bbox 3147 1800 3386 1856; x_wconf 84' lang='lat' dir='ltr'>libertas</span> <span class='ocrx_word' id='word_1_358' title='bbox 3417 1800 3547 1872; x_wconf 90' lang='lat' dir='ltr'>ipsa</span> 
     </span>
    </p>
   </div>
   <div class='ocr_carea' id='block_1_51' title="bbox 1897 1886 3544 1963">
    <p class='ocr_par' dir='ltr' id='par_1_51' title="bbox 1897 1886 3544 1963">
     <span class='ocr_line' id='line_1_51' title="bbox 1897 1886 3544 1963; baseline 0.002 -22"><span class='ocrx_word' id='word_1_359' title='bbox 1897 1886 2124 1959; x_wconf 89' lang='lat' dir='ltr'>decepit</span> <span class='ocrx_word' id='word_1_360' title='bbox 2155 1892 2220 1943; x_wconf 91' lang='lat' dir='ltr'>ut</span> <span class='ocrx_word' id='word_1_361' title='bbox 2246 1887 2388 1943; x_wconf 93' lang='lat' dir='ltr'>dum</span> <span class='ocrx_word' id='word_1_362' title='bbox 2419 1888 2821 1963; x_wconf 87' lang='lat' dir='ltr'>indulgentius</span> <span class='ocrx_word' id='word_1_363' title='bbox 2847 1889 3027 1944; x_wconf 86' lang='lat' dir='ltr'>frenis</span> <span class='ocrx_word' id='word_1_364' title='bbox 3070 1891 3197 1961; x_wconf 88' lang='lat' dir='ltr'>ejus</span> <span class='ocrx_word' id='word_1_365' title='bbox 3246 1890 3450 1957; x_wconf 91' lang='lat' dir='ltr'>utitur,</span> <span class='ocrx_word' id='word_1_366' title='bbox 3484 1891 3544 1945; x_wconf 91' lang='lat' dir='ltr'>in</span> 
     </span>
    </p>
   </div>
   <div class='ocr_carea' id='block_1_52' title="bbox 1896 1976 3546 2050">
    <p class='ocr_par' dir='ltr' id='par_1_52' title="bbox 1896 1976 3546 2050">
     <span class='ocr_line' id='line_1_52' title="bbox 1896 1976 3546 2050; baseline 0.003 -21"><span class='ocrx_word' id='word_1_367' title='bbox 1896 1976 2429 2047; x_wconf 66' lang='lat' dir='ltr'>praevaricationem</span> <span class='ocrx_word' id='word_1_368' title='bbox 2478 1978 2933 2050; x_wconf 65' lang='lat' dir='ltr'>praesumptione</span> <span class='ocrx_word' id='word_1_369' title='bbox 2961 1978 3298 2034; x_wconf 90' lang='lat' dir='ltr'>conciderit.</span> <span class='ocrx_word' id='word_1_370' title='bbox 3330 1980 3447 2034; x_wconf 89' lang='lat' dir='ltr'>Nec</span> <span class='ocrx_word' id='word_1_371' title='bbox 3475 1996 3546 2035; x_wconf 84' lang='lat' dir='ltr'>ex</span> 
     </span>
    </p>
   </div>
   <div class='ocr_carea' id='block_1_53' title="bbox 1896 2062 3545 2139">
    <p class='ocr_par' dir='ltr' id='par_1_53' title="bbox 1896 2062 3545 2139">
     <span class='ocr_line' id='line_1_53' title="bbox 1896 2062 3545 2139; baseline 0.002 -21"><span class='ocrx_word' id='word_1_372' title='bbox 1896 2062 2006 2119; x_wconf 90' lang='lat' dir='ltr'>hac</span> <span class='ocrx_word' id='word_1_373' title='bbox 2036 2064 2227 2136; x_wconf 93' lang='lat' dir='ltr'>potuit</span> <span class='ocrx_word' id='word_1_374' title='bbox 2254 2065 2399 2133; x_wconf 91' lang='lat' dir='ltr'>erui,</span> <span class='ocrx_word' id='word_1_375' title='bbox 2433 2066 2545 2121; x_wconf 89' lang='lat' dir='ltr'>nisi</span> <span class='ocrx_word' id='word_1_376' title='bbox 2576 2066 2627 2121; x_wconf 90' lang='lat' dir='ltr'>ei</span> <span class='ocrx_word' id='word_1_377' title='bbox 2677 2067 3041 2138; x_wconf 88' lang='lat' dir='ltr'>providentia</span> <span class='ocrx_word' id='word_1_378' title='bbox 3088 2066 3545 2139; x_wconf 89' lang='lat' dir='ltr'>regenerationis</span> 
     </span>
    </p>
   </div>
   <div class='ocr_carea' id='block_1_54' title="bbox 1898 2153 3544 2226">
    <p class='ocr_par' dir='ltr' id='par_1_54' title="bbox 1898 2153 3544 2226">
     <span class='ocr_line' id='line_1_54' title="bbox 1898 2153 3544 2226; baseline 0.002 -18"><span class='ocrx_word' id='word_1_379' title='bbox 1898 2155 2117 2208; x_wconf 87' lang='lat' dir='ltr'>statum</span> <span class='ocrx_word' id='word_1_380' title='bbox 2146 2153 2403 2226; x_wconf 74' lang='lat' dir='ltr'>pristina:</span> <span class='ocrx_word' id='word_1_381' title='bbox 2434 2153 2719 2210; x_wconf 87' lang='lat' dir='ltr'>libertatis</span> <span class='ocrx_word' id='word_1_382' title='bbox 2774 2156 2927 2212; x_wconf 71' lang='lat'><strong>269</strong></span> <span class='ocrx_word' id='word_1_383' title='bbox 2948 2155 3160 2211; x_wconf 82' lang='lat' dir='ltr'>Christi</span> <span class='ocrx_word' id='word_1_384' title='bbox 3195 2155 3425 2210; x_wconf 89' lang='lat' dir='ltr'>Domini</span> <span class='ocrx_word' id='word_1_385' title='bbox 3457 2173 3544 2212; x_wconf 90' lang='lat' dir='ltr'>re-</span> 
     </span>
    </p>
   </div>
   <div class='ocr_carea' id='block_1_55' title="bbox 1899 2242 3547 2317">
    <p class='ocr_par' dir='ltr' id='par_1_55' title="bbox 1899 2242 3547 2317">
     <span class='ocr_line' id='line_1_55' title="bbox 1899 2242 3547 2317; baseline 0.002 -21"><span class='ocrx_word' id='word_1_386' title='bbox 1899 2242 2210 2298; x_wconf 79' lang='lat' dir='ltr'>formasset</span> <span class='ocrx_word' id='word_1_387' title='bbox 2239 2243 2580 2299; x_wconf 81' lang='lat' dir='ltr'>adventus.»</span> <span class='ocrx_word' id='word_1_388' title='bbox 2614 2244 2757 2300; x_wconf 90' lang='lat' dir='ltr'>Item</span> <span class='ocrx_word' id='word_1_389' title='bbox 2788 2243 3135 2300; x_wconf 75' lang='lat' dir='ltr'>leestinus</span> <span class='ocrx_word' id='word_1_390' title='bbox 3163 2248 3314 2313; x_wconf 91' lang='lat' dir='ltr'>(Post</span> <span class='ocrx_word' id='word_1_391' title='bbox 3332 2245 3488 2317; x_wconf 85' lang='lat' dir='ltr'>epist.</span> <span class='ocrx_word' id='word_1_392' title='bbox 3512 2246 3547 2299; x_wconf 90' lang='lat'>3</span> 
     </span>
    </p>
   </div>
   <div class='ocr_carea' id='block_1_56' title="bbox 1899 2331 3549 2405">
    <p class='ocr_par' dir='ltr' id='par_1_56' title="bbox 1899 2331 3549 2405">
     <span class='ocr_line' id='line_1_56' title="bbox 1899 2331 3549 2405; baseline 0.001 -18"><span class='ocrx_word' id='word_1_393' title='bbox 1899 2331 2194 2399; x_wconf 74' lang='lat' dir='ltr'>Caelestini,</span> <span class='ocrx_word' id='word_1_394' title='bbox 2229 2348 2356 2405; x_wconf 89' lang='lat' dir='ltr'>cap.</span> <span class='ocrx_word' id='word_1_395' title='bbox 2389 2334 2465 2401; x_wconf 91' lang='lat'>8),</span> <span class='ocrx_word' id='word_1_396' title='bbox 2501 2356 2528 2383; x_wconf 83' lang='lat'><strong><em>«</em></strong></span> <span class='ocrx_word' id='word_1_397' title='bbox 2563 2333 2720 2405; x_wconf 90' lang='lat' dir='ltr'>quod</span> <span class='ocrx_word' id='word_1_398' title='bbox 2752 2332 2952 2388; x_wconf 88' lang='lat' dir='ltr'>omnia</span> <span class='ocrx_word' id='word_1_399' title='bbox 3000 2331 3198 2388; x_wconf 90' lang='lat' dir='ltr'>studia</span> <span class='ocrx_word' id='word_1_400' title='bbox 3244 2338 3307 2388; x_wconf 92' lang='lat' dir='ltr'>et</span> <span class='ocrx_word' id='word_1_401' title='bbox 3351 2332 3549 2389; x_wconf 87' lang='lat' dir='ltr'>omnia</span> 
     </span>
    </p>
   </div>
   <div class='ocr_carea' id='block_1_57' title="bbox 1899 2420 3549 2495">
    <p class='ocr_par' dir='ltr' id='par_1_57' title="bbox 1899 2420 3549 2495">
     <span class='ocr_line' id='line_1_57' title="bbox 1899 2420 3549 2495; baseline 0.001 -20"><span class='ocrx_word' id='word_1_402' title='bbox 1899 2436 2075 2493; x_wconf 91' lang='lat' dir='ltr'>opera</span> <span class='ocrx_word' id='word_1_403' title='bbox 2106 2437 2172 2476; x_wconf 90' lang='lat' dir='ltr'>ac</span> <span class='ocrx_word' id='word_1_404' title='bbox 2204 2421 2412 2477; x_wconf 87' lang='lat' dir='ltr'>merita</span> <span class='ocrx_word' id='word_1_405' title='bbox 2434 2425 2770 2477; x_wconf 90' lang='lat' dir='ltr'>sanctorum</span> <span class='ocrx_word' id='word_1_406' title='bbox 2794 2422 2864 2476; x_wconf 87' lang='lat' dir='ltr'>ad</span> <span class='ocrx_word' id='word_1_407' title='bbox 2890 2420 2990 2476; x_wconf 91' lang='lat' dir='ltr'>Dei</span> <span class='ocrx_word' id='word_1_408' title='bbox 3013 2421 3259 2495; x_wconf 88' lang='lat' dir='ltr'>gloriam</span> <span class='ocrx_word' id='word_1_409' title='bbox 3282 2420 3549 2477; x_wconf 90' lang='lat' dir='ltr'>laudem-</span> 
     </span>
    </p>
   </div>
   <div class='ocr_carea' id='block_1_58' title="bbox 1900 2509 3639 2583">
    <p class='ocr_par' dir='ltr' id='par_1_58' title="bbox 1900 2509 3639 2583">
     <span class='ocr_line' id='line_1_58' title="bbox 1900 2509 3639 2583; baseline 0.001 -20"><span class='ocrx_word' id='word_1_410' title='bbox 1900 2526 2013 2580; x_wconf 91' lang='lat' dir='ltr'>que</span> <span class='ocrx_word' id='word_1_411' title='bbox 2040 2509 2341 2565; x_wconf 83' lang='lat' dir='ltr'>referenda</span> <span class='ocrx_word' id='word_1_412' title='bbox 2373 2515 2530 2576; x_wconf 90' lang='lat' dir='ltr'>sunt,</span> <span class='ocrx_word' id='word_1_413' title='bbox 2547 2510 2686 2583; x_wconf 88' lang='lat' dir='ltr'>quia</span> <span class='ocrx_word' id='word_1_414' title='bbox 2710 2527 2879 2566; x_wconf 88' lang='lat' dir='ltr'>nemo</span> <span class='ocrx_word' id='word_1_415' title='bbox 2901 2509 2952 2565; x_wconf 89' lang='lat' dir='ltr'>ci</span> <span class='ocrx_word' id='word_1_416' title='bbox 2974 2509 3212 2566; x_wconf 88' lang='lat' dir='ltr'>aliunde</span> <span class='ocrx_word' id='word_1_417' title='bbox 3234 2509 3421 2583; x_wconf 82' lang='lat' dir='ltr'>placet</span> <span class='ocrx_word' id='word_1_418' title='bbox 3438 2510 3550 2567; x_wconf 83' lang='lat' dir='ltr'>nisi</span> <span class='ocrx_word' id='word_1_419' title='bbox 3633 2509 3639 2515; x_wconf 77' lang='grc'><em>’</em></span> 
     </span>
    </p>
   </div>
   <div class='ocr_carea' id='block_1_59' title="bbox 1900 2598 3554 2671">
    <p class='ocr_par' dir='ltr' id='par_1_59' title="bbox 1900 2598 3554 2671">
     <span class='ocr_line' id='line_1_59' title="bbox 1900 2598 3554 2671; baseline 0 -18"><span class='ocrx_word' id='word_1_420' title='bbox 1900 2614 1970 2653; x_wconf 76' lang='lat' dir='ltr'>ex</span> <span class='ocrx_word' id='word_1_421' title='bbox 1988 2615 2054 2653; x_wconf 91' lang='lat' dir='ltr'>eo</span> <span class='ocrx_word' id='word_1_422' title='bbox 2077 2599 2229 2670; x_wconf 90' lang='lat' dir='ltr'>quod</span> <span class='ocrx_word' id='word_1_423' title='bbox 2252 2598 2374 2671; x_wconf 86' lang='lat' dir='ltr'>ipse</span> <span class='ocrx_word' id='word_1_424' title='bbox 2398 2599 2852 2670; x_wconf 86' lang='lat' dir='ltr'>donaverit(cap.</span> <span class='ocrx_word' id='word_1_425' title='bbox 2876 2598 2988 2667; x_wconf 88' lang='lat'>9).»</span> <span class='ocrx_word' id='word_1_426' title='bbox 3015 2599 3157 2655; x_wconf 86' lang='lat' dir='ltr'>Item</span> <span class='ocrx_word' id='word_1_427' title='bbox 3185 2616 3196 2653; x_wconf 93' lang='lat'>:</span> <span class='ocrx_word' id='word_1_428' title='bbox 3221 2622 3245 2647; x_wconf 87' lang='grc'><strong>‹‹</strong></span> <span class='ocrx_word' id='word_1_429' title='bbox 3282 2599 3437 2671; x_wconf 90' lang='lat' dir='ltr'>quod</span> <span class='ocrx_word' id='word_1_430' title='bbox 3470 2598 3554 2654; x_wconf 89' lang='lat' dir='ltr'>ita</span> 
     </span>
    </p>
   </div>
   <div class='ocr_carea' id='block_1_60' title="bbox 1901 2686 3551 2760">
    <p class='ocr_par' dir='ltr' id='par_1_60' title="bbox 1901 2686 3551 2760">
     <span class='ocr_line' id='line_1_60' title="bbox 1901 2686 3551 2760; baseline 0.001 -18"><span class='ocrx_word' id='word_1_431' title='bbox 1901 2687 2055 2742; x_wconf 90' lang='lat' dir='ltr'>Deus</span> <span class='ocrx_word' id='word_1_432' title='bbox 2072 2687 2130 2741; x_wconf 93' lang='lat' dir='ltr'>in</span> <span class='ocrx_word' id='word_1_433' title='bbox 2152 2688 2425 2743; x_wconf 85' lang='lat' dir='ltr'>cordibus</span> <span class='ocrx_word' id='word_1_434' title='bbox 2448 2687 2754 2743; x_wconf 89' lang='lat' dir='ltr'>hominum</span> <span class='ocrx_word' id='word_1_435' title='bbox 2777 2692 2950 2760; x_wconf 91' lang='lat' dir='ltr'>atque</span> <span class='ocrx_word' id='word_1_436' title='bbox 2974 2689 3032 2742; x_wconf 89' lang='lat' dir='ltr'>in</span> <span class='ocrx_word' id='word_1_437' title='bbox 3058 2686 3187 2760; x_wconf 92' lang='lat' dir='ltr'>ipso</span> <span class='ocrx_word' id='word_1_438' title='bbox 3208 2686 3388 2743; x_wconf 89' lang='lat' dir='ltr'>libero</span> <span class='ocrx_word' id='word_1_439' title='bbox 3415 2704 3551 2760; x_wconf 91' lang='lat' dir='ltr'>ope-</span> 
     </span>
    </p>
   </div>
   <div class='ocr_carea' id='block_1_61' title="bbox 1901 2775 3547 2849">
    <p class='ocr_par' dir='ltr' id='par_1_61' title="bbox 1901 2775 3547 2849">
     <span class='ocr_line' id='line_1_61' title="bbox 1901 2775 3547 2849; baseline 0.001 -19"><span class='ocrx_word' id='word_1_440' title='bbox 1901 2780 2064 2831; x_wconf 88' lang='lat' dir='ltr'>retur</span> <span class='ocrx_word' id='word_1_441' title='bbox 2091 2775 2333 2833; x_wconf 89' lang='lat' dir='ltr'>arbitrio</span> <span class='ocrx_word' id='word_1_442' title='bbox 2362 2780 2424 2831; x_wconf 91' lang='lat' dir='ltr'>ut</span> <span class='ocrx_word' id='word_1_443' title='bbox 2455 2781 2659 2833; x_wconf 88' lang='lat' dir='ltr'>sancta</span> <span class='ocrx_word' id='word_1_444' title='bbox 2688 2775 2985 2849; x_wconf 90' lang='lat' dir='ltr'>cogitatio,</span> <span class='ocrx_word' id='word_1_445' title='bbox 3019 2775 3181 2849; x_wconf 92' lang='lat' dir='ltr'>pium</span> <span class='ocrx_word' id='word_1_446' title='bbox 3213 2775 3547 2843; x_wconf 88' lang='lat' dir='ltr'>consilium,</span> 
     </span>
    </p>
   </div>
   <div class='ocr_carea' id='block_1_62' title="bbox 1899 2862 3552 2936">
    <p class='ocr_par' dir='ltr' id='par_1_62' title="bbox 1899 2862 3552 2936">
     <span class='ocr_line' id='line_1_62' title="bbox 1899 2862 3552 2936; baseline 0.001 -17"><span class='ocrx_word' id='word_1_447' title='bbox 1899 2863 2209 2935; x_wconf 89' lang='lat' dir='ltr'>omnisque</span> <span class='ocrx_word' id='word_1_448' title='bbox 2240 2867 2435 2919; x_wconf 91' lang='lat' dir='ltr'>motus</span> <span class='ocrx_word' id='word_1_449' title='bbox 2465 2864 2628 2919; x_wconf 85' lang='lat' dir='ltr'>bonae</span> <span class='ocrx_word' id='word_1_450' title='bbox 2661 2862 2977 2919; x_wconf 86' lang='lat' dir='ltr'>voluntatis</span> <span class='ocrx_word' id='word_1_451' title='bbox 3023 2880 3092 2919; x_wconf 81' lang='lat' dir='ltr'>ex</span> <span class='ocrx_word' id='word_1_452' title='bbox 3137 2867 3250 2919; x_wconf 91' lang='lat' dir='ltr'>Deo</span> <span class='ocrx_word' id='word_1_453' title='bbox 3281 2864 3377 2929; x_wconf 90' lang='lat' dir='ltr'>sit,</span> <span class='ocrx_word' id='word_1_454' title='bbox 3411 2864 3552 2936; x_wconf 84' lang='lat' dir='ltr'>quia</span> 
     </span>
    </p>
   </div>
   <div class='ocr_carea' id='block_1_63' title="bbox 1900 2950 3546 3025">
    <p class='ocr_par' dir='ltr' id='par_1_63' title="bbox 1900 2950 3546 3025">
     <span class='ocr_line' id='line_1_63' title="bbox 1900 2950 3546 3025; baseline 0.001 -19"><span class='ocrx_word' id='word_1_455' title='bbox 1900 2969 2014 3007; x_wconf 89' lang='lat' dir='ltr'>non</span> <span class='ocrx_word' id='word_1_456' title='bbox 2047 2951 2159 3008; x_wconf 90' lang='lat' dir='ltr'>nisi</span> <span class='ocrx_word' id='word_1_457' title='bbox 2192 2969 2294 3025; x_wconf 90' lang='lat' dir='ltr'>per</span> <span class='ocrx_word' id='word_1_458' title='bbox 2325 2950 2492 3008; x_wconf 90' lang='lat' dir='ltr'>illum</span> <span class='ocrx_word' id='word_1_459' title='bbox 2524 2950 2744 3025; x_wconf 86' lang='lat' dir='ltr'>aliquid</span> <span class='ocrx_word' id='word_1_460' title='bbox 2779 2952 2911 3007; x_wconf 91' lang='lat' dir='ltr'>boni</span> <span class='ocrx_word' id='word_1_461' title='bbox 2938 2952 3409 3024; x_wconf 89' lang='lat' dir='ltr'>possumus,sine</span> <span class='ocrx_word' id='word_1_462' title='bbox 3430 2969 3546 3024; x_wconf 91' lang='lat' dir='ltr'>quo</span> 
     </span>
    </p>
   </div>
   <div class='ocr_carea' id='block_1_64' title="bbox 1901 3039 3546 3113">
    <p class='ocr_par' dir='ltr' id='par_1_64' title="bbox 1901 3039 3546 3113">
     <span class='ocr_line' id='line_1_64' title="bbox 1901 3039 3546 3113; baseline 0.001 -19"><span class='ocrx_word' id='word_1_463' title='bbox 1901 3039 2045 3095; x_wconf 90' lang='lat' dir='ltr'>nihil</span> <span class='ocrx_word' id='word_1_464' title='bbox 2078 3058 2413 3113; x_wconf 89' lang='lat' dir='ltr'>possumus.</span> <span class='ocrx_word' id='word_1_465' title='bbox 2452 3066 2471 3093; x_wconf 77' lang='grc' dir='ltr'><strong>ι</strong></span> <span class='ocrx_word' id='word_1_466' title='bbox 2510 3042 2651 3097; x_wconf 88' lang='lat' dir='ltr'>Item</span> <span class='ocrx_word' id='word_1_467' title='bbox 2684 3046 2823 3113; x_wconf 82' lang='lat' dir='ltr'>(cup.</span> <span class='ocrx_word' id='word_1_468' title='bbox 2860 3042 2946 3110; x_wconf 81' lang='lat' dir='ltr'>l0)</span> <span class='ocrx_word' id='word_1_469' title='bbox 2982 3058 2994 3095; x_wconf 90' lang='lat'><strong>:</strong></span> <span class='ocrx_word' id='word_1_470' title='bbox 3033 3039 3357 3113; x_wconf 81' lang='lat' dir='ltr'>«Quisquis</span> <span class='ocrx_word' id='word_1_471' title='bbox 3388 3041 3546 3095; x_wconf 86' lang='lat' dir='ltr'>dixe-</span> 
     </span>
    </p>
   </div>
   <div class='ocr_carea' id='block_1_65' title="bbox 1901 3129 3542 3203">
    <p class='ocr_par' dir='ltr' id='par_1_65' title="bbox 1901 3129 3542 3203">
     <span class='ocr_line' id='line_1_65' title="bbox 1901 3129 3542 3203; baseline 0.001 -20"><span class='ocrx_word' id='word_1_472' title='bbox 1901 3130 1993 3196; x_wconf 90' lang='lat' dir='ltr'>rit,</span> <span class='ocrx_word' id='word_1_473' title='bbox 2026 3129 2154 3185; x_wconf 91' lang='lat' dir='ltr'>ideo</span> <span class='ocrx_word' id='word_1_474' title='bbox 2188 3130 2355 3186; x_wconf 90' lang='lat' dir='ltr'>nobis</span> <span class='ocrx_word' id='word_1_475' title='bbox 2385 3130 2629 3203; x_wconf 80' lang='lat' dir='ltr'>gratiam</span> <span class='ocrx_word' id='word_1_476' title='bbox 2655 3129 3095 3202; x_wconf 88' lang='lat' dir='ltr'>justiﬁcationis</span> <span class='ocrx_word' id='word_1_477' title='bbox 3127 3129 3272 3194; x_wconf 89' lang='lat' dir='ltr'>dari,</span> <span class='ocrx_word' id='word_1_478' title='bbox 3306 3130 3542 3201; x_wconf 81' lang='lat' dir='ltr'>utquod</span> 
     </span>
    </p>
   </div>
   <div class='ocr_carea' id='block_1_66' title="bbox 137 3208 3543 3293">
    <p class='ocr_par' dir='ltr' id='par_1_66' title="bbox 137 3208 3543 3293">
     <span class='ocr_line' id='line_1_66' title="bbox 137 3208 3543 3293; baseline -0.001 -14"><span class='ocrx_word' id='word_1_479' title='bbox 137 3223 339 3279; x_wconf 88' lang='lat' dir='ltr'>omnis</span> <span class='ocrx_word' id='word_1_480' title='bbox 365 3222 670 3279; x_wconf 86' lang='lat' dir='ltr'>hominum</span> <span class='ocrx_word' id='word_1_481' title='bbox 694 3220 1131 3277; x_wconf 73' lang='lat' dir='ltr'>fortitudo268</span> <span class='ocrx_word' id='word_1_482' title='bbox 1146 3220 1522 3275; x_wconf 84' lang='lat' dir='ltr'>marcessitet</span> <span class='ocrx_word' id='word_1_483' title='bbox 1542 3217 1783 3290; x_wconf 90' lang='lat' dir='ltr'>deperit,</span> <span class='ocrx_word' id='word_1_484' title='bbox 1818 3208 1860 3274; x_wconf 87' lang='lat' dir='ltr'>C</span> <span class='ocrx_word' id='word_1_485' title='bbox 1900 3218 2085 3275; x_wconf 89' lang='lat' dir='ltr'>facere</span> <span class='ocrx_word' id='word_1_486' title='bbox 2106 3221 2390 3290; x_wconf 89' lang='lat' dir='ltr'>jubemur</span> <span class='ocrx_word' id='word_1_487' title='bbox 2413 3238 2517 3293; x_wconf 86' lang='lat' dir='ltr'>per</span> <span class='ocrx_word' id='word_1_488' title='bbox 2536 3219 2788 3276; x_wconf 89' lang='lat' dir='ltr'>liberum</span> <span class='ocrx_word' id='word_1_489' title='bbox 2811 3217 3388 3285; x_wconf 83' lang='lat' dir='ltr'>arbitrium,facilius</span> <span class='ocrx_word' id='word_1_490' title='bbox 3411 3235 3543 3290; x_wconf 89' lang='lat' dir='ltr'>pos-</span> 
     </span>
    </p>
   </div>
   <div class='ocr_carea' id='block_1_67' title="bbox 136 3307 1787 3380">
    <p class='ocr_par' dir='ltr' id='par_1_67' title="bbox 136 3307 1787 3380">
     <span class='ocr_line' id='line_1_67' title="bbox 136 3307 1787 3380; baseline -0.004 -13"><span class='ocrx_word' id='word_1_491' title='bbox 136 3311 191 3368; x_wconf 88' lang='lat' dir='ltr'>si</span> <span class='ocrx_word' id='word_1_492' title='bbox 223 3330 260 3367; x_wconf 89' lang='lat' dir='ltr'>a</span> <span class='ocrx_word' id='word_1_493' title='bbox 289 3311 388 3367; x_wconf 89' lang='lat' dir='ltr'>Dei</span> <span class='ocrx_word' id='word_1_494' title='bbox 421 3309 634 3366; x_wconf 80' lang='lat' dir='ltr'>auxilio</span> <span class='ocrx_word' id='word_1_495' title='bbox 664 3310 986 3365; x_wconf 88' lang='lat' dir='ltr'>deseratur.</span> <span class='ocrx_word' id='word_1_496' title='bbox 1034 3309 1219 3378; x_wconf 82' lang='lat' dir='ltr'>Nemo,</span> <span class='ocrx_word' id='word_1_497' title='bbox 1250 3307 1462 3380; x_wconf 90' lang='lat' dir='ltr'>inquit,</span> <span class='ocrx_word' id='word_1_498' title='bbox 1487 3315 1660 3379; x_wconf 81' lang='lat' dir='ltr'>potest</span> <span class='ocrx_word' id='word_1_499' title='bbox 1699 3323 1787 3362; x_wconf 87' lang='lat' dir='ltr'>ve-</span> 
     </span>
    </p>
   </div>
   <div class='ocr_carea' id='block_1_68' title="bbox 134 3398 1793 3470">
    <p class='ocr_par' dir='ltr' id='par_1_68' title="bbox 134 3398 1793 3470">
     <span class='ocr_line' id='line_1_68' title="bbox 134 3398 1793 3470; baseline -0.003 -14"><span class='ocrx_word' id='word_1_500' title='bbox 134 3403 267 3456; x_wconf 80' lang='lat' dir='ltr'>nire</span> <span class='ocrx_word' id='word_1_501' title='bbox 309 3400 380 3456; x_wconf 80' lang='lat' dir='ltr'>ad</span> <span class='ocrx_word' id='word_1_502' title='bbox 424 3416 511 3456; x_wconf 87' lang='lat' dir='ltr'>me</span> <span class='ocrx_word' id='word_1_503' title='bbox 556 3400 671 3455; x_wconf 83' lang='lat' dir='ltr'>nisi</span> <span class='ocrx_word' id='word_1_504' title='bbox 718 3404 902 3463; x_wconf 87' lang='lat' dir='ltr'>Pater,</span> <span class='ocrx_word' id='word_1_505' title='bbox 929 3399 1028 3470; x_wconf 85' lang='lat' dir='ltr'>qui</span> <span class='ocrx_word' id='word_1_506' title='bbox 1069 3399 1225 3453; x_wconf 77' lang='lat' dir='ltr'>misit</span> <span class='ocrx_word' id='word_1_507' title='bbox 1252 3414 1359 3462; x_wconf 91' lang='lat' dir='ltr'>me,</span> <span class='ocrx_word' id='word_1_508' title='bbox 1390 3398 1625 3452; x_wconf 71' lang='lat' dir='ltr'>traxerit</span> <span class='ocrx_word' id='word_1_509' title='bbox 1667 3412 1793 3452; x_wconf 89' lang='lat' dir='ltr'>eum</span> 
     </span>
    </p>
   </div>
   <div class='ocr_carea' id='block_1_69' title="bbox 134 3484 1789 3557">
    <p class='ocr_par' dir='ltr' id='par_1_69' title="bbox 134 3484 1789 3557">
     <span class='ocr_line' id='line_1_69' title="bbox 134 3484 1789 3557; baseline -0.004 -12"><span class='ocrx_word' id='word_1_510' title='bbox 134 3489 327 3557; x_wconf 81' lang='lat' dir='ltr'>(Joan.</span> <span class='ocrx_word' id='word_1_511' title='bbox 359 3487 456 3546; x_wconf 66' lang='grc' dir='ltr'>γι).</span> <span class='ocrx_word' id='word_1_512' title='bbox 482 3486 723 3552; x_wconf 85' lang='lat' dir='ltr'>Quando</span> <span class='ocrx_word' id='word_1_513' title='bbox 752 3484 913 3552; x_wconf 90' lang='lat' dir='ltr'>dicit,</span> <span class='ocrx_word' id='word_1_514' title='bbox 946 3501 1104 3541; x_wconf 83' lang='lat' dir='ltr'>nemo</span> <span class='ocrx_word' id='word_1_515' title='bbox 1130 3492 1302 3557; x_wconf 86' lang='lat' dir='ltr'>potest</span> <span class='ocrx_word' id='word_1_516' title='bbox 1342 3486 1529 3540; x_wconf 85' lang='lat' dir='ltr'>venire</span> <span class='ocrx_word' id='word_1_517' title='bbox 1576 3484 1645 3538; x_wconf 86' lang='lat' dir='ltr'>ad</span> <span class='ocrx_word' id='word_1_518' title='bbox 1684 3501 1789 3546; x_wconf 88' lang='lat' dir='ltr'>me.</span> 
     </span>
    </p>
   </div>
   <div class='ocr_carea' id='block_1_70' title="bbox 138 3571 1794 3649">
    <p class='ocr_par' dir='ltr' id='par_1_70' title="bbox 138 3571 1794 3649">
     <span class='ocr_line' id='line_1_70' title="bbox 138 3571 1794 3649; baseline -0.004 -17"><span class='ocrx_word' id='word_1_519' title='bbox 138 3575 360 3649; x_wconf 81' lang='lat' dir='ltr'>frangit</span> <span class='ocrx_word' id='word_1_520' title='bbox 374 3574 806 3648; x_wconf 89' lang='lat' dir='ltr'>superbientem</span> <span class='ocrx_word' id='word_1_521' title='bbox 824 3572 1047 3629; x_wconf 90' lang='lat' dir='ltr'>arbitrii</span> <span class='ocrx_word' id='word_1_522' title='bbox 1064 3572 1576 3645; x_wconf 88' lang='lat' dir='ltr'>libertatem,quod</span> <span class='ocrx_word' id='word_1_523' title='bbox 1596 3571 1794 3627; x_wconf 90' lang='lat' dir='ltr'>etiam-</span> 
     </span>
    </p>
   </div>
   <div class='ocr_carea' id='block_1_71' title="bbox 139 3660 1790 3735">
    <p class='ocr_par' dir='ltr' id='par_1_71' title="bbox 139 3660 1790 3735">
     <span class='ocr_line' id='line_1_71' title="bbox 139 3660 1790 3735; baseline -0.003 -15"><span class='ocrx_word' id='word_1_524' title='bbox 139 3665 194 3720; x_wconf 89' lang='lat' dir='ltr'>si</span> <span class='ocrx_word' id='word_1_525' title='bbox 223 3663 362 3719; x_wconf 89' lang='lat' dir='ltr'>velit</span> <span class='ocrx_word' id='word_1_526' title='bbox 391 3664 463 3719; x_wconf 89' lang='lat' dir='ltr'>ad</span> <span class='ocrx_word' id='word_1_527' title='bbox 493 3662 788 3718; x_wconf 85' lang='lat' dir='ltr'>Christum</span> <span class='ocrx_word' id='word_1_528' title='bbox 838 3678 1095 3735; x_wconf 88' lang='lat' dir='ltr'>pergere,</span> <span class='ocrx_word' id='word_1_529' title='bbox 1130 3661 1244 3718; x_wconf 89' lang='lat' dir='ltr'>nisi</span> <span class='ocrx_word' id='word_1_530' title='bbox 1295 3661 1396 3716; x_wconf 87' lang='lat' dir='ltr'>ﬁat</span> <span class='ocrx_word' id='word_1_531' title='bbox 1443 3660 1588 3716; x_wconf 92' lang='lat' dir='ltr'>illud</span> <span class='ocrx_word' id='word_1_532' title='bbox 1637 3660 1790 3732; x_wconf 91' lang='lat' dir='ltr'>quod</span> 
     </span>
    </p>
   </div>
   <div class='ocr_carea' id='block_1_72' title="bbox 140 3748 1796 3825">
    <p class='ocr_par' dir='ltr' id='par_1_72' title="bbox 140 3748 1796 3825">
     <span class='ocr_line' id='line_1_72' title="bbox 140 3748 1796 3825; baseline -0.004 -16"><span class='ocrx_word' id='word_1_533' title='bbox 140 3751 436 3825; x_wconf 85' lang='lat' dir='ltr'>sequitur,</span> <span class='ocrx_word' id='word_1_534' title='bbox 452 3752 620 3808; x_wconf 87' lang='lat' dir='ltr'>Pater</span> <span class='ocrx_word' id='word_1_535' title='bbox 639 3767 807 3808; x_wconf 89' lang='lat' dir='ltr'>meus</span> <span class='ocrx_word' id='word_1_536' title='bbox 825 3749 1075 3807; x_wconf 71' lang='lat' dir='ltr'>cmlestis</span> <span class='ocrx_word' id='word_1_537' title='bbox 1107 3749 1346 3806; x_wconf 86' lang='lat' dir='ltr'>traxerit</span> <span class='ocrx_word' id='word_1_538' title='bbox 1375 3766 1609 3816; x_wconf 91' lang='lat' dir='ltr'>eum,ne</span> <span class='ocrx_word' id='word_1_539' title='bbox 1631 3748 1796 3820; x_wconf 85' lang='lat' dir='ltr'>quid-</span> 
     </span>
    </p>
   </div>
   <div class='ocr_carea' id='block_1_73' title="bbox 140 3838 1796 3915">
    <p class='ocr_par' dir='ltr' id='par_1_73' title="bbox 140 3838 1796 3915">
     <span class='ocr_line' id='line_1_73' title="bbox 140 3838 1796 3915; baseline -0.003 -18"><span class='ocrx_word' id='word_1_540' title='bbox 140 3858 325 3915; x_wconf 89' lang='lat' dir='ltr'>quam</span> <span class='ocrx_word' id='word_1_541' title='bbox 352 3840 567 3913; x_wconf 90' lang='lat' dir='ltr'>cupiat,</span> <span class='ocrx_word' id='word_1_542' title='bbox 595 3841 813 3896; x_wconf 86' lang='lat' dir='ltr'>frustra</span> <span class='ocrx_word' id='word_1_543' title='bbox 842 3839 1082 3895; x_wconf 89' lang='lat' dir='ltr'>nitatur.</span> <span class='ocrx_word' id='word_1_544' title='bbox 1097 3838 1285 3895; x_wconf 92' lang='lat' dir='ltr'>Simul</span> <span class='ocrx_word' id='word_1_545' title='bbox 1317 3842 1374 3894; x_wconf 90' lang='lat' dir='ltr'>et</span> <span class='ocrx_word' id='word_1_546' title='bbox 1394 3839 1504 3894; x_wconf 90' lang='lat' dir='ltr'>hoc</span> <span class='ocrx_word' id='word_1_547' title='bbox 1532 3838 1796 3894; x_wconf 84' lang='lat' dir='ltr'>animad-</span> 
     </span>
    </p>
   </div>
   <div class='ocr_carea' id='block_1_74' title="bbox 139 3926 1794 4001">
    <p class='ocr_par' dir='ltr' id='par_1_74' title="bbox 139 3926 1794 4001">
     <span class='ocr_line' id='line_1_74' title="bbox 139 3926 1794 4001; baseline -0.004 -15"><span class='ocrx_word' id='word_1_548' title='bbox 139 3930 488 3988; x_wconf 82' lang='lat' dir='ltr'>vertendum</span> <span class='ocrx_word' id='word_1_549' title='bbox 521 3929 678 4001; x_wconf 90' lang='lat' dir='ltr'>quod</span> <span class='ocrx_word' id='word_1_550' title='bbox 705 3929 806 4001; x_wconf 90' lang='lat' dir='ltr'>qui</span> <span class='ocrx_word' id='word_1_551' title='bbox 837 3928 1108 3997; x_wconf 80' lang='lat' dir='ltr'>trahitur,</span> <span class='ocrx_word' id='word_1_552' title='bbox 1124 3945 1239 3984; x_wconf 91' lang='lat' dir='ltr'>non</span> <span class='ocrx_word' id='word_1_553' title='bbox 1257 3931 1463 4000; x_wconf 85' lang='lat' dir='ltr'>sponte</span> <span class='ocrx_word' id='word_1_554' title='bbox 1484 3926 1794 3994; x_wconf 89' lang='lat' dir='ltr'>currit,sed</span> 
     </span>
    </p>
   </div>
   <div class='ocr_carea' id='block_1_75' title="bbox 110 4013 1792 4086">
    <p class='ocr_par' dir='ltr' id='par_1_75' title="bbox 110 4013 1792 4086">
     <span class='ocr_line' id='line_1_75' title="bbox 110 4013 1792 4086; baseline -0.004 -12"><span class='ocrx_word' id='word_1_555' title='bbox 110 4022 249 4075; x_wconf 86' lang='lat' dir='ltr'>.aut</span> <span class='ocrx_word' id='word_1_556' title='bbox 277 4021 623 4085; x_wconf 85' lang='lat' dir='ltr'>retractans,</span> <span class='ocrx_word' id='word_1_557' title='bbox 658 4022 760 4073; x_wconf 89' lang='lat' dir='ltr'>aut</span> <span class='ocrx_word' id='word_1_558' title='bbox 786 4018 1013 4086; x_wconf 88' lang='lat' dir='ltr'>tardus,</span> <span class='ocrx_word' id='word_1_559' title='bbox 1045 4020 1148 4072; x_wconf 89' lang='lat' dir='ltr'>aut</span> <span class='ocrx_word' id='word_1_560' title='bbox 1194 4016 1412 4071; x_wconf 90' lang='lat' dir='ltr'>invitus</span> <span class='ocrx_word' id='word_1_561' title='bbox 1464 4013 1792 4070; x_wconf 89' lang='lat' dir='ltr'>adducitur.</span> 
     </span>
    </p>
   </div>
   <div class='ocr_carea' id='block_1_76' title="bbox 141 4103 1795 4179">
    <p class='ocr_par' dir='ltr' id='par_1_76' title="bbox 141 4103 1795 4179">
     <span class='ocr_line' id='line_1_76' title="bbox 141 4103 1795 4179; baseline -0.003 -16"><span class='ocrx_word' id='word_1_562' title='bbox 141 4108 255 4175; x_wconf 86' lang='lat' dir='ltr'>Qui</span> <span class='ocrx_word' id='word_1_563' title='bbox 287 4123 402 4162; x_wconf 91' lang='lat' dir='ltr'>non</span> <span class='ocrx_word' id='word_1_564' title='bbox 434 4110 625 4179; x_wconf 90' lang='lat' dir='ltr'>potest</span> <span class='ocrx_word' id='word_1_565' title='bbox 646 4105 772 4162; x_wconf 91' lang='lat' dir='ltr'>suis</span> <span class='ocrx_word' id='word_1_566' title='bbox 800 4105 1023 4161; x_wconf 89' lang='lat' dir='ltr'>viribus</span> <span class='ocrx_word' id='word_1_567' title='bbox 1054 4110 1112 4161; x_wconf 92' lang='lat' dir='ltr'>et</span> <span class='ocrx_word' id='word_1_568' title='bbox 1137 4104 1333 4160; x_wconf 89' lang='lat' dir='ltr'>labore</span> <span class='ocrx_word' id='word_1_569' title='bbox 1373 4103 1566 4159; x_wconf 90' lang='lat' dir='ltr'>venire</span> <span class='ocrx_word' id='word_1_570' title='bbox 1599 4104 1669 4159; x_wconf 88' lang='lat' dir='ltr'>ad</span> <span class='ocrx_word' id='word_1_571' title='bbox 1700 4103 1795 4159; x_wconf 91' lang='lat' dir='ltr'>Je-</span> 
     </span>
    </p>
   </div>
   <div class='ocr_carea' id='block_1_77' title="bbox 140 4192 1796 4268">
    <p class='ocr_par' dir='ltr' id='par_1_77' title="bbox 140 4192 1796 4268">
     <span class='ocr_line' id='line_1_77' title="bbox 140 4192 1796 4268; baseline -0.004 -15"><span class='ocrx_word' id='word_1_572' title='bbox 140 4213 302 4263; x_wconf 87' lang='lat' dir='ltr'>sum,</span> <span class='ocrx_word' id='word_1_573' title='bbox 336 4196 627 4268; x_wconf 89' lang='lat' dir='ltr'>quomodo</span> <span class='ocrx_word' id='word_1_574' title='bbox 658 4198 849 4268; x_wconf 90' lang='lat' dir='ltr'>potest</span> <span class='ocrx_word' id='word_1_575' title='bbox 875 4194 1077 4251; x_wconf 90' lang='lat' dir='ltr'>omnia</span> <span class='ocrx_word' id='word_1_576' title='bbox 1104 4193 1279 4251; x_wconf 91' lang='lat' dir='ltr'>simul</span> <span class='ocrx_word' id='word_1_577' title='bbox 1311 4196 1547 4266; x_wconf 83' lang='lat' dir='ltr'>peccata</span> <span class='ocrx_word' id='word_1_578' title='bbox 1595 4192 1796 4267; x_wconf 75' lang='lat' dir='ltr'>vitare,</span> 
     </span>
    </p>
   </div>
   <div class='ocr_carea' id='block_1_78' title="bbox 141 4283 965 4357">
    <p class='ocr_par' dir='ltr' id='par_1_78' title="bbox 141 4283 965 4357">
     <span class='ocr_line' id='line_1_78' title="bbox 141 4283 965 4357; baseline -0.005 -17"><span class='ocrx_word' id='word_1_579' title='bbox 141 4290 203 4341; x_wconf 87' lang='lat' dir='ltr'>et</span> <span class='ocrx_word' id='word_1_580' title='bbox 234 4284 414 4340; x_wconf 88' lang='lat' dir='ltr'>vitare</span> <span class='ocrx_word' id='word_1_581' title='bbox 436 4283 496 4339; x_wconf 90' lang='lat' dir='ltr'>in</span> <span class='ocrx_word' id='word_1_582' title='bbox 516 4284 904 4357; x_wconf 85' lang='lat' dir='ltr'>perpetuum?</span> <span class='ocrx_word' id='word_1_583' title='bbox 937 4306 965 4334; x_wconf 69' lang='grc' dir='ltr'><em>η</em></span> 
     </span>
    </p>
   </div>
   <div class='ocr_carea' id='block_1_79' title="bbox 1899 3307 3544 3382">
    <p class='ocr_par' dir='ltr' id='par_1_79' title="bbox 1899 3307 3544 3382">
     <span class='ocr_line' id='line_1_79' title="bbox 1899 3307 3544 3382; baseline 0.001 -21"><span class='ocrx_word' id='word_1_584' title='bbox 1899 3308 2087 3364; x_wconf 90' lang='lat' dir='ltr'>simus</span> <span class='ocrx_word' id='word_1_585' title='bbox 2107 3307 2349 3381; x_wconf 82' lang='lat' dir='ltr'>implere</span> <span class='ocrx_word' id='word_1_586' title='bbox 2371 3326 2471 3381; x_wconf 80' lang='lat' dir='ltr'>per</span> <span class='ocrx_word' id='word_1_587' title='bbox 2491 3309 3049 3382; x_wconf 86' lang='lat' dir='ltr'>gratiam,tanquam</span> <span class='ocrx_word' id='word_1_588' title='bbox 3081 3307 3188 3363; x_wconf 88' lang='lat' dir='ltr'>etsi</span> <span class='ocrx_word' id='word_1_589' title='bbox 3220 3307 3405 3379; x_wconf 86' lang='lat' dir='ltr'>gratia</span> <span class='ocrx_word' id='word_1_590' title='bbox 3426 3324 3544 3363; x_wconf 87' lang='lat' dir='ltr'>non</span> 
     </span>
    </p>
   </div>
   <div class='ocr_carea' id='block_1_80' title="bbox 1899 3396 3546 3470">
    <p class='ocr_par' dir='ltr' id='par_1_80' title="bbox 1899 3396 3546 3470">
     <span class='ocr_line' id='line_1_80' title="bbox 1899 3396 3546 3470; baseline -0.001 -19"><span class='ocrx_word' id='word_1_591' title='bbox 1899 3396 2154 3463; x_wconf 88' lang='lat' dir='ltr'>daretur,</span> <span class='ocrx_word' id='word_1_592' title='bbox 2189 3414 2305 3452; x_wconf 90' lang='lat' dir='ltr'>non</span> <span class='ocrx_word' id='word_1_593' title='bbox 2337 3396 2587 3470; x_wconf 89' lang='lat' dir='ltr'>quietem</span> <span class='ocrx_word' id='word_1_594' title='bbox 2622 3396 2810 3465; x_wconf 82' lang='lat' dir='ltr'>facile,</span> <span class='ocrx_word' id='word_1_595' title='bbox 2845 3397 2944 3451; x_wconf 90' lang='lat' dir='ltr'>sed</span> <span class='ocrx_word' id='word_1_596' title='bbox 2992 3399 3188 3452; x_wconf 87' lang='lat' dir='ltr'>tamen</span> <span class='ocrx_word' id='word_1_597' title='bbox 3237 3412 3546 3468; x_wconf 87' lang='lat' dir='ltr'>possemus</span> 
     </span>
    </p>
   </div>
   <div class='ocr_carea' id='block_1_81' title="bbox 1900 3483 3551 3557">
    <p class='ocr_par' dir='ltr' id='par_1_81' title="bbox 1900 3483 3551 3557">
     <span class='ocr_line' id='line_1_81' title="bbox 1900 3483 3551 3557; baseline -0.001 -17"><span class='ocrx_word' id='word_1_598' title='bbox 1900 3485 2075 3540; x_wconf 86' lang='lat' dir='ltr'>etiam</span> <span class='ocrx_word' id='word_1_599' title='bbox 2099 3486 2224 3541; x_wconf 89' lang='lat' dir='ltr'>sine</span> <span class='ocrx_word' id='word_1_600' title='bbox 2254 3485 2356 3541; x_wconf 90' lang='lat' dir='ltr'>illa</span> <span class='ocrx_word' id='word_1_601' title='bbox 2385 3485 2627 3557; x_wconf 87' lang='lat' dir='ltr'>implere</span> <span class='ocrx_word' id='word_1_602' title='bbox 2658 3485 2857 3541; x_wconf 87' lang='lat' dir='ltr'>divina</span> <span class='ocrx_word' id='word_1_603' title='bbox 2904 3485 3201 3552; x_wconf 82' lang='lat' dir='ltr'>mandata,</span> <span class='ocrx_word' id='word_1_604' title='bbox 3236 3483 3551 3540; x_wconf 84' lang='lat' dir='ltr'>anathema</span> 
     </span>
    </p>
   </div>
   <div class='ocr_carea' id='block_1_82' title="bbox 1902 3572 3547 3645">
    <p class='ocr_par' dir='ltr' id='par_1_82' title="bbox 1902 3572 3547 3645">
     <span class='ocr_line' id='line_1_82' title="bbox 1902 3572 3547 3645; baseline -0.001 -17"><span class='ocrx_word' id='word_1_605' title='bbox 1902 3572 1996 3629; x_wconf 91' lang='lat' dir='ltr'>sit.</span> <span class='ocrx_word' id='word_1_606' title='bbox 2012 3574 2091 3629; x_wconf 91' lang='lat' dir='ltr'>De</span> <span class='ocrx_word' id='word_1_607' title='bbox 2115 3573 2404 3629; x_wconf 87' lang='lat' dir='ltr'>fructibus</span> <span class='ocrx_word' id='word_1_608' title='bbox 2426 3574 2583 3629; x_wconf 87' lang='lat' dir='ltr'>enim</span> <span class='ocrx_word' id='word_1_609' title='bbox 2616 3575 3027 3630; x_wconf 89' lang='lat' dir='ltr'>mandatorum</span> <span class='ocrx_word' id='word_1_610' title='bbox 3050 3574 3334 3629; x_wconf 89' lang='lat' dir='ltr'>Dominus</span> <span class='ocrx_word' id='word_1_611' title='bbox 3354 3572 3547 3645; x_wconf 86' lang='lat' dir='ltr'>loque-</span> 
     </span>
    </p>
   </div>
   <div class='ocr_carea' id='block_1_83' title="bbox 1901 3661 3542 3736">
    <p class='ocr_par' dir='ltr' id='par_1_83' title="bbox 1901 3661 3542 3736">
     <span class='ocr_line' id='line_1_83' title="bbox 1901 3661 3542 3736; baseline 0 -20"><span class='ocrx_word' id='word_1_612' title='bbox 1901 3661 2093 3729; x_wconf 88' lang='lat' dir='ltr'>batur,</span> <span class='ocrx_word' id='word_1_613' title='bbox 2126 3661 2225 3718; x_wconf 94' lang='lat' dir='ltr'>ubi</span> <span class='ocrx_word' id='word_1_614' title='bbox 2249 3679 2364 3717; x_wconf 91' lang='lat' dir='ltr'>non</span> <span class='ocrx_word' id='word_1_615' title='bbox 2389 3662 2490 3729; x_wconf 92' lang='lat' dir='ltr'>ait,</span> <span class='ocrx_word' id='word_1_616' title='bbox 2512 3662 2640 3718; x_wconf 90' lang='lat' dir='ltr'>sine</span> <span class='ocrx_word' id='word_1_617' title='bbox 2673 3680 2764 3719; x_wconf 87' lang='lat' dir='ltr'>me</span> <span class='ocrx_word' id='word_1_618' title='bbox 2793 3662 3093 3720; x_wconf 83' lang='lat' dir='ltr'>difﬁcilius</span> <span class='ocrx_word' id='word_1_619' title='bbox 3123 3662 3387 3736; x_wconf 87' lang='lat' dir='ltr'>potestis,</span> <span class='ocrx_word' id='word_1_620' title='bbox 3418 3662 3542 3731; x_wconf 92' lang='lat' dir='ltr'>sed,</span> 
     </span>
    </p>
   </div>
   <div class='ocr_carea' id='block_1_84' title="bbox 1904 3750 2906 3823">
    <p class='ocr_par' dir='ltr' id='par_1_84' title="bbox 1904 3750 2906 3823">
     <span class='ocr_line' id='line_1_84' title="bbox 1904 3750 2906 3823; baseline -0.003 -17"><span class='ocrx_word' id='word_1_621' title='bbox 1904 3751 2031 3806; x_wconf 88' lang='lat' dir='ltr'>sine</span> <span class='ocrx_word' id='word_1_622' title='bbox 2062 3767 2154 3806; x_wconf 90' lang='lat' dir='ltr'>me</span> <span class='ocrx_word' id='word_1_623' title='bbox 2184 3750 2330 3806; x_wconf 89' lang='lat' dir='ltr'>nihil</span> <span class='ocrx_word' id='word_1_624' title='bbox 2362 3752 2605 3823; x_wconf 87' lang='lat' dir='ltr'>potestis</span> <span class='ocrx_word' id='word_1_625' title='bbox 2638 3753 2846 3807; x_wconf 84' lang='lat' dir='ltr'>facere.</span> <span class='ocrx_word' id='word_1_626' title='bbox 2885 3776 2906 3802; x_wconf 74' lang='grc' dir='ltr'>ι</span> 
     </span>
    </p>
   </div>
   <div class='ocr_carea' id='block_1_85' title="bbox 1975 3838 3556 3914">
    <p class='ocr_par' dir='ltr' id='par_1_85' title="bbox 1975 3838 3556 3914">
     <span class='ocr_line' id='line_1_85' title="bbox 1975 3838 3556 3914; baseline 0.001 -19"><span class='ocrx_word' id='word_1_627' title='bbox 1975 3840 2223 3895; x_wconf 88' lang='lat' dir='ltr'>Sanctus</span> <span class='ocrx_word' id='word_1_628' title='bbox 2249 3856 2480 3911; x_wconf 87' lang='lat' dir='ltr'>quoque</span> <span class='ocrx_word' id='word_1_629' title='bbox 2510 3857 2660 3912; x_wconf 87' lang='lat' dir='ltr'>papa</span> <span class='ocrx_word' id='word_1_630' title='bbox 2689 3841 3026 3914; x_wconf 84' lang='lat' dir='ltr'>Gregorius,</span> <span class='ocrx_word' id='word_1_631' title='bbox 3059 3840 3230 3896; x_wconf 88' lang='lat' dir='ltr'>bonis</span> <span class='ocrx_word' id='word_1_632' title='bbox 3278 3838 3556 3896; x_wconf 90' lang='lat' dir='ltr'>omnibus</span> 
     </span>
    </p>
   </div>
   <div class='ocr_carea' id='block_1_86' title="bbox 1906 3928 3558 4000">
    <p class='ocr_par' dir='ltr' id='par_1_86' title="bbox 1906 3928 3558 4000">
     <span class='ocr_line' id='line_1_86' title="bbox 1906 3928 3558 4000; baseline -0.002 -16"><span class='ocrx_word' id='word_1_633' title='bbox 1906 3928 2096 3984; x_wconf 89' lang='lat' dir='ltr'>Latini</span> <span class='ocrx_word' id='word_1_634' title='bbox 2116 3928 2402 3983; x_wconf 90' lang='lat' dir='ltr'>sermonis</span> <span class='ocrx_word' id='word_1_635' title='bbox 2424 3928 2738 3999; x_wconf 88' lang='lat' dir='ltr'>capacibus</span> <span class='ocrx_word' id='word_1_636' title='bbox 2761 3945 2996 4000; x_wconf 73' lang='lat' dir='ltr'>suaeque</span> <span class='ocrx_word' id='word_1_637' title='bbox 3019 3928 3295 3983; x_wconf 72' lang='lat' dir='ltr'>doctrinas</span> <span class='ocrx_word' id='word_1_638' title='bbox 3322 3928 3415 3999; x_wconf 91' lang='lat' dir='ltr'>pie</span> <span class='ocrx_word' id='word_1_639' title='bbox 3436 3932 3558 3982; x_wconf 86' lang='lat' dir='ltr'>stu-</span> 
     </span>
    </p>
   </div>
   <div class='ocr_carea' id='block_1_87' title="bbox 1908 4014 3558 4087">
    <p class='ocr_par' dir='ltr' id='par_1_87' title="bbox 1908 4014 3558 4087">
     <span class='ocr_line' id='line_1_87' title="bbox 1908 4014 3558 4087; baseline -0.001 -16"><span class='ocrx_word' id='word_1_640' title='bbox 1908 4016 2089 4072; x_wconf 90' lang='lat' dir='ltr'>diosis</span> <span class='ocrx_word' id='word_1_641' title='bbox 2109 4014 2431 4087; x_wconf 89' lang='lat' dir='ltr'>plurimum</span> <span class='ocrx_word' id='word_1_642' title='bbox 2455 4014 3047 4081; x_wconf 86' lang='lat' dir='ltr'>collaturus,humani</span> <span class='ocrx_word' id='word_1_643' title='bbox 3062 4015 3285 4069; x_wconf 91' lang='lat' dir='ltr'>arbitrii</span> <span class='ocrx_word' id='word_1_644' title='bbox 3305 4015 3558 4086; x_wconf 86' lang='lat' dir='ltr'>proprie-</span> 
     </span>
    </p>
   </div>
   <div class='ocr_carea' id='block_1_88' title="bbox 1906 4101 3555 4160">
    <p class='ocr_par' dir='ltr' id='par_1_88' title="bbox 1906 4101 3555 4160">
     <span class='ocr_line' id='line_1_88' title="bbox 1906 4101 3555 4160; baseline -0.001 0"><span class='ocrx_word' id='word_1_645' title='bbox 1906 4107 2084 4160; x_wconf 86' lang='lat' dir='ltr'>tatem</span> <span class='ocrx_word' id='word_1_646' title='bbox 2116 4101 2412 4158; x_wconf 88' lang='lat' dir='ltr'>subtiliter</span> <span class='ocrx_word' id='word_1_647' title='bbox 2433 4119 2499 4158; x_wconf 90' lang='lat' dir='ltr'>ac</span> <span class='ocrx_word' id='word_1_648' title='bbox 2521 4104 2805 4158; x_wconf 87' lang='lat' dir='ltr'>suavitate</span> <span class='ocrx_word' id='word_1_649' title='bbox 2828 4103 2999 4158; x_wconf 87' lang='lat' dir='ltr'>solita</span> <span class='ocrx_word' id='word_1_650' title='bbox 3028 4102 3272 4158; x_wconf 87' lang='lat' dir='ltr'>homilia</span> <span class='ocrx_word' id='word_1_651' title='bbox 3303 4119 3455 4157; x_wconf 87' lang='lat' dir='ltr'>nona</span> <span class='ocrx_word' id='word_1_652' title='bbox 3493 4103 3555 4158; x_wconf 92' lang='lat' dir='ltr'>in</span> 
     </span>
    </p>
   </div>
   <div class='ocr_carea' id='block_1_89' title="bbox 1910 4190 3555 4263">
    <p class='ocr_par' dir='ltr' id='par_1_89' title="bbox 1910 4190 3555 4263">
     <span class='ocr_line' id='line_1_89' title="bbox 1910 4190 3555 4263; baseline -0.002 -14"><span class='ocrx_word' id='word_1_653' title='bbox 1910 4191 2263 4249; x_wconf 87' lang='lat' dir='ltr'>Ezechielem</span> <span class='ocrx_word' id='word_1_654' title='bbox 2298 4191 2583 4263; x_wconf 82' lang='lat' dir='ltr'>expressit</span> <span class='ocrx_word' id='word_1_655' title='bbox 2617 4207 2629 4245; x_wconf 93' lang='lat'>:</span> <span class='ocrx_word' id='word_1_656' title='bbox 2667 4213 2695 4241; x_wconf 87' lang='grc'><strong>‹‹</strong></span> <span class='ocrx_word' id='word_1_657' title='bbox 2730 4191 2959 4256; x_wconf 64' lang='lat' dir='ltr'>Audivi,</span> <span class='ocrx_word' id='word_1_658' title='bbox 2992 4190 3204 4263; x_wconf 89' lang='lat' dir='ltr'>inquit,</span> <span class='ocrx_word' id='word_1_659' title='bbox 3250 4207 3430 4247; x_wconf 81' lang='lat' dir='ltr'>vocem</span> <span class='ocrx_word' id='word_1_660' title='bbox 3472 4207 3555 4246; x_wconf 87' lang='lat' dir='ltr'>se-</span> 
     </span>
    </p>
   </div>
   <div class='ocr_carea' id='block_1_90' title="bbox 1909 4279 3557 4355">
    <p class='ocr_par' dir='ltr' id='par_1_90' title="bbox 1909 4279 3557 4355">
     <span class='ocr_line' id='line_1_90' title="bbox 1909 4279 3557 4355; baseline -0.002 -16"><span class='ocrx_word' id='word_1_661' title='bbox 1909 4284 2142 4355; x_wconf 83' lang='lat' dir='ltr'>quentis,</span> <span class='ocrx_word' id='word_1_662' title='bbox 2157 4290 2207 4338; x_wconf 89' lang='lat' dir='ltr'>et</span> <span class='ocrx_word' id='word_1_663' title='bbox 2235 4281 2381 4336; x_wconf 68' lang='lat' dir='ltr'>dixit</span> <span class='ocrx_word' id='word_1_664' title='bbox 2408 4279 2478 4335; x_wconf 83' lang='lat' dir='ltr'>ad</span> <span class='ocrx_word' id='word_1_665' title='bbox 2496 4296 2581 4335; x_wconf 87' lang='lat' dir='ltr'>me</span> <span class='ocrx_word' id='word_1_666' title='bbox 2605 4299 2623 4335; x_wconf 91' lang='lat'><strong><em>:</em></strong></span> <span class='ocrx_word' id='word_1_667' title='bbox 2644 4281 2780 4335; x_wconf 82' lang='lat' dir='ltr'>Filii</span> <span class='ocrx_word' id='word_1_668' title='bbox 2804 4281 3064 4346; x_wconf 86' lang='lat' dir='ltr'>hominis,</span> <span class='ocrx_word' id='word_1_669' title='bbox 3096 4288 3181 4336; x_wconf 84' lang='lat' dir='ltr'>sta</span> <span class='ocrx_word' id='word_1_670' title='bbox 3208 4296 3373 4351; x_wconf 84' lang='lat' dir='ltr'>super</span> <span class='ocrx_word' id='word_1_671' title='bbox 3397 4279 3557 4351; x_wconf 84' lang='lat' dir='ltr'>pedes</span> 
     </span>
    </p>
   </div>
   <div class='ocr_carea' id='block_1_91' title="bbox 216 4367 3555 4445">
    <p class='ocr_par' dir='ltr' id='par_1_91' title="bbox 216 4367 3555 4445">
     <span class='ocr_line' id='line_1_91' title="bbox 216 4367 3555 4445; baseline -0.002 -16"><span class='ocrx_word' id='word_1_672' title='bbox 216 4372 293 4445; x_wconf 86' lang='lat' dir='ltr'>(b)</span> <span class='ocrx_word' id='word_1_673' title='bbox 327 4372 674 4429; x_wconf 85' lang='lat' dir='ltr'>Coelestinus</span> <span class='ocrx_word' id='word_1_674' title='bbox 694 4372 869 4429; x_wconf 88' lang='lat' dir='ltr'>etiam</span> <span class='ocrx_word' id='word_1_675' title='bbox 887 4372 1296 4445; x_wconf 86' lang='lat' dir='ltr'>papa,magnis</span> <span class='ocrx_word' id='word_1_676' title='bbox 1317 4370 1800 4428; x_wconf 87' lang='lat' dir='ltr'>annumerandus</span> <span class='ocrx_word' id='word_1_677' title='bbox 1910 4380 2050 4437; x_wconf 90' lang='lat' dir='ltr'>tuos,</span> <span class='ocrx_word' id='word_1_678' title='bbox 2072 4377 2121 4426; x_wconf 85' lang='lat' dir='ltr'>et</span> <span class='ocrx_word' id='word_1_679' title='bbox 2151 4371 2345 4441; x_wconf 87' lang='lat' dir='ltr'>loquar</span> <span class='ocrx_word' id='word_1_680' title='bbox 2363 4378 2538 4425; x_wconf 85' lang='lat' dir='ltr'>tecum</span> <span class='ocrx_word' id='word_1_681' title='bbox 2567 4369 2778 4438; x_wconf 69' lang='lat' dir='ltr'>(Ezech.</span> <span class='ocrx_word' id='word_1_682' title='bbox 2805 4368 2886 4439; x_wconf 82' lang='lat'>11).</span> <span class='ocrx_word' id='word_1_683' title='bbox 2913 4368 3020 4424; x_wconf 92' lang='lat' dir='ltr'>Ubi</span> <span class='ocrx_word' id='word_1_684' title='bbox 3050 4368 3240 4423; x_wconf 91' lang='lat' dir='ltr'>adhuc</span> <span class='ocrx_word' id='word_1_685' title='bbox 3261 4367 3555 4436; x_wconf 90' lang='lat' dir='ltr'>subditur,</span> 
     </span>
    </p>
   </div>
   <div class='ocr_carea' id='block_1_92' title="bbox 142 4458 1798 4532">
    <p class='ocr_par' dir='ltr' id='par_1_92' title="bbox 142 4458 1798 4532">
     <span class='ocr_line' id='line_1_92' title="bbox 142 4458 1798 4532; baseline -0.004 -13"><span class='ocrx_word' id='word_1_686' title='bbox 142 4461 594 4528; x_wconf 90' lang='lat' dir='ltr'>doctoribus,de</span> <span class='ocrx_word' id='word_1_687' title='bbox 624 4460 808 4518; x_wconf 89' lang='lat' dir='ltr'>libero</span> <span class='ocrx_word' id='word_1_688' title='bbox 840 4459 1173 4530; x_wconf 86' lang='lat' dir='ltr'>arbitrio,ut</span> <span class='ocrx_word' id='word_1_689' title='bbox 1200 4464 1432 4517; x_wconf 90' lang='lat' dir='ltr'>tantum</span> <span class='ocrx_word' id='word_1_690' title='bbox 1464 4458 1798 4532; x_wconf 86' lang='lat' dir='ltr'>pontiﬁcem</span> 
     </span>
    </p>
   </div>
   <div class='ocr_carea' id='block_1_93' title="bbox 1910 4457 3562 4530">
    <p class='ocr_par' dir='ltr' id='par_1_93' title="bbox 1910 4457 3562 4530">
     <span class='ocr_line' id='line_1_93' title="bbox 1910 4457 3562 4530; baseline -0.002 -13"><span class='ocrx_word' id='word_1_691' title='bbox 1910 4468 1962 4517; x_wconf 85' lang='lat' dir='ltr'>et</span> <span class='ocrx_word' id='word_1_692' title='bbox 1992 4462 2267 4529; x_wconf 83' lang='lat' dir='ltr'>ingressus</span> <span class='ocrx_word' id='word_1_693' title='bbox 2295 4466 2373 4514; x_wconf 85' lang='lat' dir='ltr'>est</span> <span class='ocrx_word' id='word_1_694' title='bbox 2412 4460 2471 4514; x_wconf 85' lang='lat' dir='ltr'>in</span> <span class='ocrx_word' id='word_1_695' title='bbox 2500 4475 2585 4514; x_wconf 92' lang='lat' dir='ltr'>me</span> <span class='ocrx_word' id='word_1_696' title='bbox 2631 4457 2872 4530; x_wconf 82' lang='lat' dir='ltr'>Spiritus</span> <span class='ocrx_word' id='word_1_697' title='bbox 2914 4465 3198 4529; x_wconf 85' lang='lat' dir='ltr'>postquam</span> <span class='ocrx_word' id='word_1_698' title='bbox 3245 4458 3454 4512; x_wconf 86' lang='lat' dir='ltr'>locutus</span> <span class='ocrx_word' id='word_1_699' title='bbox 3483 4465 3562 4513; x_wconf 91' lang='lat' dir='ltr'>est</span> 
     </span>
    </p>
   </div>
   <div class='ocr_carea' id='block_1_94' title="bbox 216 4569 3560 4658">
    <p class='ocr_par' dir='ltr' id='par_1_94' title="bbox 216 4569 3560 4658">
     <span class='ocr_line' id='line_1_94' title="bbox 216 4569 3560 4658; baseline -0.003 -17"><span class='ocrx_word' id='word_1_700' title='bbox 216 4585 297 4658; x_wconf 90' lang='lat' dir='ltr'>(a)</span> <span class='ocrx_word' id='word_1_701' title='bbox 318 4588 537 4658; x_wconf 69' lang='lat' dir='ltr'>Lunam</span> <span class='ocrx_word' id='word_1_702' title='bbox 557 4578 939 4658; x_wconf 67' lang='lat' dir='ltr'>tractaiomm.</span> <span class='ocrx_word' id='word_1_703' title='bbox 960 4582 1054 4640; x_wconf 89' lang='lat' dir='ltr'>Sic</span> <span class='ocrx_word' id='word_1_704' title='bbox 1080 4583 1350 4658; x_wconf 84' lang='lat' dir='ltr'>eumdem</span> <span class='ocrx_word' id='word_1_705' title='bbox 1386 4584 1801 4656; x_wconf 85' lang='lat' dir='ltr'>Hieronymum</span> <span class='ocrx_word' id='word_1_706' title='bbox 1831 4569 1880 4635; x_wconf 86' lang='lat' dir='ltr'>D</span> <span class='ocrx_word' id='word_1_707' title='bbox 1911 4588 2089 4639; x_wconf 89' lang='lat' dir='ltr'>ctant.</span> <span class='ocrx_word' id='word_1_708' title='bbox 2126 4606 2153 4632; x_wconf 92' lang='lat'>»</span> <span class='ocrx_word' id='word_1_709' title='bbox 2185 4582 2509 4658; x_wconf 66' lang='lat' dir='ltr'>Cyprianus</span> <span class='ocrx_word' id='word_1_710' title='bbox 2540 4598 2672 4637; x_wconf 89' lang='lat' dir='ltr'>vero</span> <span class='ocrx_word' id='word_1_711' title='bbox 2704 4580 2761 4635; x_wconf 89' lang='lat' dir='ltr'>in</span> <span class='ocrx_word' id='word_1_712' title='bbox 2793 4579 3039 4658; x_wconf 84' lang='lat' dir='ltr'>epistola</span> <span class='ocrx_word' id='word_1_713' title='bbox 3065 4580 3156 4647; x_wconf 84' lang='lat'>52,</span> <span class='ocrx_word' id='word_1_714' title='bbox 3184 4576 3560 4658; x_wconf 73' lang='lat' dir='ltr'>ad_Antonia-</span> 
     </span>
    </p>
   </div>
   <div class='ocr_carea' id='block_1_95' title="bbox 144 4654 1802 4728">
    <p class='ocr_par' dir='ltr' id='par_1_95' title="bbox 144 4654 1802 4728">
     <span class='ocr_line' id='line_1_95' title="bbox 144 4654 1802 4728; baseline -0.001 -16"><span class='ocrx_word' id='word_1_715' title='bbox 144 4654 507 4713; x_wconf 85' lang='lat' dir='ltr'>Claudianus</span> <span class='ocrx_word' id='word_1_716' title='bbox 521 4656 840 4712; x_wconf 86' lang='lat' dir='ltr'>Mamertus</span> <span class='ocrx_word' id='word_1_717' title='bbox 852 4654 1403 4728; x_wconf 86' lang='lat' dir='ltr'>vocatpotissimum</span> <span class='ocrx_word' id='word_1_718' title='bbox 1418 4654 1802 4728; x_wconf 79' lang='lat' dir='ltr'>tractatorum</span> 
     </span>
    </p>
   </div>
   <div class='ocr_carea' id='block_1_96' title="bbox 143 4727 1805 4798">
    <p class='ocr_par' dir='ltr' id='par_1_96' title="bbox 143 4727 1805 4798">
     <span class='ocr_line' id='line_1_96' title="bbox 143 4727 1805 4798; baseline -0.001 -15"><span class='ocrx_word' id='word_1_719' title='bbox 143 4728 205 4783; x_wconf 93' lang='lat' dir='ltr'>in</span> <span class='ocrx_word' id='word_1_720' title='bbox 239 4727 389 4783; x_wconf 88' lang='lat' dir='ltr'>libro</span> <span class='ocrx_word' id='word_1_721' title='bbox 421 4728 677 4798; x_wconf 88' lang='lat' dir='ltr'>secundo</span> <span class='ocrx_word' id='word_1_722' title='bbox 707 4728 778 4784; x_wconf 90' lang='lat' dir='ltr'>de</span> <span class='ocrx_word' id='word_1_723' title='bbox 808 4732 967 4784; x_wconf 76' lang='lat' dir='ltr'>statu</span> <span class='ocrx_word' id='word_1_724' title='bbox 996 4727 1241 4793; x_wconf 66' lang='lat' dir='ltr'>Animas,</span> <span class='ocrx_word' id='word_1_725' title='bbox 1272 4742 1399 4798; x_wconf 91' lang='lat' dir='ltr'>cap.</span> <span class='ocrx_word' id='word_1_726' title='bbox 1429 4727 1485 4780; x_wconf 88' lang='lat'>9.</span> <span class='ocrx_word' id='word_1_727' title='bbox 1509 4727 1805 4782; x_wconf 85' lang='lat' dir='ltr'>Tractato-</span> 
     </span>
    </p>
   </div>
   <div class='ocr_carea' id='block_1_97' title="bbox 145 4797 1807 4869">
    <p class='ocr_par' dir='ltr' id='par_1_97' title="bbox 145 4797 1807 4869">
     <span class='ocr_line' id='line_1_97' title="bbox 145 4797 1807 4869; baseline -0.001 -14"><span class='ocrx_word' id='word_1_728' title='bbox 145 4816 243 4855; x_wconf 92' lang='lat' dir='ltr'>res</span> <span class='ocrx_word' id='word_1_729' title='bbox 269 4803 468 4855; x_wconf 87' lang='lat' dir='ltr'>autem</span> <span class='ocrx_word' id='word_1_730' title='bbox 499 4797 661 4866; x_wconf 90' lang='lat' dir='ltr'>dicti,</span> <span class='ocrx_word' id='word_1_731' title='bbox 687 4815 989 4855; x_wconf 87' lang='lat' dir='ltr'>sacrarum</span> <span class='ocrx_word' id='word_1_732' title='bbox 1011 4797 1718 4869; x_wconf 32' lang='lat' dir='ltr'>litterarum’interpretes</span> <span class='ocrx_word' id='word_1_733' title='bbox 1749 4802 1807 4853; x_wconf 91' lang='lat' dir='ltr'>et</span> 
     </span>
    </p>
   </div>
   <div class='ocr_carea' id='block_1_98' title="bbox 145 4868 1804 4943">
    <p class='ocr_par' dir='ltr' id='par_1_98' title="bbox 145 4868 1804 4943">
     <span class='ocr_line' id='line_1_98' title="bbox 145 4868 1804 4943; baseline -0.001 -17"><span class='ocrx_word' id='word_1_734' title='bbox 145 4871 439 4943; x_wconf 80' lang='lat' dir='ltr'>doctores,</span> <span class='ocrx_word' id='word_1_735' title='bbox 464 4869 804 4943; x_wconf 76' lang='lat' dir='ltr'>cujusmodl</span> <span class='ocrx_word' id='word_1_736' title='bbox 833 4869 943 4925; x_wconf 81' lang='lat' dir='ltr'>fuit</span> <span class='ocrx_word' id='word_1_737' title='bbox 969 4868 1377 4943; x_wconf 74' lang='lat' dir='ltr'>Hieronymus,</span> <span class='ocrx_word' id='word_1_738' title='bbox 1400 4868 1668 4943; x_wconf 86' lang='lat' dir='ltr'>ut_etiam</span> <span class='ocrx_word' id='word_1_739' title='bbox 1703 4869 1804 4925; x_wconf 90' lang='lat' dir='ltr'>do-</span> 
     </span>
    </p>
   </div>
   <div class='ocr_carea' id='block_1_99' title="bbox 145 4938 1803 5024">
    <p class='ocr_par' dir='ltr' id='par_1_99' title="bbox 145 4938 1803 5024">
     <span class='ocr_line' id='line_1_99' title="bbox 145 4938 1803 5024; baseline -0.002 -26"><span class='ocrx_word' id='word_1_740' title='bbox 145 4947 248 5024; x_wconf 69' lang='lat' dir='ltr'>cet</span> <span class='ocrx_word' id='word_1_741' title='bbox 270 4942 473 5024; x_wconf 63' lang='lat' dir='ltr'>quus</span> <span class='ocrx_word' id='word_1_742' title='bbox 500 4938 560 4995; x_wconf 82' lang='lat' dir='ltr'>in</span> <span class='ocrx_word' id='word_1_743' title='bbox 588 4939 1057 5024; x_wconf 48' lang='lat' dir='ltr'>epistola-tertia.</span> <span class='ocrx_word' id='word_1_744' title='bbox 1073 4938 1447 5024; x_wconf 63' lang='lat' dir='ltr'>Yoc&#39;abulum</span> <span class='ocrx_word' id='word_1_745' title='bbox 1469 4938 1578 5024; x_wconf 79' lang='lat' dir='ltr'>hoc</span> <span class='ocrx_word' id='word_1_746' title='bbox 1602 4944 1803 5024; x_wconf 74' lang='lat' dir='ltr'>natum</span> 
     </span>
    </p>
   </div>
   <div class='ocr_carea' id='block_1_100' title="bbox 188 5010 1804 5075">
    <p class='ocr_par' dir='ltr' id='par_1_100' title="bbox 188 5010 1804 5075">
     <span class='ocr_line' id='line_1_100' title="bbox 188 5010 1804 5075; baseline -0.002 -6"><span class='ocrx_word' id='word_1_747' title='bbox 188 5017 316 5069; x_wconf 85' lang='lat' dir='ltr'>utal</span> <span class='ocrx_word' id='word_1_748' title='bbox 336 5010 683 5068; x_wconf 80' lang='lat' dir='ltr'>Sirmondus</span> <span class='ocrx_word' id='word_1_749' title='bbox 713 5029 830 5068; x_wconf 68' lang='lat' dir='ltr'>aevo</span> <span class='ocrx_word' id='word_1_750' title='bbox 848 5012 1138 5067; x_wconf 88' lang='lat' dir='ltr'>Vincentii</span> <span class='ocrx_word' id='word_1_751' title='bbox 1163 5011 1591 5075; x_wconf 90' lang='lat' dir='ltr'>Lirinensis,ob</span> <span class='ocrx_word' id='word_1_752' title='bbox 1625 5010 1804 5066; x_wconf 89' lang='lat' dir='ltr'>istum</span> 
     </span>
    </p>
   </div>
   <div class='ocr_carea' id='block_1_101' title="bbox 169 5082 1809 5155">
    <p class='ocr_par' dir='ltr' id='par_1_101' title="bbox 169 5082 1809 5155">
     <span class='ocr_line' id='line_1_101' title="bbox 169 5082 1809 5155; baseline -0.001 -16"><span class='ocrx_word' id='word_1_753' title='bbox 169 5101 346 5140; x_wconf 89' lang='lat' dir='ltr'>ocum</span> <span class='ocrx_word' id='word_1_754' title='bbox 397 5100 466 5139; x_wconf 81' lang='lat' dir='ltr'>ex</span> <span class='ocrx_word' id='word_1_755' title='bbox 512 5082 967 5139; x_wconf 90' lang='lat' dir='ltr'>Commonitorio</span> <span class='ocrx_word' id='word_1_756' title='bbox 1020 5083 1315 5155; x_wconf 86' lang='lat' dir='ltr'>Peregrtni</span> <span class='ocrx_word' id='word_1_757' title='bbox 1349 5098 1362 5137; x_wconf 91' lang='lat'><strong>:</strong></span> <span class='ocrx_word' id='word_1_758' title='bbox 1398 5082 1809 5155; x_wconf 12' lang='lat' dir='ltr'>D_o_c_tores,gqui</span> 
     </span>
    </p>
   </div>
   <div class='ocr_carea' id='block_1_102' title="bbox 148 5151 1805 5227">
    <p class='ocr_par' dir='ltr' id='par_1_102' title="bbox 148 5151 1805 5227">
     <span class='ocr_line' id='line_1_102' title="bbox 148 5151 1805 5227; baseline -0.001 -17"><span class='ocrx_word' id='word_1_759' title='bbox 148 5162 471 5227; x_wconf 76' lang='lat' dir='ltr'>tractatores</span> <span class='ocrx_word' id='word_1_760' title='bbox 487 5171 636 5227; x_wconf 84' lang='lat' dir='ltr'>nunc</span> <span class='ocrx_word' id='word_1_761' title='bbox 650 5155 1020 5227; x_wconf 80' lang='lat' dir='ltr'>appellantur.</span> <span class='ocrx_word' id='word_1_762' title='bbox 1036 5151 1256 5227; x_wconf 60' lang='lat' dir='ltr'>Tam&#39;en</span> <span class='ocrx_word' id='word_1_763' title='bbox 1280 5157 1412 5208; x_wconf 89' lang='lat' dir='ltr'>ante</span> <span class='ocrx_word' id='word_1_764' title='bbox 1431 5151 1805 5227; x_wconf 78' lang='lat' dir='ltr'>Vincentium</span> 
     </span>
    </p>
   </div>
   <div class='ocr_carea' id='block_1_103' title="bbox 146 5224 1805 5296">
    <p class='ocr_par' dir='ltr' id='par_1_103' title="bbox 146 5224 1805 5296">
     <span class='ocr_line' id='line_1_103' title="bbox 146 5224 1805 5296; baseline -0.002 -14"><span class='ocrx_word' id='word_1_765' title='bbox 146 5224 444 5282; x_wconf 85' lang='lat' dir='ltr'>tractandi</span> <span class='ocrx_word' id='word_1_766' title='bbox 465 5226 640 5282; x_wconf 92' lang='lat' dir='ltr'>verbo</span> <span class='ocrx_word' id='word_1_767' title='bbox 662 5224 753 5282; x_wconf 81' lang='lat' dir='ltr'>usi</span> <span class='ocrx_word' id='word_1_768' title='bbox 776 5231 942 5282; x_wconf 92' lang='lat' dir='ltr'>erant</span> <span class='ocrx_word' id='word_1_769' title='bbox 962 5224 1362 5281; x_wconf 88' lang='lat' dir='ltr'>Tertullianus</span> <span class='ocrx_word' id='word_1_770' title='bbox 1383 5227 1447 5296; x_wconf 76' lang='lat' dir='ltr'>et</span> <span class='ocrx_word' id='word_1_771' title='bbox 1461 5224 1805 5296; x_wconf 73' lang='lat' dir='ltr'>Cyprianus,</span> 
     </span>
    </p>
   </div>
   <div class='ocr_carea' id='block_1_104' title="bbox 150 5293 1807 5382">
    <p class='ocr_par' dir='ltr' id='par_1_104' title="bbox 150 5293 1807 5382">
     <span class='ocr_line' id='line_1_104' title="bbox 150 5293 1807 5382; baseline -0.002 -29"><span class='ocrx_word' id='word_1_772' title='bbox 150 5314 255 5382; x_wconf 88' lang='lat' dir='ltr'>pro</span> <span class='ocrx_word' id='word_1_773' title='bbox 286 5313 355 5353; x_wconf 91' lang='lat' dir='ltr'>eo</span> <span class='ocrx_word' id='word_1_774' title='bbox 372 5297 544 5382; x_wconf 45' lang='lat' dir='ltr'>.quod</span> <span class='ocrx_word' id='word_1_775' title='bbox 575 5313 682 5353; x_wconf 89' lang='lat' dir='ltr'>nos</span> <span class='ocrx_word' id='word_1_776' title='bbox 698 5297 967 5382; x_wconf 45' lang='lat' dir='ltr'>‘dic&#39;it‘nus</span> <span class='ocrx_word' id='word_1_777' title='bbox 990 5297 1196 5382; x_wconf 63' lang='lat' dir='ltr'>docere.</span> <span class='ocrx_word' id='word_1_778' title='bbox 1231 5293 1629 5382; x_wconf 74' lang='lat' dir='ltr'>Tertullianus</span> <span class='ocrx_word' id='word_1_779' title='bbox 1651 5294 1807 5377; x_wconf 79' lang='lat' dir='ltr'>enim</span> 
     </span>
    </p>
   </div>
   <div class='ocr_carea' id='block_1_105' title="bbox 151 5365 1807 5441">
    <p class='ocr_par' dir='ltr' id='par_1_105' title="bbox 151 5365 1807 5441">
     <span class='ocr_line' id='line_1_105' title="bbox 151 5365 1807 5441; baseline -0.002 -17"><span class='ocrx_word' id='word_1_780' title='bbox 151 5365 210 5424; x_wconf 88' lang='lat' dir='ltr'>in</span> <span class='ocrx_word' id='word_1_781' title='bbox 256 5365 448 5441; x_wconf 71' lang='lat' dir='ltr'>capite</span> <span class='ocrx_word' id='word_1_782' title='bbox 499 5369 756 5441; x_wconf 81' lang='lat' dir='ltr'>secundo</span> <span class='ocrx_word' id='word_1_783' title='bbox 806 5367 938 5441; x_wconf 87' lang='lat' dir='ltr'>libri</span> <span class='ocrx_word' id='word_1_784' title='bbox 987 5368 1059 5441; x_wconf 81' lang='lat' dir='ltr'>de</span> <span class='ocrx_word' id='word_1_785' title='bbox 1102 5365 1548 5441; x_wconf 80' lang='lat' dir='ltr'>Resurrectione</span> <span class='ocrx_word' id='word_1_786' title='bbox 1592 5367 1807 5437; x_wconf 88' lang='lat' dir='ltr'>carnis,</span> 
     </span>
    </p>
   </div>
   <div class='ocr_carea' id='block_1_106' title="bbox 151 5435 1812 5512">
    <p class='ocr_par' dir='ltr' id='par_1_106' title="bbox 151 5435 1812 5512">
     <span class='ocr_line' id='line_1_106' title="bbox 151 5435 1812 5512; baseline -0.003 -16"><span class='ocrx_word' id='word_1_787' title='bbox 151 5435 528 5512; x_wconf 72' lang='lat' dir='ltr'>conquerens</span> <span class='ocrx_word' id='word_1_788' title='bbox 569 5439 642 5512; x_wconf 83' lang='lat' dir='ltr'>de</span> <span class='ocrx_word' id='word_1_789' title='bbox 685 5439 942 5512; x_wconf 82' lang='lat' dir='ltr'>versutia</span> <span class='ocrx_word' id='word_1_790' title='bbox 990 5436 1417 5512; x_wconf 65' lang='lat' dir='ltr'>haereticorum,</span> <span class='ocrx_word' id='word_1_791' title='bbox 1451 5435 1551 5507; x_wconf 89' lang='lat' dir='ltr'>qui</span> <span class='ocrx_word' id='word_1_792' title='bbox 1581 5435 1812 5512; x_wconf 80' lang='lat' dir='ltr'>semper</span> 
     </span>
    </p>
   </div>
   <div class='ocr_carea' id='block_1_107' title="bbox 150 5506 1811 5578">
    <p class='ocr_par' dir='ltr' id='par_1_107' title="bbox 150 5506 1811 5578">
     <span class='ocr_line' id='line_1_107' title="bbox 150 5506 1811 5578; baseline -0.004 -11"><span class='ocrx_word' id='word_1_793' title='bbox 150 5506 425 5567; x_wconf 71' lang='lat' dir='ltr'>obscuris</span> <span class='ocrx_word' id='word_1_794' title='bbox 455 5509 604 5565; x_wconf 85' lang='lat' dir='ltr'>falsa</span> <span class='ocrx_word' id='word_1_795' title='bbox 629 5509 1028 5577; x_wconf 86' lang='lat' dir='ltr'>involvunt,ne</span> <span class='ocrx_word' id='word_1_796' title='bbox 1049 5506 1635 5578; x_wconf 29' lang='lat' dir='ltr'>intelligantur,’neve</span> <span class='ocrx_word' id='word_1_797' title='bbox 1658 5506 1811 5561; x_wconf 79' lang='lat' dir='ltr'>latus</span> 
     </span>
    </p>
   </div>
   <div class='ocr_carea' id='block_1_108' title="bbox 151 5577 1809 5655">
    <p class='ocr_par' dir='ltr' id='par_1_108' title="bbox 151 5577 1809 5655">
     <span class='ocr_line' id='line_1_108' title="bbox 151 5577 1809 5655; baseline -0.004 -17"><span class='ocrx_word' id='word_1_798' title='bbox 151 5580 877 5655; x_wconf 32' lang='lat' dir='ltr'>aperiant‘deifensoribus</span> <span class='ocrx_word' id='word_1_799' title='bbox 917 5597 1062 5655; x_wconf 74' lang='lat' dir='ltr'>verte</span> <span class='ocrx_word' id='word_1_800' title='bbox 1116 5577 1268 5646; x_wconf 88' lang='lat' dir='ltr'>ﬁdei,</span> <span class='ocrx_word' id='word_1_801' title='bbox 1301 5578 1381 5632; x_wconf 80' lang='lat' dir='ltr'>ait</span> <span class='ocrx_word' id='word_1_802' title='bbox 1416 5594 1427 5631; x_wconf 91' lang='lat'>:</span> <span class='ocrx_word' id='word_1_803' title='bbox 1464 5578 1809 5655; x_wconf 61' lang='lat' dir='ltr'>«_&lt;_llzct_‘ctici,</span> 
     </span>
    </p>
   </div>
   <div class='ocr_carea' id='block_1_109' title="bbox 151 5648 1812 5722">
    <p class='ocr_par' dir='ltr' id='par_1_109' title="bbox 151 5648 1812 5722">
     <span class='ocr_line' id='line_1_109' title="bbox 151 5648 1812 5722; baseline -0.003 -12"><span class='ocrx_word' id='word_1_804' title='bbox 151 5648 218 5711; x_wconf 66' lang='lat' dir='ltr'>ei</span> <span class='ocrx_word' id='word_1_805' title='bbox 248 5651 613 5712; x_wconf 86' lang='lat' dir='ltr'>conscientia</span> <span class='ocrx_word' id='word_1_806' title='bbox 645 5651 1027 5720; x_wconf 88' lang='lat' dir='ltr'>inﬁrmitatis,</span> <span class='ocrx_word' id='word_1_807' title='bbox 1054 5666 1358 5722; x_wconf 88' lang='lat' dir='ltr'>nunquam</span> <span class='ocrx_word' id='word_1_808' title='bbox 1389 5648 1679 5705; x_wconf 85' lang='lat' dir='ltr'>ordinario</span> <span class='ocrx_word' id='word_1_809' title='bbox 1703 5654 1812 5705; x_wconf 87' lang='lat' dir='ltr'>tra-</span> 
     </span>
    </p>
   </div>
   <div class='ocr_carea' id='block_1_110' title="bbox 1914 4649 3560 4729">
    <p class='ocr_par' dir='ltr' id='par_1_110' title="bbox 1914 4649 3560 4729">
     <span class='ocr_line' id='line_1_110' title="bbox 1914 4649 3560 4729; baseline -0.004 -19"><span class='ocrx_word' id='word_1_810' title='bbox 1914 4673 2078 4725; x_wconf 89' lang='lat' dir='ltr'>num,</span> <span class='ocrx_word' id='word_1_811' title='bbox 2112 4649 2402 4729; x_wconf 73' lang='lat' dir='ltr'>tractandi</span> <span class='ocrx_word' id='word_1_812' title='bbox 2430 4649 2969 4729; x_wconf 76' lang='lat' dir='ltr'>vocem_manii‘este</span> <span class='ocrx_word' id='word_1_813' title='bbox 2999 4649 3315 4729; x_wconf 59' lang='lat' dir='ltr'>usurpavit</span> <span class='ocrx_word' id='word_1_814' title='bbox 3350 4665 3454 4729; x_wconf 85' lang='lat' dir='ltr'>pro</span> <span class='ocrx_word' id='word_1_815' title='bbox 3493 4664 3560 4704; x_wconf 92' lang='lat' dir='ltr'>eo</span> 
     </span>
    </p>
   </div>
   <div class='ocr_carea' id='block_1_111' title="bbox 1914 4721 3561 4799">
    <p class='ocr_par' dir='ltr' id='par_1_111' title="bbox 1914 4721 3561 4799">
     <span class='ocr_line' id='line_1_111' title="bbox 1914 4721 3561 4799; baseline -0.004 -17"><span class='ocrx_word' id='word_1_816' title='bbox 1914 4721 2072 4799; x_wconf 77' lang='lat' dir='ltr'>quod</span> <span class='ocrx_word' id='word_1_817' title='bbox 2118 4726 2291 4799; x_wconf 89' lang='lat' dir='ltr'>vulgo</span> <span class='ocrx_word' id='word_1_818' title='bbox 2321 4725 2507 4781; x_wconf 87' lang='lat' dir='ltr'>docere</span> <span class='ocrx_word' id='word_1_819' title='bbox 2537 4724 2810 4780; x_wconf 89' lang='lat' dir='ltr'>dicimus.</span> <span class='ocrx_word' id='word_1_820' title='bbox 2844 4724 2933 4779; x_wconf 85' lang='lat' dir='ltr'>Ait</span> <span class='ocrx_word' id='word_1_821' title='bbox 2964 4722 3131 4799; x_wconf 71' lang='lat' dir='ltr'>enim</span> <span class='ocrx_word' id='word_1_822' title='bbox 3154 4721 3182 4799; x_wconf 24' lang='grc' dir='ltr'>ἓξ</span> <span class='ocrx_word' id='word_1_823' title='bbox 3214 4744 3242 4770; x_wconf 92' lang='grc'><strong>‹‹</strong></span> <span class='ocrx_word' id='word_1_824' title='bbox 3277 4721 3561 4799; x_wconf 68' lang='lat' dir='ltr'>Episcopo</span> 
     </span>
    </p>
   </div>
   <div class='ocr_carea' id='block_1_112' title="bbox 1913 4790 3563 4869">
    <p class='ocr_par' dir='ltr' id='par_1_112' title="bbox 1913 4790 3563 4869">
     <span class='ocr_line' id='line_1_112' title="bbox 1913 4790 3563 4869; baseline -0.006 -16"><span class='ocrx_word' id='word_1_825' title='bbox 1913 4790 2199 4853; x_wconf 70' lang='lat' dir='ltr'>tractante</span> <span class='ocrx_word' id='word_1_826' title='bbox 2220 4790 2609 4869; x_wconf 63' lang='lat' dir='ltr'>cognoveram</span> <span class='ocrx_word' id='word_1_827' title='bbox 2663 4812 2778 4851; x_wconf 89' lang='lat' dir='ltr'>non</span> <span class='ocrx_word' id='word_1_828' title='bbox 2812 4793 3278 4869; x_wconf 68' lang='lat' dir='ltr'>sacriﬁcandum</span> <span class='ocrx_word' id='word_1_829' title='bbox 3310 4790 3503 4869; x_wconf 70' lang='lat' dir='ltr'>idolis.</span> <span class='ocrx_word' id='word_1_830' title='bbox 3534 4812 3563 4839; x_wconf 89' lang='lat'>»</span> 
     </span>
    </p>
   </div>
   <div class='ocr_carea' id='block_1_113' title="bbox 1913 4861 3565 4940">
    <p class='ocr_par' dir='ltr' id='par_1_113' title="bbox 1913 4861 3565 4940">
     <span class='ocr_line' id='line_1_113' title="bbox 1913 4861 3565 4940; baseline -0.005 -16"><span class='ocrx_word' id='word_1_831' title='bbox 1913 4870 1985 4924; x_wconf 87' lang='lat' dir='ltr'>Et</span> <span class='ocrx_word' id='word_1_832' title='bbox 2015 4869 2223 4924; x_wconf 89' lang='lat' dir='ltr'>iterum</span> <span class='ocrx_word' id='word_1_833' title='bbox 2256 4861 2582 4940; x_wconf 47' lang='lat' dir='ltr'>invepistola</span> <span class='ocrx_word' id='word_1_834' title='bbox 2611 4869 2725 4940; x_wconf 85' lang='lat'>56_:</span> <span class='ocrx_word' id='word_1_835' title='bbox 2763 4867 2927 4922; x_wconf 84' lang='lat' dir='ltr'>«Nec</span> <span class='ocrx_word' id='word_1_836' title='bbox 2969 4866 3304 4940; x_wconf 78' lang='lat' dir='ltr'>quisquam.</span> <span class='ocrx_word' id='word_1_837' title='bbox 3357 4861 3565 4940; x_wconf 71' lang='lat' dir='ltr'>fratres</span> 
     </span>
    </p>
   </div>
   <div class='ocr_carea' id='block_1_114' title="bbox 1916 4933 3567 5010">
    <p class='ocr_par' dir='ltr' id='par_1_114' title="bbox 1916 4933 3567 5010">
     <span class='ocr_line' id='line_1_114' title="bbox 1916 4933 3567 5010; baseline -0.005 -15"><span class='ocrx_word' id='word_1_838' title='bbox 1916 4939 2306 5004; x_wconf 88' lang='lat' dir='ltr'>dilectissimi,</span> <span class='ocrx_word' id='word_1_839' title='bbox 2341 4933 2475 4994; x_wconf 76' lang='lat' dir='ltr'>cum</span> <span class='ocrx_word' id='word_1_840' title='bbox 2528 4937 2808 5010; x_wconf 91' lang='lat' dir='ltr'>populum</span> <span class='ocrx_word' id='word_1_841' title='bbox 2866 4933 3141 5010; x_wconf 56' lang='lat' dir='ltr'>nostrum&#39;</span> <span class='ocrx_word' id='word_1_842' title='bbox 3182 4933 3567 5010; x_wconf 71' lang='lat' dir='ltr'>fugaricqns-</span> 
     </span>
    </p>
   </div>
   <div class='ocr_carea' id='block_1_115' title="bbox 1916 5004 3564 5083">
    <p class='ocr_par' dir='ltr' id='par_1_115' title="bbox 1916 5004 3564 5083">
     <span class='ocr_line' id='line_1_115' title="bbox 1916 5004 3564 5083; baseline -0.006 -16"><span class='ocrx_word' id='word_1_843' title='bbox 1916 5010 2134 5083; x_wconf 82' lang='lat' dir='ltr'>pexerit</span> <span class='ocrx_word' id='word_1_844' title='bbox 2164 5016 2321 5083; x_wconf 84' lang='lat' dir='ltr'>metu</span> <span class='ocrx_word' id='word_1_845' title='bbox 2353 5004 2777 5083; x_wconf 73' lang='lat' dir='ltr'>persecutionis</span> <span class='ocrx_word' id='word_1_846' title='bbox 2826 5013 2883 5062; x_wconf 91' lang='lat' dir='ltr'>et</span> <span class='ocrx_word' id='word_1_847' title='bbox 2922 5008 3140 5083; x_wconf 78' lang='lat' dir='ltr'>spargi,</span> <span class='ocrx_word' id='word_1_848' title='bbox 3166 5004 3564 5083; x_wconf 78' lang='lat' dir='ltr'>conturbetur,</span> 
     </span>
    </p>
   </div>
   <div class='ocr_carea' id='block_1_116' title="bbox 1918 5077 3569 5155">
    <p class='ocr_par' dir='ltr' id='par_1_116' title="bbox 1918 5077 3569 5155">
     <span class='ocr_line' id='line_1_116' title="bbox 1918 5077 3569 5155; baseline -0.005 -17"><span class='ocrx_word' id='word_1_849' title='bbox 1918 5077 2067 5155; x_wconf 80' lang='lat' dir='ltr'>quod</span> <span class='ocrx_word' id='word_1_850' title='bbox 2103 5077 2401 5155; x_wconf 77' lang='lat' dir='ltr'>collectam</span> <span class='ocrx_word' id='word_1_851' title='bbox 2439 5080 2861 5155; x_wconf 63' lang='lat' dir='ltr'>fraternitatem</span> <span class='ocrx_word' id='word_1_852' title='bbox 2887 5077 3013 5155; x_wconf 76' lang='lat' dir='ltr'>non</span> <span class='ocrx_word' id='word_1_853' title='bbox 3034 5077 3241 5155; x_wconf 85' lang='lat' dir='ltr'>videat,</span> <span class='ocrx_word' id='word_1_854' title='bbox 3276 5093 3382 5155; x_wconf 78' lang='lat' dir='ltr'>nec</span> <span class='ocrx_word' id='word_1_855' title='bbox 3413 5079 3569 5155; x_wconf 73' lang='lat' dir='ltr'>trac-</span> 
     </span>
    </p>
   </div>
   <div class='ocr_carea' id='block_1_117' title="bbox 1916 5146 3570 5225">
    <p class='ocr_par' dir='ltr' id='par_1_117' title="bbox 1916 5146 3570 5225">
     <span class='ocr_line' id='line_1_117' title="bbox 1916 5146 3570 5225; baseline -0.005 -17"><span class='ocrx_word' id='word_1_856' title='bbox 1916 5146 2109 5225; x_wconf 73' lang='lat' dir='ltr'>tantes</span> <span class='ocrx_word' id='word_1_857' title='bbox 2141 5152 2443 5225; x_wconf 84' lang='lat' dir='ltr'>episcopos</span> <span class='ocrx_word' id='word_1_858' title='bbox 2480 5150 2707 5225; x_wconf 79' lang='lat' dir='ltr'>audiat.</span> <span class='ocrx_word' id='word_1_859' title='bbox 2738 5174 2764 5199; x_wconf 92' lang='lat'>»</span> <span class='ocrx_word' id='word_1_860' title='bbox 2796 5150 2944 5225; x_wconf 66' lang='lat' dir='ltr'>Vide</span> <span class='ocrx_word' id='word_1_861' title='bbox 2982 5150 3254 5225; x_wconf 82' lang='lat' dir='ltr'>Juretum</span> <span class='ocrx_word' id='word_1_862' title='bbox 3302 5148 3362 5202; x_wconf 91' lang='lat' dir='ltr'>in</span> <span class='ocrx_word' id='word_1_863' title='bbox 3414 5146 3570 5201; x_wconf 90' lang='lat' dir='ltr'>notis</span> 
     </span>
    </p>
   </div>
   <div class='ocr_carea' id='block_1_118' title="bbox 1919 5219 3299 5296">
    <p class='ocr_par' dir='ltr' id='par_1_118' title="bbox 1919 5219 3299 5296">
     <span class='ocr_line' id='line_1_118' title="bbox 1919 5219 3299 5296; baseline -0.006 -16"><span class='ocrx_word' id='word_1_864' title='bbox 1919 5225 1990 5280; x_wconf 91' lang='lat' dir='ltr'>ad</span> <span class='ocrx_word' id='word_1_865' title='bbox 2013 5219 2316 5296; x_wconf 80' lang='lat' dir='ltr'>epistolam</span> <span class='ocrx_word' id='word_1_866' title='bbox 2339 5219 2657 5295; x_wconf 75' lang='lat' dir='ltr'>septimam</span> <span class='ocrx_word' id='word_1_867' title='bbox 2686 5222 2877 5296; x_wconf 83' lang='lat' dir='ltr'>lvonis</span> <span class='ocrx_word' id='word_1_868' title='bbox 2907 5219 3299 5296; x_wconf 82' lang='lat' dir='ltr'>Carnotensis.</span> 
     </span>
    </p>
   </div>
   <div class='ocr_carea' id='block_1_119' title="bbox 1992 5287 3575 5367">
    <p class='ocr_par' dir='ltr' id='par_1_119' title="bbox 1992 5287 3575 5367">
     <span class='ocr_line' id='line_1_119' title="bbox 1992 5287 3575 5367; baseline -0.006 -16"><span class='ocrx_word' id='word_1_869' title='bbox 1992 5287 2067 5366; x_wconf 62' lang='lat' dir='ltr'>(b3</span> <span class='ocrx_word' id='word_1_870' title='bbox 2102 5287 2610 5367; x_wconf 62' lang='lat' dir='ltr'>Caelestinuspapa.</span> <span class='ocrx_word' id='word_1_871' title='bbox 2662 5294 2806 5348; x_wconf 87' lang='lat' dir='ltr'>Hinc</span> <span class='ocrx_word' id='word_1_872' title='bbox 2849 5298 3015 5367; x_wconf 73' lang='lat' dir='ltr'>patet</span> <span class='ocrx_word' id='word_1_873' title='bbox 3053 5291 3420 5367; x_wconf 73' lang='lat' dir='ltr'>existimasse</span> <span class='ocrx_word' id='word_1_874' title='bbox 3465 5287 3575 5367; x_wconf 50' lang='lat' dir='ltr'>Eu:</span> 
     </span>
    </p>
   </div>
   <div class='ocr_carea' id='block_1_120' title="bbox 1917 5358 3570 5438">
    <p class='ocr_par' dir='ltr' id='par_1_120' title="bbox 1917 5358 3570 5438">
     <span class='ocr_line' id='line_1_120' title="bbox 1917 5358 3570 5438; baseline -0.007 -17"><span class='ocrx_word' id='word_1_875' title='bbox 1917 5358 2076 5438; x_wconf 11' lang='lat' dir='ltr'>puni,</span> <span class='ocrx_word' id='word_1_876' title='bbox 2107 5364 2422 5438; x_wconf 75' lang='lat' dir='ltr'>leestini_</span> <span class='ocrx_word' id='word_1_877' title='bbox 2446 5358 2588 5438; x_wconf 35' lang='lat' dir='ltr'>ies&#39;se</span> <span class='ocrx_word' id='word_1_878' title='bbox 2618 5358 3060 5438; x_wconf 62' lang='lat' dir='ltr'>_cxc_erp:ta_illa</span> <span class='ocrx_word' id='word_1_879' title='bbox 3103 5364 3185 5438; x_wconf 71' lang='lat' dir='ltr'>de</span> <span class='ocrx_word' id='word_1_880' title='bbox 3226 5359 3429 5438; x_wconf 56' lang='lat' dir='ltr'>pratia</span> <span class='ocrx_word' id='word_1_881' title='bbox 3468 5358 3570 5412; x_wconf 91' lang='lat' dir='ltr'>Dei</span> 
     </span>
    </p>
   </div>
   <div class='ocr_carea' id='block_1_121' title="bbox 1919 5432 3571 5493">
    <p class='ocr_par' dir='ltr' id='par_1_121' title="bbox 1919 5432 3571 5493">
     <span class='ocr_line' id='line_1_121' title="bbox 1919 5432 3571 5493; baseline -0.007 0"><span class='ocrx_word' id='word_1_882' title='bbox 1919 5432 1977 5493; x_wconf 74' lang='lat' dir='ltr'>et</span> <span class='ocrx_word' id='word_1_883' title='bbox 2023 5437 2205 5492; x_wconf 90' lang='lat' dir='ltr'>libero</span> <span class='ocrx_word' id='word_1_884' title='bbox 2245 5435 2501 5491; x_wconf 76' lang='lat' dir='ltr'>homibis</span> <span class='ocrx_word' id='word_1_885' title='bbox 2549 5432 2954 5491; x_wconf 46' lang='lat' dir='ltr'>arbitriofSed</span> <span class='ocrx_word' id='word_1_886' title='bbox 3006 5439 3063 5490; x_wconf 93' lang='lat' dir='ltr'>et</span> <span class='ocrx_word' id='word_1_887' title='bbox 3099 5432 3244 5487; x_wconf 89' lang='lat' dir='ltr'>illud</span> <span class='ocrx_word' id='word_1_888' title='bbox 3276 5432 3571 5487; x_wconf 88' lang='lat' dir='ltr'>afﬁrmare</span> 
     </span>
    </p>
   </div>
   <div class='ocr_carea' id='block_1_122' title="bbox 1961 5504 3571 5582">
    <p class='ocr_par' dir='ltr' id='par_1_122' title="bbox 1961 5504 3571 5582">
     <span class='ocr_line' id='line_1_122' title="bbox 1961 5504 3571 5582; baseline -0.005 -22"><span class='ocrx_word' id='word_1_889' title='bbox 1961 5507 2275 5582; x_wconf 13' lang='lat' dir='ltr'>pssumirin</span> <span class='ocrx_word' id='word_1_890' title='bbox 2325 5523 2393 5560; x_wconf 90' lang='lat' dir='ltr'>ea</span> <span class='ocrx_word' id='word_1_891' title='bbox 2437 5522 2669 5582; x_wconf 68' lang='lat' dir='ltr'>queque</span> <span class='ocrx_word' id='word_1_892' title='bbox 2722 5506 3013 5582; x_wconf 81' lang='lat' dir='ltr'>sententia</span> <span class='ocrx_word' id='word_1_893' title='bbox 3062 5504 3241 5559; x_wconf 84' lang='lat' dir='ltr'>fuisse</span> <span class='ocrx_word' id='word_1_894' title='bbox 3286 5515 3571 5582; x_wconf 68' lang='lat' dir='ltr'>magnum</span> 
     </span>
    </p>
   </div>
   <div class='ocr_carea' id='block_1_123' title="bbox 1920 5523 3573 5650">
    <p class='ocr_par' dir='ltr' id='par_1_123' title="bbox 1920 5523 3573 5650">
     <span class='ocr_line' id='line_1_123' title="bbox 1922 5523 3571 5631; baseline -0.005 -70"><span class='ocrx_word' id='word_1_895' title='bbox 1922 5524 2275 5580; x_wconf 79' lang='lat' dir='ltr'>possum.1n</span> <span class='ocrx_word' id='word_1_896' title='bbox 2325 5523 2393 5560; x_wconf 90' lang='lat' dir='ltr'>ea</span> <span class='ocrx_word' id='word_1_897' title='bbox 2437 5523 2669 5631; x_wconf 46' lang='lat' dir='ltr'>quq‘que</span> <span class='ocrx_word' id='word_1_898' title='bbox 2722 5523 3013 5561; x_wconf 79' lang='lat' dir='ltr'>sententia</span> <span class='ocrx_word' id='word_1_899' title='bbox 3062 5523 3241 5559; x_wconf 78' lang='lat' dir='ltr'>tuisse</span> <span class='ocrx_word' id='word_1_900' title='bbox 3286 5523 3571 5582; x_wconf 72' lang='lat' dir='ltr'>magnum</span> 
     </span>
     <span class='ocr_line' id='line_1_124' title="bbox 1920 5575 3573 5650; baseline -0.004 -18"><span class='ocrx_word' id='word_1_901' title='bbox 1920 5580 2131 5649; x_wconf 84' lang='lat' dir='ltr'>virum,</span> <span class='ocrx_word' id='word_1_902' title='bbox 2168 5579 2402 5633; x_wconf 78' lang='lat' dir='ltr'>Petrum</span> <span class='ocrx_word' id='word_1_903' title='bbox 2433 5577 2505 5633; x_wconf 88' lang='lat' dir='ltr'>de</span> <span class='ocrx_word' id='word_1_904' title='bbox 2595 5594 2730 5632; x_wconf 86' lang='lat' dir='ltr'>arca</span> <span class='ocrx_word' id='word_1_905' title='bbox 2759 5577 3264 5650; x_wconf 88' lang='lat' dir='ltr'>archiepiscopum</span> <span class='ocrx_word' id='word_1_906' title='bbox 3288 5575 3573 5630; x_wconf 69' lang='lat' dir='ltr'>Pammen-</span> 
     </span>
    </p>
   </div>
   <div class='ocr_carea' id='block_1_124' title="bbox 1921 5667 2066 5707">
    <p class='ocr_par' dir='ltr' id='par_1_124' title="bbox 1921 5667 2066 5707">
     <span class='ocr_line' id='line_1_125' title="bbox 1921 5667 2066 5707; baseline -0.007 -1"><span class='ocrx_word' id='word_1_907' title='bbox 1921 5667 2045 5707; x_wconf 89' lang='lat' dir='ltr'>sem</span> <span class='ocrx_word' id='word_1_908' title='bbox 2056 5693 2066 5705; x_wconf 91' lang='lat'>.</span> 
     </span>
    </p>
   </div>
  </div>
