3898 6194
332 285 451 348 663

1322 284 1396 347 B.
1442 284 1506 346 S.
1553 283 1734 347 LUPI
1777 280 2109 343 ABBATIS
2154 280 2751 343 FERRARIENSIS.

3632 276 3747 341 θθι

331 423 496 489 mihi,
513 428 562 477 et
590 420 782 477 statuit
810 436 895 476 me
921 434 1084 491 super
1109 418 1268 491 pedes
1296 434 1459 474 meos.
1492 418 1633 473 Ecce
1664 415 1858 471 divina
1872 431 1979 470 vox
2008 415 2062 482 Α
2092 416 2213 486 quis
2241 422 2430 469 contra
2456 417 2591 470 nos?
2618 415 2717 487 qui
2741 413 2887 471 Filio
2929 412 3155 487 proprio
3200 427 3314 469 non
3361 410 3633 484 pepercit,
3652 410 3747 466 sed

326 510 542 582 jacenti
575 509 867 582 propheta:
913 508 1094 580 jussit
1142 512 1207 562 ut
1254 511 1536 579 surgeret.
1587 506 1697 561 Sed
1743 521 1981 577 surgere
2086 519 2186 574 pro
2217 505 2371 559 nobis
2399 504 2652 560 omnibus
2682 503 2909 559 tradidit
2935 503 3450 571 eum(ltom.vm).n
3479 501 3547 556 In
3566 499 3753 555 Eccle-

334 598 572 655 omnino
605 616 720 653 non
754 602 966 668 potest,
990 595 1100 651 nisi
1148 595 1203 651 in
1252 595 1407 650 hunc
1439 593 1856 666 omnipotentis
1884 592 1985 648 Dei

331 687 572 760 spiritus
604 687 905 751 intrasset,
940 685 1079 757 quia
1109 702 1175 739 ex
1204 683 1622 755 omnipotentis
1654 682 1753 737 Dei
1796 680 1984 753 gratia

329 777 398 831 ad
435 777 589 831 bona
619 791 795 846 opera
826 774 1025 829 conari
1056 772 1291 845 quidem
1340 788 1679 844 possumus,
1714 771 1815 826 sed
1863 770 1984 824 hanc

328 865 573 936 implere
592 880 705 918 non
727 862 1124 935 possumus,si
1150 863 1272 934 ipse
1295 878 1409 916 non
1435 861 1669 931 adjuvat
1688 858 1980 931 quijubet.

334 953 427 1010 Sic
458 951 839 1010 270Paulus
865 968 999 1006 cum
1023 949 1340 1022 discipulos
1364 949 1703 1004 admoneret
1735 947 1933 1003 dicens
1967 963 1981 1002 ε

339 1044 473 1101 Cum
502 1050 647 1098 metu
676 1050 726 1097 et
757 1050 987 1096 tremore
1018 1047 1247 1095 vestram
1270 1041 1509 1111 ipsorum
1537 1039 1768 1093 salutem
1792 1053 1985 1108 opera-

335 1133 480 1187 mini
508 1121 738 1202 (Philip.
762 1128 1005 1198 11),illieo
1029 1128 1160 1201 quis
1182 1128 1241 1183 in
1265 1128 1347 1183 eis
1371 1127 1490 1182 haec
1522 1126 1648 1199 ipsa
1678 1126 1831 1181 bona
1849 1142 1985 1198 ope-

338 1224 566 1276 raretur
596 1219 862 1289 adjunxit
891 1218 1090 1274 dicens
1126 1234 1137 1271 :
1172 1222 1307 1272 Deus
1336 1224 1413 1272 est
1441 1217 1589 1272 enim
1615 1217 1713 1286 qui
1733 1223 1989 1286 aperatur

339 1312 398 1364 in
428 1309 576 1364 vobis
605 1316 655 1364 et
687 1309 819 1363 velle
852 1315 902 1363 et
929 1308 1185 1379 per/icere
1212 1322 1311 1377 pro
1344 1308 1481 1360 bona
1512 1306 1809 1360 voluntate.
1848 1303 1988 1359 llinc

338 1402 427 1454 est
458 1398 611 1469 quod
645 1398 771 1468 ipsa
792 1395 1019 1452 Veritas
1052 1393 1358 1467 discipulis
1382 1394 1522 1449 dicit
1546 1411 1558 1448 :
1582 1395 1712 1449 Siue
1740 1409 1825 1448 me
1846 1393 1991 1447 nihil

333 1490 553 1560 potestis
580 1488 759 1558 facere
791 1487 963 1557 (Joan.
989 1488 1098 1551 xv).
1125 1484 1236 1539 Sed
1282 1484 1340 1538 in
1374 1482 1463 1539 his
1495 1482 1990 1538 considerandum

344 1580 433 1632 est
463 1576 600 1647 quia
630 1574 677 1631 si
709 1575 861 1630 bona
890 1579 1089 1631 nostra
1120 1572 1203 1629 sic
1235 1571 1651 1644 omnipotentis
1691 1571 1789 1627 Dei
1838 1571 1994 1626 dona

349 1669 488 1721 sunt
540 1668 604 1720 ut
654 1664 711 1719 in
760 1663 844 1719 eis
896 1662 1115 1735 aliquid
1169 1666 1433 1716 nostrum
1476 1677 1591 1715 non
1623 1659 1718 1723 sit,
1752 1677 1856 1715 cur
1886 1676 1992 1715 nos

2092 593 2181 648 sia
2210 592 2389 660 enim,
2424 609 2549 665 qua:
2582 592 2868 666 sanguine
2901 590 3239 648 Mediatoris
3270 590 3509 646 nullum
3541 590 3757 646 haben-

2092 681 2169 738 tis
2190 687 2492 755 peccatum
2524 682 2595 737 ab
2619 682 2779 737 omni
2811 686 2901 737 est
2931 681 3234 753 redempta
3263 678 3758 753 peccato,intelli~.

2092 770 2175 844 git
2204 787 2331 825 esse
2361 786 2564 826 omnes
2596 770 2696 843 qui
2728 769 3046 843 apostolico
3087 768 3428 825 testimonio
3479 784 3761 841 compre-

2095 859 2455 927 henduntur,
2495 860 2650 931 quod
2701 865 2790 915 est
2844 876 2945 932 pro
3002 860 3161 914 nobis
3211 859 3469 914 omnibus
3528 858 3763 913 tradidit

2096 965 2240 1004 eum.

2166 1038 2314 1093 Item
2345 1037 2499 1092 idem
2533 1040 2739 1093 auctor
2766 1038 2825 1094 in
2856 1054 3029 1109 opere
3059 1040 3385 1093 memorato
3414 1040 3633 1093 contra
3658 1036 3765 1092 Ju-

2095 1125 2364 1181 lianum:
2400 1148 2427 1176 ι(
2463 1125 2872 1193 Redimuntur,
2936 1125 3149 1197 inquit,
3203 1124 3549 1198 quicunque
3608 1124 3766 1180 redi-

2097 1218 2341 1270 muntur
2371 1215 2443 1269 ab
2474 1231 2539 1270 eo
2570 1215 2670 1286 qui
2693 1214 2848 1270 venit
2878 1230 3133 1287 quaerere
3164 1213 3319 1285 quod
3338 1214 3638 1286 perierat;
3660 1212 3765 1284 qui

2098 1308 2155 1359 et
2182 1308 2501 1375 antequam
2531 1302 2751 1358 veniret
2783 1302 2841 1367 in
2869 1319 3065 1369 carne,
3096 1320 3199 1376 per
3228 1302 3417 1375 ipsam
3453 1303 3644 1358 ﬁdem
3678 1320 3765 1359 re-

2100 1392 2302 1459 demit,
2335 1409 2451 1464 qua
2481 1393 2824 1448 credebatur
2861 1408 2989 1448 esse
3018 1397 3323 1447 venturus.
3360 1392 3765 1448 Redimuntur

2100 1487 2297 1537 autem
2328 1480 2385 1537 in
2418 1480 2747 1537 libertatem
2778 1480 3161 1536 beatitudinis
3194 1480 3766 1553 sempiternam,ubi

2100 1575 2333 1644 peccato
2357 1571 2485 1642 jam
2519 1569 2733 1626 servire
2766 1586 2880 1625 non
2911 1570 3159 1642 possint.
3181 1591 3210 1620 »
3245 1570 3311 1627 Et
3342 1569 3770 1626 manifestissi-

2102 1677 2194 1716 me
2224 1659 2543 1732 explanans
2575 1657 2776 1732 populi
2808 1659 2995 1714 sancti
3009 1657 3305 1733 Evangelii
3333 1658 3535 1716 locum
3558 1675 3771 1715 secun-

343 1752 511 1826 quasi
554 1771 653 1826 pro
686 1751 909 1807 meritis
962 1755 1237 1806 (sternam
1286 1748 1729 1805 retributionem
1780 1747 1991 1821 qumri-
2023 1785 2069 1850 Β
2101 1750 2243 1804 dum
2272 1749 2600 1804 Joannem:
2637 1749 2732 1804 Vos
2762 1765 2869 1805 non
2898 1748 3120 1804 creditis
3168 1750 3306 1820 quia
3353 1765 3466 1805 non
3513 1750 3654 1805 estis
3702 1765 3771 1805 ex

344 1842 516 1898 mus?
540 1842 597 1899 Si
620 1846 817 1897 autem
838 1841 918 1895 ita
948 1844 1146 1896 nostra
1170 1844 1310 1894 sunt
1334 1843 1397 1894 ut
1419 1839 1572 1893 dona
1592 1838 1691 1893 Dei
1726 1836 1989 1909 omnipo-

341 1932 520 1986 tentis
553 1948 666 1986 non
696 1929 952 1996 sint,cur
988 1946 1055 1982 ex
1102 1927 1185 1983 eis
1214 1925 1601 1999 omnipotenti
1633 1926 1748 1981 Deo
1774 1925 1992 1999 gratias

344 2019 614 2093 agimus?
636 2019 746 2075 Sed
767 2018 1072 2073 sciendum
1098 2020 1187 2071 est
1205 2016 1355 2088 quod
1384 2014 1537 2070 mala
1558 2018 1759 2070 nostra
1779 2014 1995 2070 solum-

346 2108 518 2163 modo
543 2112 743 2161 nostra
762 2109 919 2173 sunt,
943 2106 1097 2160 bona
1111 2110 1307 2160 autem
1332 2109 1532 2159 nostra
1552 2108 1608 2158 et
1628 2104 1995 2175 omnipoten-

347 2196 424 2252 tis
456 2196 555 2251 Dei
588 2199 725 2252 sunt
752 2199 807 2249 et
839 2199 1072 2249 nostra:
1100 2193 1239 2265 quia
1277 2192 1401 2264 ipse
1449 2192 1758 2264 aspirando
1785 2193 1858 2265 (α)
1891 2209 1996 2247 nos

346 2283 621 2357 prmvenit
652 2288 716 2337 ut
743 2281 1128 2353 velimus,qui
1162 2281 1490 2353 adjuvando
1522 2281 1905 2352 subsequitur
1926 2297 1998 2335 ne

348 2372 604 2429 inaniter
632 2371 901 2437 velimus,
935 2370 1035 2427 sed
1068 2369 1363 2443 possimus
1397 2368 1639 2442 implere
1666 2387 1793 2442 quae
1823 2368 2000 2426 volui-

347 2480 503 2518 mus.
538 2461 926 2517 Praeveniente
975 2476 1110 2533 ergo
1160 2459 1367 2532 gratia,
1401 2463 1459 2514 et
1504 2459 1655 2513 bona
1702 2458 1998 2514 voluntate

350 2547 883 2623 subsequente,hoc
906 2548 1061 2621 quod
1084 2547 1501 2619 omnipotentis
1522 2547 1621 2602 Dei
1646 2548 1864 2603 donum
1889 2553 1997 2615 est,

351 2641 416 2694 ﬁt
438 2638 709 2694 meritum
743 2640 1008 2693 nostrum
1043 2655 1057 2691 :
1086 2637 1240 2708 quod
1275 2637 1419 2691 bene
1452 2635 1667 2691 Paulus
1689 2636 1842 2691 brevi
1867 2654 1997 2692 sen-

349 2728 533 2785 tentia
564 2727 830 2799 explicat,
866 2726 1068 2781 dicens
1103 2742 1115 2779 :
1149 2726 1281 2780 Plus
1310 2726 1425 2781 illis
1454 2725 1706 2780 omnibus
1756 2726 2002 2782 laboravi

351 2816 398 2891 (l
426 2816 551 2872 Cor.
579 2818 674 2885 xv)
706 2833 719 2870 :
753 2814 853 2888 qui
888 2832 954 2870 ne
980 2832 1097 2869 sure
1120 2814 1415 2869 videretur
1459 2813 1657 2868 virtuti
1702 2813 1996 2882 tribuisse,

351 2904 644 2978 adjunxit;
670 2922 780 2960 non
810 2911 989 2959 alitem
1017 2920 1133 2972 ego,
1154 2903 1247 2958 sed
1273 2905 1456 2973 gratia
1485 2905 1583 2959 Dei
1610 2920 1839 2959 mecum.
1857 2903 2004 2967 Quia

352 2995 502 3050 enim
527 2992 743 3049 ccelesti
775 2994 925 3049 dono
954 2996 1277 3065 praeventus
1310 2992 1603 3064 est,quasi
1651 2992 1906 3047 alienum
1938 3009 2000 3048 se

351 3103 385 3139 a
414 3085 565 3139 bono
589 3101 695 3138 suo
728 3099 898 3156 opere
930 3081 1182 3154 agnovit,
1204 3081 1403 3136 dicens
1439 3098 1450 3134 :
1489 3080 1602 3136 Non
1648 3090 1827 3136 autem
1866 3099 2000 3153 ego;

2099 1839 2289 1893 ovibus
2314 1840 2449 1893 meis
2495 1839 2674 1907 (Joan.
2714 1841 2771 1906 x)
2802 1854 2816 1892 :
2851 1859 2877 1887 α
2913 1837 3236 1904 Quomodo,
3271 1838 3373 1906 ait,
3411 1837 3547 1895 istis
3598 1838 3769 1905 dixit,

2099 1944 2209 1982 non
2239 1928 2366 1982 estis
2394 1943 2464 1983 ex
2485 1929 2676 1982 ovibus
2704 1928 2883 1982 meis?
2913 1925 3051 1999 quia
3080 1926 3315 1981 videbat
3342 1943 3443 1983 eos
3476 1926 3552 1982 ad
3607 1944 3770 1983 sem-

2102 2015 2395 2087 piternum
2446 2015 2748 2070 interitum
2804 2014 3267 2087 praedestinatos,
3301 2032 3416 2070 non
3473 2015 3547 2071 ad
3577 2015 3768 2071 vitam

2103 2110 2377 2160 aeternam
2408 2103 2500 2160 sui
2532 2103 2836 2174 sanguinis
2867 2104 3051 2177 pretio
3081 2107 3470 2176 comparatos.
3507 2127 3534 2155 ιι

2177 2193 2320 2249 Item
2355 2194 2426 2249 ad
2460 2191 2806 2248 Pollentium
2838 2191 2986 2249 libro
3010 2192 3201 2265 priore
3235 2210 3248 2248 :
3282 2215 3311 2244 α
3346 2192 3512 2249 Sicut
3540 2194 3766 2262 omnis,

2106 2283 2318 2356 inquit,
2348 2280 2448 2354 qui
2479 2280 2693 2337 Christi
2746 2282 3032 2355 sanguine
3080 2282 3421 2354 redemptus
3451 2286 3543 2339 est
3584 2282 3769 2339 homo

2108 2377 2214 2439 est,
2234 2389 2348 2427 non
2380 2375 2575 2427 tamen
2604 2370 2799 2427 omnis
2830 2370 2933 2443 qui
2955 2370 3132 2426 homo
3158 2375 3248 2427 est
3266 2369 3446 2427 etiam
3468 2372 3768 2445 sanguine

2107 2460 2323 2517 Christi
2352 2461 2691 2532 redemptus
2723 2463 2831 2526 est,
2866 2460 2949 2515 ita
2994 2476 3167 2517 omne
3215 2461 3371 2533 quod
3421 2460 3557 2516 licet
3609 2463 3769 2519 272

2108 2567 2223 2606 non
2274 2548 2521 2622 expedit,
2551 2564 2657 2604 nec
2702 2553 2897 2604 tamen
2948 2564 3122 2604 omne
3172 2549 3329 2621 quod
3376 2551 3770 2625 nonexpedit

2108 2638 2282 2696 etiam
2316 2656 2431 2693 non
2461 2637 2617 2693 licet.
2644 2660 2672 2687 »
2696 2638 2908 2694 Beatus
2938 2654 3170 2710 quoque
3191 2637 3578 2711 Hieronymus
3604 2640 3771 2696 Com-

2110 2728 2395 2783 mentario
2427 2727 2485 2782 in
2514 2727 2854 2783 Matthazum
2878 2744 2940 2783 se
2972 2727 3126 2783 idem
3154 2727 3374 2783 sentire
3425 2728 3773 2785 manifestat

2109 2817 2203 2873 his
2234 2816 2424 2872 verbis
2457 2832 2469 2871 :
2506 2840 2533 2866 ι(
2568 2816 2732 2872 Sicut
2763 2815 2921 2871 ﬁlius
2941 2815 3200 2871 hominis
3233 2833 3347 2873 non
3400 2816 3553 2872 venit
3593 2818 3771 2873 minio

2110 2906 2303 2973 strari,
2329 2906 2428 2961 sed
2466 2904 2799 2961 ministrare
2832 2905 3037 2977 (Matth.
3072 2908 3189 2973 xx).
3226 2927 3253 2955 ››
3284 2905 3432 2961 Nota
3460 2907 3621 2978 quod
3647 2924 3771 2962 cre~

2110 2996 2214 3050 bro
2245 2994 2502 3051 diximus
2531 3011 2665 3050 eum
2696 2994 2795 3065 qui
2822 2994 3115 3050 ministret
3134 2993 3324 3050 tilium
3349 2994 3651 3066 appellare
3679 2996 3771 3052 ho-

2112 3085 2291 3140 minis
2311 3093 2362 3140 et
2389 3085 2521 3139 dare
2550 3086 2800 3139 animant
2818 3100 2976 3139 suam
2996 3083 3415 3156 redemptionem
3430 3100 3531 3156 pro
3550 3086 3768 3151 multis,

350 3172 449 3227 sed
484 3170 621 3243 quia
653 3169 1009 3242 praeveniens
1030 3167 1218 3239 gratia
1238 3166 1487 3222 liberum
1512 3167 1569 3222 in
1591 3185 1657 3224 eo
1688 3169 1997 3225 arbitrium
2031 3152 2073 3217 Ο
2112 3173 2346 3246 quando
2371 3174 2436 3244 (b;
2468 3173 2715 3229 formam
2748 3172 2897 3229 servi
2917 3172 3141 3245 accepit
3162 3177 3227 3228 ut
3248 3189 3353 3244 pro
3375 3173 3595 3229 mundo
3628 3191 3769 3230 san-

350 3260 564 3315 l‘ecerat
596 3258 652 3313 in
685 3259 855 3324 bono,
893 3273 1008 3328 quo
1039 3254 1220 3311 libero
1269 3256 1509 3311 arbitrio
1557 3258 1823 3312 eamdem
1864 3275 1997 3331 gra-

350 3349 491 3404 tiam
525 3352 613 3403 est
643 3347 995 3401 subsecutus
1024 3344 1083 3398 in
1129 3360 1321 3416 opere,
1356 3344 1622 3415 adjunxit
1652 3346 1790 3411 ;Scd
1814 3350 1997 3419 gratia

347 3439 446 3494 Dei
474 3453 714 3502 mecum;
746 3452 811 3490 ac
843 3433 891 3489 si
924 3433 1173 3488 diceret:
1201 3434 1265 3488 ln
1299 3434 1448 3489 bono
1498 3451 1669 3505 opere
1718 3435 1994 3503 laboravi,

349 3544 463 3581 non
489 3542 616 3597 ego,
649 3523 748 3578 sed
780 3526 836 3577 et
866 3539 990 3595 ego.
1010 3522 1071 3576 In
1102 3539 1167 3577 eo
1198 3526 1391 3577 autem
1426 3523 1578 3595 quod
1613 3523 1734 3579 solo
1766 3524 1993 3581 Domini

349 3616 499 3671 dono
529 3614 851 3684 praeventus
882 3627 1034 3677 sum,
1070 3628 1182 3665 non
1207 3627 1338 3683 ego;
1373 3609 1430 3665 in
1454 3628 1519 3666 eo
1541 3612 1695 3667 enim
1724 3614 1876 3685 quod
1903 3614 1997 3668 do-

349 3719 491 3757 num
523 3700 815 3755 voluntate
846 3699 1196 3755 subsecutus
1228 3703 1453 3765 sum,et
1501 3716 1627 3773 ego.
1664 3723 1690 3750 ››
1719 3701 1823 3757 Pro
1866 3702 1993 3773 qui-

349 3792 461 3846 bus
489 3789 713 3844 ett‘usus
743 3787 819 3842 sit
848 3791 903 3843 et
932 3804 1079 3859 quos
1124 3786 1432 3843 redemerit
1474 3789 1716 3863 sanguis
1765 3789 1996 3845 Domini

351 3880 496 3935 271
516 3876 1127 3949 sanctusAugustinus
1149 3875 1205 3931 in
1229 3876 1377 3933 libro
1399 3878 1471 3933 ad
1498 3878 1872 3935 Laurentium
1904 3878 1997 3935 his

348 3968 538 4023 verbis
571 3965 825 4021 declarat
845 3967 925 4036 (In
958 3966 1298 4030 Euchiridio,
1322 3983 1447 4038 cap,
1478 3966 1608 4035 6i):
1644 3991 1669 4016 ‹‹
1708 3967 1836 4022 Haec
1869 3984 1994 4040 quae

348 4057 406 4111 in
430 4055 649 4112 sanctis
675 4054 898 4126 angelis
920 4058 977 4109 et
998 4054 1313 4111 virtutibus
1326 4054 1424 4110 Dei
1446 4059 1533 4111 est
1559 4055 1832 4121 Ecclesia,
1856 4060 1995 4113 tunc

348 4145 514 4201 nobis
541 4143 711 4200 sicuti
753 4147 843 4199 est
873 4141 1196 4198 innotescet
1227 4159 1361 4198 cum
1389 4143 1437 4198 ei
1470 4144 1765 4215 conjuncti
1814 4145 1993 4201 fueri-

347 4251 480 4289 mus
501 4232 559 4287 in
582 4234 757 4287 ﬁnem
777 4232 845 4287 ad
864 4230 1037 4287 simul
1061 4230 1390 4287 habendam
1411 4233 1834 4289 beatitudinem
1848 4252 1994 4291 sem-

346 4320 655 4393 piternam.
676 4320 792 4375 Ista
820 4337 952 4376 vero
985 4338 1112 4393 qua
1139 4321 1210 4375 ab
1242 4320 1341 4377 illa
1362 4323 1765 4394 peregrinatur
1788 4324 1845 4379 in
1878 4327 1992 4379 ter-

344 4409 425 4465 ris
457 4426 522 4466 eo
556 4409 723 4464 nobis
755 4413 842 4465 est
871 4409 1062 4464 notior
1091 4426 1204 4481 quo
1255 4409 1312 4464 in
1365 4408 1464 4464 illa
1509 4426 1737 4477 sumus,
1761 4400 1826 4466 'et
1857 4412 1994 4484 quia

2106 3262 2344 3335 guinem
2379 3262 2663 3318 funderet.
2693 3263 2763 3317 Et
2793 3279 2910 3318 non
2941 3260 3105 3329 dixit,
3138 3262 3277 3317 dare
3308 3260 3568 3317 animam
3586 3280 3765 3319 suam

2107 3350 2566 3424 redemptionem
2598 3368 2702 3422 pro
2734 3352 3031 3419 omnibus,
3077 3351 3175 3407 sed
3207 3366 3306 3422 pro
3337 3352 3549 3419 multis,
3581 3352 3648 3407 id
3682 3358 3765 3409 est

2106 3457 2209 3511 pro
2234 3439 2325 3495 bis
2351 3440 2450 3512 qui
2483 3439 2717 3495 credere
2745 3438 3058 3495 voluerint.
3083 3439 3247 3503 Quod
3278 3438 3623 3496 cautissime
3654 3441 3761 3497 do~

2105 3532 2231 3585 ctor
2250 3526 2662 3583 celeberrimus
2691 3526 2836 3582 vidit
2867 3527 2937 3583 de
2958 3526 3470 3600 qualibuscunque
3487 3527 3759 3585 ﬁdelibus

2106 3616 2573 3689 intelligendum,
2594 3620 2828 3688 prepter
2858 3615 3001 3671 illud
3036 3633 3049 3670 :
3079 3618 3289 3672 Peribit
3322 3618 3381 3673 in
3411 3625 3509 3672 tua
3526 3619 3762 3674 scientia

2101 3707 2295 3777 frater,
2340 3713 2565 3777 propter
2619 3720 2780 3776 quem
2826 3706 3073 3762 Christus
3120 3713 3368 3760 mortuus
3392 3715 3493 3776 est,
3521 3710 3760 3779 propter

2101 3791 2247 3848 illud
2279 3794 2453 3849 etiam
2488 3810 2501 3849 :
2536 3796 2856 3866 Quicunque
2887 3796 3151 3866 baptizati
3195 3811 3387 3851 sumus
3436 3797 3495 3850 in
3544 3795 3759 3853 Christo

2101 3883 2252 3948 Iesu,
2284 3884 2341 3937 in
2394 3891 2562 3939 morte
2620 3884 2794 3956 ipsius
2847 3884 3112 3955 baptimti
3161 3900 3349 3939 sumus
3383 3884 3427 3955 (I
3475 3884 3600 3941 Car.
3652 3887 3755 3956 ιιι).

2103 3972 2336 4027 Necnon
2369 3975 2427 4027 et
2456 3976 2692 4044 propter
2722 3971 2865 4027 illud
2896 3989 2909 4026 :
2947 3974 3159 4041 Quanto
3184 3975 3368 4042 magis
3393 3974 3757 4045 putatisdete-

2104 4062 2257 4119 riora
2285 4062 2485 4116 mereri
2502 4062 2784 4133 supplicia
2813 4064 2910 4133 qui
2928 4062 3111 4132 ﬁlium
3140 4064 3242 4116 Dei
3269 4063 3757 4130 concuteaveriget

2100 4151 2425 4229 sanguinem
2464 4152 2785 4206 Testamenti
2810 4151 3082 4222 pollutum
3109 4150 3334 4207 duxerit
3366 4152 3427 4206 in
3473 4168 3581 4223 quo
3627 4168 3751 4208 san-

2100 4237 2366 4308 cti/iratus
2395 4243 2512 4294 est?
2540 4240 2729 4309 (Hebr.
2763 4244 2843 4307 κ.)
2866 4239 2932 4294 Et
2960 4256 3325 4311 quaecunque
3343 4239 3567 4295 similia
3595 4257 3749 4296 scru-

2100 4329 2317 4383 tatores
2348 4326 2427 4398 pii
2458 4326 2651 4382 valent
2681 4325 2739 4382 in
2772 4326 2987 4383 divinis
3016 4326 3267 4399 eloquiis
3298 4327 3581 4384 invenire.
3615 4330 3749 4384 Sen-

2102 4432 2234 4471 sum
2265 4415 2615 4488 Hieronymi‘
2633 4416 2790 4472 Beda
2822 4416 2880 4472 in
2913 4414 3321 4488 explanatione
3353 4416 3538 4473 Marci
3566 4416 3749 4474 verbis

345 4497 651 4553 hominum
683 4502 790 4565 est,
826 4499 979 4570 quod
1030 4502 1087 4553 et
1135 4515 1240 4553 nos
1290 4514 1518 4552 sumus.
1544 4497 1672 4553 Haec
1705 4502 1991 4572 sanguine
2022 4520 2068 4584 Ι)
2101 4502 2289 4576 ipsius
2321 4501 2484 4576 ponit
2515 4521 2527 4558 :
2565 4527 2593 4554 «
2621 4504 2765 4560 Nam
2797 4509 2855 4559 et
2879 4503 3063 4559 Filius
3093 4503 3351 4560 hominis
3376 4522 3492 4561 non
3513 4506 3673 4561 venit
3690 4508 3746 4559 ut

343 4586 676 4643 Mediatoris
710 4585 939 4641 nullum
970 4585 1237 4642 habentis
1266 4589 1567 4656 peccatum
1601 4586 1674 4640 ab
1704 4588 1861 4643 omni
1902 4595 1991 4645 est

344 4676 646 4748 redempta
674 4680 927 4748 peccato.
960 4676 1100 4747 Ejus
1131 4690 1239 4730 vox
1269 4676 1358 4729 est
1390 4690 1403 4728 :
1435 4672 1498 4729 Si
1519 4678 1662 4729 Deus
1687 4692 1789 4747 pro
1810 4680 1985 4743 nobis,

414 4817 487 4889 (α)
519 4818 648 4900 Nos.
661 4818 964 4900 przevenit‘.‘
985 4814 1163 4887 Epist.
1198 4815 1229 4868 4
1262 4830 1275 4868 :
1311 4836 1338 4863 ‹‹
1360 4813 1660 4900 Siquidem
1718 4833 1827 4897 sua
1882 4834 1986 4873 nos

341 4884 494 4945 Deus
526 4884 733 4961 gratia,
768 4886 1003 4966 ut-velle
1029 4884 1097 4966 ac
1129 4901 1298 4966 posse
1349 4884 1571 4957 aliquid
1622 4886 1757 4943 boni
1804 4904 1987 4959 quea-

344 4977 497 5025 mus,
527 4957 582 5015 δι
612 4958 885 5031 ρνίηνθηὶἰ
914 4957 1395 5031 etsubsequitur.
1437 4980 1456 5003 υ
1530 5026 1540 5031 _
1608 4997 1663 5031 ᾧ

415 5031 488 5100 (b)
521 5026 775 5087 Formam
804 5027 1109 5100 servilium
1140 5026 1331 5100 verba,
1358 5026 1573 5100 (inquit
1608 5026 1894 5100 Rigaltius
1927 5030 1984 5086 in

344 5096 490 5175 libro
523 5099 1062 5175 de_Pulehritudin_c
1093 5097 1353 5175 corporis
1366 5096 1781 5175 ‘(Ihristi,_p‘ene
1811 5101 1985 5175 signi-

342 5174 520 5226 ticant
549 5173 847 5226 Christum
879 5186 993 5242 non
1026 5167 1303 5242 habuisse
1329 5169 1573 5242 formam
1623 5167 1983 5242 ilmperiovdi-

380 5259 528 5297 eam.
551 5243 657 5297 Sed
693 5242 884 5296 locum
915 5239 1073 5309 hunc
1105 5236 1216 5292 alio
1249 5240 1421 5293 traxit
1463 5236 1981 5309 PetrusClarzeval-

363 5306 519 5386 ensis
551 5328 703 5386 anno
738 5312 891 5386 1353.
917 5306 1185 5386 scribens
1217 5309 1370 5386 enim
1402 5306 1806 5386 longissimam
1831 5315 1982 5386 epis-

338 5383 539 5445 tolam,
564 5382 674 5435 sub
698 5380 933 5434 nomine
954 5379 1093 5432 Jcsu
1117 5377 1350 5445 Christi,
1376 5383 1447 5437 ad
1474 5377 1881 5440 Innocentium
1913 5386 1981 5441 VI

383 5468 548 5520 apam
583 5457 639 5503 et
668 5450 886 5525 curiam
938 5450 1284 5525 Romanam,
1312 5452 1505 5525 ipsum
1555 5455 1850 5511 Christum
1900 5456 1981 5512 sic

337 5469 548 5574 papam
583 5469 639 5503 οι
668 5469 886 5503 curiam
942 5469 1505 5525 nomanam,1psum
1555 5469 1850 5511 Christum
1900 5473 1980 5512 Slc

361 5527 670 5590 oquentem
694 5520 916 5573 inducit
936 5519 1204 5590 incapite
1233 5524 1293 5578 l8
1316 5540 1327 5578 :
1353 5547 1379 5573 ‹‹
1407 5526 1845 5581 Exsecutionem
1878 5545 1980 5582 au-

340 5588 456 5644 tem
494 5606 683 5642 rerum
710 5588 1116 5660 temporalium
1150 5609 1263 5649 non
1296 5595 1539 5652 taciliter
1577 5598 1847 5654 volumus
1880 5599 1978 5653 ad-

2099 4592 2531 4647 ministraretur
2560 4592 2635 4659 ei,
2687 4593 2789 4649 sed
2829 4597 2894 4649 ut
2924 4591 3306 4649 ministraret.
3341 4593 3512 4659 Nota,
3539 4593 3741 4666 inquit,

2097 4680 2254 4752 quod
2284 4680 2485 4737 crebro
2517 4680 2774 4739 diximus
2819 4698 2953 4737 eum
3002 4681 3103 4754 qui
3153 4680 3518 4739 ministraret
3568 4681 3740 4737 ﬁlium

2096 4820 2515 4893 mittere,vobis
2535 4822 2741 4877 dantes
2770 4820 3101 4893 exemplum
3116 4892 3119 4893 ν
3134 4824 3201 4876 ut
3229 4824 3433 4877 nostra
3452 4819 3739 4893 sectamini

2094 4891 2342 4971 vestigia
2373 4892 2525 4971 Equi
2553 4910 2688 4948 cum
2715 4894 2772 4948 in
2806 4890 2994 4971 forma
3025 4890 3125 4948 Dei
3147 4908 3575 4971 essemusmon
3606 4891 3741 4971 rapi-

2096 4980 2231 5019 nam
2248 4962 2530 5019 arbitrati
2576 4981 2807 5029 sumus,
2839 4964 2941 5019 sed
2991 4962 3386 5035 nosmetipsos
3436 4962 3735 5021 exinanivi-

2095 5036 2516 5107 mus,tormam
2548 5040 2921 5107 assumentes
2952 5033 3287 5107 servi.Quid
3312 5034 3495 5107 igitur
3523 5050 3736 5107 exsecu-

2094 5104 2318 5178 tionem
2333 5104 2748 5178 immediatam
2779 5105 2836 5160 in
2870 5104 3541 5178 regnisgtemporalibus
3582 5106 3732 5162 all'ec-

2095 5176 2270 5248 tatis?
2303 5177 2433 5248 Haec
2487 5177 2728 5248 affectio
2771 5193 2844 5248 ex
2892 5176 3230 5248 ambitione
3272 5178 3561 5248 procedit.
3596 5178 3730 5232 Hanc

2094 5247 2287 5321 potius
2318 5265 2386 5321 ex
2407 5246 2768 5321 humilitatis
2798 5247 3011 5321 virtute
3042 5246 3565 5321 debetis'exemplo
3612 5262 3730 5321 nos-

2092 5315 2166 5391 tri
2199 5318 2532 5375 cordialiter
2562 5318 2883 5391 aspernari.
2918 5317 2985 5372 Hi
3017 5318 3174 5391 enim
3206 5315 3565 5391 honores'et
3599 5315 3727 5391 diti-

2094 5387 2184 5442 tiae
2214 5392 2521 5444 transeunt
2550 5387 2702 5445 sicut
2734 5390 2999 5446 umbra.»
3022 5390 3106 5444 Ex
3132 5389 3535 5446 vetustissimo
3554 5388 3723 5445 codice

2091 5464 2294 5531 nostro
2323 5477 2456 5531 ms.,
2492 5462 2646 5515 unde
2700 5459 2965 5517 fortassis
3013 5459 3377 5531 eaqepistola
3429 5460 3583 5516 brevi
3610 5474 3721 5531 pro-

2090 5529 2238 5655 (ἕως
2280 5529 2340 5585 in
2390 5530 2601 5587 lucem.
2634 5534 2832 5589 Exstat
2879 5548 3034 5587 nunc
3087 5527 3561 5589 in'Bibliotheca
3602 5527 3723 5586 olim

2146 5616 2295 5655 ema.

2146 5616 2295 5671 egia.
