3898 6194
125 329 250 395 665

1385 328 1499 433 ~DE
1538 328 1724 392 νιτΑ
1771 330 1837 393 S.
1883 326 2287 392 ΜΑΧῙΜῙΝΙ.
2376 366 2385 375 -

3424 320 3544 393 666

120 464 405 540 appellari
436 462 698 522 hominis
725 469 779 521 et
803 462 937 521 dare
963 464 1213 520 animam
1250 479 1409 520 suam
1454 462 1778 536 redemptio-
1808 464 1862 532 Α
1888 456 2714 533 catorum.(b)Joannestamen
2726 448 3545 537 Constantinopolitanusepi~

117 572 265 612 nam
273 571 377 628 pro
406 554 857 626 multis,quando
890 554 1138 610 formam
1160 553 1309 609 servi
1330 553 1648 625 accepit,ut
1669 569 1773 625 pro

121 644 347 701 mundo
379 643 729 716 sanguinem
756 642 1117 699 funderet.Et
1145 657 1262 697 non
1294 640 1457 709 dixit,
1481 641 1619 697 dare
1646 641 1773 697 ani-

120 750 285 789 mam
312 746 488 788 suam
527 731 990 803 redemptionem
1040 746 1145 802 pro
1194 730 1490 794 omnibus,
1525 731 1627 785 sed
1671 746 1771 803 pro

117 822 334 889 multis,
364 821 423 876 id
455 825 563 890 est,
588 836 691 892 pro
720 819 816 876 his
843 819 944 891 qui
976 820 1208 875 credere
1235 818 1590 875 voluerint.»
1623 819 1768 875 Item

119 910 510 982 Hieronymus
542 909 871 965 edisserens
901 907 1045 963 illud
1078 907 1289 980 psalmi
1317 908 1491 979 (XLIII)
1526 925 1538 963 :
1577 908 1771 965 Vendi-

119 1000 256 1055 disti
282 997 553 1071 populum
583 1005 737 1054 tuum
763 999 883 1053 sine
901 999 1077 1069 pretio
1108 1016 1126 1052 :
1157 1020 1185 1047 ‹‹
1218 995 1413 1070 Usque
1462 1014 1638 1065 nunc,
1674 997 1771 1052 in-

121 1088 351 1160 quit,‘de
379 1103 442 1143 se
473 1086 651 1142 locuti
682 1088 833 1144 278
865 1090 1005 1142 sunt
1042 1088 1348 1159 martyres,
1380 1101 1537 1141 nunc
1564 1086 1635 1141 de
1662 1085 1771 1141 Ju-

121 1178 385 1233 deorum
416 1175 629 1248 populo
659 1173 1104 1247 dicunt,quibus
1133 1173 1353 1229 dictum
1382 1179 1473 1229 est
1504 1192 1516 1229 :
1552 1179 1620 1230 In
1643 1190 1773 1246 pee-

119 1268 259 1322 oatis
288 1266 480 1322 vestris
504 1264 713 1320 uenditi
737 1265 897 1332 estis;
923 1268 980 1320 et
1000 1263 1128 1320 ideo
1150 1265 1271 1319 sine
1289 1263 1634 1335 pretio,quia
1654 1280 1771 1319 non

121 1358 214 1410 est
243 1353 467 1410 effusus
494 1353 642 1425 Agni
674 1354 917 1425 sanguis
947 1368 1051 1425 pro
1077 1353 1181 1408 eis.
1207 1372 1233 1403 ι

196 1442 451 1500 Sanctus
476 1440 792 1513 Gregorius
821 1457 971 1513 papa
997 1440 1057 1495 in
1090 1439 1410 1496 Moralibus
1441 1442 1580 1508 (Lib.
1615 1458 1690 1511 ιν,
1721 1457 1768 1497 c.

117 1530 239 1600 Η),
273 1546 566 1602 exponens
596 1528 789 1584 locum
821 1527 1009 1597 illum,
1038 1545 1151 1584 non
1177 1536 1512 1601 computetur
1560 1532 1621 1585 in
1656 1530 1771 1585 die-

120 1619 225 1676 bus
252 1621 392 1675 anni
417 1620 541 1689 (Job
570 1618 713 1691 xm),
743 1619 1019 1675 eumdem
1051 1634 1291 1674 sensum
1314 1617 1522 1674 asserit
1542 1618 1634 1673 his
1654 1634 1774 1673 ver-

116 1707 273 1765 bis.«
292 1710 528 1763 Annum
551 1706 1017 1779 prmdicationem
1039 1723 1307 1780 supernae
1329 1706 1529 1780 gratiae
1551 1723 1667 1762 non
1690 1706 1774 1762 in-

1883 568 2098 624 scopus
2126 550 2449 625 explanans
2471 551 2664 608 locum
2690 551 2859 607 illum
2880 550 3156 624 Epistolas
3177 553 3249 607 ad
3274 553 3543 610 Hebraeos

1884 642 2067 714 (Hebr.
2101 642 2185 712 ιι),
2237 640 2492 713 qualiter
2540 640 2727 713 gratia
2771 640 2873 696 Dei
2924 657 3028 713 pro
3058 641 3216 698 214
3265 641 3542 698 omnibus

1881 730 2203 804 gustaverit
2233 734 2479 785 mortem
2514 746 2526 784 ε
2561 752 2591 780 ‹‹
2615 729 2743 784 Non
2775 745 2880 801 pro
2902 729 3175 785 ﬁdelibus
3200 729 3545 797 tantum,in-

1883 819 2030 892 quit,
2065 819 2166 874 sed
2196 835 2300 891 pro
2328 819 2548 874 mundo
2580 818 2874 885 universo,
2910 822 2968 873 et
2998 818 3122 890 ipse
3166 817 3407 891 quidem
3438 835 3542 890 pro

1881 908 2158 965 omnibus
2187 912 2453 963 mortuus
2482 910 2591 963 est.
2623 907 2772 972 Quid
2814 911 3012 962 autem
3062 907 3112 963 si
3164 923 3281 963 non
3326 923 3540 971 omnes

1880 997 2169 1053 credunt?
2200 995 2301 1051 Ille
2346 996 2502 1068 quod
2555 1012 2731 1051 suum
2777 1000 2901 1051 erat
2951 994 3233 1067 implevit.
3267 1018 3296 1046 »
3322 995 3542 1053 Verum

1880 1085 2033 1141 hanc
2066 1085 2508 1157 intelligentiam
2541 1084 2754 1139 divinis
2786 1101 2902 1140 non
2936 1085 3226 1140 roboravit
3267 1084 3536 1157 eloquiis.

1879 1177 1951 1244 (c)
1984 1175 2236 1229 Faustus
2266 1173 2441 1229 etiam
2475 1172 2823 1245 quidam,ex
2853 1173 3062 1229 abbate
3091 1173 3389 1230 Lerinensi
3423 1175 3539 1230 Re-

1879 1263 2077 1335 gcnsis
2109 1261 2304 1319 Galliae
2335 1262 2664 1334 episcopus,
2698 1262 2769 1317 de
2818 1261 2909 1317 his
2961 1262 3155 1329 rebus,
3190 1262 3300 1318 hoc
3351 1266 3441 1319 est
3466 1263 3539 1319 de

1880 1350 2387 1425 praedestinatione
2416 1355 2474 1407 et
2495 1350 2675 1407 libero
2699 1351 2939 1407 arbitrio
2963 1355 3019 1407 et
3041 1351 3352 1423 sanguinis
3376 1351 3540 1407 Chri-

1880 1440 1955 1495 sti
1988 1439 2583 1512 redemptione,longe
2615 1439 2844 1496 diversa
2869 1439 3273 1512 superioribus
3305 1440 3544 1512 praecel-

1877 1529 2223 1585 lentissimis
2245 1529 2583 1585 auctoribus
2606 1528 2982 1601 scripsit.Sed
3007 1527 3432 1602 intelligentius
3457 1529 3543 1585 in-

1880 1622 2081 1691 specta
2111 1618 2442 1673 divinorum
2464 1618 2832 1691 eloquiorum
2857 1617 3165 1691 integritas
3188 1618 3421 1674 errandi
3445 1636 3544 1674 oc-

1880 1708 2175 1764 casionem
2206 1706 2439 1779 penitus
2469 1706 2736 1773 abstulit,
2759 1710 2815 1762 et
2846 1706 3361 1763 reverentissimus
3392 1725 3544 1780 papa

115 1796 535 1863 convenienter
558 1795 884 1868 accipimus
909 1813 922 1851 :
947 1794 1087 1868 quia
1114 1794 1268 1851 sicut
1296 1796 1355 1851 in
1386 1798 1774 1868 anndconge-
1806 1830 1850 1894 Β
1880 1796 2148 1853 Gelasius
2180 1812 2315 1852 cum
2348 1796 2721 1868 septuaginta
2742 1795 3036 1868 episcopis
3058 1794 3199 1852 viris
3214 1796 3546 1852 eruditissi-

117 1886 235 1943 stis
265 1885 474 1942 diebus
503 1889 742 1957 tempus
771 1883 1179 1957 perﬁcitur,ita
1209 1884 1268 1939 in
1300 1901 1555 1957 superna
1584 1886 1775 1958 gratia
1806 1883 1849 1894 ”’
1888 1886 2000 1940 mis
2021 1889 2288 1941 statuens
2306 1887 2405 1957 qui
2422 1885 2739 1957 scriptores
2770 1888 2968 1940 essent
2985 1884 3072 1939 vel
3094 1900 3211 1940 non
3239 1889 3543 1941 essentre-

116 1974 409 2030 virtutum
436 1972 748 2046 multiplex
774 1974 894 2029 vita
920 1973 1265 2046 completur.
1298 1974 1492 2029 Potest
1537 1990 1639 2045 per
1667 1991 1774 2028 an-

122 2079 272 2118 num
304 2063 482 2118 etiam
508 2061 829 2117 multitudo
857 2061 1106 2135 intelligi
1135 2062 1568 2135 redemptorum
1599 2079 1612 2116 :
1641 2064 1779 2134 quia

126 2153 286 2208 sicut
314 2169 382 2207 ex
412 2151 641 2207 dierum
674 2150 1052 2207 multitudine
1081 2168 1273 2208 annus
1313 2151 1566 2219 ducitur,
1600 2151 1682 2205 ita
1711 2169 1781 2207 ex

129 2239 473 2298 collectione
506 2241 790 2297 bonorum
820 2239 1086 2297 omnium
1118 2239 1219 2297 illa
1246 2239 1562 2297 electorum
1607 2240 1779 2296 innu-

129 2329 435 2386 merabilis
466 2327 815 2385 universitas
843 2327 1128 2401 expletur.
1163 2350 1191 2378 ››

203 2418 320 2474 Nec
351 2417 691 2473 mirandum
721 2418 836 2473 duo
857 2416 1187 2473 clarissima
1205 2416 1432 2472 lumina
1451 2418 1776 2487 doctorum,

127 2507 372 2564 beatum
401 2506 794 2579 Augustinum
845 2511 900 2561 et
938 2506 1376 2578 Hieronymum,
1410 2513 1465 2562 et
1493 2511 1626 2579 post
1654 2506 1784 2562 illos

128 2595 477 2669 Gregorium
509 2600 566 2651 et
589 2596 829 2663 Bedam,
862 2594 922 2651 in
962 2595 1070 2651 hoc
1116 2612 1297 2652 sensu
1344 2595 1612 2663 inveniri,
1646 2612 1782 2650 cum

127 2702 335 2741 eorum
365 2683 629 2740 doctrina
652 2700 721 2739 ex
750 2684 1084 2756 evangelica
1110 2685 1370 2757 pendeat
1417 2685 1781 2740 auctoritate.

133 2774 202 2829 In
235 2790 353 2846 qua
381 2773 617 2845 quidem
651 2773 805 2846 apud
829 2775 905 2845 (a)
939 2772 1280 2828 Mattbzeum
1312 2773 1395 2829 sic
1446 2772 1737 2829 invenitur
1767 2790 1779 2827 :

1885 1974 2158 2047 cipiendi,
2193 1977 2323 2047 post
2352 1973 2841 2045 approbationem
2864 1973 3181 2047 Augustini
3213 1979 3271 2029 et
3302 1973 3543 2047 amplis-

1886 2064 2069 2120 simas
2098 2062 2304 2119 laudes
2335 2061 2693 2135 Hieronymi,
2728 2067 3123 2118 memoratum
3158 2062 3441 2118 Faustum
3473 2064 3545 2119 ab

1888 2152 2234 2208 auctoritate
2291 2151 2385 2207 his
2442 2151 2635 2207 verbis
2695 2150 2983 2208 removit:
3020 2152 3296 2223 Opuscula
3349 2154 3550 2208 Fausti

1888 2243 2142 2311 Regewzsis
2172 2241 2318 2298 Galli
2362 2241 2693 2312 apocrypha.
2725 2240 2843 2295 Nos
2894 2238 3086 2311 igitur
3139 2238 3547 2312 incorruptum

1890 2335 2227 2386 sanctarum
2256 2329 2693 2401 Scripturarum
2724 2332 3035 2400 sequentes
3076 2327 3459 2396 intellectum,
3491 2334 3550 2385 et

1891 2420 1968 2492 (d)
1997 2417 2329 2492 apostolicae
2360 2417 2519 2473 sedis
2562 2417 2913 2490 gravitatem
2961 2417 3374 2491 suscipientes,
3407 2418 3548 2491 quid

1892 2507 2048 2564 aliud
2075 2506 2342 2563 dicamus
2366 2505 2480 2563 nisi
2505 2523 2518 2561 ι
2545 2507 2759 2562 Tacent
2778 2506 3033 2563 Faustus
3054 2511 3113 2562 et
3133 2504 3405 2563 similiter
3424 2524 3552 2565 sen-

1892 2596 2137 2663 tientes;
2172 2595 2490 2669 loquantur
2515 2612 2650 2650 cum
2681 2595 2806 2650 suis
2856 2595 3227 2652 consortibus
3268 2595 3552 2671 Hierony-

1894 2701 2029 2740 mus
2045 2690 2101 2740 et
2118 2681 2744 2757 Augustinus.Scilicet
2764 2681 2922 2739 illius
2942 2684 3230 2755 proverbii
3249 2685 3554 2742 recordan-

1891 2778 1981 2831 tes
2014 2790 2027 2829 :
2064 2775 2431 2831 Conticescant
2460 2787 2617 2830 ranae
2646 2772 2777 2827 dum
2817 2772 3014 2828 caelum
3063 2780 3233 2829 tonat.
3266 2775 3456 2846 Atque
3488 2779 3553 2831 ut

130 2862 318 2918 Bibite
347 2878 417 2917 ea:
440 2862 537 2919 hoc
567 2876 768 2917 omnes.
799 2864 901 2918 Hic
941 2869 1020 2918 est
1047 2866 1195 2918 enim
1218 2865 1446 2933 sanguis
1472 2879 1624 2918 meus
1650 2862 1789 2918 Novi
1894 2862 2053 2919 hunc
2071 2860 2613 2918 nostrumlaborem
2634 2862 3002 2917 fructuosum
3020 2862 3243 2918 caeteris
3258 2861 3553 2934 relinqua-

134 2951 587 3023 Testamenti,qui
608 2967 711 3023 pro
738 2952 928 3007 multis
950 2951 1261 3023 eﬂ‘undetur
1302 2953 1363 3006 in
1408 2953 1788 3007 remissionem
1896 2968 2031 3007 mus
2062 2950 2206 3006 illud
2237 2966 2469 3021 semper
2504 2949 2789 3006 memoria
2816 2950 3133 3005 tenendum
3167 2951 3239 3006 de
3288 2950 3552 3023 reprobis

124 3047 479 3113 peccatorum
526 3041 736 3110 (Matth.
786 3039 959 3110 xxw).
1009 3040 1175 3113 Apud
1228 3040 1488 3095 Marcum
1540 3044 1734 3096 autem
1768 3056 1783 3095 :
1897 3055 2206 3096 monemus
2241 3056 2254 3094 :
2289 3040 2394 3107 Qui
2419 3039 2676 3109 elongant
2703 3054 2761 3094 se
2791 3054 2825 3093 a
2855 3038 3335 3110 tc,peribunt:de
3354 3037 3553 3094 electis

131 3118 236 3186 llic
265 3135 346 3184 est
370 3130 598 3197 sanguis
626 3143 778 3184 meus
815 3128 951 3184 Novi
976 3130 1320 3197 Tcstamcnti,
1350 3131 1449 3201 qui
1470 3144 1571 3201 pro
1597 3129 1789 3184 multis
1829 3196 1860 3201 _
1898 3145 2032 3184 vero
2058 3145 2070 3182 :
2096 3128 2155 3183 In
2187 3129 2339 3184 omni
2366 3135 2523 3197 gente
2551 3127 2650 3198 qui
2679 3129 2830 3183 timet
2862 3127 3048 3194 Deum,
3081 3135 3133 3183 et
3175 3129 3311 3199 facit
3358 3126 3551 3182 volun-

130 3217 404 3291 fundetur
433 3196 614 3290 (Marc.
646 3215 781 3289 xw).
805 3217 973 3289 Apud
1008 3218 1222 3274 Lucam
1253 3196 1385 3275 vero
1420 3235 1433 3273 :
1591 3227 1669 3274 est
1696 3235 1790 3273 ca-
1819 3196 1860 3261 (ἶ
1900 3225 2058 3274 tatem
2103 3218 2241 3289 cjus,
2272 3196 2518 3288 acceptus
2546 3196 2625 3272 est
2652 3216 2760 3273 illi.
2794 3216 2864 3272 Et
2894 3219 2958 3272 ut
2981 3215 3055 3271 ab
3087 3196 3205 3272 illis
3234 3216 3337 3271 Dei
3366 3215 3556 3289 gratia

135 3308 226 3363 lia:
262 3308 470 3363 Novum
520 3307 913 3362 Testamentum
962 3308 1022 3361 in
1066 3308 1336 3377 sanguine
1380 3323 1518 3376 meo,
1549 3309 1649 3379 qui
1690 3325 1793 3379 pro

134 3397 292 3453 vobis
314 3394 599 3468 fundatur.
633 3394 796 3451 Unde
825 3396 1245 3451 concordantes
1287 3396 1474 3463 Lucae,
1503 3413 1637 3451 cum
1671 3414 1793 3453 rem

136 3484 405 3540 divinam
453 3483 706 3556 agimus,
737 3482 798 3538 in
836 3500 1024 3556 prece,
1056 3483 1151 3539 hic
1183 3487 1272 3540 est
1302 3483 1452 3540 calix
1485 3484 1795 3559 sanguinis

140 3571 263 3630 mei
292 3572 431 3628 Novi
464 3577 522 3630 et
548 3571 745 3629 aeterni
771 3571 1132 3630 Testameuti
1163 3574 1504 3646 mysterium
1538 3573 1669 3629 fidei
1699 3576 1797 3646 qui

132 3679 242 3736 pro
291 3662 460 3728 vobis,
487 3660 862 3718 concinentes
918 3666 1116 3719 autem
1178 3662 1449 3719 Matthzeo
1497 3666 1556 3719 et
1600 3663 1795 3721 Marco

138 3750 567 3824 addimusppro
588 3751 783 3806 multis
830 3750 1140 3823 effundatur
1180 3752 1242 3806 in
1271 3752 1645 3808 remissin
1669 3768 1794 3824 pec-

207 3884 286 3957 (a)
317 3882 473 3958 Apud
516 3883 851 3958 Matthaeum.
879 3884 1014 3958 Haec
1058 3884 1251 3940 trium
1301 3883 1792 3958 evangelistarum

135 3954 275 4013 loca
297 3954 475 4028 refert
502 3955 678 4028 etiam
712 3956 771 4028 in
801 3954 1049 4028 epistola
1086 3958 1203 4028 t2].

208 4028 287 4099 (b)
312 4027 548 4099 Joannes
576 4027 671 4098 Cp.
701 4026 1098 4099 cognomento
1128 4026 1791 4099 Chrysos_ton_1us.Eum-

134 4096 285 4170 dem
305 4114 480 4170 porro
510 4096 705 4170 locum
736 4096 943 4170 laudat
969 4098 1170 4170 Lupus
1198 4096 1265 4153 in
1290 4096 1538 4170 epistola
1578 4099 1702 4164 128,
1736 4102 1796 4153 et

133 4169 195 4225 in
227 4166 382 4241 lib-ro
411 4168 485 4224 de
514 4168 704 4241 tribus
735 4166 1187 4241 Questionibus,
1224 4166 1357 4241 pag.
1382 4168 1515 4241 244.

205 4240 278 4313 (c)
306 4242 560 4313 Faustus.
592 4239 933 4313 Vide‘notas
959 4239 1366 4313 adﬂepistolain
1400 4240 1523 4294 112.

207 4308 284 4384 (d)
316 4310 647 4384 Apostolicse
662 4310 894 4384 sedist
917 4308 1609 4384 est,R6manas_._0uamvis
1631 4308 1790 4384 enim

134 4380 344 4439 omnes
353 4380 528 4438 sedes
539 4382 899 4455 episcopales
920 4382 1253 4438 dicerentur
1270 4381 1414 4438 olim
1432 4380 1788 4454 apostolicae,

1004 4630 1165 4696 ,τε
1198 4652 1233 4695 .
1302 4640 1573 4754 Vm
1640 4640 2041 4757 SANCTI
2110 4640 2668 4752 MAXIMINI

1502 4856 1761 4904 EPISCOPI
1798 4854 2193 4904 TBEVIRENSIS

1331 4996 1740 5064 AUCTORE
1780 4992 2117 5063 SANCTO
2160 4997 2384 5064 ιυΡο

1903 3305 2175 3379 separati,
2209 3305 2341 3362 istis
2368 3306 2574 3362 eadem
2606 3304 2707 3360 Dei
2737 3304 2931 3377 gratia
2959 3304 3270 3371 sociemur,
3297 3303 3553 3360 assiduis

1904 3395 2177 3468 precibus
2207 3394 2599 3451 communiter
2627 3393 3253 3466 implorandum.‘Nam
3287 3393 3386 3465 qui
3419 3409 3553 3465 par-

1903 3483 2055 3540 vulis
2086 3482 2717 3557 regeneratis,moxque
2747 3481 2863 3537 vita
2892 3480 3326 3548 excedentibus,
3352 3480 3552 3537 ineffa-

1903 3571 2009 3629 bili
2040 3571 2251 3646 pietate
2281 3571 2703 3628 beatitudinem
2734 3570 3005 3644 largitur,
3027 3569 3202 3627 etiam
3232 3587 3435 3626 eorum
3465 3587 3555 3627 sa-

1902 3661 2011 3721 luti
2034 3662 2284 3735 benigne
2314 3660 2609 3734 prospexit
2638 3660 2857 3732 quibus
2877 3659 3131 3732 perfecte
3151 3658 3212 3715 in
3234 3675 3298 3715 se
3316 3674 3554 3732 sperare

1904 3752 2161 3808 donavit.

1905 3885 2169 3940 Romana
2184 3887 2381 3938 tamen
2394 3878 2642 3953 speciali
2666 3880 2922 3953 quodam
2945 3878 3119 3953 mpdo
3134 3878 3294 3935 dicta
3312 3882 3402 3953 est
3421 3894 3558 3951 apo-

1903 3954 2130 4023 stolica,
2164 3955 2319 4025 quod
2367 3949 2529 4025 illam
2560 3949 2765 4025 Petrus
2796 3954 2854 4003 et
2868 3949 3119 4025 Paulus,
3153 3949 3554 4025 apostplorum

1899 4019 2168 4080 videlicet
2182 4019 2513 4094 principes,
2539 4019 2971 4094 constituerint,
2999 4024 3056 4094 et
3102 4019 3258 4094 apud
3296 4019 3552 4094 Romam

1902 4094 2111 4150 Christi
2146 4089 2297 4149 mart
2371 4089 2423 4148 io
2454 4092 2672 4147 fuerint
2712 4089 3060 4157 consecrati,
3097 4089 3163 4144 ut
3193 4089 3450 4146 diximus
3477 4092 3550 4145 ad

1902 4164 2272 4218 Vincentium
2299 4110 2690 4218 liii-incusem.
2724 4162 2953 4218 Quanta
2998 4164 3196 4216 autem
3226 4158 3367 4216 olim
3398 4165 3550 4217 esset

1900 4164 2272 4221 Vincentium
2301 4158 2690 4218 Lirinensem.
2724 4162 2953 4225 Quanta
2998 4164 3196 4216 autem
3226 4158 3367 4216 olim
3398 4165 3555 4217 esset

1902 4235 2356 4310 apostolicarum
2386 4232 2615 4316 aedium
2649 4232 2910 4305 dignitas
2940 4235 2999 4286 et
3020 4231 3339 4287 auctoritas
3339 4229 3553 4359 {peiuri-

1901 4309 2033 4374 bus,
2070 4310 2181 4362 Deo
2212 4306 2411 4369 dante,
2443 4305 2710 4360 dicemus
2736 4303 2821 4359 Ad
2852 4302 3250 4374 Agobardum.
3273 4304 3337 4373 (ν
3444 4304 3552 4358 Ρα-

1944 4324 2033 4375 US,
2070 4322 2181 4362 υθο
2212 4322 2411 4369 dante,
2443 4322 2710 4360 αιοθῐιιιιε
2736 4322 2821 4359 Λα
2852 4322 3250 4374 agonaraum.

1901 4380 2026 4436 trol.
2060 4387 2187 4435 tom.
2222 4377 2380 4447 CIV.)

202 5256 413 5327 Lupus
443 5254 719 5312 Waldo'ni
748 5273 855 5312 suo
883 5257 1134 5313 salutem

200 5341 448 5399 Amicos
478 5341 743 5401 honestis
788 5350 1008 5402 certare
1055 5343 1285 5412 ofﬁciis,
1317 5361 1494 5418 seque
1541 5344 1787 5404 invicem

202 5464 484 5542 (efﬂans
516 5467 711 5523 Sancti
750 5469 1073 5542 Maximini,
1104 5467 1463 5542 Trevir-ensis
1507 5468 1785 5542 episc0pi,

130 5534 331 5590 Vitam
364 5538 598 5609 primus
627 5542 874 5596 omnium
903 5534 1085 5595 edidit
1114 5534 1655 5596 Surius.Assentior
1685 5534 1787 5597 au;

131 5608 251 5662 tum
285 5608 692 5667 eruditissimo
719 5611 843 5667 viro
878 5610 1087 5668 Joanni
1135 5610 1385 5667 Gerardo
1432 5609 1660 5684 Vossio,
1692 5616 1789 5684 qui

1820 5260 1867 5325 D
1896 5258 2040 5315 velle
2070 5254 2315 5313 sinceris
2346 5252 2661 5326 praevenire
2700 5249 3019 5323 obsequiis,
3052 5249 3206 5306 inter
3252 5248 3551 5322 praecipua

1898 5348 2169 5403 humanas
2188 5343 2313 5399 vita:
2334 5340 2566 5413 negotia
2581 5357 2696 5395 non
2717 5338 3009 5395 immerito
3027 5336 3548 5413 deputatur.Quip-

1898 5474 2129 5544 Lupum
2152 5469 2421 5545 abbatem
2442 5465 2872 5545 t‘errariensem
2889 5464 3032 5545 Vita
3054 5462 3227 5545 istius
3251 5466 3548 5545 auctorem

1897 5534 2025 5601 esse
2056 5546 2240 5668 putat.
2274 5536 2594 5592 Valdonem
2623 5540 2841 5603 autem,
2861 5535 2956 5591 cui
2985 5552 3113 5599 eam
3143 5534 3411 5590 inscribit
3445 5534 3549 5587 Lu-

1897 5633 2029 5668 nus.
2107 5612 2219 5668 aud
2269 5609 2449 5666 alium
2488 5623 2617 5664 esse
2649 5624 2776 5664 reor
2808 5624 2984 5668 quam
3016 5606 3339 5665 Valdonem
3370 5604 3549 5662 abba-

1897 5633 2029 5688 pus,
2056 5604 2219 5669 baud
2269 5609 2449 5666 alium
2488 5623 2617 5664 esse
2649 5624 2776 5664 reor
2808 5624 2984 5680 quam
3016 5606 3339 5665 Valdonem
3370 5604 3552 5662 abba-
