3898 6194
134 371 260 438 677

1411 378 1514 440 DE
1556 376 1741 441 VITA
1788 377 1852 439 S.
1900 375 2304 439 MAXIMINI.

3448 381 3568 443 6‘18

139 508 430 575 ecclesia},
462 510 695 566 nomine
747 509 1048 573 Gosberto,
1085 511 1152 565 ad
1190 511 1439 584 sepulcri
1482 509 1802 583 penetralia
1830 513 1879 578 Α
1912 510 2333 565 sumendcrum
2349 508 2887 566 alimentorumsibi
2905 510 3291 583 possibilitate
3311 513 3565 570 sublata'

138 598 553 668 intromissus,
568 598 647 655 ibi
670 615 732 657 se
763 599 1071 655 confestim
1102 599 1253 656 lucis
1284 600 1704 656 commercium
1723 615 1807 655 re-

143 687 376 761 perisse
398 688 650 744 miratus
663 692 770 743 est.
786 688 1018 744 Poterat
1033 688 1412 745 beatissimus
1429 690 1637 745 Petrus
1657 704 1805 744 caeco

145 793 390 833 summa
420 776 695 833 facilitate
737 777 891 849 quod
940 777 1250 848 petebatur
1279 781 1574 849 praastare,
1605 793 1806 832 verum

146 864 403 939 gloriam
427 863 697 921 miraculi
729 865 1046 921 transferre
1069 866 1140 921 ad
1165 866 1552 921 Maximinum
1576 863 1804 931 maluit,

151 957 220 1009 ut
250 953 595 1010 meritorum
627 954 756 1026 ejus
781 954 1078 1011 evidenter
1106 954 1335 1011 cunctis
1366 955 1647 1028 panderet
1668 970 1809 1025 qua-

150 1040 378 1098 litatem
390 1083 403 1097 .

797 1149 1028 1206 CAPUT
1074 1150 1167 1207 XI.

228 1256 512 1313 Praeterea
534 1255 592 1312 in
622 1260 824 1330 crypta
854 1256 954 1313 ubi
985 1273 1121 1314 ossa
1156 1257 1467 1314 venerandi
1516 1256 1809 1330 pontiﬁcis

150 1345 395 1401 condita
417 1345 645 1402 fuerant
667 1345 971 1417 interjectu
994 1346 1275 1419 temporis
1298 1363 1448 1419 aqua
1472 1346 1529 1401 in
1554 1345 1809 1401 latitudi-
1883 1340 1895 1347 ’

150 1451 293 1489 nem
310 1434 489 1491 unius
504 1434 682 1491 cubiti
706 1435 982 1503 excrevit;
1009 1434 1286 1508 dictuque
1308 1434 1594 1504 mirabile,
1620 1435 1702 1490 ita
1723 1452 1805 1490 se-

151 1523 430 1596 pulcrum
462 1541 634 1580 omne
665 1540 774 1580 suo
807 1524 1033 1580 ambitu
1066 1525 1348 1592 cinxit,ut
1368 1530 1565 1580 tamen
1590 1525 1661 1580 ab
1678 1525 1807 1595 ejus

151 1613 458 1686 crepidine
482 1613 927 1679 absistens,non
956 1630 1199 1686 parvum
1232 1612 1599 1670 intuentibus
1615 1617 1811 1686 stupe-

155 1718 285 1757 rem
316 1701 599 1773 injiceret.
625 1700 809 1775 Igitur
830 1701 1188 1758 venerabiles
1216 1702 1474 1775 episcopi
1491 1701 1808 1772 (a)Hildul-

154 1790 336 1863 phus,
361 1789 626 1847 Clemens
656 1794 831 1862 atque
859 1790 1201 1857 Gosbertus,
1225 1789 1632 1845 convenientes
1653 1789 1711 1844 in
1743 1808 1809 1845 u-

155 1896 329 1947 num,
357 1883 415 1935 et
438 1880 594 1951 quod
626 1881 913 1944 evenerat,
948 1877 1259 1950 diligenter
1286 1878 1705 1945 examinantes,
1738 1878 1813 1951 (b)
1844 1882 1892 1947 B

155 1968 569 2024 transferenda
580 1966 735 2024 beati
751 1966 855 2022 viri
870 1983 1007 2023 ossa
1018 1983 1086 2023 ex
1102 1971 1425 2024 memorata
1444 1972 1663 2040 crypta,
1678 1971 1734 2022 et
1756 1966 1815 2023 in

156 2055 291 2113 loco
305 2055 402 2112 ubi
418 2074 572 2113 nunc
584 2061 725 2112 sunt
736 2056 848 2113 sita
853 2055 1187 2128 judicavere
1200 2055 1657 2127 ponenda.Quod
1670 2072 1815 2127 quo-

162 2146 324 2202 niam
342 2162 409 2201 ex
429 2144 625 2201 divina
644 2143 943 2200 voluntate
963 2144 1339 2201 decreverant
1358 2144 1677 2217 procedens
1698 2143 1817 2200 exi-

164 2239 266 2291 tus
281 2232 579 2290 indicavit.
596 2233 718 2300 His,
735 2232 1031 2305 utopinor,
1048 2249 1163 2289 non
1187 2232 1655 2289 inconvenienter
1665 2233 1733 2288 ad
1734 2232 1817 2305 ji—

165 2323 490 2395 citurquod
507 2322 773 2395 quaedam
788 2321 1255 2388 femina,Franca
1274 2322 1529 2387 natione,
1542 2322 1818 2394 domique

165 2410 404 2479 nobilis,
438 2411 705 2468 Rodoara
727 2409 1031 2481 vocabulo,
1055 2411 1147 2467 cui
1178 2410 1381 2467 tibiam
1417 2415 1590 2484 atque
1612 2411 1817 2485 pedem

163 2501 383 2560 humor
432 2500 638 2557 noxius
688 2501 1020 2566 arefecerat,
1053 2501 1123 2555 ad
1158 2500 1501 2557 memoriam
1535 2499 1684 2555 beati
1712 2500 1818 2555 viri

165 2589 451 2658 accessit;
486 2588 685 2662 ibique
734 2605 933 2662 preces
984 2605 1199 2661 magna
1244 2606 1377 2645 cum
1426 2589 1819 2646 obstinatione

167 2678 543 2744 centinuans,
577 2678 658 2734 ita
702 2683 829 2733 uta
860 2678 984 2735 suis
1033 2678 1103 2733 ad
1156 2678 1620 2750 desperationem
1669 2678 1819 2734 obti-

169 2769 376 2825 nendae
408 2767 678 2824 sanitatis
710 2767 785 2821 im
795 2765 965 2839 pulsa
998 2772 1063 2823 ut
1090 2766 1225 2822 inde
1253 2768 1541 2823 recederet
1564 2783 1821 2823 monere-

165 2863 287 2925 tur,
321 2855 470 2914 287
506 2855 605 2912 diu
638 2855 1031 2911 desideratam
1083 2854 1393 2911 sanitatem
1445 2855 1820 2929 stupentibus

166 2945 402 3004 cunctis
432 2945 811 3019 recuperavit.

802 3069 1034 3126 CAPUT
1074 3070 1198 3126 XII.

239 3179 371 3234 Jam
405 3194 539 3234 vero
569 3175 713 3232 illud
746 3192 925 3248 quam
953 3181 1043 3232 est
1065 3175 1332 3232 mirabile
1352 3177 1507 3249 quod
1530 3177 1599 3249 (ο)
1622 3176 1823 3233 Carolo

1914 598 2007 652 vix
2037 598 2217 653 vitam
2248 597 2431 654 solius
2461 615 2625 671 aqua:
2658 598 2876 655 haustu
2908 599 3231 657 retinuerit.
3259 602 3419 658 Escis
3459 603 3567 658 ita-

1915 703 2029 758 que
2058 685 2600 758 sumptis,amissas
2632 687 2819 743 redire
2851 688 2999 744 vires
3030 691 3347 761 persensit;
3367 690 3571 761 hujus-

1916 791 2029 846 que
2083 791 2200 830 non
2259 775 2571 831 immemcr
2639 776 2923 844 beneﬁcii,
2982 777 3312 833 cmnobium
3378 780 3566 834 sancti

1916 862 2218 920 Maximini
2246 863 2477 937 praediis
2503 864 2696 919 auxit:
2722 881 2975 936 quorum
3007 882 3189 920 unum
3223 866 3568 938 Patriosala,

1915 951 2075 1008 aliud
2133 952 2403 1010 Witmari
2461 952 2724 1019 ecclesia,
2759 953 2996 1009 tertium
3055 954 3416 1012 Comiciacus
3469 973 3570 1012 vo-

1916 1044 2100 1095 catur.
2148 1040 2361 1096 Sancto
2421 1045 2619 1096 autem
2681 1042 2842 1098 Petro
2903 1042 3297 1099 Andaclanam
3355 1044 3574 1101 obtulit

1913 1126 2133 1184 villam.

2442 1254 2594 1311 288
2635 1253 2864 1311 CAPUT
2903 1256 3050 1312 XIII.

1985 1394 2151 1467 Apud
2175 1395 2546 1467 srepedictam
2583 1397 2927 1452 memori-im
2956 1397 3133 1453 etiam
3167 1399 3295 1454 dure
3321 1400 3573 1467 feminae,

1917 1499 2169 1555 quarum
2199 1483 2382 1539 altera
2412 1484 2750 1551 Weltrudis,
2784 1484 2969 1541 altera
3010 1486 3313 1543 dicebatur
3342 1489 3574 1544 Elitbil-

1917 1571 2028 1639 dis,
2045 1571 2184 1627 olim
2209 1589 2494 1628 manuum
2526 1578 2703 1646 atque
2735 1574 2949 1646 pedum
2982 1575 3289 1631 debilitate
3315 1575 3575 1645 inutiles,

1914 1658 2245 1715 interventu
2279 1660 2693 1733 gloriosissimi
2724 1663 3078 1719 confessoris
3118 1665 3456 1721 communia
3487 1682 3577 1720 re-

1917 1754 2196 1821 ceperunt
2216 1750 2427 1806 ofﬁcia.
2452 1750 2553 1805 Vir
2576 1750 2816 1823 quidam
2840 1751 3127 1808 oriundus
3152 1752 3334 1820 Friso,
3358 1753 3452 1809 cui
3478 1772 3578 1809 ne-

1921 1852 2055 1891 men
2077 1837 2220 1892 Albo
2248 1837 2376 1904 fuit,
2400 1854 2461 1894 se
2482 1854 2768 1910 suamque
2784 1840 3180 1896 substantiam
3200 1841 3368 1898 beato
3396 1843 3576 1898 Maxi-

1928 1924 2087 1979 mino
2117 1925 2373 1982 donavit.
2408 1928 2531 1992 Quo
2565 1926 2736 1994 facte,
2767 1945 2902 1983 cum
2935 1929 3184 1985 fratrum
3216 1930 3578 1988 utilitatibus

1926 2013 2259 2082 desudaret,
2294 2030 2529 2070 necesse
2558 2014 2671 2070 fuit
2700 2019 2766 2071 ut
2793 2016 3129 2090 negotiandi
3168 2019 3359 2091 gratia
3386 2024 3577 2075 trans—

1928 2101 2215 2157 marinam
2264 2106 2486 2175 peteret
2533 2103 2850 2176 regionem.
2886 2106 2969 2160 Ita
3008 2105 3181 2161 classi
3214 2122 3315 2162 sex
3344 2106 3579 2163 navium

1927 2190 2205 2259 sociatus,
2237 2190 2542 2264 ingressus
2572 2197 2661 2248 est
2690 2209 2870 2249 mare.
2901 2194 2964 2249 1n
2995 2194 3181 2249 altum
3213 2200 3410 2251 autem
3443 2212 3577 2252 cum

1928 2279 2373 2351 processissent,
2392 2284 2713 2353 tempestas
2735 2286 2970 2353 repente
2993 2282 3197 2338 oborta
3217 2283 3450 2339 easdem
3483 2301 3583 2341 sex

1929 2384 2106 2424 naves
2126 2368 2445 2440 quassavit,
2469 2384 2536 2425 ac
2560 2369 2730 2424 unde:
2751 2374 3049 2426 tumentes
3070 2370 3340 2443 protinus
3356 2371 3581 2429 solutas

1929 2456 2315 2512 involverunt.
2341 2459 2455 2512 lloc
2483 2456 2629 2512 Albo
2659 2458 3060 2530 deprehensus
3093 2458 3458 2516 necessitatis
3488 2478 3580 2517 ar-

1930 2545 2130 2611 ticulo,
2146 2550 2356 2601 nautas
2377 2545 2646 2602 hortatus
2666 2552 2841 2603 estut
2863 2565 3062 2604 secum
3079 2550 3265 2606 sancti
3280 2549 3581 2606 Maximini

1930 2634 2275 2707 suffragium
2307 2633 3053 2706 implorarent.Quibus,ut
3072 2653 3179 2710 par
3208 2638 3425 2707 erat,id
3447 2640 3583 2694 sub-

1930 2723 2110 2779 misse
2139 2722 2469 2794 agentibus,
2492 2722 2635 2779 Albo
2666 2723 2852 2779 virum
2888 2724 3074 2781 instar
3104 2726 3247 2783 solis
3277 2726 3583 2800 splenden-

1929 2817 2047 2867 tem
2067 2816 2122 2866 et
2138 2827 2318 2883 supra
2335 2827 2495 2866 mare
2517 2828 2631 2866 non
2665 2812 2878 2867 infusis
2909 2814 3158 2884 pedibus
3180 2815 3581 2871 ambulantem

1932 2901 2127 2956 subito
2160 2898 2377 2970 aspexit
2414 2918 2423 2953 :
2462 2899 2558 2971 qui
2612 2901 2883 2955 fiduciam
2938 2904 3231 2956 conlitcnli
3288 2921 3581 2960 resumere

1924 2990 2164 3061 jubeus,
2195 3005 2327 3043 cum
2380 2990 2749 3043 hirundinem
2804 3008 2933 3043 voce
2970 2991 3207 3061 pepulit,
3248 2998 3369 3045 tum
3403 2996 3578 3049 etiam

1935 3095 2042 3134 sua
2064 3078 2373 3149 praesentia
2414 3079 2894 3149 tranquillitatem
2930 3080 3174 3134 reduxit.
3205 3081 3297 3135 Sic
3330 3083 3464 3137 facti
3498 3098 3584 3137 re-

1934 3166 2133 3235 duces,
2157 3164 2379 3221 auctori
2404 3170 2524 3221 tam
2549 3167 2871 3222 manifestae
2894 3166 3104 3223 salutis
3127 3168 3241 3225 Dee
3263 3174 3581 3242 sanctoque

162 3266 421 3340 principi
452 3265 714 3338 obtigit?
742 3266 1007 3338 Namque
1049 3265 1101 3321 is
1149 3282 1283 3321 cum
1340 3264 1516 3339 longa
1573 3266 1821 3322 febrium
1853 3250 1895 3316 C
1935 3254 2612 3310 Maximinolaudescum
2631 3256 3263 3313 summaexsultatione
3284 3258 3577 3314 fuderunt.

159 3360 474 3413 vexaretur
504 3353 797 3421 molestia,
830 3357 889 3410 et
916 3353 1036 3410 cibi
1066 3358 1357 3427 potusque
1416 3353 1649 3410 fastidio
1694 3353 1825 3410 vita:

163 3442 498 3519 periculum
520 3442 887 3509 incurrisset,
904 3441 955 3498 ei
979 3443 1184 3499 beatus
1207 3442 1562 3498 Maximinus
1574 3441 1825 3515 capienti

165 3549 451 3591 somnum
483 3531 777 3604 apparuit,
813 3535 993 3603 utque
1024 3547 1086 3587 se
1116 3531 1187 3586 ad
1219 3547 1387 3587 suam
1413 3531 1725 3587 abeuntem
1744 3548 1829 3588 se-

165 3625 453 3695 queretur
480 3619 826 3676 memeriam
874 3619 1317 3675 demonstravit.
1345 3620 1827 3693 Exspergefactus

165 3711 414 3766 Carolus
445 3707 752 3765 satellitem
786 3708 885 3781 qui
906 3707 1016 3764 sibi
1049 3709 1195 3764 forte
1215 3708 1511 3764 assidebat
1532 3714 1831 3782 perconta-

165 3804 267 3855 tur
296 3798 345 3853 si
374 3797 586 3853 viderit
611 3798 844 3853 beatum
877 3796 1286 3863 Maximinum,
1310 3798 1408 3869 qui
1434 3814 1633 3853 secum
1654 3798 1828 3871 paulo

167 3892 306 3944 ante
329 3884 676 3943 contulisset
696 3902 1049 3942 sermonem.
1078 3883 1180 3941 lllo
1201 3902 1335 3941 vero
1359 3886 1825 3959 negante,Modo,

167 3974 388 4048 inquit,
425 3974 579 4031 foras
609 3974 931 4048 egreditur,
965 3979 1140 4046 atque
1172 3973 1477 4046 imperavit
1507 3979 1571 4030 ut
1599 3991 1661 4030 se
1690 3992 1829 4031 con-

165 4066 340 4121 tinuo
371 4079 668 4136 sequerer,
686 4064 839 4136 apud
863 4064 993 4134 ejus
1022 4061 1317 4117 tumulum
1351 4061 1560 4118 salutis
1590 4078 1830 4136 compos

166 4155 432 4210 futurus.
471 4153 555 4207 Ita
598 4150 699 4207 illo
748 4150 954 4207 lectica
984 4152 1352 4224 deportatum
1387 4154 1444 4206 et
1470 4150 1529 4206 in
1561 4167 1829 4224 soporem

166 4241 505 4298 resolutum
537 4244 777 4296 sanctus
826 4239 1180 4295 Maximinus
1227 4239 1440 4295 iterum
1490 4238 1827 4312 alloquitur,

165 4347 355 4403 seque
378 4346 483 4402 pro
504 4327 603 4385 illo
628 4327 858 4384 Domini
890 4326 1224 4401 postulasse
1253 4327 1625 4385 clementiam
1643 4333 1830 4385 osten-

168 4420 281 4487 dit,
316 4418 486 4474 illum
515 4434 648 4473 vero
681 4434 753 4473 ne
788 4434 853 4474 se
902 4416 1057 4473 ultra
1104 4417 1281 4473 dedat
1327 4417 1485 4474 vitiis
1531 4418 1828 4474 admonet.

168 4508 309 4564 Mox
341 4506 521 4580 igitur
551 4510 615 4562 ut
643 4505 936 4579 evigilavit
963 4504 1223 4576 Carolus,
1257 4505 1617 4574 exsurrexit;
1649 4510 1705 4562 et
1727 4522 1830 4578 pro

1936 3343 2192 3400 Maxima
2215 3347 2355 3399 sunt
2384 3348 2442 3399 et
2472 3343 2608 3413 Deo,
2632 3344 2732 3417 qui
2758 3362 2862 3418 per
2890 3362 3085 3402 serves
3115 3363 3255 3403 suos
3283 3351 3579 3420 operatur,

1935 3432 2113 3506 digna
2140 3431 2444 3496 miracula,
2460 3437 2635 3505 atque
2664 3433 2869 3490 celebri
2903 3435 3190 3507 praeconio
3220 3437 3289 3491 ad
3320 3441 3583 3508 posteros

1933 3520 2406 3577 transmittenda.
2438 3520 2654 3577 Verum
2702 3521 2847 3578 illud
2879 3523 3285 3596 scrupulosius
3322 3528 3412 3580 est
3439 3541 3583 3581 con-

1937 3608 2340 3678 siderandum,
2373 3610 2526 3682 quod
2561 3616 2770 3684 praeter
2797 3616 3023 3668 tantam
3055 3614 3378 3670 ubertatem
3401 3614 3582 3670 virtu-

1934 3703 2085 3767 tum,
2118 3698 2359 3771 perinde
2410 3699 2580 3771 quasi
2638 3699 2876 3773 speciali
2933 3702 3141 3774 gratia,
3191 3703 3583 3776 fugandorum

1937 3788 2270 3843 daemonum
2304 3791 2560 3861 potestas
2591 3788 2760 3845 beate
2793 3789 3110 3847 Maximino
3158 3792 3447 3864 permissa
3473 3796 3580 3848 est.

1937 3878 2101 3944 Quod
2128 3893 2196 3932 ex
2228 3876 2727 3948 consequentibus
2754 3877 2922 3933 facile
2969 3879 3291 3951 apparebit.
3325 3879 3587 3936 Dixerint

1937 3964 2075 4020 hinc
2098 3964 2309 4020 melius
2325 3964 2444 4032 alii,
2460 3981 2610 4036 quos
2632 3965 2760 4020 vitae
2783 3965 3086 4023 sinceritas
3108 3965 3429 4024 caelestium
3452 3968 3587 4024 fecit

1937 4053 2203 4109 conscios
2231 4053 2384 4109 289
2415 4068 2782 4109 arcanorum.
2815 4052 3095 4110 Caeterum
3140 4071 3281 4110 meae
3312 4057 3585 4113 tenuitati

1934 4141 2166 4197 videtur
2194 4140 2351 4195 hunc
2383 4141 2573 4196 virum
2601 4158 2670 4197 ea
2697 4158 2877 4197 causa
2908 4141 3053 4198 illud
3081 4142 3449 4217 privilegium
3469 4161 3585 4201 me-

1938 4230 2128 4286 ruisse
2157 4229 2313 4301 quod
2346 4231 2485 4286 dum
2516 4246 2890 4287 communem
2924 4236 3119 4306 ageret
3145 4233 3344 4303 vitam,
3378 4234 3451 4290 ab
3490 4233 3586 4291 his

1937 4319 2227 4392 praecipue
2249 4318 2422 4375 fuerit
2439 4318 2596 4375 vitiis
2625 4317 2852 4376 alienus
2872 4321 3088 4392 quibus
3120 4327 3395 4395 apostata:
3414 4323 3584 4396 spiri-

1936 4414 2035 4465 tus
2064 4407 2366 4480 elegerunt
2393 4407 2910 4464 inconvertibiliter
2933 4410 3276 4482 mancipari,
3312 4413 3589 4484 superbia

1935 4496 2205 4554 videlicet
2234 4500 2291 4553 et
2318 4496 2555 4566 invidia,
2589 4513 2939 4569 aequumque
2967 4496 3158 4553 visum
3190 4499 3370 4555 fuisse
3392 4499 3585 4555 divino

166 4596 327 4652 votis
359 4593 669 4669 promissis
698 4594 758 4650 in
790 4594 1114 4650 sacrarium
1141 4594 1401 4662 secessit,
1435 4594 1664 4667 sibique
1694 4594 1824 4651 offe-

1998 4585 2185 4641 insilio
2217 4590 2281 4640 ut
2312 4584 2410 4657 qui
2443 4586 2778 4658 superbiam
2809 4585 3140 4642 humilitate
3171 4587 3461 4658 dejeccrit,
3496 4588 3584 4644 in~

170 4686 392 4741 rendos
415 4683 575 4740 cibos
597 4682 891 4757 poposcit;
906 4682 1006 4755 qui
1029 4682 1272 4756 triginta
1296 4682 1503 4740 diebus
1522 4683 1825 4755 proximis,

247 4819 330 4884 (a)
353 4821 403 4873 Η
410 4816 710 4889 ildulphys.
737 4816 867 4889 Sive
895 4815 1184 4889 Hildolfus
1215 4816 1588 4889 Trevirorum
1614 4815 1834 4889 episco-

171 4904 329 4960 pus,_
347 4887 447 4960 qui
480 4887 589 4960 sub
621 4887 1028 4960 Pippinoﬂrege
1068 4887 1280 4943 ﬂoruit.
1316 4889 1513 4960 Exstat
1542 4887 1671 4960 ejus
1698 4888 1831 4944 Vita

173 4958 607 5032 apudSurium
638 4958 799 5015 tome
830 4958 923 5032 I_V,
946 4958 1014 5032 ex
1034 4976 1151 5032 qua
1181 4963 1421 5032 apparet
1439 4958 1628 5032 virum
1651 4959 1831 5015 fuisse

174 5029 624 5102 sanctissimum
658 5047 687 5102 :7
706 5030 864 5102 quod
891 5029 1067 5102 etiam
1096 5029 1596 5102 docet—Ricberius
1617 5047 1830 5102 mona-

173 5101 327 5156 chus
351 5100 582 5174 in__|ibro
604 5100 1484 5174 primoChroniciSenoniensis.
1498 5100 1561 5174 Ei
1579 5100 1831 5174 aliisque

172 5170 481 5228 nonnullis
509 5170 765 5298 partium
795 5170 1030 5228 illarum
1070 5171 1361 5297 episcopis
1391 5170 1831 5244 Stephanus'lll

173 5266 204 5292 κ
232 5242 499 5298 commisi
548 5244 702 5298 vices
724 5260 864 5298 suas
886 5244 958 5298 ad
990 5242 1259 5298 exnerien
1309 5260 1406 5297 um
1438 5247 1626 5298 actus.
1647 5244 1829 5298 virtu-

173 5266 204 5292 κ
232 5242 958 5316 commisitvices_suas_ad
990 5242 1406 5316 experiendum
1438 5242 1626 5316 actus,
1647 5244 1829 5299 virtu-

170 5317 360 5387 tes,et
374 5318 539 5387 gesta
559 5330 627 5370 ac
648 5313 934 5370 miracula
962 5313 1150 5370 san‘cti
1181 5314 1478 5387 vaiberti,
1504 5314 1575 5370 ad
1599 5316 1833 5387 canoni-

172 5383 434 5469 zandugi
466 5385 662 5469 ipsum
693 5389 987 5469 sanctum,
1011 5390 1126 5469 aunt
1147 5386 1218 5469 ad
1251 5383 1577 5469 Rixfridum
1596 5386 1830 5469 .episco-

173 5472 323 5582 pium
369 5455 804 5540 Trajectensem
852 5456 1057 5512 scribit
1086 5456 1144 5512 S.
1180 5456 1484 5581 Ludgerus
1520 5455 1829 5541 episcopus

238 5531 681 5582 onasteriensis.
699 5527 910 5582 Factus
928 5531 1017 5582 est
1036 5532 1231 5582 autem
1254 5530 1321 5581 Hi
1351 5524 1612 5582 dulnbus
1640 5528 1829 5582 Trevi-

238 5524 681 5599 onasteriensis.
699 5527 910 5583 Factus
928 5531 1017 5584 est
1036 5532 1231 5599 autem
1244 5524 1612 5599 _Hildul_pbus
1636 5524 1832 5599 Trevi-

174 5614 379 5671 rorum
402 5598 881 5671 archiepiscopus
891 5600 1070 5671 jussu
1090 5596 1515 5671 Pippiniregis,
1532 5601 1598 5671 ut
1616 5598 1831 5671 diserte

170 5668 360 5731 tradit
405 5672 534 5747 ejus
582 5667 726 5730 Vita
767 5667 1022 5749 scriptor
1052 5686 1067 5731 :
1101 5692 1130 5725 ις
1158 5667 1291 5731 Mox
1319 5667 1497 5740 fama,
1528 5667 1740 5748 inquit,
1769 5670 1829 5731 in

1937 4675 2270 4747 vidiamque
2292 4675 2575 4732 charitate
2588 4674 3272 4743 contriverit,dominium
3288 4676 3586 4748 possideat

1940 4809 2075 4894 aula
2102 4810 2472 4894 regisPipini
2494 4810 2908 4894 patrie'Caroli
2939 4811 3157 4894 ‘Magni
3182 4882 3196 4894 θ
3215 4812 3581 4894 percrebuit;

1940 4887 2113 4956 atque
2133 4882 2671 4956 ex‘ejus’sententia
2700 4882 3582 4956 Hildulphus'archiepiscopatu

1939 4953 2156 5079 gignit:
2186 4953 2535 5023 declaratur,
2568 4960 2625 5010 et
2654 4956 2725 5011 ad
2758 4956 2815 5011 id
2846 4953 3148 5027 dignitatis
3191 4953 3585 5012 assumendus

1981 5042 1996 5078 1
2045 5042 2123 5079 lnl
2158 5042 2245 5079 ur.
2282 5048 2310 5074 ››

1981 5024 2245 5080 ifﬁnitur.
2282 5048 2310 5074 n

2002 5096 2075 5168 (b)
2095 5096 2703 5168 Transferendallujus
2716 5097 3115 5153 translationis
3128 5096 3395 5155 meminit
3405 5098 3582 5154 etiam

1938 5167 2143 5223 auctor
2163 5167 2303 5223 Vita:
2326 5168 2510 5241 sancti
2543 5167 2841 5241 Hildulpbi
2860 5170 2953 5224 his
2983 5169 3213 5241 verbis:
3253 5190 3275 5217 ι
3298 5170 3403 5225 Hic
3433 5169 3586 5226 inter

1939 5243 2148 5314 caetera
2160 5239 2660 5314 magnificaepera
2680 5239 2787 5314 sua
2808 5257 2935 5314 qua
2957 5239 3159 5314 gessit,
3173 5257 3385 5314 corpus
3398 5241 3587 5297 sancti

1940 5309 2549 5384 Maximiniprzesulis
2563 5309 2985 5384 Treviren'sisa
2996 5310 3121 5384 loco
3153 5309 3431 5384 quo—eum
3452 5329 3584 5368 san-

1938 5385 2068 5436 ctus
2099 5379 2377 5438 Paulinus
2404 5382 2735 5456 Aquitanus
2764 5381 3069 5456 sepelierat
3097 5382 3156 5438 in
3171 5379 3245 5439 eo
3276 5399 3393 5456 quo
3426 5400 3580 5440 nunc

1936 5456 2245 5507 veneratur
2275 5452 2593 5509 transtulit.
2631 5475 2659 5502 ››

2009 5523 2312 5598 (c)AC_arolo_
2325 5525 2587 5598 principi.
2621 5524 2730 5598 Cui
2778 5524 3042 5581 Martello
3089 5542 3411 5598 cognomen
3451 5525 3580 5598 fuit,

1937 5593 2166 5670 Pippini
2197 5593 2370 5671 regis,
2402 5593 2572 5669 cujus
2599 5595 2771 5672 paulo
2802 5600 2935 5656 ante
2972 5593 3373 5670 meminimus,
3406 5593 3578 5675 patri.
