3898 6194
396 385 513 443 (ΠΟ

1414 383 1478 441 Β.
1529 385 1591 442 S.
1642 383 1817 444 LUPI
1864 383 2193 443 ABBA'I‘IS
2241 383 2828 445 FERRARIENSIS.

3659 387 3752 446 688

394 518 628 574 illorum
661 515 760 589 qui
792 532 898 571 suo
950 513 1244 586 depravati
1291 513 1552 580 arbitrio,
1586 514 1657 568 ad
1690 519 2038 570 memoratas
2069 514 2123 581 Α
2152 517 2290 569 tunc
2326 515 2604 586 majorem
2638 515 2808 570 solito
2850 514 3140 588 depromit
3188 514 3521 587 potentiam)
3552 514 3756 589 triginta

394 607 636 661 virtutes
669 620 969 677 nunquam
1004 602 1261 675 aspirare
1294 602 1683 658 consentiant.

1012 728 1246 784 CAPUT
1281 727 1424 783 XIV.

463 839 664 910 Itaque
690 855 787 893 rex
809 837 1052 910 Pipinus
1064 835 1258 908 Magni
1273 835 1456 891 Caroli
1475 835 1703 906 genitor
1725 834 2038 905 quemdam

389 946 564 983 suum
617 928 915 991 clericum,
958 926 1058 996 qui
1109 925 1375 980 Bruncho
1421 925 1758 987 vocabatur,
1790 923 2039 994 impuris

387 1019 694 1073 obsessum
727 1016 1052 1088 spiritibus,
1087 1032 1186 1087 per
1211 1013 1525 1068 llellarium
1561 1011 2036 1067 archidiaconum

387 1108 458 1162 ad
474 1106 767 1161 tumulum
783 1105 932 1160 beati
948 1103 1249 1159 Maximini
1261 1101 1585 1157 destinavit.
1599 1102 1652 1155 Is
1669 1102 1811 1172 perd
1823 1101 2037 1156 iversas

386 1196 746 1268 reliquorum
779 1198 1116 1249 sanctorum
1151 1193 1338 1246 fuerat
1359 1191 1795 1246 circumductus
1820 1207 2036 1244 memo-

386 1285 523 1350 rias,
559 1301 663 1340 nec
692 1283 794 1338 illa
823 1281 1087 1337 horribili
1118 1281 1390 1352 passione
1441 1282 1734 1334 meruerat
1778 1278 2029 1334 liberari.

386 1375 560 1429 Porro
582 1378 647 1428 ut
667 1371 822 1428 beati
841 1371 948 1425 viri
972 1369 1178 1426 limina
1196 1369 1405 1441 tetigit,
1425 1369 1580 1424 illico
1604 1372 1907 1440 purgatus,
1931 1367 2030 1422 Dei

383 1463 538 1518 circa
560 1479 620 1518 se
651 1460 1018 1517 clementiam
1071 1459 1394 1529 glorificare
1425 1462 1482 1512 et
1510 1457 1696 1512 sancti
1727 1455 2028 1511 Maximini

381 1551 699 1624 potentiam
741 1550 913 1622 carpit
961 1549 1295 1621 praedicare.
1331 1547 1489 1602 Idem
1522 1546 1804 1618 Pippinus
1837 1547 2028 1600 denuo

382 1640 683 1697 Herricum
705 1655 915 1712 genere
937 1638 1327 1693 Alamannam
1351 1635 1552 1691 eadem
1578 1634 1846 1706 passione
1875 1633 2030 1689 labo-

379 1735 607 1786 rantem
641 1745 755 1800 qua
785 1744 967 1799 supra
995 1725 1206 1782 direxit
1236 1742 1249 1781 :
1285 1740 1460 1796 quem
1503 1740 1637 1778 cum
1669 1727 1876 1777 catena
1903 1721 2018 1776 vin~

378 1818 618 1885 xissent,
652 1834 899 1888 eamque
925 1813 1195 1888 perfacile
1219 1813 1424 1870 alienis
1454 1811 1678 1868 viribus
1707 1811 2022 1882 confregis-

377 1913 483 1975 set,
506 1883 1142 1963 vixalteracoh-ibitum
1172 1901 1500 1958 clarissimo
1521 1900 1835 1956 confessori
1860 1900 2025 1954 obtu-
2054 1883 2102 1947 Β

377 1995 570 2052 lerunt
627 1994 974 2051 curandum.
1025 1993 1110 2047 lta
1166 1992 1264 2046 diu
1321 1990 1602 2045 fratribus
1659 2006 1761 2060 pro
1823 1989 2020 2043 miseri

375 2085 668 2156 ereptione
680 2083 1060 2148 certantibus,
1078 2080 1330 2152 quadam
1351 2079 1463 2146 die,
1479 2094 1613 2132 cum
1630 2095 1750 2133 rem
1764 2079 2018 2134 divinam

376 2178 633 2245 agerent,
647 2172 743 2228 ille
757 2173 1053 2227 confracta
1066 2173 1269 2225 catena
1291 2168 1627 2240 prorupitse
1641 2169 1710 2221 ad
1725 2167 2019 2222 tumulum

375 2261 522 2318 sacri
558 2261 866 2326 antistitis;
889 2264 981 2315 et:
1018 2282 1043 2307 ‹‹
1071 2258 1195 2313 Non
1227 2257 1434 2312 videtis
1468 2255 1780 2328 (inquiens)
1815 2257 2019 2311 adver-

375 2349 560 2406 sarios
590 2350 691 2421 qui
720 2365 812 2404 me
844 2348 955 2403 sibi
987 2347 1420 2402 vindicaverant
1437 2351 1499 2399 ut
1521 2345 1577 2399 in
1605 2347 1800 2416 fugam
1823 2361 2022 2401 versos

374 2440 581 2494 beatus
626 2437 983 2492 Maximinus
1025 2435 1414 2507 persequitur.
1450 2456 1476 2482 »
1509 2433 1610 2488 llic
1654 2433 1705 2487 ei
1730 2433 1865 2488 finis
1897 2451 2023 2505 pro-

373 2532 550 2584 cessit
579 2529 734 2584 200
764 2525 1022 2582 insaniae.
1058 2525 1332 2594 Ejusdem
1367 2521 1592 2594 Pippini
1628 2522 1781 2594 regis
1812 2539 1878 2577 ex
1901 2523 2021 2578 lilia

373 2613 578 2689 nepos,
636 2615 873 2671 nomine
930 2614 1299 2678 Cunibertus,
1358 2613 1631 2666 atrociter
1678 2629 1711 2666 ο.
1757 2613 2019 2668 dminone

372 2712 632 2774 vexatus,
669 2705 872 2760 multis
923 2708 1056 2758 ante
1114 2701 1256 2756 locis
1314 2701 1656 2766 circumitis,
1691 2700 1898 2756 ultimo
1943 2701 2017 2757 ad

373 2800 641 2851 sanctum
670 2795 858 2848 virum
891 2791 1226 2864 perductus,
1244 2790 1479 2845 tandem
1503 2789 1576 2844 ab
1600 2805 1666 2844 ea
1688 2794 1847 2860 peste
1878 2807 2015 2861 pur-

369 2889 542 2958 gatus
569 2887 676 2940 est.

997 2987 1228 3043 CAPUT
1266 2986 1383 3041 XV.

431 3100 620 3155 Etuta
633 3095 882 3170 singulis
895 3095 966 3150 ad
981 3095 1210 3150 turbam
1224 3093 1240 3147 l
1252 3094 1537 3148 iberatoru
1549 3111 1603 3147 m
1619 3097 2010 3159 transeamus,

367 3189 665 3262 quondam
698 3187 768 3242 ad
802 3185 1175 3240 festivitatem
1207 3181 1359 3237 beati
1392 3183 2012 3254 pontificis(siquidem

2153 607 2374 676 septem
2409 603 2680 660 homines
2711 604 2973 676 oppressi
2997 621 3030 658 a
3050 603 3412 658 daemonibus
3443 605 3755 673 conﬂuxere,

2153 691 2250 763 qui
2271 709 2473 748 omnes
2496 693 2697 748 eodem
2721 694 2814 748 die
2837 693 3020 747 curati
3043 695 3199 748 sunt.
3224 692 3304 747 Ex
3326 709 3522 747 eorum
3549 709 3758 751 numero

2151 780 2426 853 feminam
2455 781 2615 837 illam
2640 781 2819 838 fuisse
2841 781 3170 850 accepimus
3195 798 3321 854 qua:
3349 781 3758 854 ferebaturque-

2148 870 2419 942 draginta
2447 874 2666 943 septem
2691 871 2860 927 annis
2881 869 3102 944 polluto
3123 870 3387 942 subjecta
3407 869 3759 942 spiritui.Hac

2146 960 2380 1013 tandem
2411 964 2526 1014 tam
2551 959 2776 1015 diutina
2800 959 3071 1016 exclusus
3096 959 3484 1032 possessione,
3507 960 3624 1031 ipse
3651 977 3759 1018 vero
3846 959 3850 1008 l

2148 1048 2500 1104 cruciandus
2523 1047 3014 1120 igni,simulatum
3037 1047 3222 1104 oculis
3242 1047 3557 1103 astantinm
3580 1049 3759 1121 objecit

2146 1136 2506 1205 incendium,
2532 1138 2611 1192 ita
2636 1142 2700 1192 ut
2721 1143 3024 1211 putaretur
3039 1141 3160 1194 tota
3175 1138 3386 1194 domus
3403 1137 3757 1209 conﬂagrare;

2144 1243 2208 1281 ac
2241 1225 2417 1298 digno
2449 1244 2511 1282 se
2541 1228 2734 1294 odore,
2769 1227 2877 1282 hoc
2899 1233 2986 1283 est
3019 1225 3362 1299 sulphureo,
3392 1225 3664 1298 templum
3692 1244 3757 1282 re-

2143 1314 2376 1386 spersit.
2391 1317 2415 1371 J
2425 1333 2516 1370 am
2535 1317 2795 1388 speciosa
2809 1333 2926 1372 sure
2940 1315 3256 1388 praesentiae
3282 1315 3587 1387 meritique
3599 1316 3756 1371 moni-

2143 1408 2338 1459 menta
2366 1404 2680 1476 praeclarus
2722 1404 2817 1460 ille
2865 1404 3109 1478 angelus
3151 1403 3481 1476 dereliquit.
3515 1405 3756 1476 Sequenti

2141 1509 2315 1562 anno,
2348 1496 2547 1550 eadem
2583 1494 2973 1562 solemnitate,
3007 1493 3212 1567 viginti
3252 1498 3310 1548 et
3356 1495 3476 1548 duo
3523 1495 3756 1550 mundati

2139 1588 2295 1638 sunt.
2332 1585 2506 1639 Porro
2547 1585 2715 1639 tertio
2761 1601 2913 1639 anno
2944 1583 3222 1639 tredecim
3253 1600 3284 1637 a
3315 1583 3506 1640 sancti
3539 1583 3637 1636 viri
3666 1600 3755 1638 co:-

2138 1672 2309 1727 nobio
2343 1673 2549 1728 salutis
2582 1673 2797 1745 gaudia
2827 1672 3169 1728 retulerunt.

2208 1762 2328 1828 His,
2364 1767 2428 1817 ut
2461 1763 2727 1830 arbitror,
2763 1762 2953 1834 legere
3004 1761 3259 1817 volentes
3305 1761 3452 1817 satis
3497 1777 3755 1833 superque

2135 1848 2524 1904 instruximus
2559 1868 2732 1922 quam
2764 1851 2967 1906 efficax
3001 1850 3058 1904 in
3093 1849 3495 1906 sacratissimo
3526 1848 3637 1905 viro
3666 1852 3755 1922 pel-

2135 1938 2286 1994 lendi
2323 1938 2564 2011 spiritus
2596 1939 2852 2012 perditos
2881 1939 2958 1994 sit
2986 1938 3176 2012 gratia
3197 1942 3253 1994 et
3271 1939 3532 1995 emineat
3559 1955 3755 2011 semper

2133 2028 2412 2098 potentia.
2445 2028 2730 2084 Carterum
2766 2028 2815 2084 si
2845 2027 3094 2083 velimus
3136 2033 3196 2083 et
3239 2045 3306 2084 ac
3360 2031 3422 2083 et
3479 2026 3749 2099 multiplici

2131 2116 2378 2172 aliarum
2408 2118 2691 2173 virtutum
2734 2118 2925 2189 specie
2955 2117 3184 2189 quoties
3215 2116 3482 2172 ﬂoruerit
3501 2133 3673 2187 usque
3694 2118 3749 2172 ad

2129 2205 2285 2260 hunc
2317 2223 2559 2272 annum,
2595 2223 2710 2278 quo
2742 2205 3077 2273 scribimus,
3124 2205 3232 2261 hoc
3263 2210 3376 2270 est,
3407 2205 3482 2260 ab
3515 2205 3749 2260 incarna-

2130 2294 2285 2349 tione
2313 2294 2536 2348 Domini
2569 2294 3122 2366 octingentesimum
3146 2293 3515 2350 tricesimum
3539 2309 3746 2357 nonum,

2131 2382 2263 2454 styli
2296 2384 2488 2438 ollicio
2518 2383 2966 2456 designare,nee
2989 2383 3229 2440 modum
3263 2381 3398 2438 libri
3429 2382 3744 2447 tenebimus,

2130 2471 2276 2526 291
2307 2476 2364 2525 et
2391 2471 2619 2526 erudito
2641 2471 2835 2527 lectori
2859 2471 3056 2527 minus
3076 2471 3295 2526 erimus
3325 2469 3502 2542 grati,
3531 2471 3660 2524 dum
3687 2471 3744 2525 si.

2130 2560 2292 2614 milia
2337 2561 2669 2632 frequenter
2717 2561 3108 2616 narrabimus.
3143 2561 3206 2616 In
3241 2561 3353 2614 fine
3389 2559 3568 2632 igitur
3597 2560 3745 2613 nostri

2127 2649 2392 2720 opusculi
2407 2649 2462 2704 in
2477 2667 2788 2705 commune
2806 2649 2958 2705 beati
2979 2648 3274 2705 Maximini
3290 2647 3652 2704 clementiam
3666 2648 3743 2702 ﬂa-

2127 2739 2483 2811 gitemus,ut
2507 2739 2602 2810 qui
2629 2739 2877 2795 subinde
2900 2739 2971 2794 ab
2996 2737 3126 2794 aliis
3149 2736 3529 2792 infirmitates
3559 2737 3744 2810 depulit

2127 2827 2659 2899 corporum,multo
2692 2827 2878 2900 magis
2909 2827 3156 2883 liberare
3187 2843 3294 2883 nos
3315 2824 3744 2899 digneturalan-

2125 2916 2409 2989 guoribus
2439 2916 2794 2984 animarum,
2826 2916 3142 2972 ostendens
3171 2915 3348 2972 etiam
3385 2915 3446 2970 in
3480 2914 3586 2970 hac
3613 2919 3743 2987 parte

2127 3010 2412 3077 quantum
2447 3005 2787 3076 praevaleat;
2819 3021 2934 3076 quo
2957 3021 3111 3059 nunc
3143 3008 3518 3077 peccatorum
3550 3004 3742 3059 veniam

2127 3094 2443 3160 consecuti,
2487 3094 2840 3165 quandoque
2893 3092 3053 3149 illius
3112 3092 3359 3166 gloriam
3422 3092 3741 3164 conspicere,

2127 3183 2447 3257 gaudentes
2479 3182 2653 3237 etiam
2701 3182 2934 3254 propria
2978 3185 3150 3248 sorte,
3186 3198 3540 3236 mereamur.
3570 3183 3740 3234 Amen.

1195 3416 1413 3472 ’⁸³⁵³⁸
1463 3430 1747 3544 VITA
1826 3431 2255 3545 SANCTI
2333 3429 2938 3546 WIGBEllTl

1671 3647 1929 3692 ABBATIS
1972 3647 2458 3693 FRITZLARIENSIS

1540 3789 1949 3852 AUCTORE
1990 3789 2325 3852 SANCTO
2365 3788 2586 3853 [λ]Ρο

441 4079 959 4139 Reverendissimis
982 4079 1055 4150 (b)
1079 4077 1275 4134 abbati
1309 4077 1492 4144 Buno,
1527 4075 1872 4147 cunctisque
1903 4075 2013 4131 fra-

369 4173 557 4228 tribus
588 4173 736 4243 ejus,
775 4171 973 4242 Lupus
1003 4167 1318 4240 plurimam
1353 4165 1714 4239 sospitatem.

439 4260 747 4316 Cunctanti
781 4258 947 4323 mihi,
981 4257 1320 4328 viribusque
1352 4254 1602 4328 pr0priis
1635 4252 2016 4317 diffidenti,ut

366 4349 542 4405 vitam
568 4348 753 4404 sancti
768 4345 1120 4420 Wigberchti
1140 4345 1289 4418 stylo
1303 4361 1480 4399 coner
1491 4343 1786 4416 prosequi,
1800 4346 2012 4409 vestra,

2128 4074 2344 4130 simum
2379 4077 2640 4145 tempore
2673 4089 2787 4144 quo
2817 4089 3006 4128 essem
3047 4071 3541 4144 occupatissimus
3569 4075 3745 4144 petere-

2126 4167 2240 4232 tur,
2259 4163 2315 4218 ni
2344 4179 2435 4217 me
2465 4161 2742 4232 Charitas,
2758 4162 2996 4217 remotis
3027 4161 3394 4234 gravissimis
3429 4159 3744 4218 necessitati-

2125 4252 2236 4307 bus
2250 4251 2697 4320 meis,utvestraz
2710 4249 2994 4306 voluntati
3017 4267 3238 4306 morem
3261 4266 3522 4323 gererem
3538 4265 3740 4320 compu-

2125 4339 2308 4397 lisset.
2335 4339 2634 4411 Siquidem
2669 4339 2805 4394 huic
2836 4339 2934 4410 qui
2969 4344 3187 4411 pareat,
3213 4338 3337 4395 suis
3359 4338 3652 4412 neglectis,
3673 4336 3738 4390 in-

368 4438 563 4494 dilecti
604 4442 817 4510 patres,
847 4435 1087 4492 extorsit
1134 4433 1432 4490 instantia.
1467 4433 1532 4487 Et
1563 4448 1794 4502 aquam
1829 4431 2017 4487 fuerat
2049 4509 2071 4510 7
2123 4429 2352 4484 terdum
2383 4427 2656 4483 fraternis
2679 4427 2959 4499 prospicit
2990 4427 3334 4483 commodis.
3355 4427 3543 4500 Igitur
3569 4442 3738 4482 succu-

368 4528 509 4582 utin
533 4509 1000 4582 obstinatissima
1029 4525 1335 4596 negatione
1369 4519 1760 4593 persisterem,
1780 4521 2014 4591 quando
2048 4509 2089 4573 D
2122 4516 3002 4588 buivestroimperio.Caterum
3024 4517 3228 4572 divinae
3252 4519 3363 4573 erit
3384 4517 3736 4573 elementiset

369 4615 438 4669 ad
461 4616 519 4671 id
544 4615 697 4687 quod
722 4631 814 4669 me
834 4613 1118 4684 imparem
1143 4615 1313 4665 tanta:
1348 4607 1604 4662 materiae
1634 4607 1888 4662 tenuitas
1910 4607 2007 4664 de-

367 4703 486 4759 ﬂcit
531 4701 747 4776 ingenii
794 4701 1042 4756 accessit
1071 4703 1137 4754 ut
1162 4698 1270 4753 hoc
1302 4714 1451 4768 Opus
1482 4713 1516 4750 a
1543 4694 1707 4750 vobis
1737 4712 1802 4751 eo
1830 4697 2010 4766 potis-

437 4831 514 4895 (a)
536 4827 696 4882 Hanc
717 4824 902 4880 sancti
929 4820 1210 4895 Wigberti
1240 4819 1432 4874 Vitam
1464 4818 1761 4895 debemus
1783 4819 2010 4895 erudito

364 4889 737 4972 viro'Joanni
760 4901 984 4972 I3us_aeo,
1003 4889 1397 4972 presbyteros
1429 4889 1702 4970 societate
1731 4889 2011 4972 .le‘snL'qui

366 4967 527 5022 illam
547 4986 698 5024 anno
719 4969 856 5022 1602
874 4959 1195 5036 Moguntiae
1216 4961 1398 5016 edidit
1428 4977 1564 5016 cum
1597 4959 1860 5032 epistolis
1881 4959 1943 5015 Hi
1956 4981 2012 5018 n-

366 5056 564 5095 emarl.

434 5111 509 5181 (b)
541 5111 736 5165 Abbati
767 5109 938 5181 Bunp.
975 5106 1104 5181 Sive
1133 5106 1338 5181 Bru_n_o,
1372 5102 1471 5174 qui
1520 5118 1622 5181 per
1663 5119 1760 5181 eas
1789 5107 2008 5181 tempe-

364 5173 546 5236 states
580 5177 1005 5236 monasterium
1049 5173 1444 5247 Herveldens’e‘
1465 5173 1717 5247 regebat,
1752 5173 2010 5247 obiitque

363 5268 515 5306 anno
547 5254 670 5319 846,
705 5255 771 5304 ut
801 5247 1003 5302 scribit
1035 5245 1381 5319 Lainbertus
1420 5244 2006 5319 Scliafnaburgensis,

363 5323 461 5395 qui
497 5315 666 5395 prius
695 5322 882 5395 fuerat
904 5315 1226 5395 monachus
1256 5315 2010 5395 Ii_erveldensis.<<Brun,in-

364 5384 514 5464 quit;
533 5392 715 5446 abbas
763 5384 1167 5444 Herveldensis
1219 5386 1505 5464 ObiitLCltI
1541 5393 1846 5464 Brunvvart
1877 5406 2006 5464 suc-

361 5459 596 5517 cessit.»
624 5464 806 5514 Antea
835 5464 1188 5519 autem,una
1217 5474 1348 5513 cum
1384 5459 1620 5514 Rabano
1651 5460 1858 5515 abbate
1884 5459 2010 5514 Ful-

360 5530 527 5603 de_n_si
558 5529 929 5603 inchoaverat
950 5527 1140 5603 aedem
1174 5529 1358 5584 sancti
1393 5531 1672 5603 Wigberti
1702 5531 1856 5603 apud
1877 5531 2009 5603 Her-

355 5598 632 5663 veldiam,
669 5605 732 5653 ut
762 5599 914 5655 idem
949 5596 1297 5655 Lambertus
1328 5596 1519 5656 tradit'
1534 5602 1605 5656 ad
1636 5596 1855 5657 annum
1881 5601 2004 5658 83!.

356 5691 384 5723 ‹‹
419 5667 579 5725 Brun
615 5671 674 5728 et
705 5669 902 5732 Raban
953 5669 1197 5731 abbates
1245 5666 1699 5732 fundamentum
1749 5671 2006 5738 ecclesiae

2119 4605 2554 4662 intercessionis
2580 4606 2732 4661 beati
2758 4606 2883 4674 viri,
2910 4607 3080 4677 cujus
3107 4611 3270 4680 gesta
3289 4623 3358 4662 ex
3379 4606 3575 4678 aliquo
3603 4609 3734 4677 parte

2121 4696 2457 4768 contingere
2490 4695 2687 4763 statui,
2715 4700 2780 4750 ut
2804 4696 2984 4767 digna
3003 4695 3287 4751 memoria
3306 4695 3485 4768 digno
3505 4707 3732 4750 sermone

2122 4819 2307 4875 sancti
2338 4818 2625 4891 Wigberti
2659 4818 2929 4891 foderunt
2950 4836 3006 4891 v1
3039 4818 3176 4891 Idus
3205 4817 3367 4883 Julii,
3403 4819 3647 4874 secunda
3671 4815 3730 4869 fe-

2124 4891 2265 4945 ria.»
2302 4889 2575 4962 Infectam
2605 4907 2733 4944 eam
2765 4889 3000 4960 reliquit
3031 4889 3299 4962 Bunust
3333 4907 3512 4962 quam
3565 4893 3731 4962 postea

2120 4963 2434 5033 perfectam
2470 4961 2768 5033 Babanus,
2801 4978 2869 5015 ex
2889 4958 3109 5016 abbate
3141 4958 3617 5033 archiepiscopus
3638 4958 3730 5033 lito-

2120 5030 2428 5105 guntinus,
2461 5032 2747 5105 dedicavit
2795 5049 2948 5087 anno
2980 5034 3105 5100 850,
3139 5037 3205 5086 ut
3227 5030 3412 5105 fidem
3447 5030 3579 5105 facit
3606 5030 3728 5105 idem

2118 5099 2322 5159 auctor
2349 5121 2362 5158 :
2399 5126 2426 5152 ‹‹
2462 5103 2736 5158 Dedicata
2764 5109 2872 5168 est,
2908 5099 3109 5174 inquit,
3126 5101 3371 5158 ecclesia
3403 5103 3582 5174 sancti
3613 5099 3728 5174 Wig;

2121 5175 2267 5230 berti
2322 5192 2378 5246 vi
2434 5174 2556 5229 Kal.
2609 5165 2916 5229 Novembr.
2952 5165 3253 5246 a'Rabano
3311 5165 3727 5246 Moguntiacensi

2119 5245 2610 5326 archiepiscopo»?
2637 5247 2837 5326 lignus
2861 5244 3723 5326 au_tem,utidqu’oquedicamus,

2119 5315 2462 5372 clarissimis
2483 5315 2808 5371 _natalibus
2866 5321 3028 5371 ortus
3070 5321 3192 5371 erat
3219 5315 3279 5369 in
3312 5315 3537 5378 Sdevia,
3568 5327 3724 5368 mona-

2118 5388 2384 5469 chusque
2405 5387 2796 5511 primumsub
2820 5385 3098 5459 Bangolfo
3121 5387 3330 5468 abbate
3349 5387 3544 5468 fuerat
3557 5386 3609 5440 in
3629 5397 3722 5463 m0:

2119 5465 2373 5511 nasterio
2435 5458 2711 5511 ‘uldensr.
2737 5464 2794 5511 et
2816 5475 2968 5511 anno
2989 5460 3094 5511 838
3125 5457 3388 5511 interfuit
3417 5459 3721 5511 dedication!

2119 5457 2373 5513 nasterio
2406 5457 2711 5525 Fuldensi,
2737 5464 2794 5513 et
2816 5457 2970 5514 anno
2989 5460 3094 5513 838
3125 5457 3388 5513 interfuit
3417 5457 3721 5513 dedicationi

2117 5529 2456 5602 monasterii
2489 5529 2943 5602 Hirsaugiensis,
2962 5534 3026 5584 ut
3056 5525 3719 5602 docet_Trithemius.No_n

2117 5598 2503 5672 injuriaergo
2529 5594 2734 5656 Vitani
2752 5594 2936 5672 istam
2962 5606 3119 5656 Buno
3150 5600 3352 5659 abbati
3378 5605 3432 5659 et
3461 5594 3720 5658 monachis

2116 5670 2604 5733 Herveldensibus
2633 5671 2934 5751 inscripsit
2965 5672 3190 5752 Lupus.
