3898 6194
168 339 291 405 689

1427 344 1530 407 DE
1572 343 1759 408 VITA
1803 340 1869 406 S.
1912 343 2334 409 WIGBERTI.

3465 349 3586 413 690

168 472 334 531 niam
368 489 538 531 suam
572 472 708 548 fuge
736 471 985 549 repetito
1034 472 1349 532 certamine
1399 474 1723 549 cupientes,
1758 492 1825 533 ac
1852 478 1910 546 Α
1939 477 2131 534 sciens
2160 476 2431 535 reddidit.
2466 478 2811 537 Sanctorum
2844 497 3078 555 quoque
3130 480 3410 555 reliquiae,
3435 499 3584 557 quas

163 564 353 620 victor
382 564 548 637 prius
572 564 821 621 victores
844 565 914 620 ad
939 581 1124 620 unum
1145 564 1504 638 delere,ipsa
1534 569 1701 622 nocte
1732 566 1826 622 cui

169 657 291 709 tam
326 653 582 709 credulis
612 653 827 727 negotii
851 654 975 710 dies
1007 652 1233 711 elucere
1264 654 1829 726 sperabatur,incre-

171 741 339 797 dibili
368 746 604 815 repente
635 742 886 815 perculsi
910 741 1407 809 formidine,.fusa
1436 742 1666 799 ccelitus
1711 743 1827 799 cla-

171 829 411 887 rissima
437 831 569 886 luce
598 830 807 886 ambiri
839 830 1256 903 conspicantur
1302 831 1606 887 ecclesiam
1657 835 1827 905 cujus

169 920 458 975 memoria
479 920 605 991 jam
639 936 820 991 supra
840 919 993 975 facta
1020 925 1127 986 est,
1156 924 1213 975 et
1240 938 1343 992 per
1382 920 1543 977 illius
1592 920 1826 978 culmen

170 1010 327 1066 805
359 1008 653 1081 insignem
687 1008 1003 1080 quemdam
1037 1008 1411 1065 lineamentis
1445 1010 1683 1083 quidem
1715 1010 1828 1067 hu—

169 1099 332 1154 mani
368 1098 628 1171 corporis
659 1098 1236 1170 circumsriptum,at
1281 1099 1597 1155 valentiam
1641 1099 1829 1173 digni-

167 1190 472 1259 tatemque
501 1186 841 1242 mortalium
870 1186 1042 1259 longe
1069 1187 1620 1260 praestantem,albis
1650 1189 1823 1245 etiam

164 1277 434 1333 vestibus
454 1275 758 1341 amictum,
794 1274 904 1332 hac
933 1281 991 1331 et
1022 1274 1154 1332 illac
1182 1276 1580 1332 deambulare'
1622 1276 1826 1333 Divino

164 1364 369 1438 itaque
400 1369 570 1430 nutu,
602 1368 659 1420 et
687 1364 867 1434 hujus
893 1363 1136 1420 visionis
1185 1365 1440 1421 exterriti
1495 1366 1823 1437 majestate,

163 1453 389 1511 relictis
409 1453 849 1526 impedimentis
881 1457 939 1509 et
968 1454 1244 1510 omnibus
1281 1454 1413 1511 aliis
1446 1456 1818 1524 necessariis,

158 1543 298 1599 vitae
353 1546 585 1599 tantum
642 1541 947 1598 consulere
994 1541 1364 1610 festinantes,
1399 1544 1471 1599 ad
1524 1544 1728 1617 fugam
1761 1561 1824 1601 se

160 1632 361 1689 denuo
390 1629 710 1689 contulere.

782 1737 976 1793 CAPIT.
1016 1737 1213 1794 XVIII.

692 1831 769 1884 De
797 1826 1068 1884 divisione
1092 1826 1321 1900 praedm.

238 1935 412 1993 Mane
442 1933 624 2007 igitur
650 1933 935 2007 oppidum
966 1935 1187 2007 egressi
1219 1934 1321 2008 qui
1352 1934 1538 1991 clausi
1562 1934 1822 1991 hostium

165 2023 462 2098 impetum
510 2024 894 2080 morabantur
934 2023 1165 2096 objectu
1222 2040 1550 2091 murorum,
1600 2028 1666 2079 ut
1724 2040 1822 2081 eos

165 2113 408 2183 abiisse,
442 2112 563 2168 imo
604 2111 763 2168 velut
812 2113 1004 2169 nudos
1053 2112 1282 2170 cunctis
1330 2112 1503 2185 vulgo
1561 2112 1824 2170 dimissis

162 2202 446 2276 effugisse
474 2204 905 2275 compererunt,
939 2201 1146 2258 divina:
1176 2201 1588 2258 munificentia:
1623 2206 1822 2276 gratu-

160 2291 378 2359 lantes,
410 2290 878 2348 adversariorum
927 2290 1116 2364 spolia
1161 2291 1381 2348 viritim
1431 2290 1631 2365 partiti
1661 2295 1822 2359 sunt,

158 2381 594 2455 inopinumque
614 2378 901 2454 gaudium
931 2384 1295 2437 revexerunt.

812 2504 1004 2561 CAPIT.
1043 2504 1186 2561 XIX.

417 2600 498 2652 De
526 2595 745 2651 homine
770 2595 1023 2668 paralysi
1045 2595 1278 2667 perenni
1298 2594 1571 2650 mulctato.

242 2702 446 2775 Neque
476 2701 558 2757 ita
578 2700 763 2757 multo
797 2704 947 2773 post,
982 2717 1114 2756 cum
1147 2701 1324 2756 iidem
1358 2703 1612 2756 Saxones
1643 2717 1826 2756 rever-

168 2788 810 2858 tissent,instauraturi
842 2788 994 2844 male
1026 2787 1194 2845 toties
1221 2792 1454 2861 experta
1482 2788 1824 2854 certamina,

166 2897 331 2937 unus
379 2895 582 2935 eorum
634 2878 788 2951 capit
816 2878 1315 2951 ignem,fomenta
1362 2877 1623 2949 subjicit,
1652 2876 1828 2932 eccle-

170 2970 330 3027 siam
364 2967 723 3040 conﬂagrare
746 2968 872 3037 jam
896 2966 1113 3021 dictam
1137 2965 1393 3022 molitur.
1410 2967 1522 3022 Sed
1554 2982 1719 3022 casso
1742 2966 1827 3021 in-

168 3059 447 3131 fectoque
496 3056 652 3123 nisu,
699 3056 896 3111 divina
942 3055 1156 3111 virtute
1198 3072 1302 3128 per
1348 3055 1826 3112 intercessionem

166 3146 365 3204 sancti
383 3144 744 3218 Wigberchti
779 3143 1075 3216 repulsus,
1106 3143 1415 3199 conatibus
1445 3160 1575 3199 vere
1600 3141 1829 3199 sacrile-

166 3237 267 3310 gis
299 3235 478 3307 digna
508 3232 706 3291 retulit
734 3233 995 3305 praemia,
1028 3232 1280 3306 paralysi
1332 3231 1557 3288 scilicet
1586 3232 1825 3305 perenni
1856 3223 1899 3289 C

169 3324 522 3381 mulctatus.

738 3429 892 3486 800
929 3430 1118 3484 CAPIT.
1160 3427 1273 3484 XX.

518 3522 601 3575 De
630 3526 846 3591 raptore
873 3534 1036 3574 sensu
1064 3526 1115 3574 et
1134 3510 1255 3574 viszi
1273 3519 1506 3591 privato.

250 3627 531 3683 Eamdcm
556 3624 732 3682 etiam
756 3626 997 3681 domum
1017 3624 1256 3698 quidam
1280 3643 1349 3680 ex
1372 3624 1488 3682 illis
1510 3624 1833 3698 exspoliare

173 3714 714 3783 conatus,defracta
726 3715 912 3786 janua
931 3714 1475 3787 irrupit,crucisque
1497 3720 1831 3788 argenteam

171 3804 465 3862 laminam
490 3804 705 3859 atfabre
735 3802 1064 3858 inauratam
1098 3803 1294 3875 rapuit
1321 3803 1699 3875 profanisque
1717 3819 1836 3858 ma-

174 3894 358 3950 nibus
387 3907 759 3964 nequaquam
796 3890 995 3947 efferre
1027 3894 1336 3946 cunctatus
1364 3894 1472 3946 est.
1502 3893 1574 3945 At
1603 3890 1833 3947 confes-

173 3983 288 4039 tim
322 3981 521 4037 divina
548 3979 691 4036 ultio
721 3977 987 4035 insecuta
1014 3977 1095 4034 ita
1136 3978 1296 4034 hunc
1340 3978 1593 4035 reddidit
1641 3978 1833 4050 impo-

172 4077 300 4128 tem
335 4069 427 4126 sui
458 4073 525 4125 ut
552 4068 792 4124 brutum
825 4067 1014 4141 magis
1047 4066 1264 4123 animal
1314 4082 1490 4138 quam
1537 4066 1834 4122 hominem

173 4161 447 4217 duceres.
481 4158 578 4214 Sic
600 4173 737 4213 cum
767 4155 989 4212 lamina
1018 4157 1172 4212 circa
1214 4154 1521 4211 ecclesiam
1570 4159 1837 4227 repertus

174 4250 490 4316 oberrans,
520 4246 677 4319 quod
709 4244 900 4301 sciens
958 4243 1109 4300 male
1158 4243 1509 4318 sublegerat,
1534 4244 1694 4315 juste
1738 4260 1837 4300 ne-

176 4390 430 4449 storiam
456 4389 816 4461 istamﬁputat
856 4388 1138 4461 distingui
1162 4388 1370 4444 debere
1391 4387 1465 4443 ab
1496 4404 1564 4461 ea
1584 4403 1841 4461 quaex-

177 4467 303 4533 stat
324 4462 482 4533 apud
498 4459 1005 4533 ReginonemLEgo
1026 4459 1281 4533 namque
1309 4475 1515 4515 censeo
1537 4459 1632 4515 hic
1654 4459 1747 4532 agi
1768 4460 1840 4515 de

178 4529 435 4591 ecclesia
467 4529 805 4587 monasterii
849 4529 1327 4597 Friteslariensis,
1361 4547 1539 4602 quam
1588 4529 1841 4587 Saxones

1934 565 2112 623 iidem
2171 572 2627 640 asportaverant,
2662 570 2719 626 in
2768 570 2907 629 villa
2964 572 3251 641 Gesmari,
3286 590 3413 646 quae
3466 590 3583 630 non

1934 655 2105 730 longe
2135 656 2317 725 abest,
2351 663 2586 730 repertae
2614 664 2753 715 sunt
2780 659 3037 734 integrae.

2574 793 2767 849 CAPIT.
2800 795 2939 850 XXI.

2321 885 2402 936 De
2436 882 2740 953 ineﬂectiva
2765 886 3009 955 potentia
3038 886 3204 953 ignis.

2005 976 2120 1032 Nec
2152 976 2297 1033 illud
2329 979 2854 1052 transierim,quod
2887 982 3180 1054 szepedicti
3203 987 3457 1039 Saxones
3488 984 3585 1040 ad-

1934 1063 2120 1121 hibito
2168 1066 2288 1139 igni
2336 1073 2393 1122 et
2443 1067 2751 1141 multiplici
2801 1070 3019 1137 fomite,
3053 1072 3241 1127 amica
3290 1089 3429 1127 sane
3461 1073 3581 1145 igni

1935 1155 2181 1210 materia
2209 1155 2545 1227 frequenter
2574 1157 2925 1214 inculcatam
2949 1160 3188 1216 domum
3210 1159 3370 1217 illius
3399 1161 3581 1217 eccle-

1934 1241 2032 1298 sias
2082 1243 2421 1300 comburere
2469 1246 2659 1301 conati
2709 1251 2876 1315 sunt;
2910 1249 3010 1304 sed
3058 1249 3386 1305 interventu
3426 1250 3582 1306 beati

1933 1331 2290 1403 Wigberchti
2348 1333 2554 1390 delusa
2596 1339 2687 1391 est
2729 1335 2963 1392 illorum
2995 1337 3243 1394 insania.
3278 1339 3581 1411 Siquidem

1933 1423 2163 1477 tantum
2199 1421 2389 1477 abfuit
2417 1423 2655 1480 effectus
2686 1425 2759 1480 ab
2787 1442 2987 1481 eorum
3022 1426 3321 1483 molitione
3343 1432 3408 1483 ut
3437 1446 3582 1501 prze-

1932 1511 2021 1564 ter
2048 1509 2109 1565 in
2141 1512 2407 1583 subjecta
2432 1513 2689 1569 fomenta
2711 1513 2794 1570 nil
2821 1515 2976 1588 ignis
3004 1514 3102 1571 ille
3133 1515 3379 1572 valuerit
3404 1533 3580 1589 quem

1933 1598 2133 1655 furens
2164 1616 2376 1657 manus
2408 1601 2755 1659 adhibuerat
2782 1604 3187 1661 barbarorum.
3218 1605 3459 1662 Videres
3512 1606 3580 1661 1i-

1932 1702 2184 1760 gnorum
2215 1689 2545 1762 simplicem
2577 1692 3019 1761 materiam,nec
3048 1711 3290 1767 prorsus
3322 1693 3581 1750 alumine

1932 1776 2195 1847 oblitam,
2226 1777 2384 1834 velut
2411 1779 2638 1836 amoliri
2668 1798 2702 1836 a
2732 1798 2793 1837 se
2823 1782 2977 1855 ignis
3008 1784 3350 1856 potentiam,
3384 1788 3441 1839 et
3486 1782 3578 1839 cui

1849 1849 1898 1915 Β
1926 1864 2092 1936 prius
2141 1872 2297 1923 esset
2341 1868 2591 1925 obnoxia
2638 1871 2737 1926 Dei
2786 1849 3084 1928 voluntate
3112 1873 3229 1928 vim
3273 1849 3578 1929 resistendi

1930 1953 2177 2012 inditam
2210 1957 2323 2013 sibi
2355 1962 2647 2015 ostentare
2676 1960 3050 2017 mirantibus.

2457 2074 2606 2130 807
2651 2075 2841 2132 CAPIT.
2884 2075 3051 2131 XXII.

2040 2158 2187 2228 Quod
2216 2161 2439 2217 ecclesia
2466 2163 2585 2234 ipsa
2614 2163 2787 2290 mallii:
2815 2166 3164 2292 aquatoribus
3190 2167 3465 2222 maculari

2632 2250 2663 2289 υ
2724 2250 2845 2291 ueri
2872 2278 2885 2291 .

2632 2250 2885 2291 valuerit.

2004 2321 2300 2377 Saxonum
2331 2326 2466 2395 post
2495 2322 2823 2380 discessum
2854 2342 2991 2398 pars
3020 2325 3177 2382 haud
3209 2327 3419 2400 exigua
3438 2327 3581 2383 Has-

1932 2426 2145 2465 sonum
2184 2410 2501 2482 (Hassones
2555 2412 2771 2486 quippe
2830 2415 3108 2470 dicuntur
3160 2417 3257 2488 qui
3318 2415 3584 2473 incolunt

1912 2496 2127 2570 ipsum
2150 2501 2391 2571 pagum)
2405 2501 2755 2556 mandatum
2783 2502 3087 2558 ecclesiam
3112 2519 3582 2571 convenere,sor-

1932 2587 2068 2642 dere
2087 2586 2249 2643 illam
2268 2604 2445 2659 quam
2466 2588 2810 2661 gravissime
2827 2590 3405 2664 ferentes,propterea
3426 2593 3581 2667 quod

1932 2676 2191 2731 Saxones
2220 2692 2505 2748 equorum
2539 2678 2599 2732 in
2629 2695 2696 2733 ea
2726 2679 3007 2751 praesepia
3036 2680 3582 2754 fecerant,nihilque

1933 2764 2200 2837 religioni
2221 2765 2570 2821 detulerant.
2587 2770 2802 2822 Verum
2820 2768 3161 2841 introgressi
3179 2770 3323 2825 nihil
3346 2771 3581 2842 penitus

1935 2853 2090 2926 quod
2122 2857 2275 2909 esset
2304 2855 2622 2910 verendum
2650 2855 2973 2912 inveniunt.
3003 2858 3089 2913 Ita
3118 2859 3380 2914 sordium
3402 2875 3581 2930 squa-

1931 2941 2123 2997 lorum
2146 2942 2343 2998 divina
2369 2942 2555 3000 virtus
2578 2944 2917 3000 deterserat.
2944 2945 3115 3002 Nulla
3142 2963 3392 3020 usquam
3414 2947 3584 3003 vesti-

1934 3029 2031 3104 gia
2058 3031 2447 3087 immunditize
2477 3032 2655 3089 totius
2688 3035 3038 3090 resederunt.

2554 3168 2742 3223 CAPIT.
2783 3168 2976 3224 XXIII.

2012 3274 2138 3328 llzec
2169 3273 2506 3346 obtigerunt
2534 3274 2690 3331 circa
2718 3273 3026 3331 ecclesiam
3060 3278 3192 3331 ante
3241 3292 3418 3348 quam
3459 3292 3585 3332 mo-

1937 3366 2287 3417 numentum
2320 3360 2480 3418 illius
2508 3362 2610 3418 diu
2642 3364 2933 3421 mansisse
2961 3364 3439 3421 monstravimus.
3473 3366 3587 3421 Cae-

1938 3454 2132 3506 terum
2162 3455 2475 3523 postquam
2508 3452 2566 3507 in
2589 3452 2871 3525 oppidum
2893 3470 3026 3509 ossa
3054 3453 3210 3509 illius
3232 3454 3589 3526 transposita

1941 3543 2098 3606 sunt,
2132 3544 2197 3595 ut
2247 3546 2615 3612 ungueutum
2664 3541 3180 3612 pretiosissimum,
3215 3542 3449 3614 quando
3497 3545 3588 3597 est

1940 3628 2248 3700 agitatum,
2278 3628 2647 3700 gratissimos
2677 3628 2791 3685 late
2838 3631 3063 3704 spargit
3107 3632 3334 3699 odores,
3370 3630 3451 3687 ita
3477 3629 3586 3685 viri

1939 3715 2122 3786 hujus
2152 3720 2321 3771 motae
2353 3716 2611 3789 reliquis:
2653 3718 2904 3774 ubertim
2937 3718 3355 3775 miraculorum
3396 3720 3586 3792 spira-

1939 3820 2072 3860 vere
2103 3804 2502 3877 fragrantiam.
2528 3807 2769 3877 Aperuit
2790 3807 3071 3863 nimirum
3100 3826 3271 3864 verus
3301 3808 3518 3865 arbiter
3533 3813 3590 3864 et

1940 3891 2209 3962 intimus,
2243 3892 2526 3949 labefacta
2555 3895 2675 3966 jam
2712 3893 2976 3951 humana
3023 3897 3352 3952 conditione
3402 3914 3592 3952 mem-

1943 3980 2182 4035 brorum
2216 3996 2514 4053 compage,
2548 3981 2642 4036 cui
2674 3984 2970 4053 quondam
3016 3983 3137 4039 haec
3185 4001 3390 4057 regens
3437 3985 3592 4040 beati

1942 4067 2327 4141 Wigberchtii
2368 4068 2630 4139 paruerit
2676 4068 2941 4142 spiritus,
2968 4070 3242 4144 dignatus
3294 4089 3428 4127 eum
3482 4074 3596 4128 frc-

1945 4160 2190 4229 quenter
2221 4156 2377 4213 intra
2406 4156 2651 4212 biduum
2685 4157 3016 4215 triduumve
3046 4159 3353 4218 collatione
3392 4178 3597 4219 novem

1947 4243 2273 4317 signorum.

1947 4386 2206 4461 tentione
2235 4390 2455 4442 certare
2486 4386 2766 4442 adversus
2780 4388 3053 4461 eamdem
3076 4388 3380 4461 basilicam
3403 4405 3605 4461 quem-

1949 4457 2267 4514 admodum
2292 4474 2443 4533 _eam
2491 4474 2595 4533 per
2641 4458 2944 4533 quodlibet
2982 4459 3283 4533 ingenium
3314 4457 3448 4532 igne
3478 4478 3600 4517 cre-

1952 4546 2113 4613 mare
2144 4528 2593 4613 potuissentfdﬁt
2624 4528 2767 4611 dum
2804 4528 2940 4611 .haic
2988 4528 3251 4613 agerent,
3278 4528 3601 4613 apparuere

179 4603 452 4683 adhibito
477 4602 619 4683 igne
649 4617 994 4683 consumere
1031 4591 1397 4683 tentarunt;
1412 4602 1567 4683 quod
1589 4606 1747 4683 patet
1775 4618 1845 4657 ex
1873 4591 1920 4656 D
1953 4591 2309 4683 quihusdam
2338 4600 2817 4683 Christiunisqui
2850 4591 3105 4683 erant‘in
3135 4591 3393 4683 castello,
3418 4603 3596 4683 simul

179 4692 315 4747 cap.
346 4676 439 4743 23,
474 4671 735 4747 itemque
758 4690 827 4747 ex
850 4672 981 4747 aliis
1011 4672 1275 4747 ejusdem
1305 4671 1447 4747 Vita}
1498 4671 1662 4747 locis.
1681 4674 1839 4747 _R_em

180 4742 888 4829 ge'stam'narrat—ngegino
909 4743 1003 4829 his
1022 4742 1214 4829 verbis
1241 4760 1253 4798 :
1283 4766 1310 4792 ‹‹
1330 4744 1495 4829 Anno
1527 4743 1841 4829 Dominicis

180 4813 611 4873 incarnationis
641 4813 780 4882 8’74,
801 4832 899 4886 rex
922 4815 1064 4870 dum
1095 4813 1214 4871 illis
1245 4814 1509 4886 partibus
1541 4815 1620 4885 (id
1663 4820 1752 4871 est
1781 4816 1841 4870 in

182 4888 378 4955 Italia)
400 4903 510 4959 pro
526 4885 866 4957 hujusmodi
899 4886 1131 4959 negotio
1162 4885 1387 4959 moram
1420 4885 1842 4959 fac.eret,Saxo-

182 4977 293 5016 nes
325 4956 629 5014 occasione
658 4960 922 5030 accepta,
956 4956 1298 5030 postpositis
1347 4956 1752 5024 sacramentis,
1782 4956 1843 5030 in

184 5030 411 5086 ﬁnibus
442 5028 1113 5101 Francorum'impetum
1136 5028 1427 5101 fecerunt,
1460 5030 1517 5082 et
1558 5044 1741 5099 usque
1772 5028 1845 5083 ad

184 5105 450 5158 castrum
476 5099 631 5171 quod
654 5098 993 5171 nominatur
1012 5099 1340 5171 Buriaburg
1356 5098 1669 5171 venerunt:
1694 5116 1845 5171 quo-

184 5188 325 5228 rum
356 5169 674 5243 adventum
705 5169 906 5227 incolae
937 5170 1045 5226 loci
1077 5169 1600 5243 persenti'entes,in
1616 5171 1745 5243 jam
1764 5170 1849 5226 di-

184 5248 347 5299 ctam
367 5242 756 5297 munitionem
780 5258 842 5297 se
864 5241 1225 5313 receperunt.
1242 5241 1427 5313 Igitur
1451 5257 1584 5296 cum
1610 5242 1848 5313 praefata

185 5331 338 5389 gens
366 5313 612 5369 saeviens
634 5313 903 5389 coepisset
928 5311 1251 5389 forinsecus
1275 5311 1849 5389 :villarum_a:dilic_ia

186 5382 588 5451 concremare,
619 5382 918 5456 venerunt,
952 5384 1025 5456 ad
1075 5383 1391 5456 quamdam
1426 5382 1751 5439 basilicam
1786 5383 1845 5438 in

184 5456 447 5536 l_oco_qui
479 5456 700 5536 dicitur
736 5453 1065 5521 Friedislar,
1092 5453 1277 5536 quam
1309 5457 1522 5508 sanctae
1554 5456 1847 5536 memoriae

188 5526 529 5584 Bonifacius
554 5526 1182 5598 martyriconsecravit,
1212 5530 1387 5596 atque
1419 5542 1520 5598 per
1552 5526 1849 5598 propheti-

188 5616 330 5656 cum
353 5598 632 5671 spiritum
651 5595 917 5669 pr'zedixit
938 5598 1091 5668 quod
1117 5595 1419 5671 nunquam
1438 5595 1703 5653 incendio
1723 5615 1848 5671 cre-

189 5667 476 5728 maretur.
493 5667 809 5741 Cmperunt
827 5667 1022 5724 autem
1044 5667 1275 5740 praefati
1299 5667 1555 5724 Saxones
1578 5668 1737 5723 omni
1761 5669 1851 5723 in-

1995 4672 2306 4728 uibusdam
2338 4672 2583 4745 paganis
2615 4673 2715 4745 qui
2736 4672 2825 4728 ’in
2874 4674 3078 4729 eodem
3126 4678 3293 4729 erant
3322 4678 3593 4743 exercitu,

1951 4688 2067 4799 duo
2098 4745 2334 4799 iuvenes
2365 4743 2423 4798 in
2454 4742 2604 4799 albis
2632 4744 3012 4799 vestimentis.
3046 4744 3144 4799 aui
3178 4746 3366 4799 insarn
3398 4744 3593 4799 basili-

1992 4760 2067 4799 uo
2094 4742 3012 4818 juvenes‘in'albisvestimentis,
3046 4744 3144 4818 qui
3178 4746 3366 4817 ipsam
3398 4744 3598 4800 basili—

1951 4831 2082 4899 cam_
2113 4815 2183 4870 ab
2215 4814 2351 4896 igne
2381 4816 2792 4899 protegebant;
2828 4820 2886 4871 et
2915 4814 3220 4899 propterea
3246 4833 3361 4871 non
3392 4821 3599 4888 potue-

1953 4889 2092 4959 runt
2120 4885 2307 4959 neque
2339 4885 2822 4959 interiusgneque
2868 4885 3123 4959 exterius
3169 4887 3365 4959 ignem
3394 4885 3597 4943 accen-

1952 4958 2118 5031 d_ere._
2142 4956 2368 5031 Interea
2396 4961 2542 5012 nutu
2575 4956 2768 5031 divino
2798 4958 3122 5031 majestatis
3147 4956 3357 5031 pavore
3386 4963 3601 5031 perter-

1955 5026 2071 5111 riti,
2104 5027 2165 5111 in
2203 5027 2404 5111 fugam
2434 5028 2695 5111 conversi
2716 5026 3166 5111 _sunt,'nemine'
3189 5026 3599 5111 persequente.

1953 5099 2229 5171 Inventus
2259 5099 2347 5154 est
2378 5103 2571 5154 autem
2603 5106 2805 5171 postea
2837 5118 2989 5157 unus
3039 5118 3108 5156 ex
3153 5099 3399 5156 eisdem_
3419 5102 3598 5158 Saxo-

1956 5170 2130 5243 nibus
2157 5175 2427 5243 mortuus
2447 5170 2621 5241 juxta
2646 5173 2847 5243 ipsam
2868 5171 3193 5240 basilicam,
3230 5172 3391 5227 ﬂexis
3435 5172 3597 5243 geni-

1956 5242 2084 5316 bus,
2122 5240 2359 5316 acclivis
2389 5240 2805 5316 su’pra_pe'des,
2838 5242 3066 5316 habens
3103 5243 3305 5316 ignem
3352 5240 3606 5316 et__Iigna

1956 5311 2015 5366 in
2074 5311 2349 5366 manibus
2392 5311 2481 5386 et,
2506 5311 2661 5386 velut
2701 5330 2798 5386 ore
2843 5315 3008 5386 ﬂaret
3056 5311 3245 5386 ipsam
3297 5311 3601 5371 basilicam

1958 5398 2234 5438 cremare.
2300 5404 2327 5430 »
2390 5383 2666 5438 Eamdem
2726 5383 3031 5440 historiam
3078 5383 3339 5440 'narrant
3401 5389 3607 5439 auctor

1958 5451 2317 5525 VitaeCaroli
2351 5453 2568 5525 Magni,
2601 5460 2805 5509 auctor
2832 5455 3143 5511 Annalium
3194 5456 3602 5519 Fuldensium,

1958 5523 2329 5596 Eginbardus
2380 5523 2830 5582 in_Annalibus.
2867 5526 3164 5582 Marianus
3219 5529 3441 5595 Scotus,
3485 5525 3603 5581 alii.

1958 5596 2261 5677 Ejusvero
2292 5596 2496 5667 paucis
2524 5597 2795 5653 meminit
2824 5598 3170 5655 Lambertus
3209 5599 3607 5656 Schafnabur-

1959 5683 2176 5739 genas.
