3898 6194
341 288 459 353 695

1322 295 1393 356 B.
1442 295 1504 358 S.
1549 293 1728 358 LUPI
1778 288 2110 353 ABBATIS
2151 291 2753 356 FERRARIENSIS.

3639 291 3765 354 696

341 439 495 494 mus,
530 423 680 481 sicut
709 429 767 482 et
797 423 977 483 illi.Et
1031 424 1160 482 ideo
1211 425 1500 499 siquidem
1532 424 1846 482 altithrono
1873 424 1987 479 Deo
2020 423 2069 489 Α
2101 440 2257 480 nunc
2287 424 2476 497 specie
2506 425 2768 498 gerimus
2797 441 2992 482 rerum
3021 424 3261 483 veritate
3290 422 3759 499 capiamusﬂaac

341 517 571 571 nostras
595 512 934 587 impollutas
962 514 1250 588 imagines
1276 516 1513 572 reddere
1533 514 1994 582 debemus,sicut

340 602 476 659 alibi
510 602 687 660 dicit:
724 604 919 677 Imago
951 602 1192 660 Caesaris
1224 605 1503 660 reddatur
1532 604 1764 671 Caesari,
1799 604 1992 676 imago

342 691 441 749 Dei
474 693 750 749 reddatur
779 693 894 749 Deo
921 692 1127 765 (Matth.
1161 710 1336 749 xxxn.
1374 699 1549 750 Marc.
1584 711 1682 759 xu,
1716 696 1842 749 Luc.
1875 694 1989 764 χχ).

342 780 403 839 Si
433 798 539 837 nos
566 782 624 836 in
647 781 1079 854 comparatione
1100 780 1335 837 illorum
1360 780 1712 838 lutulentum
1736 799 1840 854 pro
1865 799 1995 837 san-

345 869 541 926 ctitate
572 869 857 926 habemus
885 869 1087 938 vitam,
1120 874 1316 927 tamen
1376 871 1591 943 quippe
1639 871 1698 925 in
1730 872 1996 943 despera-

342 958 583 1026 tionem,
616 974 745 1030 quae
776 956 1101 1029 periculosa
1138 962 1246 1026 est,
1282 960 1488 1015 cadere
1541 959 1771 1015 Domini
1807 959 1997 1014 admi-

346 1045 542 1103 niculo
574 1064 688 1102 non
721 1047 1021 1115 debemus,
1056 1046 1195 1120 quia
1222 1050 1497 1107 universae
1524 1051 1633 1106 viae
1651 1050 1871 1105 Domini
1900 1050 1998 1104 mi-

346 1134 645 1191 sericordia
671 1143 722 1190 et
758 1137 959 1190 veritas
999 1136 1168 1206 (Psal.
1200 1135 1351 1207 xxxv)
1387 1153 1492 1193 suo
1544 1137 1658 1194 fine
1708 1136 1997 1193 distinctae

350 1223 745 1281 sunt.Etenim
777 1224 1197 1296 omnipotentis
1219 1225 1472 1297 benigna
1493 1230 1666 1298 atque
1686 1225 1999 1282 ineffabilis

349 1312 618 1369 voluntas
650 1311 730 1368 nil
750 1312 1029 1368 discernit
1050 1313 1164 1369 nisi
1180 1313 1324 1369 illud
1348 1315 1501 1386 quod
1519 1315 1850 1383 justissime
1869 1332 2003 1371 con-

350 1400 720 1458 venit.Nemo
748 1417 881 1457 vero
912 1402 983 1457 de
1014 1419 1194 1475 supra
1225 1403 1563 1459 memoratis
1612 1404 1830 1459 sanctis
1878 1408 2001 1460 tam

350 1491 556 1547 doctus
587 1491 979 1562 [leg.sanctus]
1012 1490 1122 1547 fuit
1153 1491 1252 1563 qui
1277 1509 1512 1548 summa
1532 1510 1647 1549 non
1680 1492 2000 1567 iudignerit

350 1578 768 1637 misericordia.
818 1579 943 1635 Non
999 1580 1156 1635 enim
1211 1581 1294 1635 ita
1343 1580 1443 1636 ulli
1487 1581 1816 1638 divinorum
1848 1582 2002 1638 816

351 1668 637 1724 bonorum
652 1668 951 1723 sufﬁciunt
963 1673 1278 1742 augmenta
1299 1674 1494 1726 utnon
1509 1688 1629 1726 sem
1638 1688 1740 1743 per
1750 1670 2003 1743 amplius

2100 530 2233 569 vero
2265 512 2511 569 strictim
2546 514 2911 587 breviterque
2942 514 3269 588 attigimus.
3299 518 3588 571 Caeterum
3621 515 3758 586 quid

2104 601 2353 667 felicius,
2389 603 2598 675 quidve
2628 603 2947 671 saiubrius,
2995 621 3175 677 quam
3224 604 3443 660 servire
3492 608 3631 671 Deo,
3663 605 3759 676 qui

2104 691 2392 747 mundum
2426 692 2605 748 tantis
2636 692 3049 765 gubernaculis
3077 695 3245 767 regit,
3280 698 3337 750 et
3367 709 3555 749 omnes
3587 693 3765 748 homi-
3868 691 3869 761 ἶ

2100 796 2196 835 nes
2221 781 2337 835 vult
2366 781 2539 836 salvos
2568 781 2693 851 ﬁeri
2719 789 2770 837 et
2799 782 2869 837 ad
2908 784 3247 852 agnitionem
3298 784 3554 838 veritatis
3582 784 3767 837 venire

2106 868 2152 937 (Ι
2185 870 2317 923 Tim.
2353 872 2449 935 u):
2486 873 2777 941 quatenus
2818 887 2977 938 sane,
3012 888 3145 926 cum
3191 869 3483 943 generalis
3515 871 3767 926 advene-

2105 956 2181 1012 rit
2210 957 2354 1024 dies,
2388 974 2591 1013 omnes
2622 958 2736 1013 laeti
2768 977 2872 1031 pro
2902 960 3073 1015 bonis
3103 960 3401 1033 operibus,
3432 964 3493 1016 et
3522 959 3628 1015 Dei
3650 959 3769 1015 suf-

2105 1046 2288 1119 fragio
2344 1046 2609 1119 protecti,
2661 1051 2938 1104 aeternam
2991 1048 3416 1105 beatitudinem
3479 1065 3606 1104 una
3634 1065 3767 1103 cum

2107 1134 2327 1192 sanctis
2356 1135 2482 1192 suis
2514 1136 2772 1209 accipere
2804 1154 3152 1194 mereamur.

2729 1279 3033 1335 HOMILIA
3071 1280 3142 1336 II.

2181 1400 2382 1455 Restat
2410 1399 2589 1473 igitur
2618 1401 2809 1457 adhuc
2860 1402 3082 1475 aliquid
3124 1404 3195 1459 de
3226 1406 3428 1459 sancto
3461 1402 3770 1476 Wigberto

2109 1488 2265 1544 brevi
2297 1505 2566 1545 sermone
2596 1507 2833 1546 narrare
2858 1492 2976 1564 ;qui
3008 1492 3193 1549 tantis
3214 1492 3275 1548 in
3302 1491 3411 1548 hoc
3433 1492 3665 1547 mundo
3683 1492 3772 1546 be-

2109 1577 2334 1633 neficiis
2363 1579 2755 1651 omnibusque
2784 1579 3149 1636 Christicolis
3198 1579 3426 1647 claruit,
3461 1585 3529 1635 ut
3562 1580 3771 1637 merito

2111 1671 2268 1723 totus
2293 1666 2660 1723 Christianus
2691 1668 2942 1741 populus
3001 1686 3237 1725 summa
3291 1670 3675 1727 veneratione
3703 1670 3771 1725 de

353 1756 606 1829 supersit
635 1757 789 1830 quod
821 1774 988 1813 mens
1010 1761 1237 1814 armata
1267 1758 1480 1815 divinis
1509 1759 1806 1833 suffragiis
1826 1763 1883 1815 et
1914 1759 2003 1815 in-
2038 1794 2082 1861 Β
2114 1755 2482 1811 solemnitate
2530 1755 2687 1812 illius
2719 1758 3010 1830 gaudeat;
3045 1758 3298 1814 maxime
3347 1774 3612 1832 namque
3645 1776 3767 1815 nos.

353 1844 735 1919 telligendum
773 1845 1064 1902 desideret
1112 1850 1168 1902 et
1221 1848 1565 1920 gerendum.
1614 1849 2003 1913 Quamobrem

354 1951 525 1991 nemo
543 1935 614 1990 de
635 1934 1432 2009 magnitudineiniquitatum
1460 1953 1700 1993 suarum
1714 1938 2005 2010 desperet,

353 2022 504 2080 sicut
534 2021 671 2079 alibi
694 2021 870 2078 dicit:
906 2024 1043 2079 Nolo
1087 2031 1312 2080 mortem
1356 2025 1771 2096 peccatoris,sed
1800 2033 2006 2082 utcon-

353 2119 615 2179 vertatur,
650 2119 702 2168 et
744 2113 893 2168 vivat
922 2112 1134 2182 (Ezech.
1186 2112 1405 2183 xxxm).
1450 2114 1559 2170 Sed
1592 2117 1788 2170 tamen
1843 2112 2006 2169 vide-

353 2200 491 2257 licet
502 2199 880 2257 acceleranda
899 2203 987 2255 est
1001 2200 1294 2256 medicina
1304 2201 1700 2258 conversionis
1713 2203 1783 2258 ad
1798 2201 1978 2258 Deum
1990 2243 2003 2268 ,

357 2306 430 2351 ne
460 2294 695 2362 tempus
725 2287 1097 2345 correctionis
1128 2293 1307 2362 atque
1335 2291 1763 2348 emendationis
1811 2296 2009 2364 pereat

355 2379 629 2439 tarditate
658 2381 833 2450 atque
883 2376 1261 2450 negligentia,
1295 2378 1435 2451 quia
1481 2380 1700 2435 nemini
1740 2384 2007 2436 nostrum

357 2467 572 2525 ultima
600 2467 727 2523 dies
759 2470 896 2522 nota
924 2466 1291 2539 est.Ideoque
1310 2467 1579 2525 veridicis
1598 2468 1758 2525 Pauli
1780 2473 2010 2525 senten-

356 2557 459 2615 tiis
490 2572 661 2614 aures
685 2554 875 2612 cordis
929 2555 1459 2624 accommodemus,
1494 2556 1593 2612 ubi
1636 2556 1811 2612 dicit:
1847 2558 2008 2630 ΑιγῙί-

357 2649 571 2703 ciamus
610 2661 734 2717 ergo
781 2659 944 2716 opera
981 2643 1351 2709 tenebrarum,
1412 2654 1463 2701 et
1520 2646 1822 2703 induamur
1852 2663 2012 2702 arma

361 2735 519 2791 lucis.
552 2734 704 2790 Sicut
749 2735 808 2789 in
857 2732 945 2788 die
1001 2732 1217 2789 honeste
1272 2733 1612 2791 ambulemus
1644 2736 1814 2807 (Rom.
1864 2736 2007 2808 xm).

360 2822 533 2882 Nulla
562 2822 717 2879 enim
750 2821 982 2878 Domini
1014 2822 1198 2878 nostri
1228 2822 1365 2879 Jesu
1400 2823 1611 2880 Christi
1636 2841 1811 2897 opera
1840 2824 2011 2880 mise-

357 2912 609 2969 ricordia
638 2914 865 2978 vacant,
901 2912 1136 2983 quando
1160 2911 1384 2968 homini
1409 2916 1465 2968 et
1495 2912 1860 2986 indulgentia
1881 2930 2013 2969 con-

361 3001 503 3059 sulit
528 3005 586 3058 et
614 2999 995 3074 castigatione
1020 3003 1098 3068 ;et
1118 3000 1573 3057 misericorditer
1590 3002 1851 3076 providet
1871 3007 2013 3059 tem-

361 3089 621 3166 poralem
650 3088 1072 3157 austeritatem,
1107 3105 1179 3144 ne
1209 3094 1483 3146 aeternam
1506 3091 1666 3162 juste
1694 3091 1908 3148 inferat
1925 3091 2010 3147 ul-

2112 1843 2283 1917 quiin
2307 1846 2651 1917 suum’apud
2680 1849 2857 1900 Deum
2883 1845 3273 1917 patrocinium
3297 1847 3464 1904 hicet
3484 1848 3543 1903 in
3573 1849 3769 1903 futuro

2113 1933 2485 1989 confldimus.
2521 1933 2824 1990 Credimus
2854 1935 3008 1992 818
3042 1935 3523 2008 siquidemillum
3555 1936 3619 1991 in
3644 1955 3778 2010 pra»

2114 2022 2303 2078 sentia
2328 2021 2560 2077 Domini
2591 2023 2775 2079 nostri
2806 2023 2945 2079 Jesu
2959 2024 3168 2080 Christi
3188 2026 3578 2099 omniaposse
3600 2027 3777 2099 impe-

2114 2115 2267 2167 trare
2279 2111 2349 2167 de
2362 2110 2577 2183 quibus
2594 2110 2762 2167 illum
2778 2112 2891 2183 piis
2915 2113 3254 2185 devotisque
3269 2114 3459 2187 poscit
3480 2114 3774 2186 precibus,

2115 2199 2256 2254 dum
2284 2202 2449 2255 tanta
2476 2198 2536 2254 in
2569 2200 2881 2272 praesentia
2911 2200 3114 2273 populi
3138 2200 3426 2258 miracula
3455 2203 3613 2258 sicut
3633 2219 3778 2275 saepe

2118 2287 2390 2356 audistis,
2425 2304 2529 2361 pro
2559 2290 2688 2359 ejus
2736 2288 2911 2345 laude
2962 2288 3308 2346 nobilitavit:
3359 2290 3594 2348 Videtis
3626 2307 3777 2364 ergo,

2118 2376 2324 2432 fratres
2354 2375 2708 2443 charissimi,
2729 2382 2951 2451 quanta
2981 2376 3242 2435 humano
3272 2380 3469 2453 generi
3491 2379 3683 2453 gloria
3697 2384 3782 2436 est

2117 2466 2301 2522 Deum
2325 2466 2529 2520 devota
2558 2470 2754 2521 mente
2780 2466 3077 2540 sequi,qui
3109 2484 3419 2541 nunquam
3445 2469 3507 2524 in
3539 2469 3779 2525 tribula-

2116 2553 2375 2609 tionibus
2406 2553 2756 2626 derelinquit
2784 2559 3085 2626 sperantes
3113 2555 3174 2610 in
3206 2572 3291 2625 se,
3314 2558 3418 2614 sed
3450 2574 3661 2614 omnes
3679 2558 3781 2614 sci-

2117 2642 2254 2699 licet
2283 2643 2382 2715 qui
2405 2659 2507 2716 pro
2525 2659 2722 2699 amore
2754 2643 2912 2700 illius
2935 2645 3237 2701 florentem
3261 2645 3596 2719 despiciunt
3608 2665 3773 2703 mun-

2118 2732 2259 2787 dum
2290 2730 2521 2788 internis
2554 2731 2611 2786 in
2645 2731 2788 2788 caelo
2821 2733 3056 2806 gaudiis
3106 2733 3427 2791 honoriﬁce
3477 2736 3773 2805 sublimat,

2120 2820 2272 2877 sicut
2298 2820 2428 2893 ipsa
2455 2820 2684 2876 Veritas
2715 2824 2967 2877 testatur
2997 2822 3232 2879 dicens:
3256 2824 3362 2892 Qui
3379 2833 3567 2881 autem
3594 2825 3779 2895 diligit

2117 2927 2222 2977 me,
2251 2911 2514 2979 diligetur
2561 2928 2595 2964 a
2635 2916 2799 2966 Patre
2830 2928 2968 2977 meo,
3002 2919 3054 2967 et
3108 2929 3202 2984 ego
3258 2914 3495 2983 diligam
3536 2931 3681 2977 eum,
3733 2924 3779 2970 et

2117 3001 2480 3071 manifestabo
2509 3001 2567 3055 ei
2594 3016 2679 3055 me
2711 3003 2893 3072 ipsum
2923 3003 3098 3073 (Joan.
3132 3005 3272 3070 xw).
3298 3001 3515 3059 Paulus
3548 3020 3776 3076 quoque

2123 3088 2421 3162 apostolus
2452 3089 2522 3144 de
2552 3088 2936 3162 diligentibus
2968 3095 3149 3146 Deum
3198 3091 3381 3146 dixit:
3418 3092 3569 3161 Quod
3595 3094 3778 3149 oculis

358 3162 599 3236 tionem.
634 3178 707 3235 Et
737 3177 864 3233 ideo
894 3192 1066 3232 nemo
1092 3176 1152 3231 in
1176 3176 1355 3250 hujus
1385 3177 1512 3233 vitae
1541 3178 1747 3235 itinere
1768 3184 2013 3253 torpeat,
2047 3162 2089 3229 Ο
2126 3193 2233 3234 non
2269 3176 2423 3245 vidit,
2456 3194 2554 3233 nec
2583 3179 2739 3233 auris
2766 3176 3102 3246 audivit,nec
3132 3180 3191 3235 iu
3220 3195 3314 3236 eor
3337 3181 3577 3237 hominis
3600 3198 3778 3237 ascen-

363 3285 437 3328 ne
465 3268 525 3324 in
552 3267 743 3341 patria
778 3266 1247 3323 ammnissimum
1294 3266 1499 3339 perdat
1544 3266 1762 3325 locum.
1796 3269 2016 3328 Idcirco

366 3358 466 3432 qui
496 3356 682 3413 Deum
714 3354 920 3429 qum-it
947 3356 1101 3410 bona
1128 3354 1444 3423 voluntate,
1480 3356 1539 3410 in
1584 3373 1701 3429 quo
1742 3361 1830 3413 est
1852 3375 2013 3416 sum-

365 3461 529 3503 mum
558 3445 848 3501 bonorum
878 3442 1144 3498 omnium
1177 3447 1387 3499 cuncta
1417 3443 1571 3500 intra
1612 3462 1674 3502 se
1704 3446 1859 3502 bona
1887 3464 2015 3519 per-

365 3535 632 3606 fectaque
659 3530 1138 3597 continens,nihil
1169 3530 1325 3587 aliud
1357 3531 1563 3604 quaerit
1583 3533 1695 3590 nisi
1718 3534 2019 3607 sempiter-

363 3637 507 3679 num
538 3621 598 3677 in
629 3619 770 3676 coelo
792 3618 1096 3694 gaudium.
1121 3620 1462 3685 Quaeramus
1508 3638 1644 3695 ergo
1676 3623 2011 3693 Dominum,

362 3711 518 3768 sicut
545 3711 751 3767 beatus
780 3706 891 3765 iste
916 3708 1017 3765 Dei
1049 3708 1307 3765 famulus
1355 3709 1510 3777 fecit,
1542 3714 1600 3767 et
1640 3717 1874 3785 propter
1905 3713 2015 3770 hoc

361 3816 557 3857 coram
587 3802 702 3855 Deo
722 3802 779 3856 et
797 3797 1139 3854 hominibus
1152 3801 2013 3867 ooronatur.0uzeramusillum

361 3888 541 3946 armis
572 3904 706 3944 cum
728 3886 944 3962 quibus
984 3903 1118 3943 eum
1167 3887 1426 3945 invenire
1471 3889 1790 3962 possimus,
1825 3891 2012 3947 Deum

360 3975 675 4052 diligendo,
727 3976 1176 4050 proximumque
1247 3978 1520 4048 amando,
1585 3978 2011 4053 eleemosynam

360 4063 880 4131 'dando,ecclesiarr
920 4063 1176 4121 assiduis
1189 4065 1551 4124 orationibus
1568 4066 2011 4139 frequentando,

356 4153 660 4227 armisque
689 4168 921 4226 semper
967 4152 1270 4210 diabolicis
1320 4153 1566 4210 Domino
1597 4155 1849 4210 donante
1870 4155 2013 4211 resi-

362 4243 589 4310 stendo,
623 4240 762 4314 quia
790 4240 967 4297 etiam
1006 4256 1109 4313 per
1136 4241 1326 4297 varios
1357 4258 1529 4298 casus
1580 4242 1844 4299 mortalis
1872 4243 2011 4311 vita,

362 4330 532 4406 quasi
566 4329 769 4385 mundi
821 4328 1028 4396 orbita,
1075 4329 1388 4385 concurrit.
1435 4331 1616 4387 Nemo
1639 4332 1697 4386 in
1756 4331 1866 4388 hac
1895 4332 2015 4388 vita

363 4419 578 4499 gaudia
606 4418 782 4475 habet
810 4417 1084 4477 coelestia.
1114 4418 1227 4475 Sed
1270 4418 1341 4475 ab
1391 4418 1555 4474 initio
1591 4421 1791 4475 mundi
1826 4438 2013 4493 usque

362 4509 511 4566 ³17
575 4506 691 4563 huc
748 4505 918 4562 multi
975 4505 1350 4562 deviaveiunt
1419 4522 1523 4577 per
1591 4506 2088 4592 ignorantiam,D

361 4596 499 4670 quia
523 4596 675 4652 inter
702 4594 888 4651 multa
921 4593 1263 4649 turbulenta
1292 4597 1350 4648 et
1380 4592 1609 4649 fallacia
1629 4594 1812 4651 Deum
1841 4613 2012 4654 nosse

359 4691 417 4742 et
445 4698 642 4741 amare
667 4682 905 4740 difficile
944 4686 1051 4738 est.
1106 4682 1347 4753 Propter
1383 4680 1492 4738 hoc
1544 4681 1827 4739 faciamus
1858 4685 2011 4741 sicut

358 4774 643 4848 propheta
670 4771 847 4828 dicit:
880 4772 1126 4841 Quaerite
1155 4770 1443 4826 Dominum
1485 4770 1617 4825 dum
1645 4771 1887 4828 inveniri
1908 4790 2006 4845 po-

358 4866 475 4932 test,
509 4864 752 4920 invocate
780 4876 904 4917 cum
930 4858 1062 4915 dum
1088 4874 1253 4930 prope
1286 4867 1385 4913 est.
1426 4859 1776 4932 Derelinquat
1807 4864 2009 4934 impius

359 4955 508 5010 viam
534 4969 712 5020 suam,
743 4958 794 5007 et
817 4950 903 5004 vir
932 4949 1157 5019 iniquus
1185 4948 1537 5015 cogitationes
1568 4964 1716 5017 suas,
1747 4959 1798 5006 et
1830 4968 2006 5008 rever-

359 5050 509 5097 auur
559 5040 629 5096 ad
675 5039 984 5104 Dominum,
1035 5044 1085 5091 et
1133 5035 1482 5090 miserebitur
1536 5037 1655 5107 ejus
1713 5038 1842 5109 (13a.
1894 5041 2002 5113 LV).

356 5128 609 5197 Quaerite
637 5127 819 5200 igitur
845 5125 1063 5180 bonum
1096 5123 1221 5179 sine
1252 5123 1385 5190 fine,
1419 5127 1477 5179 et
1505 5125 1801 5196 persistite
1831 5129 1887 5184 in
1924 5146 2007 5186 re-

359 5215 688 5289 perto;quia
706 5229 902 5269 veram
924 5211 1100 5267 etiam
1122 5211 1614 5269 beatitudinemin
1638 5232 1871 5272 summo
1889 5219 2004 5274 Deo

360 5305 534 5363 sitam
564 5318 692 5361 esse
721 5314 957 5356 necesse
977 5304 1086 5369 est,
1119 5300 1273 5373 quod
1306 5300 1623 5359 contradici
1654 5304 1815 5361 nullo
1833 5308 2004 5363 modo

361 5397 568 5467 potest.
602 5392 800 5461 Neque
830 5385 985 5443 enim
1018 5388 1105 5443 fas
1137 5393 1227 5445 est
1259 5389 1477 5447 homini
1508 5398 1751 5451 cunctas
1798 5395 2003 5450 divinae

357 5477 714 5553 operationis
745 5474 1046 5535 machinas
1083 5479 1173 5535 vel
1226 5478 1459 5553 ingenio
1512 5483 2004 5554 comprehendere

358 5568 444 5624 vel
474 5566 760 5638 explicare
773 5567 1513 5642 sermone.Veniettempus
1536 5574 1771 5643 quando
1792 5589 1859 5628 ea
1875 5589 2002 5645 quae

2123 3266 2223 3331 dit,
2256 3281 2383 3338 quae
2409 3268 2752 3338 prmparavit
2793 3269 2935 3323 Deus
2979 3267 3339 3337 diligentibus
3375 3285 3434 3325 se
3459 3270 3512 3338 (1
3540 3272 3664 3327 Cor.
3698 3272 3775 3339 ιι).

2123 3353 2262 3408 Erat
2292 3353 2508 3425 quippe
2540 3352 2628 3408 vir
2651 3353 2762 3409 iste
2794 3357 3036 3411 sanctus
3064 3355 3589 3429 Wigbertus,sicut
3619 3374 3780 3414 sacra

2125 3441 2283 3497 fama
2313 3445 2534 3507 narrat,
2568 3440 2729 3496 omni
2761 3442 3046 3514 dignitate
3105 3443 3443 3515 praeclarus,
3475 3446 3652 3502 corde
3680 3464 3779 3519 pro

2125 3529 2225 3586 Dei
2260 3546 2456 3586 amore
2483 3529 2671 3597 laetus,
2714 3531 2979 3588 moribus
3023 3548 3256 3605 semper
3310 3535 3694 3606 compositus,
3723 3536 3775 3590 in

2125 3619 2284 3674 omni
2311 3634 2484 3691 opere
2517 3618 2611 3674 Dei
2647 3623 2942 3675 strenuus.
2976 3619 3118 3692 Ejus
3145 3637 3278 3677 vero
3310 3627 3534 3678 secreta
3553 3639 3776 3679 conver-

2124 3708 2271 3764 satio
2302 3706 2362 3762 in
2388 3706 2605 3781 vigiliis
2635 3711 2693 3764 et
2714 3706 3191 3775 orationibus,vel
3223 3709 3403 3766 etiam
3424 3709 3483 3765 in
3509 3712 3772 3784 jejuniis,

2124 3794 2185 3851 in
2217 3795 2519 3852 sanctitate
2549 3794 2702 3862 vitae,
2738 3799 2797 3851 et
2828 3795 3133 3869 signorum
3166 3798 3504 3855 ostensione
3534 3799 3775 3872 intelligi

2122 3884 2676 3941 datur.Charitatem
2713 3884 3007 3958 siquidem
3031 3885 3309 3943 assiduus
3330 3886 3499 3944 labor
3526 3890 3776 3946 ostendit

2123 3990 2297 4046 quem
2332 3972 2589 4046 quotidie
2608 3990 2713 4046 pro
2738 3973 2950 4029 Christi
2970 3975 3207 4031 nomine
3229 3977 3776 4051 sustinuit.Semper

2121 4062 2277 4118 enim
2309 4078 2513 4117 omnes
2526 4062 2651 4117 dies
2679 4062 2810 4116 vitae
2824 4079 2944 4117 sua:
2975 4061 3034 4117 in
3059 4061 3253 4119 divino
3275 4064 3589 4137 proficiens
3608 4083 3773 4140 Opere

2122 4151 2233 4206 fuit
2264 4150 2649 4222 omnipotenti
2681 4150 2956 4206 amabilis
2982 4168 3086 4222 pro
3115 4151 3345 4209 eximiis
3394 4154 3697 4227 operibus,
3724 4161 3775 4211 et

2121 4240 2280 4296 omni
2300 4239 2513 4311 populo
2534 4238 2951 4312 placabilis.Ab
2972 4239 3219 4296 infantia
3241 4241 3397 4297 enim
3418 4248 3632 4300 cuncta
3654 4261 3772 4318 qua:

2121 4327 2335 4384 habere
2366 4328 2557 4401 potuit
2586 4328 2656 4382 ad
2692 4328 2927 4400 pietatis
2975 4345 3126 4400 opus
3184 4329 3477 4403 largifluis
3507 4333 3772 4390 manibus

2121 4415 2345 4484 tribuit,
2378 4422 2446 4472 ut
2486 4416 2805 4483 Christum,
2858 4434 2961 4488 pro
3012 4417 3184 4474 nobis
3223 4418 3446 4475 factum
3508 4438 3768 4495 egenum,

2122 4505 2444 4580 egensipse
2493 4509 2855 4576 sequeretur.
2901 4503 3045 4571 Quis
3083 4506 3239 4562 enim
3292 4511 3413 4562 tam
3476 4508 3689 4581 loquax
3717 4510 3768 4564 in

2120 4594 2322 4668 lingua
2350 4597 2415 4649 ut
2445 4592 2786 4666 singillatim
2820 4594 3019 4649 omnia
3048 4595 3465 4663 mirabilia,vel
3501 4599 3768 4655 beneﬁcia

2118 4701 2245 4756 quae
2278 4699 2379 4756 per
2403 4681 2573 4737 illum
2606 4682 2760 4738 Deus
2791 4687 3065 4754 operatur
3094 4684 3352 4740 assiduis
3380 4685 3768 4758 explieareva-

2115 4771 2233 4829 leat
2261 4773 2414 4830 819
2438 4770 2631 4827 verbis
2653 4771 2682 4826 ‘?
2713 4771 2839 4827 Non
2870 4772 3026 4828 enim
3058 4772 3128 4828 de
3178 4774 3439 4831 crastino
3486 4775 3758 4849 cogitans,

2117 4863 2218 4920 sed
2250 4879 2481 4934 semper
2510 4862 2836 4917 secundum
2852 4860 3231 4935 Evangelium
3254 4863 3325 4919 de
3358 4864 3759 4922 Deiconfidens

2116 4951 2446 5015 clementia,
2480 4967 2685 5006 omnes
2715 4950 2785 5005 ad
2819 4967 2881 5006 se
2909 4950 3206 5007 venientes
3242 4953 3480 5008 aeternis
3501 4955 3758 5026 pascebat

2114 5039 2617 5098 ferculis.Nullum
2639 5039 2863 5096 scilicet
2892 5038 2950 5094 in
2968 5056 3079 5096 sua
3094 5040 3458 5113 despiciebat
3473 5043 3751 5115 angustia;

2114 5130 2216 5186 sed
2247 5145 2480 5202 semper
2508 5127 2702 5183 divino
2723 5132 2963 5185 incestos
2995 5128 3289 5185 reficiebat
3329 5128 3751 5199 solamine,fra-

2111 5223 2277 5274 terno
2308 5215 2585 5274 suffultus
2615 5232 2849 5285 amore;
2901 5217 3246 5290 cunctisque
3294 5222 3535 5292 propter
3582 5219 3745 5275 Deum

2110 5308 2386 5380 prodesse
2417 5305 2740 5378 satagebat.
2774 5304 2969 5362 Mente
3018 5305 3288 5363 videlicet
3337 5311 3397 5363 et
3424 5324 3659 5381 corpore
3680 5306 3741 5362 ad

2111 5395 2390 5451 sublimia
2417 5394 2889 5465 erectus,hospes
2910 5394 3150 5467 etinops
3172 5396 3395 5451 mundo
3415 5396 3739 5462 fuit.Quam-

2109 5483 2196 5540 vis
2226 5500 2480 5555 namque
2508 5483 2757 5538 terrenis
2788 5482 3046 5539 nutritus
3076 5488 3234 5539 esset
3263 5484 3493 5552 usibus,
3508 5485 3642 5540 totis
3668 5488 3737 5538 ta-

2112 5588 2245 5628 men
2279 5588 2510 5644 semper
2535 5571 2760 5629 viribus
2780 5570 3040 5629 cmlestia
3059 5571 3736 5642 tractabat.Quamobrem

3867 638 3869 725 l
