3898 6194
386 311 504 379 ’103

1413 315 1749 380 RODULFI
1791 314 2337 380 BITURICENSIS
2382 313 2759 379 EPISCOPI.

3658 316 3757 383 ’ῖοι

386 464 618 507 censem
661 447 954 506 abbatiam
997 464 1132 505 cum
1180 447 1681 523 archiepiscopatu
1731 448 2031 524 possedis-
2064 453 2119 520 Α
2149 446 2548 524 irregulariter
2573 447 3031 524 teneb_a_t,ratum
3061 446 3540 524 et‘inconvulsum
3561 466 3759 513 servare

388 525 496 577 set.

459 593 618 647 Hanc
664 590 776 663 ipsi
827 591 1071 647 Carolus
1127 591 1335 647 Calvus
1394 596 1778 658 concesserat,
1808 592 2034 648 vivente

386 664 563 719 etiam
611 664 903 718 Bernardo
950 663 1193 729 abbate;
1228 663 1545 719 Rodult‘um
1594 664 1701 718 hoc
1752 664 2033 719 beneﬁcio

387 733 669 789 demereri
691 751 1077 807 sperans.quo
1103 733 1160 788 in
1183 735 1606 807 Aquitanorum
1632 736 1891 807 motibus
1913 740 2031 789 ute-

386 810 579 871 retur;
612 805 827 877 quippe
881 806 953 860 ob
982 805 1265 877 igeneris'
1300 806 1683 872 nobilitatem,
1718 806 2033 861 afﬁnitates

387 892 520 949 cum
552 876 873 949 Aquitania;
906 876 1242 948 proCeribus
1274 893 1419 949 pene
1450 877 1915 949 omnibus,scdis
1947 878 2032 931 di-

384 947 689 1020 gnitatem,
720 947 973 1020 maxime
1003 964 1135 1002 vero
1169 947 1400 1020 propter
1430 948 1759 1004 sanctitatis
1790 949 2029 1015 famam,

386 1018 1017 1091 archiepiscopidhujus
1049 1018 1305 1090 potestas
1349 1025 1472 1074 erat
1521 1020 1794 1091 maxima.
1830 1021 1939 1074 Sed
1972 1020 2031 1074 in

385 1089 632 1146 concilio
663 1108 682 1145 1
713 1089 972 1145 Tullensi
1006 1091 1201 1145 Patres
1234 1091 1289 1144 id
1322 1091 1566 1146 moleste
1593 1089 1855 1145 tulerunt
1885 1095 1942 1144 et
1972 1091 2031 1145 in

387 1161 643 1234 capitulo
674 1161 730 1234 il
771 1160 1022 1234 legitur:
1052 1185 1079 1210 «
1116 1161 1431 1216 Postulavit
1461 1162 1762 1216 humiliter
1792 1178 2031 1234 genera-

386 1232 459 1287 lis
510 1233 769 1305 synodus
819 1249 881 1286 se
929 1233 999 1287 ad
1027 1237 1242 1305 terram
1276 1249 1463 1305 usque
1496 1232 1868 1305 prosternens
1897 1238 2032 1289 ante

386 1303 664 1358 Karolum
699 1319 892 1374 regem
923 1309 979 1358 et
1012 1304 1325 1359 Rodulfum
1358 1303 1684 1375 Biturigum
1712 1304 2031 1374 archiepis-

387 1390 599 1445 copum
633 1375 946 1430 obsecrans
977 1379 1034 1427 et
1058 1375 1339 1444 adiurans
1363 1391 1462 1446 per
1482 1391 1711 1430 crucem
1737 1379 1792 1429 et
1817 1375 2029 1430 Christi

388 1446 831 1518 sanguinenimt
864 1446 1229 1518 privilegium
1262 1446 1599 1501 monasterii
1631 1447 1688 1501 S.
1714 1446 2029 1514 Benedicti,

388 1516 543 1590 quod
559 1516 875 1590 annuente
902 1516 1138 1589 praefato
1170 1534 1303 1590 rege
1335 1518 1724 1590 ﬁrmaverant,
1757 1518 2032 1590 quodque

387 1588 543 1644 idem
557 1588 842 1644 Rodulfus
860 1588 1287 1661 subscripserat
1304 1588 1401 1661 qui
1419 1590 1717 1661 praefatam
1737 1588 2030 1644 abbatiam

2148 519 2471 576 studerent.
2507 542 2534 569 »
2573 519 2888 575 Rodulfum
2937 521 3181 577 abbatis:
3230 521 3477 579 cessisse
3522 528 3759 584 autumat

2145 590 2539 655 Mabillonius,
2574 590 2711 663 quia
2743 592 3055 664 Bernartius
3084 593 3294 649 abbatis
3316 595 3557 664 ofﬁcium
3584 596 3648 649 ad
3668 599 3757 652 ali-

2144 669 2274 735 quot
2302 679 2474 718 annos
2504 679 2691 731 gerere
2724 679 2834 718 non
2883 663 3127 732 destitit;
3158 665 3260 719 sed
3309 663 3505 720 forsan
3555 665 3758 733 vicaria,

2145 752 2259 789 non
2287 751 2564 806 suprema
2597 738 2901 805 potestate.
2938 735 3093 790 Inter
3121 740 3359 791 caeteras
3396 736 3575 791 animi
3621 738 3759 794 dotes

2143 804 2394 882 eminuit
2437 805 2497 860 in
2546 804 2657 882 hoc
2716 806 3257 882 pressuleusumma
3312 808 3636 879 prudentia,
3668 827 3762 882 qua
3832 844 3833 882 1

2144 877 2473 953 principum
2521 877 2595 932 ab
2645 874 2890 953 invicem
2948 874 3583 953 dissidentiufnetpro
3613 874 3760 953 regno
3832 874 3833 943 ἦ

2144 896 2473 949 principum
2521 896 2595 932 an
2645 896 2890 932 invmem
2948 896 3361 932 nissmenuum
3397 896 3583 1004 etlpro
3614 896 3758 953 regno

2144 949 2543 1003 decertantum
2606 948 2855 1018 gratiam
2915 948 3026 1003 sibi
3085 948 3435 1004 conciliavit.
3520 966 3549 1003 e
3601 951 3758 1008 Caroli

2143 1018 2297 1074 Calvi
2331 1035 2468 1090 erga
2498 1034 2630 1091 eum
2664 1018 3065 1091 benevolentia
3085 1021 3212 1091 jam
3246 1020 3626 1086 diximus,ubi
3658 1040 3763 1078 nar-

2143 1089 2418 1145 ravimus’
2433 1090 2505 1144 ab
2538 1089 2646 1143 hoc
2678 1090 2940 1161 principe
2970 1089 3145 1145 etiam
3177 1096 3382 1146 contra
3412 1091 3566 1161 leges
3602 1094 3761 1151 eccle-

2143 1162 2410 1216 siasticas
2440 1161 2636 1215 datam
2661 1161 2769 1232 ipsi
2795 1161 2974 1216 fuisse
2998 1161 3422 1218 Floriacensem
3452 1161 3759 1220 Ecclesium.

2142 1233 2351 1317 Eidem.
2374 1248 2607 1317 quoque
2639 1232 2985 1317 muniﬁcum
3019 1233 3377 1317 seprpbav‘it
3416 1233 3649 1317 Pipinus

2140 1304 2290 1376 nior,
2322 1302 2660 1376 Aquitania
2682 1320 2796 1372 rex,
2832 1302 3265 1376 ﬁliusalterius
3308 1302 3517 1376 Pipini,
3550 1308 3761 1376 Aquita-

2141 1375 2259 1456 niae
2282 1373 2513 1456 quoque
2545 1373 2730 1456 regis“;
2752 1373 3763 1456 concessitquenonnullas_villas,dc

2141 1444 2356 1571 quibus
2377 1444 2505 1527 agit
2535 1444 2814 1517 principis
2846 1445 3026 1528 hujus
3057 1444 3340 1520 diploma,
3370 1448 3529 1530 quod
3579 1448 3764 1532 legitur

2181 1522 2342 1571 atum
2376 1517 2577 1571 indict.
2610 1532 2668 1571 x1
2699 1534 2852 1571 anno
2883 1518 3110 1571 deeimo
3147 1524 3426 1571 reanante
3474 1520 3663 1571 Pimno
3691 1539 3761 1571 m-

2174 1522 2342 1642 lattum
2376 1516 2577 1571 indict.
2610 1532 2668 1573 xx
2699 1516 2852 1573 anno
2883 1517 3110 1573 decimo
3124 1516 3426 1592 'regnant'e
3474 1516 3663 1592 Pipino
3691 1523 3761 1578 iu-

2197 1606 2231 1642 v
2260 1606 2291 1641 o
2318 1604 2468 1642 rege.

2140 1595 2291 1661 clyto
2318 1604 2468 1661 rege.

1283 1905 2009 2042 BODULFI
2105 1868 2955 2043 CAPITULA‘

1419 2159 1603 2232 (Apud
1635 2159 1855 2229 Baluz.,
1888 2160 2261 2217 Miscellanea
2290 2177 2476 2231 sacra,
2509 2165 2652 2218 tom.
2685 2161 2777 2234 II.)

867 2470 1129 2528 INCIPIT
1167 2471 1562 2529 PROLOGUS.

463 2564 817 2622 Ronuwnus
848 2560 1015 2618 exilis
1046 2577 1345 2618 servorum
1376 2561 1476 2619 Dei
1509 2578 1728 2630 servus,
1764 2561 2040 2617 fratribus

392 2659 449 2711 et
501 2651 1018 2710 consacerdotibus
1077 2649 1458 2707 Bituricensis
1514 2649 1779 2706 Ecclesiae
1829 2655 2040 2707 nostras

392 2743 664 2801 salutem.

462 2833 589 2890 Non
604 2831 785 2888 latere
806 2829 1102 2886 credimus
1123 2828 1503 2885 beatitudinis
1519 2833 1720 2885 vestrae
1742 2827 2041 2884 solertiam

393 2927 615 2998 quanta
663 2920 1071 2978 ecclesiasticas
1130 2918 1299 2975 nobis
1356 2918 1699 2991 disciplinae,
1733 2918 2041 2990 quantisve

393 3011 753 3087 quotidianis
784 3008 1281 3066 sollicitudinibus
1313 3008 1686 3063 subditorum
1716 3007 1957 3079 insuper
1987 3009 2044 3062 et

393 3099 807 3175 temporalium
839 3095 1318 3171 oppressionibus
1350 3094 1797 3169 rerum,quibus
1825 3094 2040 3150 indesi-

394 3194 598 3248 nenter
628 3189 888 3260 undique
918 3184 1736 3259 coangustamur,sollicitudo
1758 3184 2043 3240 constrin-

395 3284 512 3354 gat.
548 3278 788 3345 Idcirco,
822 3280 887 3333 ut
931 3273 1232 3331 vobiscum
1282 3274 1522 3340 contuli,
1556 3291 1625 3329 ex
1665 3274 2043 3345 antiquorum

395 3367 1093 3442 soriptis,Scripturarum
1126 3378 1360 3434 quoque
1381 3379 1447 3418 ac
1468 3379 1760 3418 canonum
1781 3361 1929 3417 orsis
1951 3378 2045 3415 ex-

396 3473 630 3530 cerpere
660 3454 884 3511 dudum
917 3450 1268 3526 opusculum
1298 3451 1426 3506 vitae.
1458 3450 1834 3507 sacerdotalis
1860 3449 2044 3523 pumi-

397 3546 709 3617 tentiaaque
740 3559 807 3599 ac
838 3540 1253 3598 satisfactionis
1274 3539 1517 3596 minime
1542 3540 1697 3612 quivi
1725 3557 1738 3594 :
1764 3539 2044 3612 quoniam

399 3633 633 3693 animus
663 3630 916 3703 partitus
944 3645 1048 3703 per
1077 3629 1303 3685 diversa
1331 3629 1409 3685 sit
1437 3630 1659 3685 tardior
1686 3630 1758 3685 ad
1790 3629 2041 3704 singula.

398 3724 524 3780 Non
556 3720 713 3777 enim
745 3718 976 3775 renisus
1006 3734 1140 3775 sum
1188 3717 1451 3790 petitioni
1499 3722 1700 3774 vestrae
1749 3718 1906 3774 velut
1944 3718 2046 3774 otii

399 3810 571 3868 tazdio
601 3810 807 3877 durus,
838 3808 937 3864 sed
966 3805 1320 3880 supradicta:
1352 3806 1849 3880 impossibilitatis
1871 3824 2045 3863 nervo

396 3899 787 3958 vinctus.Jam
816 3913 950 3953 vero
980 3900 1279 3952 tantorum
1312 3895 1515 3953 nolens
1547 3896 1817 3953 resistere
1849 3897 2047 3969 queri-

401 3987 615 4046 moniis
630 3988 875 4061 dignum
893 4003 960 4042 ac
982 3985 1121 4043 utile
1144 3985 1264 4041 fore
1285 4003 1493 4043 censeo
1519 3985 1825 4059 condignis
1848 4001 2051 4058 parere

400 4076 704 4136 desideriis
733 4075 1246 4148 laudabilibusque
1274 4074 1606 4131 satisfacere
1644 4075 2047 4148 petitionibus.

401 4169 762 4241 Quapropter
792 4170 886 4220 ‘me
913 4164 1133 4238 ipsum,
1166 4164 1394 4233 fratres,
1429 4165 1721 4238 abnegare
1762 4163 1913 4232 nolo,
1947 4163 2050 4219 sed

404 4254 631 4315 ardenti
663 4253 880 4320 animo,
900 4253 1026 4310 sine
1056 4253 1254 4326 aliquo
1285 4253 1676 4310 excusationis
1705 4252 1900 4322 verbo,
1935 4252 2049 4308 hu-

395 4344 498 4416 jus
541 4341 817 4415 ponderis
863 4342 1155 4399 sarcinam
1188 4359 1223 4398 a
1253 4343 1416 4399 vobis
1466 4341 1710 4408 illatam,
1740 4358 1774 4397 a
1804 4340 2051 4397 Domino

405 4448 635 4507 quoque
666 4431 1107 4500 sublevandam,
1140 4432 1393 4503 arripere
1424 4447 1538 4486 non
1570 4446 1795 4499 recuso,
1821 4431 2053 4500 jactans

405 4520 463 4577 in
483 4520 712 4577 Christo
733 4536 931 4576 meum
953 4520 1477 4594 cogitatum,cujus
1498 4517 1734 4574 hortatu
1758 4517 1896 4573 huic
1918 4535 2052 4591 ope-

407 4610 455 4666 ri
488 4609 741 4665 tribuam
774 4608 1223 4666 incrementum.
1260 4608 1388 4680 Ipse
1420 4606 1576 4663 enim
1621 4605 1814 4677 inquit
1847 4623 1860 4661 :
1895 4608 2057 4678 Aperi

407 4714 470 4754 os
494 4705 667 4764 tuum,
695 4704 747 4752 et
786 4712 882 4765 ego
930 4695 1236 4767 adimplebo
1284 4693 1445 4750 illud.
1476 4693 1659 4749 Valde
1704 4693 1918 4749 etenim
1964 4711 2056 4751 me

408 4784 680 4842 sollicitat
714 4784 995 4856 quoniam
1028 4783 1109 4839 ita
1134 4782 1195 4837 in
1222 4782 1591 4837 sacerdotum
1622 4785 1957 4838 nostrorum
1986 4782 2058 4838 li-

408 4873 575 4930 bellis
604 4872 790 4945 reperi
821 4888 967 4945 quos
996 4870 1169 4943 vulgo
1197 4869 1623 4942 pcnnitentiales
1653 4872 2055 4944 vocant((.‘onc.

411 4962 659 5019 Cabilon.
693 4978 754 5029 η,
781 4960 1027 5033 cap.38),
1062 4974 1314 5032 quorum
1343 4975 1567 5015 errores
1597 4959 1759 5026 certi,
1791 4964 2060 5018 auctores

412 5055 552 5107 sunt
580 5048 805 5116 incerti,
821 5048 1065 5104 confusa
1086 5046 1313 5119 judicia
1339 5047 1746 5119 penitentiam
1778 5053 1952 5119 atque
1979 5048 2061 5106 ita

412 5139 641 5196 diversa
670 5141 729 5193 et
756 5136 978 5192 nullius
1025 5134 1368 5191 auctoritate
1418 5135 1677 5209 suffulta,
1712 5141 1776 5192 ut
1802 5137 1897 5193 vix
1935 5137 2059 5193 ani-

2065 2478 2114 2543 B
2145 2474 2343 2530 tentiis
2360 2474 2635 2548 exiguum
2653 2492 2800 2547 opus
2822 2475 2883 2531 in
2910 2492 3026 2532 uno
3048 2475 3350 2533 volumine
3372 2492 3675 2551 aggregare
3690 2494 3763 2533 cu-

2150 2563 2289 2618 ravi.
2323 2565 2393 2619 Et
2421 2567 2487 2620 ut
2514 2563 2834 2621 fastidiosis
2862 2569 2920 2620 et
2949 2564 3149 2620 minus
3187 2564 3443 2621 eruditis
3490 2565 3761 2621 lectoribus

2150 2652 2389 2707 taedium
2432 2652 2675 2709 minime
2724 2652 3017 2719 inferrem,
3049 2653 3228 2725 hujus
3279 2654 3498 2710 modici
3538 2653 3761 2728 opusculi

2151 2758 2446 2797 summam
2477 2742 2870 2815 quadraginta
2891 2741 3149 2814 quinque
3171 2742 3449 2815 capitulis
3469 2743 3761 2817 perstrinxi.

2152 2830 2211 2887 Si
2242 2835 2439 2886 autem
2472 2831 2608 2903 quis
2639 2830 3016 2904 paschalibus
3047 2831 3538 2905 multimodisque
3557 2832 3764 2889 refertus

2150 2919 2402 2992 dapibus
2433 2919 2592 2975 hunc
2622 2919 2805 2976 nostri
2839 2919 3056 2975 laboris
3085 2920 3366 2993 spreverit
3398 2922 3670 2989 actum,in
3695 2920 3764 2977 his

2151 3009 2390 3064 obsecro
2421 3004 2965 3065 charitate’servata
2998 3008 3207 3082 opibus
3245 3013 3477 3066 utescat
3505 3009 3764 3083 cecmpiis,

2151 3097 2368 3154 nostris
2415 3096 2693 3153 omittens
2742 3097 3029 3154 contraire
3086 3097 3421 3170 purissima:
3483 3097 3765 3155 devotionis

2152 3187 2278 3243 sine
2308 3185 2505 3259 aliquo
2536 3186 2879 3260 arrogantiae
2911 3186 3061 3243 fastu
3095 3186 3427 3244 conatibus.
3465 3188 3765 3260 Legentium

2152 3275 2368 3348 quippe
2388 3275 2527 3331 totis
2555 3274 3009 3347 praecordiorum
3056 3275 3286 3331 nisibus
3332 3275 3649 3348 elﬂagitare
3674 3291 3765 3331 non

2151 3381 2316 3421 cesso
2346 3364 2699 3421 industriam
2729 3368 3019 3437 quatenus
3049 3363 3375 3421 dilectionis
3417 3381 3651 3422 munere
3694 3380 3766 3420 re-

2153 3454 2484 3525 creati,quze
2512 3453 2571 3508 in
2598 3452 2690 3509 his
2723 3452 3085 3509 membranis
3107 3453 3427 3527 conspicuo
3449 3451 3769 3526 corrigibilia

2153 3546 2211 3598 et
2239 3542 2438 3599 minus
2469 3545 2606 3613 apta
2636 3541 3037 3615 perspexerint
3067 3540 3504 3614 ocello,absque
3531 3541 3771 3598 dilacera-

2152 3630 2331 3687 tionis
2359 3629 2683 3695 obstaculo,
2718 3647 2833 3686 non
2883 3634 2949 3685 ut
2995 3630 3413 3687 obtrectatores
3462 3630 3665 3697 insani,
3690 3629 3769 3684 sed

2155 3722 2434 3791 tanquam
2476 3717 2910 3792 amplectitores
2956 3718 3238 3787 benevoli,
3272 3721 3584 3776 emendare
3627 3723 3772 3790 atque

2156 3808 2443 3882 corrigere
2474 3807 2813 3864 charitative
2858 3808 3120 3865 studiose
3167 3810 3472 3877 studeant,
3503 3813 3568 3865 ut
3592 3813 3645 3864 et
3669 3823 3772 3881 per.

2158 3898 2325 3953 fectie
2355 3896 2682 3953 dilectionis
2712 3901 2977 3954 servetur
3007 3897 3067 3953 in
3098 3902 3315 3963 mente,
3347 3902 3405 3955 et
3434 3898 3666 3955 effectus
3690 3912 3772 3967 οι)⁴

2157 3984 2287 4041 timi
2319 3984 2497 4040 studii
2535 3988 2869 4040 exerceatur
2912 3984 2973 4039 in
3022 4001 3214 4056 opere.
3248 3984 3411 4041 Unde
3464 4002 3634 4058 posco
3674 4000 3770 4046 vos,

2159 4090 2192 4131 ο
2223 4073 2429 4130 fratres
2461 4072 2851 4141 dilectissimi,
2879 4073 3104 4131 fundite
3134 4090 3237 4147 pro
3271 4072 3417 4130 meis
3454 4070 3771 4146 peccamini-

2157 4162 2269 4218 bus
2299 4160 2667 4235 supplicibus
2712 4162 2858 4218 votis
2908 4162 2982 4218 ad
3031 4163 3346 4221 Dominum
3389 4180 3610 4237 preces,
3641 4159 3768 4234 quod

2160 4250 2417 4307 clemens
2442 4254 2618 4322 atque
2650 4248 2903 4306 multum
2934 4250 3270 4307 misericors
3297 4249 3535 4308 vincula
3560 4250 3772 4324 pravita-

2159 4339 2236 4397 tis
2266 4355 2408 4394 meaz
2438 4337 2720 4406 absolvat,
2750 4345 2808 4394 et
2834 4340 3048 4413 gaudia
3074 4345 3289 4396 aeterna
3319 4340 3617 4396 concedat.
3648 4337 3771 4393 Deus

2162 4428 2533 4501 omnipotens
2560 4433 2812 4484 aeternus
2843 4433 3045 4501 pastor
3075 4446 3176 4485 vos
3198 4429 3415 4503 ubique
3464 4430 3709 4502 protegat
3730 4428 3771 4480 et

2164 4518 2236 4574 ab
2269 4517 2543 4574 omnibus
2572 4517 3113 4591 perturbationibus
3142 4517 3365 4575 liberet.

2696 4677 2925 4735 CAPUT
2966 4677 3274 4735 PRIMUM.

2168 4770 2239 4826 De
2268 4767 2373 4840 ﬁde
2401 4775 2610 4825 sancte
2631 4768 3179 4840 Trinitatis,quaiiter
3199 4766 3429 4840 tenenda
3448 4768 3526 4822 sit
3542 4783 3576 4821 α
3593 4762 3774 4837 ρνεςςὸςο

2683 4840 2815 4894 teris
2839 4847 2891 4896 et
2916 4838 3296 4910 praedicanda.

2238 4965 2382 5039 (Lib.
2416 4981 2435 5019 ι
2465 4963 2799 5037 Οαρίιαιαν.,
2830 4979 2958 5036 cap.
2988 4964 3104 5035 76.)
3143 4962 3335 5022 Primo
3382 4961 3640 5020 omnium
3677 4973 3769 5013 cm-

2167 5055 2428 5112 dendum
2442 5057 2532 5109 est
2541 5057 2717 5124 atque
2728 5052 3005 5109 omnibus
3022 5051 3371 5126 generaliter
3378 5048 3768 5126 praedicandum

2169 5144 2398 5200 Patrem
2430 5145 2487 5198 et
2509 5141 2724 5197 Filium
2746 5145 2803 5197 et
2823 5141 3111 5214 Spiritum
3132 5145 3402 5198 sanctum
3424 5155 3604 5197 unum
3623 5137 3767 5193 Deum

414 5243 550 5287 mus
578 5224 885 5299 prudentis
916 5240 1094 5296 prope
1125 5222 1489 5280 dissonantia
1517 5226 1664 5282 tanti
1705 5225 2062 5283 discriminis
2091 5224 2139 5290 D
2170 5248 2300 5290 esse
2330 5229 3505 5303 omnipotentem,aaternumjnvisibilem,
3524 5226 3617 5300 qui
3646 5238 3767 5280 crea-

415 5314 602 5389 possit
630 5312 922 5370 sustinere
943 5312 1260 5383 jacturam.
1294 5313 1411 5370 Hos
1456 5331 1589 5371 vero
1637 5314 1975 5383 obliterans,
2007 5320 2065 5373 et

415 5403 681 5462 studium
709 5417 906 5457 meum
927 5400 1101 5457 certis
1126 5406 1301 5474 atque
1322 5403 1625 5461 catholicis
1646 5405 1952 5478 scripturis
1975 5422 2065 5461 ac-

417 5488 965 5561 commodans,quid
995 5506 1165 5563 agere
1194 5493 1548 5561 sacerdotes,
1580 5493 1896 5565 qualiterve
1926 5511 2064 5549 con-

416 5579 636 5637 versari
668 5576 754 5632 vel
781 5579 1072 5650 quomodo
1102 5579 1315 5636 Christi
1346 5599 1580 5655 gregem
1602 5582 1779 5638 veluti
1804 5588 2063 5655 pastores

419 5667 653 5741 ingenio
674 5671 970 5742 compotes
992 5673 1048 5726 et
1064 5687 1333 5729 sermone
1355 5675 1588 5729 tantum
1612 5670 1943 5727 medicinali
1967 5689 2065 5728 an-

420 5757 605 5814 tidoto
628 5755 939 5833 levigatam
961 5760 1032 5817 ad
1053 5765 1346 5834 perpetuae
1367 5760 1567 5817 caulas
1592 5776 1820 5831 pascua:
1843 5776 2066 5817 revoca-

421 5861 485 5905 re
514 5852 870 5919 oporteat,ex
890 5854 1227 5908 sanctorum
1251 5849 1488 5907 Patrum
1510 5864 1920 5919 canonumque
1940 5865 2067 5905 sen-

2170 5322 2253 5377 vit
2282 5320 2493 5377 caelum
2524 5324 2582 5375 et
2627 5322 2865 5387 terram,
2894 5334 3056 5375 mare
3101 5323 3160 5376 et
3205 5318 3405 5375 omnia
3449 5332 3574 5389 que
3615 5313 3667 5368 in
3704 5308 3767 5365 eis

2173 5412 2398 5476 suut,et
2425 5425 2606 5464 unam
2637 5423 2767 5463 esse
2795 5407 3069 5463 deitatem
3102 5410 3159 5462 et
3188 5406 3576 5463 substantiam
3603 5407 3653 5457 et
3679 5412 3766 5453 ma-

2164 5499 2441 5570 jestatem
2471 5498 2532 5552 in
2553 5497 2743 5552 tribus
2766 5495 3033 5569 personis
3054 5495 3243 5553 Patris
3265 5499 3323 5551 et
3345 5494 3470 5551 Filii
3491 5498 3548 5549 et
3565 5487 3764 5564 Spiritus

2174 5586 2653 5657 sancti.Itemque
2676 5585 2956 5657 quoniam
2972 5583 3153 5640 Filius
3164 5583 3265 5641 Dei
3289 5585 3620 5640 incarnatus
3631 5571 3765 5634 estde

2172 5672 2393 5747 Spiritu
2422 5676 2621 5732 sancto
2652 5676 2711 5729 et
2731 5671 3163 5746 MariaVirgine
3179 5688 3285 5745 pro
3306 5670 3493 5733 salute
3502 5672 3560 5727 et
3581 5676 3763 5738 ταμεν

2172 5763 2330 5819 tione
2352 5759 2597 5819 humani
2620 5760 3057 5836 generis,homo
3078 5752 3762 5835 factus,passus,sepnlw8.

2173 5851 2347 5909 tertia
2374 5852 2473 5908 die
2501 5849 2901 5919 resurrexit,»
2928 5849 3194 5909 ascendit
3224 5851 3295 5909 ad
3328 5842 3761 5915 commodem“

3827 95 3832 375 l

3831 471 3834 635 l

3833 1026 3836 1217 Ι
