3898 6194
119 422 237 482 ’105

1632 418 2038 484 CAPITULA.

3421 417 3539 479 706

127 556 200 612 ad
232 554 539 612 dexteram
572 554 783 623 Patris,
813 558 873 611 et
902 554 1042 626 quia
1088 556 1371 608 venturus
1417 552 1495 608 sit
1514 552 1781 623 judicare
1810 554 1865 623 Α
1895 554 2053 610 aliud
2086 558 2296 628 praeter
2313 554 2663 610 vestimenta
2691 552 3080 610 ecclesiastica
3101 555 3159 607 et
3177 566 3317 607 vasa
3337 555 3541 607 sancta

130 661 337 703 omnes
356 644 633 701 homines
656 648 891 717 propter
912 642 1121 698 merita
1150 642 1404 715 prOpria,
1427 645 1484 697 et
1505 642 1783 714 quoniam

133 750 338 792 omnes
355 733 577 789 mortui
594 733 653 788 in
670 748 806 789 vera
821 748 994 788 carne
1011 734 1336 803 resurgent,
1362 729 1528 802 impii
1553 735 1788 803 propter

134 822 355 880 scelera
376 839 488 879 sua
508 838 643 877 cum
665 820 895 877 diabolo
912 820 972 874 in
988 820 1183 892 ignem
1199 818 1466 874 mittendi
1481 822 1784 887 aeternum,

126 911 279 985 justi
306 928 444 967 vero
474 925 612 967 cum
638 909 867 965 Christo
888 911 1098 964 etcum
1129 906 1355 980 angelis
1381 906 1505 963 suis
1527 907 1584 962 in
1606 907 1786 963 vitam

133 999 515 1059 consociandi
546 1004 842 1056 aeternam.

308 1225 397 1280 De
428 1220 647 1278 honore
674 1226 729 1278 et
759 1222 1190 1277 restauratione
1218 1217 1615 1276 ecclesiarum.

211 1311 362 1385 (Lib.
397 1328 415 1368 1
445 1309 814 1383 Capitular.,
850 1326 974 1383 cap.
1006 1311 1098 1377 67,
1130 1313 1187 1365 et
1224 1308 1326 1365 lib.
1357 1326 1436 1378 v1,
1482 1324 1606 1381 cap.
1639 1308 1791 1376 377.)

139 1401 369 1459 Placuit
414 1399 584 1457 nobis
639 1400 954 1455 admonere
1011 1397 1219 1454 fratres
1262 1401 1318 1453 et
1349 1397 1792 1453 consacerdotes

139 1495 378 1547 nostros
400 1493 467 1545 ut
494 1488 737 1545 ecclesia
767 1487 869 1544 Dei
898 1505 1003 1561 per
1026 1487 1259 1543 illorum
1290 1486 1595 1559 parochias
1616 1501 1791 1540 suum

138 1579 358 1636 habeat
376 1579 677 1645 honorem,
694 1582 749 1633 et
768 1576 977 1632 altaria
997 1576 1323 1632 secundum
1345 1590 1515 1631 suam
1538 1574 1792 1647 dignita-

141 1674 265 1725 tem
281 1672 634 1724 venerentur
648 1670 704 1722 et
716 1669 1085 1729 exornentur,
1100 1665 1429 1737 domusque
1449 1663 1549 1719 Dei
1566 1667 1624 1720 et
1645 1661 1795 1719 alta-

140 1757 232 1814 ria
264 1760 495 1814 sacrata
522 1772 638 1812 non
670 1754 789 1811 sint
819 1754 1025 1810 avibus
1054 1758 1112 1811 et
1141 1753 1387 1809 canibus
1408 1752 1627 1825 pervia,
1651 1756 1707 1807 et
1730 1755 1796 1806 ut

143 1844 452 1902 surcularis
470 1844 704 1918 negotia
722 1848 778 1899 et
798 1843 1131 1916 vaniloquia
1150 1842 1210 1898 in
1223 1841 1484 1898 ecclesiis
1498 1858 1612 1897 non
1626 1857 1799 1913 agan-

142 1941 262 2003 tur,
287 1933 428 2007 quia
448 1935 659 1990 domus
678 1931 779 1988 Dei
800 1933 1012 1988 domus
1033 1930 1314 1988 orationis
1335 1931 1505 1986 debet
1525 1946 1795 1997 esse,non
1825 1928 1873 1994 B

146 2023 430 2097 spelunca
457 2022 752 2079 latronum
784 2021 990 2093 (Matth.
1022 2025 1160 2089 xxI),
1209 2024 1266 2077 et
1313 2037 1429 2076 non
1489 2020 1561 2075 ob
1620 2018 1795 2074 aliam

147 2129 390 2169 causam
423 2113 482 2168 in
512 2110 816 2168 ecclesiam
848 2109 1155 2166 convenire
1185 2110 1394 2166 debere
1426 2108 1536 2163 nisi
1568 2108 1638 2163 ad
1668 2106 1798 2162 lau—

148 2202 413 2258 dandum
431 2202 615 2257 Deum
646 2204 703 2256 et
722 2200 770 2271 ej
782 2217 850 2255 us
871 2198 1172 2256 servitium
1196 2197 1545 2254 faciendum.
1563 2198 1799 2268 (Capitu-

149 2292 270 2347 lare
328 2289 619 2360 Theodulﬁ,
678 2305 807 2360 cap.
862 2289 973 2357 10.)
1032 2286 1490 2359 Disceptationes
1544 2302 1677 2341 vero
1744 2288 1801 2341 et

147 2378 447 2436 tumultus
477 2382 534 2435 et
561 2376 896 2449 vaniloquia
915 2381 972 2432 et
987 2376 1315 2433 scurrilitas
1336 2379 1670 2446 cmteraeque
1681 2378 1800 2429 tur-

144 2485 254 2541 pes
275 2467 536 2525 actiones
556 2467 628 2523 ab
651 2467 853 2523 eodem
878 2469 1079 2522 sancto
1098 2464 1223 2521 loco
1240 2464 1473 2537 penitus
1487 2462 1799 2537 prohiben-

145 2558 227 2612 da
248 2561 409 2612 sunt.
434 2556 540 2611 Ubi
563 2555 719 2612 enim
742 2554 842 2611 Dei
861 2571 1074 2610 nomen
1098 2554 1420 2620 invocatur,
1445 2551 1799 2609 sacrificium

144 2646 269 2702 Deo
292 2646 553 2711 offertur,
580 2642 919 2717 angelorum
941 2641 1476 2715 frequentiainesse
1500 2658 1615 2697 non
1637 2639 1803 2697 dubi-

144 2739 331 2802 tatur,
365 2732 760 2807 periculosum
792 2736 880 2789 est
909 2732 1023 2788 tale
1053 2730 1274 2804 aliquid
1306 2731 1497 2787 dicere
1526 2728 1611 2786 vel
1632 2746 1802 2803 agere

144 2824 311 2898 quod
342 2822 468 2879 loco
502 2839 616 2879 non
648 2821 935 2878 convenit.
976 2822 1036 2877 Si
1066 2820 1223 2877 enim
1255 2820 1540 2877 Dominus
1570 2818 1702 2876 illos
1732 2819 1803 2875 de

143 2912 375 2986 templo
404 2911 573 2984 ejecit
602 2910 701 2984 qui
732 2911 997 2966 victimas
1027 2928 1173 2983 quas
1204 2908 1285 2965 ibi
1313 2909 1633 2965 oiferebant
1654 2924 1804 2964 eme-

141 3003 297 3057 bant
327 3004 385 3057 et
417 3001 745 3056 vendebant
774 2998 976 3073 (Matth.
1008 3002 1146 3069 xxx),
1180 3002 1399 3071 quanto
1447 2997 1636 3071 magis
1670 2996 1806 3053 illos

140 3088 341 3145 iratus
369 3087 603 3161 abjiciet
632 3087 733 3161 qui
765 3084 1809 3159 mendaciis,vaniloquiis,risibus,et

141 3176 500 3252 hujusmodi
532 3176 705 3252 nugis
735 3176 927 3233 locum
967 3176 1162 3232 divino
1195 3175 1374 3231 cultui
1407 3175 1807 3247 mancipatum

147 3266 737 3325 fcedant?Monemus
757 3266 1022 3363 etiam-ut
1044 3264 1350 3338 praedictas
1371 3263 1647 3363 ecclesias
1663 3264 1808 3320 bene
1838 3296 1881 3363 ρ

148 3361 506 3413 construant
526 3360 582 3412 et
603 3355 913 3411 emendent
925 3355 1095 3426 juxta
1117 3370 1312 3410 rerum
1335 3353 1807 3427 possibilitatem,

150 3443 552 3502 etluminaria
580 3443 664 3500 eis
694 3443 977 3512 tribuant,
992 3442 1145 3499 sicut
1164 3442 1349 3510 decet,
1374 3441 1512 3499 utin
1536 3442 1811 3499 omnibus

150 3533 583 3591 honorificetur
612 3532 787 3601 Deus,
820 3539 876 3588 et
902 3531 1160 3588 Ecclesia
1198 3536 1400 3588 sancta
1430 3531 1644 3588 Christi
1677 3549 1810 3588 san-

149 3623 340 3697 guine
372 3626 625 3678 mercata
654 3624 980 3689 veneretur,
1015 3619 1422 3695 magnificetur
1450 3624 1624 3694 atque
1656 3619 1810 3677 exal-

148 3716 321 3768 tetur
347 3710 498 3781 (Lib.
532 3728 571 3766 ιι
602 3711 936 3783 Capitalar.,
969 3726 1095 3783 cap.
1126 3711 1204 3782 5).

807 3835 1038 3892 CAPUT
1075 3835 1171 3891 ΙΙΙ.

152 3932 234 3986 Ut
257 3928 813 3999 missanequaquam
824 3923 982 3999 alibi
995 3925 1113 3999 nisi
1124 3923 1446 3999 inecclmia
1461 3923 1809 3979 celebretur.

408 3998 474 4053 Et
498 3995 560 4053 ιὶι
592 3995 661 4053 ἔπ’
681 3995 946 4052 eeclesiis
974 3995 1245 4052 cellaria
1270 4012 1387 4050 non
1411 3997 1578 4065 fiant.

230 4114 603 4185 (Capitulare
620 4110 1179 4183 Theodulphi,cap.i
1191 4111 1215 4164 1
1229 4113 1268 4178 .)
1281 4108 1592 4165 Missarum
1608 4108 1815 4165 solem-

151 4199 261 4255 nia
274 4215 651 4271 nequaquam
666 4197 803 4253 alibi
819 4197 931 4254 nisi
943 4196 1004 4253 in
1020 4196 1263 4253 ecclesia
1283 4196 1631 4253 celebranda
1652 4201 1811 4264 sunt,

150 4305 283 4345 non
316 4287 378 4342 in
410 4286 772 4359 quibuslibet
798 4285 1072 4342 domibus
1102 4289 1159 4341 et
1186 4284 1245 4340 in
1271 4283 1485 4340 vilibus
1515 4284 1680 4353 locis,
1713 4287 1815 4342 sed

152 4377 226 4433 in
259 4375 387 4431 loco
436 4392 612 4448 quem
661 4375 901 4449 elegerit
953 4374 1258 4440 Dominus,
1286 4374 1454 4445 juxta
1482 4372 1626 4428 illud
1661 4374 1814 4447 quod

152 4464 455 4537 scriptum
467 4468 557 4521 est
571 4481 584 4519 :
603 4465 755 4520 Vide
765 4479 836 4520 ne
855 4463 1073 4537 offeras
1095 4462 1439 4519 holocausta
1461 4468 1568 4519 tua
1580 4464 1644 4518 in
1658 4464 1821 4519 omni

159 4552 303 4609 loco
320 4570 489 4626 quem
504 4552 850 4621 videris,sed
867 4551 1074 4609 inloco
1088 4567 1249 4625 quem
1262 4551 1510 4623 elegerit
1531 4554 1818 4609 Dominus

1894 648 1952 699 ct
1966 644 2148 700 libros
2164 648 2221 700 et
2239 661 2305 700 ea
2319 661 2445 716 quae
2459 643 2665 700 honori
2678 646 3011 716 congruunt
3028 641 3117 696 vel
3140 657 3253 696 non
3278 640 3541 696 officiunt

1893 731 2289 788 ecclesiastico
2327 733 2711 800 recondatur;
2745 748 2819 787 ne
2850 730 3071 791 fortesi
3107 728 3220 785 alia
3248 726 3325 783 ibi
3361 745 3538 800 quam

1894 824 2122 891 oportet
2151 821 2386 892 negotia
2413 824 2809 887 exerceantur,
2843 837 2877 875 a
2906 818 3155 874 Domino
3188 817 3537 873 audiamus:

1894 913 2109 965 Domus
2139 926 2271 966 mea
2299 910 2503 965 domus
2531 911 2828 965 orationis
2857 909 3178 965 vocabitur.
3203 912 3318 962 Vos
3345 915 3542 962 autem

1892 998 2259 1072 fecistiseam
2270 998 2612 1071 speluncam
2632 996 2951 1054 latronum.
2966 999 3035 1053 Et
3048 998 3257 1053 iterum
3274 1014 3287 1051 :
3304 996 3544 1071 Auferte

1895 1088 2017 1143 ista
2046 1088 2195 1155 hinc,
2209 1094 2264 1143 et
2278 1087 2461 1144 nolite
2473 1089 2675 1160 facere
2691 1088 2928 1145 domum
2947 1086 3147 1143 Patris
3176 1086 3289 1142 mei
3307 1086 3542 1142 domum

1893 1178 2341 1250 negotiationis.

2538 1265 2771 1321 CAPUT
2809 1264 2903 1320 1V.

1904 1359 1980 1411 Ut
2010 1357 2071 1410 in
2102 1352 2366 1411 ecclesiis
2392 1353 3002 1496 deincepmeptullurw
3046 1359 3401 1411 mortuorum
3434 1368 3548 1411 non

2727 1444 2764 1482 η
2797 1468 2810 1482 .

2727 1433 2810 1482 ut.

1970 1533 2338 1604 (Capitulare
2395 1532 2725 1607 Theodulﬁ,
2776 1549 2901 1606 cap.
2933 1534 3014 1601 9.)
3043 1533 3335 1605 Antiquus
3365 1531 3423 1588 in
3454 1533 3548 1589 his

1901 1623 2237 1697 regionibus
2276 1625 2335 1680 in
2381 1625 2623 1682 ecclesia
2665 1624 3133 1697 sepeliendorum
3179 1629 3547 1681 mortuorum

1902 1729 2044 1769 usus
2069 1713 2260 1781 fuit,et
2276 1713 2620 1786 plerumque
2637 1713 2764 1770 loca
2785 1713 2980 1769 divino
3011 1712 3194 1768 cultui
3216 1713 3552 1786 mancipata

1901 1805 1959 1857 et
1975 1802 2045 1857 ad
2068 1803 2392 1859 offerendas
2414 1803 2530 1858 Deo
2552 1803 2775 1859 hostias
2791 1805 3116 1876 praeparata
3129 1802 3417 1858 cimiteria
3430 1802 3550 1857 sive

1903 1890 2244 1964 polyandria
2275 1893 2425 1948 facta
2450 1897 2607 1948 sunt.
2626 1892 2875 1965 (a)Unde
2896 1891 3165 1948 volumus
3181 1896 3245 1946 ut
3258 1892 3329 1947 ab
3360 1892 3471 1949 hac
3491 1907 3552 1948 re

1905 1979 2178 2053 deinceps
2202 1981 2585 2047 abstineatur,
2608 1985 2665 2037 et
2685 1997 2856 2037 nemo
2879 1980 2937 2035 in
2960 1978 3551 2052 ccclesiasepeliatur,

1908 2067 2021 2123 nisi
2039 2068 2183 2124 forte
2214 2068 2346 2125 talis
2378 2070 2454 2124 sit
2484 2086 2733 2141 persona
2762 2069 3080 2125 sacerdotis
3110 2072 3213 2124 aut
3239 2067 3556 2139 cujuslibet

1898 2157 2046 2228 justi
2060 2157 2316 2213 hominis
2336 2156 2435 2230 qui
2452 2174 2555 2230 per
2571 2157 2700 2212 vitae
2716 2156 2991 2212 meritum
3004 2156 3179 2213 talem
3191 2157 3435 2213 vivendo
3448 2173 3555 2213 suo

1908 2246 2133 2317 corpori
2183 2247 2454 2302 defuncto
2513 2244 2705 2301 locum
2764 2244 3089 2319 acquisivit.
3124 2245 3379 2319 Corpora
3421 2262 3556 2300 vero

1909 2353 2036 2407 qua:
2067 2334 2391 2407 antiquitus
2413 2335 2472 2390 in
2496 2334 2757 2391 ecclesiis
2778 2334 3006 2407 sepulta
3029 2337 3558 2407 suntnequaquam

1908 2423 2320 2495 projiciantur;
2345 2424 2448 2480 sed
2469 2422 2682 2480 tumuli
2705 2423 2803 2495 qui
2828 2425 3110 2495 apparent
3129 2420 3479 2494 profundius
3498 2422 3558 2477 in

1908 2515 2122 2567 terram
2156 2511 2488 2579 mittantur,
2508 2516 2564 2567 et
2578 2512 2909 2584 pavimento
2943 2511 3192 2583 desuper
3221 2508 3560 2580 facto,nullo

1910 2600 2273 2656 tumulorum
2302 2600 2547 2673 vestigio
2580 2604 2914 2672 apparente,
2949 2598 3203 2654 ecclesiae
3244 2598 3564 2655 reverentia

1911 2692 2300 2743 conservetur.
2320 2687 2423 2743 Ubi
2441 2704 2574 2742 vero
2595 2691 2759 2742 tanta
2772 2691 2859 2743 est
2876 2685 3193 2742 multitudo
3215 2687 3562 2743 cadaverum

1912 2780 1977 2830 ut
2008 2776 2115 2831 hoc
2163 2776 2352 2830 facere
2406 2774 2643 2830 difficile
2690 2775 2785 2843 sit,
2819 2775 2984 2830 locus
3015 2773 3112 2830 ille
3144 2791 3249 2847 pro
3280 2774 3563 2831 cimiterio

1911 2864 2217 2930 habeatur,
2253 2864 2464 2919 abbato
2495 2863 2631 2919 inde
2656 2864 2923 2930 altari,et
2956 2863 3014 2917 in
3047 2879 3113 2918 eo
3144 2861 3270 2918 loco
3302 2867 3566 2918 constru-

1913 2957 2003 3007 cto
2050 2951 2151 3007 ubi
2204 2951 2469 3025 religiose
2500 2955 2556 3007 et
2588 2968 2732 3024 pure
2782 2952 2898 3008 Deo
2957 2950 3313 3007 sacrificium
3373 2951 3566 3007 offerri

1912 3040 2119 3097 valeat.

2569 3129 2801 3185 CAPUT
2839 3128 2905 3185 V.

1920 3225 1997 3276 De
2020 3219 2179 3275 libris
2196 3224 2252 3275 et
2273 3219 2626 3274 vestimentis
2636 3217 3058 3274 ecclesiasticis
3071 3216 3166 3274 vel
3174 3218 3482 3275 sacerdota
3490 3216 3513 3273 ι
3516 3220 3567 3274 i-

2398 3292 2497 3345 bus
2524 3298 2580 3346 et
2606 3292 2679 3346 de
2708 3291 2867 3346 vasis
2892 3292 3102 3346 sacris.

1989 3399 2133 3463 (Lib.
2168 3416 2185 3454 ι
2221 3396 2583 3468 Capitular.,
2619 3413 2744 3469 cap.
2775 3398 2866 3465 68,
2903 3398 3025 3465 103,
3076 3400 3134 3452 et
3188 3394 3290 3451 lib.
3342 3414 3397 3463 v,
3437 3412 3567 3469 cap.

1916 3488 2069 3555 229.)
2097 3485 2463 3542 Admonendi
2495 3485 2671 3542 etiam
2705 3489 2850 3542 sunt
2882 3486 3213 3542 sacerdotes
3238 3489 3305 3540 ut
3335 3499 3570 3557 operam

1919 3574 2673 3648 dentquatenusmissalem
2685 3574 3183 3644 etlectionarium,
3204 3573 3570 3647 psalterium,

1920 3665 2040 3721 sive
2062 3664 2205 3721 alios
2226 3663 2453 3721 libellos
2476 3664 2587 3721 sibi
2606 3664 2973 3721 necessarios
2994 3664 3142 3720 bene
3162 3667 3453 3720 correctos
3476 3662 3576 3719 ha-

1918 3754 2114 3822 beant,
2149 3753 2288 3826 quia
2312 3770 2464 3825 saape
2497 3754 2639 3808 dum
2672 3752 3086 3829 bene‘aliquid
3138 3752 3322 3808 Deum
3374 3767 3577 3823 rogare

1920 3843 2184 3915 cupiunt,
2227 3859 2329 3915 per
2371 3841 2775 3898 inemendatos
2822 3840 3003 3896 libros
3052 3840 3204 3897 male
3251 3844 3476 3913 rogant.
3509 3840 3578 3894 Et

1921 3948 2134 4005 pueros
2154 3948 2293 3987 suos
2313 3948 2429 3986 non
2454 3931 2651 3986 sinant
2670 3928 2757 3984 vel
2782 3929 3027 4001 legendo
3043 3928 3131 3984 vel
3147 3929 3455 3985 scribendo
3477 3944 3578 3983 eos

1921 4036 2313 4092 corrumpere,
2346 4019 2929 4091 corrigere,vasa,que
2961 4017 3075 4073 Deo
3106 4020 3334 4072 sacrata
3362 4032 3579 4089 magna

1919 4108 2289 4164 veneratione
2317 4106 2747 4162 habeantur.Et
2781 4122 2894 4160 non
2929 4104 3100 4160 liceat
3130 4104 3303 4159 alicui
3335 4102 3575 4159 calicem

1923 4201 2025 4253 aut
2056 4200 2324 4268 patenam
2357 4198 2457 4250 aut
2487 4193 2787 4266 quodlibet
2816 4210 2918 4249 vas
2952 4197 3249 4249 sacratum
3279 4196 3335 4248 et
3382 4191 3577 4248 divino

1923 4285 2106 4342 cultui
2128 4285 2528 4357 mancipatum
2551 4284 2621 4338 ad
2654 4282 2799 4337 alios
2830 4300 2977 4338 usus
3008 4286 3363 4355 retorquere.
3391 4279 3577 4352 (Capi-

1924 4376 2102 4432 tulare
2126 4373 2414 4443 Theodulﬁ,
2447 4388 2574 4444 cap.
2612 4370 2720 4441 18.)
2744 4371 2889 4425 Nam
2924 4370 3264 4443 quicunque
3294 4370 3365 4425 de
3400 4368 3579 4425 calice

1924 4468 2150 4521 sacrato
2172 4461 2332 4518 aliud
2355 4461 2503 4516 bibit
2524 4463 2731 4532 praeter
2751 4457 2967 4514 Christi
2990 4459 3361 4532 sanguinem,
3388 4457 3489 4529 qui
3518 4457 3577 4512 in

1925 4555 2292 4610 sacramento
2319 4548 2622 4622 accipitur,
2636 4552 2693 4603 et
2715 4552 2985 4621 patenam
3017 4548 3090 4602 ad
3125 4546 3284 4603 aliud
3313 4545 3575 4602 officium

154 4651 229 4699 ut
258 4647 447 4711 ponat
480 4657 687 4697 nomen
716 4657 887 4697 suum
917 4641 1040 4708 ibi;
1071 4646 1309 4729 excepta
1354 4639 1576 4697 ratione
1615 4657 1817 4697 eorum
1851 4664 1895 4729 Ι)
1925 4643 2102 4699 habet
2123 4657 2299 4714 quam
2322 4640 2396 4695 ad
2418 4638 2619 4695 altaris
2650 4636 3067 4705 ministerium,
3088 4634 3474 4729 deterrendus
3492 4637 3581 4689 est

156 4731 268 4803 qui
294 4731 355 4785 in
378 4729 694 4786 exercitum
716 4734 1022 4803 pergentes
1044 4730 1115 4785 ad
1140 4728 1248 4785 hoc
1279 4745 1427 4801 opus
1447 4729 1665 4785 habent
1690 4735 1818 4787 ten-

158 4819 320 4875 toria
335 4822 394 4875 et
414 4817 624 4874 altaria
652 4819 917 4874 dedicata
936 4817 996 4873 in
1019 4816 1233 4890 quibus
1263 4817 1582 4874 missarum
1605 4818 1817 4875 solem-

160 4906 267 4963 nia
290 4906 579 4978 expleant.
595 4907 878 4963 Videmus
893 4906 1071 4963 etiam
1092 4906 1295 4962 crebro
1316 4907 1376 4961 in
1390 4906 1652 4963 ecclesiis
1673 4924 1820 4963 mes-

156 5014 286 5062 ses,
318 4995 545 5065 vinum,
578 4996 801 5065 fenum,
835 5001 893 5051 et
929 5000 1270 5053 ceterarum
1313 4996 1551 5068 frugum
1597 4996 1819 5067 species

159 5084 428 5158 congeri.
449 5084 823 5156 (Capilulare
841 5082 1174 5157 Theodulﬁ,
1193 5100 1320 5156 cap.
1339 5086 1419 5153 8.)
1432 5082 1593 5139 Unde
1614 5083 1822 5141 horrea

156 5172 259 5229 vel
277 5171 513 5229 cellaria
530 5173 724 5246 potius
755 5191 933 5247 quam
965 5172 1220 5230 ecclesiae
1250 5189 1378 5229 esse
1398 5172 1738 5245 probantur.
1754 5174 1823 5229 Et

160 5262 244 5318 ob
276 5260 407 5330 hoc,
440 5263 594 5335 quod
626 5263 790 5320 nefas
821 5268 930 5330 est,
962 5261 1298 5328 homicidia,
1314 5259 1619 5328 adulteria,
1645 5262 1821 5330 furta,

161 5349 652 5419 comessationes,
668 5352 997 5420 ebrietates,
1014 5349 1395 5424 turpiloquia,
1414 5354 1471 5405 et
1486 5349 1578 5405 his
1609 5351 1826 5407 similia

162 5438 400 5509 illicita,
434 5456 561 5512 quas
590 5441 720 5497 visu
751 5446 810 5498 et
837 5441 1042 5498 auditu
1099 5440 1350 5495 obscena
1409 5442 1548 5494 sunt
1584 5438 1664 5494 ibi
1699 5440 1823 5496 fieri

162 5543 328 5602 saepe
360 5544 396 5584 a
423 5528 696 5601 plurimis
728 5530 1064 5586 didicimus.
1085 5530 1448 5600 Quapropter
1466 5525 1737 5583 nlumus
1762 5533 1825 5585 ut

159 5617 284 5674 hoc
315 5616 554 5691 penitus
606 5617 943 5676 observetur
992 5620 1284 5692 quatenus
1314 5615 1375 5672 in
1405 5613 1651 5674 ecclesia
1679 5617 1823 5676 nihil

240 5731 326 5810 (α)
354 5731 500 5792 Vide
529 5733 707 5795 Notas
737 5735 809 5795 ad
840 5734 1220 5812 Reginonem,
1251 5746 1386 5812 pag.
1418 5732 1545 5794 557.

1927 4729 2192 4803 exemplo
2223 4728 2549 4794 Balthasar,
2583 4726 2684 4800 qui
2735 4727 2878 4782 dum
2908 4742 3049 4781 vasa
3078 4722 3308 4781 Domini
3342 4723 3401 4777 in
3433 4738 3579 4777 usus

1928 4836 2272 4877 communes
2293 4817 2638 4889 assumpsit,
2657 4815 2834 4871 vitam
2859 4815 3074 4889 pariter
3089 4830 3224 4871 cum
3244 4828 3421 4886 regno
3438 4811 3582 4867 ami-

1926 4909 2366 4967 sit.Statuimus
2397 4922 2630 4979 quoque
2646 4909 2712 4960 ut
2727 4922 2860 4961 cum
2897 4920 3129 4960 summo
3153 4900 3346 4957 studio
3376 4898 3579 4955 lintea-

1929 5000 2092 5055 mina
2120 4997 2305 5053 nitida
2333 4995 2617 5051 altaribus
2641 4997 2983 5067 praeparent,
3011 4996 3067 5047 et
3096 4987 3477 5047 sacerdotalia
3495 4987 3580 5042 in-

1928 5090 2211 5145 dumenta
2247 5101 2383 5141 cum
2414 5084 2631 5155 quibus
2662 5082 3024 5138 sacrificatur
3053 5080 3278 5152 optima
3308 5095 3413 5150 pro
3441 5077 3578 5132 viri—

1930 5178 2041 5233 bus
2072 5180 2129 5232 et
2159 5174 2382 5230 munda
2438 5172 2653 5228 habere
2710 5173 2999 5242 satagant,
3032 5172 3089 5224 et
3118 5168 3237 5222 sive
3270 5183 3417 5222 nova
3458 5165 3580 5220 sive

1929 5268 2214 5322 vetustate
2233 5262 2493 5319 confecta
2510 5261 2582 5315 ad
2600 5258 2745 5315 alios
2768 5275 2912 5315 usus
2934 5256 3183 5313 transire
3213 5255 3375 5311 nullo
3405 5254 3579 5311 modo

1931 5355 2148 5411 sinant.

2571 5435 2798 5492 CAPUT
2842 5436 2937 5492 VI.

2517 5528 2589 5582 De
2627 5526 2988 5581 Eucharistia.

2004 5620 2151 5698 (Lib.
2182 5635 2201 5676 ι
2232 5615 2569 5691 Crpitular.,
2599 5631 2727 5691 cap.
2762 5615 2885 5674 455.
2917 5614 3239 5693 Capitulare
3284 5609 3577 5688 Theodulﬂ,
