3898 6194
380 353 498 413 707

378 574 740 644 charistiam,
757 582 821 632 ut
835 578 1068 649 quando
1095 578 1344 652 quisque
1366 580 1763 649 inﬁrmaverit,
1782 587 1882 637 aut
1898 599 2026 659 par-

375 662 549 719 vulus
571 663 842 721 inﬁrmus
874 666 1066 737 fuerit,
1101 668 1301 724 statim
1334 686 1431 725 eos
1462 672 1917 736 communicent,
1953 688 2024 726 ne

377 750 505 807 sine
533 754 945 809 communione
974 755 1318 812 moriantur.
1355 758 1539 814 Panes
1584 759 1740 814 enim
1789 776 1935 831 quos
1963 760 2021 813 in

375 839 660 897 sacriﬁcio
679 841 1027 909 ott‘ertis,aut
1047 860 1081 898 a
1099 845 1264 901 vobis
1286 845 1429 917 ipsis
1451 852 1552 902 aut
1572 865 1605 902 a
1625 847 1833 903 vestris
1856 848 2026 902 mini~

374 926 514 982 stris
544 928 615 982 ad
648 928 704 983 id
740 931 1033 1001 agendum
1072 932 1298 991 idoneis
1328 952 1525 991 coram
1554 936 1718 991 vobis
1746 935 1926 992 nitide
1955 953 2021 992 ac

372 1015 636 1071 studiose
666 1017 828 1084 ﬁant,
861 1023 919 1074 et
949 1018 1261 1094 diligenter
1303 1023 1644 1079 observetur
1672 1029 1737 1079 ut
1766 1024 1935 1096 panis
1965 1030 2022 1081 et

367 1102 571 1158 vinum
602 1108 660 1160 et
687 1122 862 1177 aqua,
897 1106 1023 1163 sine
1056 1110 1273 1180 quibus
1305 1112 1501 1167 missa
1540 1118 1842 1184 nequeunt
1871 1113 2018 1171 cele-

368 1190 547 1257 brari,
564 1193 953 1251 mundissime
973 1200 1150 1269 atque
1166 1199 1427 1255 studiose
1446 1205 1785 1269 tractentur,
1801 1207 1859 1257 et
1872 1203 2016 1258 nihil

369 1279 428 1334 in
467 1279 562 1335 bis
604 1280 735 1350 vile,
772 1283 917 1338 nihil
976 1286 1432 1357 reprehensibile
1486 1289 1835 1359 inveniatur,
1869 1296 1924 1346 et
1952 1296 2017 1348 ut

365 1368 653 1425 sacriﬁcia
682 1372 1046 1429 sanctiﬁcata
1087 1392 1221 1430 cum
1256 1394 1469 1450 magna
1499 1378 1803 1451 diligentia
1832 1381 1904 1435 ab
1931 1381 2015 1437 eis

364 1455 715 1530 colligantur
747 1460 844 1532 qui
880 1460 1041 1535 digni
1073 1468 1231 1530 sunt,
1264 1470 1321 1520 et
1345 1466 1660 1523 honoriﬁce
1688 1473 2008 1524 serventur.

362 1546 511 1615 (Lib.
543 1564 561 1601 Ι
596 1547 883 1619 Capitular
911 1593 924 1617 ,
959 1567 1084 1623 cap.
1115 1554 1231 1622 67.)
1258 1554 1343 1609 Ab
1376 1555 1652 1611 omnibus
1690 1560 1883 1612 autem
1916 1574 2009 1613 ca-

361 1633 613 1689 vendum
648 1652 1019 1705 summopere
1050 1657 1177 1695 esse
1209 1656 1518 1698 monemus
1548 1647 1613 1698 ut
1640 1660 1755 1698 non
1787 1645 2009 1701 diutius

357 1727 683 1792 serventur,
701 1740 771 1779 ne
804 1727 945 1782 forte
977 1724 1212 1799 putrida
1240 1735 1296 1786 et
1326 1730 1638 1787 inhonesta
1666 1740 2005 1805 appareant,

357 1811 456 1864 sed
488 1812 693 1867 tandiu
719 1813 776 1867 in
795 1831 929 1870 vase
960 1817 1352 1875 mundissimo
1385 1822 1791 1878 custodiantur
1818 1841 2007 1896 usque

359 1900 502 1954 dum
534 1901 605 1955 ad
638 1900 751 1957 alia
785 1903 971 1960 dicata
1003 1908 1339 1963 succedant.

987 2065 1218 2123 CAPUT
1256 2068 1376 2124 VII.

701 2154 776 2208 De
799 2155 911 2209 vita
941 2162 992 2211 ct
1016 2156 1260 2211 moribus
1295 2156 1654 2222 sacerdotum.

423 2285 764 2357 (Capitulare
796 2287 1086 2359 Theodulﬁ,
1122 2306 1246 2361 cap.
1279 2291 1357 2363 2.)
1388 2292 1625 2364 Oportet
1672 2296 2001 2354 sacerdotes

351 2372 451 2428 Dei
480 2373 887 2430 assiduitatem
920 2376 1132 2432 habere
1162 2377 1814 2452 legendietinstantiam
1830 2403 1999 2442 oran-

349 2461 406 2517 di
426 2462 992 2536 ;quiavitavirijusti
1012 2465 1257 2523 lectione
1280 2468 1611 2541 instruitur,
1628 2474 1886 2531 oratione
1908 2494 1997 2531 or-

349 2556 546 2617 natur,
569 2556 626 2607 et
656 2551 1001 2609 assiduitate
1030 2553 1295 2613 lectionis
1327 2559 1610 2626 munitur,
1628 2562 1799 2632 juxta
1828 2563 1996 2620 illum

349 2638 447 2710 qui
481 2639 710 2696 dicebat
741 2656 754 2695 :
789 2643 849 2697 In
880 2641 1037 2698 corde
1064 2659 1181 2700 meo
1220 2646 1479 2702 abscondi
1525 2649 1741 2721 eloquia
1790 2659 1901 2721 tua,
1942 2663 2001 2710 ut

346 2743 457 2783 non
477 2744 688 2799 peccem
716 2731 835 2785 tibi.
870 2730 999 2786 Haec
1039 2738 1179 2788 sunt
1228 2751 1412 2802 arma,
1447 2735 1615 2792 lectio
1644 2739 1911 2797 videlicet
1941 2748 1997 2798 et

346 2816 551 2884 oratio,
565 2816 780 2888 quibus
795 2818 1062 2877 diabolus
1079 2829 1463 2895 expugnatur.
1485 2827 1608 2881 Haec
1626 2833 1765 2884 sunt
1778 2828 1994 2886 instru-

345 2909 540 2961 menta
571 2906 789 2977 quibus
820 2908 1117 2965 beatitudo
1162 2913 1505 2984 acquiritur.
1542 2916 1724 2986 (ibid.,
1755 2935 1880 2991 cap.
1914 2923 1991 2993 3.)

343 2993 445 3048 His
459 2993 639 3049 armis
662 2994 796 3050 vitia
813 2997 1303 3069 comprimuntur,
1321 3001 1412 3057 his
1436 3002 1728 3060 alimentis
1745 3008 1990 3065 virtutes

345 3083 859 3141 nutriuntur.Etsi
891 3088 1441 3157 quandoalectione
1475 3092 1559 3147 vel
1593 3095 1853 3151 oratione
1872 3116 1991 3154 ces-

342 3172 522 3236 satur,
547 3169 716 3225 debet
738 3186 1021 3226 manuum
1045 3175 1300 3244 operatio
1319 3178 1619 3251 subsequi,
1640 3182 1777 3252 quia
1797 3186 1989 3241 otiosi-
2017 3230 2058 3254 ,η

341 3260 430 3311 tas
463 3257 699 3313 inimica
729 3264 818 3314 est
847 3260 1077 3330 animm,
1111 3267 1167 3318 et
1198 3265 1477 3336 antiquus
1528 3268 1717 3327 hostis
1747 3288 1920 3340 quem
1952 3292 1987 3330 a

338 3344 583 3401 lectione
615 3346 733 3402 sive
764 3349 837 3401 ab
865 3350 1126 3405 oratione
1157 3368 1261 3406 seu
1304 3356 1638 3425 operatione
1685 3367 1984 3419 vacantem

338 3434 623 3490 invenerit
646 3435 811 3492 facile
836 3437 908 3492 ad
928 3436 1049 3492 ima
1072 3440 1242 3510 rapit.
1262 3442 1650 3517 Debetitaque
1671 3447 1881 3505 Christi
1901 3469 1988 3508 sa-

338 3523 543 3578 cerdos
590 3524 930 3595 compositis
975 3527 1258 3597 moribus,
1292 3531 1454 3586 vultu
1494 3533 1686 3603 hilari,
1718 3554 1984 3596 sermone

338 3610 620 3680 proﬁcuo,
640 3612 903 3683 exemplo
933 3613 1177 3682 salubri,
1201 3616 1428 3689 placido
1462 3622 1820 3692 animo,sine
1852 3627 1983 3684 dolo
2054 3674 2059 3685 .

337 3696 800 3767 etsimulatione,
826 3705 1001 3773 atque
1032 3705 1305 3761 omnibus
1336 3708 1395 3763 in
1417 3726 1725 3769 commune
1756 3716 1981 3771 virtuti-

337 3786 449 3839 bus
480 3785 716 3856 clarere,
752 3795 1041 3859 quatenus
1091 3794 1199 3847 sibi
1250 3798 1596 3855 commissos
1640 3819 1755 3857 non
1786 3804 1983 3861 livoris

336 3878 512 3945 atque
541 3876 953 3935 amaritudinis
990 3880 1111 3936 zelo
1161 3886 1460 3955 pertrahat
1490 3890 1561 3943 ad
1599 3891 1848 3962 ruinam,
1881 3896 1979 3950 sed

335 3961 638 4019 charitatis
670 3969 843 4037 atque
874 3967 1200 4035 dulcedinis
1234 3975 1594 4045 providentia
1623 3987 1891 4051 provocet
1907 3984 1977 4038 ad

336 4049 421 4105 sal
432 4054 586 4105 utam
597 4093 609 4105 .

946 4189 1175 4247 CAPUT
1213 4192 1362 4250 VIII.

560 4277 643 4329 De
671 4273 915 4333 doctrina
943 4288 995 4335 et
1022 4282 1367 4340 observantia
1396 4288 1751 4345 sacerdotum.

402 4405 545 4474 (Lib.
572 4423 590 4462 ι
624 4408 951 4480 Capitular.,
985 4416 1246 4486 cap.66.)
1278 4416 1351 4471 Ut
1380 4420 1699 4492 presbyteri
1734 4424 1833 4495 qui
1866 4425 1978 4480 sibi

328 4497 385 4548 et
417 4495 638 4552 caeteris
664 4499 939 4570 prodesse
971 4502 1184 4558 debent
1211 4521 1582 4577 summopere
1612 4511 1888 4567 studeant
1915 4518 1977 4568 ut

327 4582 654 4640 doctrinam
686 4593 905 4665 rectam
938 4593 1192 4659 teneant,
1226 4596 1282 4646 et
1312 4593 1606 4664 baptisma
1627 4599 1975 4658 catholicum
2006 4595 2055 4661 D

327 4671 654 4741 observent,
689 4678 747 4729 et
776 4677 1096 4732 missarum
1126 4695 1327 4749 preces
1358 4680 1508 4736 bene
1538 4683 1885 4759 intelligant,
1917 4696 1974 4746 et

326 4758 501 4817 horas
532 4763 846 4821 canonicas
876 4765 1120 4820 diurnas
1150 4764 1241 4821 vel
1274 4772 1589 4827 nocturnas
1619 4758 1973 4847 custodiant,

326 4850 384 4901 et
396 4852 461 4903 ut
473 4849 684 4921 psalmi
700 4851 874 4924 digne
886 4854 1211 4908 secundum
1235 4853 1548 4914 divisiones
1568 4877 1839 4919 versuum
1857 4883 1976 4922 mo-

325 4933 622 5006 dulentur,
655 4943 713 4993 et
761 4940 1126 4997 Dominicam
1176 4941 1499 5001 orationem
1550 4953 1607 5004 et
1645 4953 1973 5023 symbolum

326 5027 502 5095 atque
533 5026 954 5099 expositionem
986 5029 1097 5100 ipsi
1129 5036 1373 5086 noscant
1403 5038 1459 5089 et
1475 5038 1749 5096 omnibus
1768 5044 1974 5115 praedi-

302 5116 457 5167 ,cent
480 5112 938 5187 intelligendam,
960 5120 1018 5170 et
1037 5118 1443 5192 unusquisque
1471 5124 1617 5181 sciat
1645 5112 1788 5199 quid
1802 5148 1836 5186 a
1857 5131 1971 5189 Deo

323 5203 520 5271 petat;
555 5208 848 5275 quatenus
897 5220 1095 5259 eorum
1145 5206 1425 5266 doctrinis
1472 5217 1646 5287 atque
1693 5220 1971 5292 exemplis

324 5288 495 5343 multi
530 5289 943 5362 pertrahantur
967 5293 1038 5348 ad
1069 5295 1373 5353 servitium
1404 5300 1525 5372 Dei,
1546 5305 1699 5361 sicut
1724 5288 1967 5381 ipseDo-

324 5376 524 5433 minus
556 5379 615 5432 in
648 5378 956 5449 Evangelio
986 5384 1257 5456 praecepit
1290 5402 1303 5441 ε
1336 5392 1431 5444 Sic
1461 5392 1634 5450 luceat
1666 5376 1765 5451 lue}
1792 5408 1970 5455 vestra

322 5479 506 5520 coram
534 5464 847 5521 hominibus
872 5476 934 5524 ut
958 5472 1171 5528 videant
1201 5491 1363 5547 opera
1404 5490 1580 5538 vestra
1612 5485 1752 5542 bona
1781 5497 1834 5543 et
1853 5488 1968 5560 glo-

323 5551 538 5627 riﬁcent
566 5556 793 5610 Patrem
820 5565 1053 5618 vestrum
1079 5564 1176 5638 qui
1202 5565 1263 5622 in
1290 5568 1437 5625 caelis
1465 5578 1561 5628 est.

1408 360 1743 422 RODULFI
1789 359 2330 423 BITURICENSIS
2373 362 2747 427 EPISCOPI.

377 501 504 555 cap.
527 485 694 551 5.)Ilt
724 488 1042 561 presbyteri
1075 505 1306 563 semper
1338 490 1591 548 habeant
1621 498 1884 565 paratam
1916 509 2021 547 eu-
2054 495 2108 559 Α

3676 378 3791 437 708

2777 499 3007 556 CAPUT
3049 502 3138 558 IX.

2136 584 2199 637 Ut
2228 583 2626 667 laicinseniores
2655 587 2847 667 domas
2877 591 3222 667 sacerdotum
3263 596 3460 667 aliqua
3508 601 3789 655 occasione

2201 671 2323 779 Itium
2350 658 2577 727 feminis
2606 666 2656 714 et
2678 661 2906 717 canibus
2937 663 3226 720 habitandi
3272 658 3503 723 cansam
3546 685 3662 725 non
3690 671 3789 726 ha—

2236 735 2379 779 eant.

2236 735 2379 782 eant.

2201 858 2417 915 Omnes
2450 861 2509 916 in
2537 878 2851 921 commune
2883 867 3142 925 seniores
3192 871 3577 929 ecclesiarum
3611 873 3790 933 laicos

2129 961 2440 1003 monemus
2468 953 2533 1004 ut
2562 950 2622 1005 in
2655 952 2930 1010 domibus
2962 958 3353 1028 sacerdotum,
3388 977 3520 1033 quae
3550 965 3789 1020 mundae

2128 1050 2193 1088 ac
2226 1040 2396 1091 castae
2427 1042 2484 1093 et
2506 1038 2788 1112 religiosa:
2820 1043 3035 1101 debent
3064 1063 3363 1114 esse,cum
3398 1051 3686 1109 uxoribus
3700 1054 3787 1110 vel

2127 1122 2255 1177 aliis
2271 1125 2503 1181 feminis
2519 1143 2621 1183 seu
2651 1130 2895 1188 canibus
2916 1133 3181 1191 habitare
3201 1136 3543 1196 nullatenus
3560 1157 3789 1213 presu-

2125 1216 2290 1267 mant
2322 1230 2334 1268 :
2371 1215 2647 1287 quoniam
2682 1218 2951 1277 illicitum
2982 1227 3070 1291 est
3097 1242 3231 1281 eum
3263 1228 3365 1299 qui
3399 1227 3509 1284 soli
3531 1230 3652 1286 Deo
3670 1248 3788 1287 ser-

2121 1300 2241 1356 vire
2254 1302 2498 1373 jubetur
2518 1304 2833 1365 luxuriosis
2854 1312 3045 1368 verbis
3063 1317 3237 1386 atque
3255 1318 3470 1389 supertl
3480 1317 3572 1374 uis
3590 1320 3672 1375 im
3681 1320 3789 1392 pli-

2122 1390 2238 1444 cari
2270 1392 2646 1463 tumultibus,
2681 1402 2737 1452 et
2781 1401 3080 1457 commissi
3114 1404 3287 1461 ofﬁcii
3322 1407 3590 1479 praeﬁxas
3623 1411 3782 1482 psal-

2119 1474 2299 1547 lendi,
2334 1480 2634 1553 vigilandi,
2669 1488 2895 1554 orandi,
2928 1489 3117 1556 aut,si
3148 1494 3468 1552 necessitas
3501 1498 3782 1566 evenerit,

2119 1565 2850 1647 baptizandi,inﬁrmisque
2871 1581 2927 1632 et
2947 1579 3355 1639 deﬁcientibus
3369 1565 3781 1651 subveniendi,

2118 1670 2492 1729 corrumpere
2524 1665 2731 1720 metas.
2753 1668 2872 1720 Hoc
2884 1683 3019 1722 vero
3038 1670 3201 1726 nefas
3231 1672 3511 1746 deinceps
3533 1676 3661 1731 ﬁeri
3683 1695 3780 1732 ve-

2115 1746 2331 1813 temus,
2356 1764 2425 1802 ne
2457 1748 2556 1804 Dei
2580 1750 2831 1808 ministri
2866 1756 3127 1812 saeculari
3162 1761 3779 1832 oppressioneladan-

2035 1862 2082 1927 B
2114 1836 2228 1899 tur,
2265 1838 2320 1889 et
2352 1835 2566 1893 Christi
2608 1856 2746 1912 grex
2789 1842 3136 1902 charissimo
3167 1850 3354 1920 pretio
3394 1860 3781 1925 comparatus

2117 1921 2470 1996 negligentia
2493 1930 2769 1999 pastorali
2796 1938 2982 1988 morte
3003 1935 3319 1992 damnetur
3337 1921 3571 1997 aeterna.
3597 1943 3660 1997 Si
3681 1960 3779 1998 au-

2113 2013 2231 2066 tem
2264 2012 2335 2069 ab
2367 2013 2504 2070 hinc
2534 2016 2647 2072 tale
2676 2018 2897 2092 aliquid
2930 2028 3160 2095 gestum
3188 2027 3380 2097 fuerit,
3398 2030 3469 2084 ad
3501 2036 3773 2087 nostram

2112 2098 2285 2155 citius
2337 2105 2633 2173 perveniat
2678 2108 2965 2175 notitiam,
3000 2116 3063 2169 ut
3092 2116 3436 2173 auctoritate
3465 2118 3670 2174 divina
3701 2122 3768 2176 ad

2111 2189 2518 2262 corrigendum
2552 2193 2637 2250 vel
2672 2195 2835 2252 inviti
2869 2199 3235 2259 deducantur
3275 2210 3769 2279 transgressores.

2767 2338 2999 2397 CAPUT
3038 2342 3104 2398 X.

2280 2421 2391 2489 Quo
2420 2423 2611 2480 ordine
2639 2443 2673 2481 a
2696 2431 3031 2501 presbyteris
3068 2434 3239 2489 missa
3270 2437 3585 2495 celebretur.

2178 2535 2520 2608 (Capitulure
2551 2542 2896 2616 Theodulphi,
2930 2563 3055 2620 cap.
3079 2550 3159 2622 7.)
3192 2550 3476 2609 Sacerdos
3509 2556 3763 2613 missam

2105 2623 2266 2681 solus
2297 2644 2669 2701 nequaquam
2702 2632 3139 2709 celebret:quia
3168 2639 3323 2695 sicut
3344 2641 3446 2698 illa
3476 2644 3763 2702 celebrari

2104 2728 2220 2767 non
2252 2719 2445 2786 potest
2474 2715 2600 2773 sine
2630 2720 2981 2780 salutatione
3013 2728 3352 2796 sacerdotis,
3376 2733 3761 2804 responsione

2102 2798 2309 2872 plebis,
2345 2804 2742 2862 admonitione
2774 2812 3113 2880 sacerdotis,
3138 2818 3519 2889 responsione
3550 2821 3763 2877 nihilo-

2102 2889 2298 2945 minus
2318 2891 2524 2962 plebis,
2552 2894 2629 2950 ita
2662 2898 2939 2954 nimirum
2964 2918 3337 2976 nequaquam
3356 2907 3429 2962 ab
3448 2924 3565 2963 uno
3582 2910 3759 2965 debet

2097 2976 2398 3048 celebrari,
2432 2998 2561 3037 esse
2592 2988 2785 3041 autem
2835 2988 3046 3045 debent
3076 2992 3191 3047 duo
3223 2999 3325 3049 aut
3357 3000 3475 3051 tres
3505 2997 3607 3068 qui
3642 2998 3757 3053 cir-

2097 3073 2415 3137 cumstent,
2449 3088 2596 3142 quos
2628 3072 2722 3129 ille
2753 3075 3034 3144 salutet,a
3067 3080 3280 3151 quibus
3310 3083 3363 3137 ei
3394 3087 3755 3156 respondea-

2096 3156 2297 3210 tur.Et
2327 3163 2392 3212 ut
2422 3160 2728 3232 epistolam
2764 3164 2961 3221 nullus
2992 3166 3175 3223 laicus
3208 3168 3398 3243 legere
3432 3183 3755 3244 prresumat

2098 3261 2201 3298 nec
2244 3245 2511 3315 clericus,
2546 3250 2656 3305 nisi
2707 3252 2870 3323 prius
2922 3255 3380 3315 subdiaconatus
3425 3265 3755 3334 susceperit

2096 3332 2376 3389 cilicium.
2410 3336 2573 3393 Sicut
2600 3340 2754 3394 enim
2790 3343 3031 3398 missam
3067 3348 3397 3405 sacerdotes
3428 3354 3484 3404 et
3510 3368 3757 3427 evange-

2094 3420 2240 3476 lium
2268 3421 2457 3496 legere
2489 3426 2712 3484 diaconi
2732 3430 3039 3501 jubentur,
3054 3433 3135 3490 ita
3154 3436 3462 3507 epistolam
3493 3420 3759 3512 promin-

2093 3509 2237 3565 tiare
2266 3510 2419 3567 inter
2456 3531 2621 3570 sacra
2680 3518 2997 3576 missarum
3057 3522 3345 3581 solemnia
3400 3527 3754 3585 subdiaconi

2094 3604 2438 3657 noscuntur.
2474 3603 2619 3658 Nam
2652 3605 2699 3661 si
2728 3607 3122 3666 subdiaconus
3152 3612 3424 3685 defuerit,
3450 3621 3554 3671 aut
3574 3635 3605 3672 a
3631 3618 3755 3673 dia-

2094 3703 2238 3743 cono
2270 3695 2371 3744 aut
2399 3692 2471 3745 ab
2504 3692 2628 3763 ipso
2659 3694 2888 3766 legatur
2916 3700 3356 3773 presbytero,ut
3378 3722 3494 3760 non
3527 3706 3753 3780 vitupe-

2094 3780 2253 3830 retur
2274 3778 2667 3836 ministerium
2689 3800 2944 3848 sacrum.
2960 3789 3060 3843 sed
3087 3790 3143 3843 in
3163 3792 3439 3848 omnibus
3471 3794 3753 3851 honoriﬁ-

2092 3869 2255 3919 cetur
2275 3866 2446 3923 Deus.
2470 3871 2653 3938 (ibid.,
2679 3888 2806 3944 cap.
2830 3876 2908 3946 6.)
2935 3877 3182 3931 Femina:
3214 3884 3411 3936 autem
3442 3884 3749 3940 sacerdote

2091 3953 2335 4009 missam
2368 3955 2697 4015 celebrante
2728 3978 3101 4036 nequaquam
3125 3968 3195 4021 ad
3226 3968 3408 4025 altare
3439 3973 3744 4043 accedant,

2090 4058 2194 4097 nec
2224 4059 2364 4099 vasa
2392 4062 2557 4103 sacra
2587 4048 2947 4123 contingant,
2980 4055 3079 4109 sed
3111 4054 3170 4110 in
3212 4056 3355 4113 locis
3406 4060 3534 4116 suis
3564 4064 3744 4118 stent.

2089 4130 2375 4189 Memores
2406 4134 2563 4191 enim
2595 4152 2724 4194 esse
2752 4139 2966 4196 debent
2986 4143 3214 4200 femina;
3236 4146 3599 4205 inﬁrmitatis
3620 4168 3744 4206 suae

2087 4222 2144 4274 et
2163 4235 2335 4276 sexus
2356 4219 2793 4283 imbecillitatis.
2817 4229 2887 4284 Et
2906 4229 3121 4288 idcirco
3151 4239 3354 4292 sancta
3386 4238 3665 4308 quaelibet
3682 4241 3742 4294 in

2086 4308 2412 4365 ministerio
2442 4312 2697 4369 ecclesiae
2742 4318 3081 4391 contingere
3131 4322 3574 4394 pertimescant.
3604 4327 3741 4392 Quae

2084 4396 2257 4451 etiam
2278 4396 2412 4454 laici
2428 4400 2532 4455 viri
2550 4401 2958 4473 pertimescere
2978 4408 3209 4476 debent,
3230 4428 3302 4468 ne
3325 4412 3483 4470 Ozan
3507 4433 3741 4489 poenam

2085 4486 2352 4555 subeant,
2375 4488 2473 4560 qui
2493 4490 2635 4546 dum
2654 4509 2850 4549 arcam
2882 4495 3117 4553 Domini
3143 4504 3306 4555 extra
3337 4486 3602 4561 ordinari
3625 4506 3740 4578 (sic)

2086 4573 2186 4629 Dei
2218 4580 2547 4635 sustentare
2587 4580 2790 4650 voluit,
2822 4585 2925 4640 sed
2970 4587 3212 4644 Domino
3254 4573 3738 4662 percutiente‘in-

2087 4663 2262 4719 teriit.

2722 4768 2955 4827 CAPUT
2992 4773 3086 4829 ΧΙ.

2651 4861 2729 4912 De
2775 4860 3158 4932 hospitalitate.

2155 4965 2335 5036 (Ibid.,
2369 4984 2495 5041 cap.
2528 4970 2635 5043 15.)
2666 4972 3033 5035 Admonendi
3092 4983 3231 5035 sunt
3287 4986 3624 5042 sacerdotes
3669 4992 3728 5042 ut

2081 5051 2537 5125 hospitalitatem
2570 5064 2625 5114 et
2654 5077 2757 5131 per
2782 5078 2843 5117 se
2876 5063 3125 5137 diligant
3153 5072 3209 5122 et
3238 5073 3468 5130 caeteris
3500 5075 3728 5148 diligen-

2080 5140 2215 5196 dam
2239 5158 2367 5199 esse
2390 5144 3267 5225 insinuent,etnullihospitium
3288 5140 3724 5230 prohibeantEt

2080 5229 2129 5284 si
2161 5230 2255 5285 cui
2297 5232 2442 5289 forte
2492 5234 2814 5307 hospitium
2873 5243 3270 5314 praestiterint,
3299 5229 3539 5306 nullum
3570 5253 3719 5307 abeo

2080 5334 2297 5376 munus
2329 5321 2636 5394 accipiant,
2657 5326 2771 5382 nisi
2793 5327 2939 5385 forte
2970 5329 3067 5387 ille
3094 5332 3192 5404 qui
3216 5336 3499 5409 recipitur
3527 5345 3717 5412 sponte

2079 5423 2187 5462 sua
2207 5407 2428 5480 aliquid
2450 5410 2565 5468 det.
2582 5414 3020 5491 Dicendumque
3035 5419 3150 5478 illis
3165 5407 3421 5495 qualiter
3441 5407 3614 5485 multi
3629 5445 3717 5500 per
3794 5464 3799 5465 κ

2077 5493 2494 5589 hospitalitatis
2525 5502 2783 5558 ofﬁcium
2811 5505 2926 5562 Deo
2944 5493 3311 5581 placuerunt,
3326 5513 3560 5573 dicente
3582 5493 3717 5589 Apo-

2077 5581 2228 5639 stolo
2262 5600 2275 5639 :
2306 5586 2414 5642 Per
2442 5587 2585 5644 hanc
2611 5592 2762 5647 enim
2793 5593 3122 5665 placuerunt
3150 5598 3377 5671 quidam
3405 5603 3535 5674 Deo,
3563 5581 3712 5677 unpe-

2078 5671 2147 5733 lis
2175 5671 2406 5753 hospitio
2434 5681 2712 5755 susceptis.
2748 5680 2815 5741 Et
2852 5681 3065 5745 iterum
3097 5703 3115 5747 :
3143 5684 3448 5765 Hospitem
3496 5671 3711 5755 invicem
