3894 6204
391 426 507 486 715

1390 426 1783 490 ItODULPHI
1829 423 2366 487 BlTUllICENSIS
2408 424 2788 487 EPISCOPI.

3684 424 3801 482 716

388 557 755 613 Admonendi
779 561 918 614 sunt
942 557 1138 615 ﬁdeles
1160 561 1372 613 sanctae
1392 557 1491 613 Dei
1514 556 1777 613 Ecclesiae
1800 559 1863 612 ut
1885 557 2033 611 ﬁlios
2063 556 2118 622 Α
2148 572 2396 627 rumque
2423 555 2505 623 ﬁt,
2529 554 2610 610 illi
2641 556 2739 628 qui
2767 556 2897 612 odio
2946 561 3047 612 aut
3069 555 3393 631 longinqua
3420 558 3583 614 inter
3612 575 3677 614 se
3706 557 3804 613 lite

392 663 532 702 suos
561 650 617 702 et
649 646 799 702 ﬁlias
831 663 968 702 suas
1000 647 1243 702 doceant
1283 646 1624 718 parentibus
1650 646 2037 701 obedientiam

393 736 685 802 exhibere,
720 736 945 791 dicente
996 736 1242 791 Domino
1271 752 1284 789 :
1313 737 1439 801 Fili,
1484 737 1777 806 honoriﬁca
1822 742 2039 807 patrem

394 834 549 881 tuum
578 833 631 881 et
658 833 887 882 matrem
928 833 1101 881 tuam.
1137 826 1281 879 Nam
1332 830 1388 880 et
1435 825 1544 895 ipsi
1591 830 1857 896 parentes
1905 840 2043 896 erga

394 914 545 971 ﬁlios
576 930 714 969 suos
746 931 811 969 ac
844 914 995 970 ﬁlias
1043 915 1303 970 modeste
1351 914 1563 969 debent
1593 931 1781 986 agere,
1816 913 2041 969 dicente

392 1002 665 1075 Apostolo
698 1020 711 1057 :
746 1004 812 1059 Et
864 1020 975 1069 vos,
1023 1012 1295 1075 parentes,
1345 1003 1514 1058 nolite
1570 1003 1639 1057 ad
1696 1003 2044 1057 iracundiam

388 1106 682 1161 provocare
708 1091 853 1161 ﬁlios
900 1099 1117 1147 vestros.
1153 1091 1299 1146 Nam
1356 1095 1412 1145 et
1469 1090 1579 1146 hoc
1609 1091 1920 1145 dicendum
1956 1095 2043 1146 est

395 1177 478 1233 eis
511 1181 575 1234 ut
604 1177 653 1233 si
686 1177 769 1233 illi
800 1178 900 1234 tali
928 1180 1136 1235 aﬁ‘ectu
1170 1196 1403 1251 parcere
1431 1179 1608 1235 velint
1640 1179 1872 1250 injuriis
1897 1179 2041 1235 ﬁlio-

397 1283 548 1333 rum,
575 1283 690 1322 non
723 1267 830 1323 hos
864 1267 1105 1340 impune
1136 1268 1418 1324 Dominus
1450 1269 1607 1337 sinit,
1634 1270 1745 1324 nisi
1781 1269 1925 1325 forte
1955 1269 2043 1324 di-

395 1354 493 1428 gni
524 1353 875 1427 pcnnitentia:
907 1356 1217 1412 exhibeant
1243 1374 1255 1410 :
1281 1357 1417 1429 quia
1444 1356 1628 1413 levius
1660 1362 1745 1413 est
1780 1358 1927 1413 ﬁlios
1951 1374 2045 1429 pa-

397 1447 626 1501 rentum
651 1444 921 1516 quzelibet
956 1445 1182 1517 flagella
1211 1446 1503 1517 suscipere
1548 1464 1724 1517 quam
1766 1446 1863 1501 Dei
1896 1446 2042 1502 iram

394 1534 709 1589 incurrere.
743 1535 1103 1590 Admonendi
1139 1540 1277 1589 sunt
1316 1536 1491 1590 etiam
1523 1536 1743 1590 domini
1777 1537 2043 1591 subdito-

396 1640 527 1678 rum
561 1627 624 1678 ut
656 1622 807 1679 circa
838 1624 1132 1695 subjectos
1162 1625 1254 1696 pie
1280 1628 1335 1679 et
1366 1625 1819 1681 misericorditer
1846 1630 2041 1698 agant,

399 1728 501 1767 nec
532 1728 630 1768 eos
654 1712 911 1785 qualibet
940 1713 1161 1784 injusta
1182 1713 1482 1769 occasione
1511 1715 1919 1779 condemnem,
1940 1732 2043 1769 nec

397 1817 496 1857 eos
517 1802 870 1873 opprimant,
888 1818 994 1856 nec
1016 1800 1245 1856 illorum
1266 1802 1685 1858 substantiolas
1706 1802 1921 1873 injuste
1942 1802 2047 1859 tol-

400 1888 543 1989 lant,
570 1906 673 1945 nec
704 1890 863 1989 ipsia.
883 1890 1075 1989 debita
1105 1907 1231 1962 qua:
1264 1908 1297 1945 a
1320 1891 1572 1989 subditis
1594 1892 1885 1947 reddenda
1906 1897 2045 1947 sunt
2075 1926 2121 1989 Β

402 1978 578 2052 impie
610 1995 676 2033 ac
724 1978 1037 2034 crudeliter
1083 1980 1335 2052 exigant.
1369 1980 1512 2045 Quia
1542 1997 1677 2052 ergo
1727 1985 1955 2036 constat
1985 1982 2044 2036 in

399 2066 658 2123 Ecclesia
686 2067 1048 2123 diversarum
1073 2068 1474 2123 conditionum
1506 2068 1774 2125 homines
1804 2087 1952 2139 esse,
1982 2074 2047 2126 ut

397 2154 516 2211 sint
546 2155 771 2211 nobiles
803 2160 859 2211 et
888 2156 1191 2229 ignobiles,
1231 2156 1400 2225 servi,
1426 2157 1635 2225 coloni,
1675 2158 1965 2230 inquilini,
1989 2163 2046 2214 et

394 2249 599 2300 caetera
628 2244 969 2317 hujusmodi
994 2244 1489 2318 nomina,oportet
1511 2251 1575 2302 ut
1604 2247 1938 2319 quicunque
1959 2249 2042 2303 eis
2088 2286 2097 2291 α

389 2333 611 2408 praelati
643 2338 803 2403 sunt,
826 2334 1020 2390 clerici
1069 2333 1187 2390 sive
1216 2331 1369 2401 laici,
1396 2334 1713 2391 clementer
1758 2353 1895 2410 erga
1943 2355 2042 2393 eos

386 2426 564 2496 agant
585 2426 642 2478 et
663 2422 1123 2479 misericorditer
1145 2440 1243 2480 eos
1276 2428 1544 2492 tractent,
1570 2425 1688 2481 sive
1720 2426 1776 2480 in
1809 2426 2039 2498 exigen-

387 2511 479 2568 dis
510 2512 582 2567 ab
610 2512 694 2568 eis
726 2512 1020 2584 operibus,
1045 2512 1161 2567 sive
1204 2513 1261 2567 in
1304 2513 1654 2585 accipiendis
1686 2515 1923 2570 tributis
1954 2515 2038 2571 vel

387 2600 743 2673 quibusdam
774 2601 1017 2669 debitis;
1048 2601 1348 2675 sciantque
1380 2620 1478 2657 eos
1512 2604 1716 2659 fratres
1746 2621 1885 2659 suos
1914 2622 2041 2661 esse

388 2695 444 2746 et
461 2707 642 2745 unum
663 2707 862 2746 secum
882 2694 1107 2762 patrem
1128 2707 1189 2746 se
1207 2691 1419 2747 habere
1439 2693 1741 2757 Deum,cui
1760 2693 2037 2750 clamant:

388 2780 551 2835 Pater
570 2787 748 2836 noster
766 2781 864 2851 qui
882 2796 935 2834 cs
959 2782 1017 2835 in
1038 2781 1205 2847 cwlz's,
1224 2785 1278 2834 et
1303 2798 1478 2836 unam
1510 2787 1751 2837 matrem
1778 2789 2038 2838 sanctam

389 2868 881 2940 Ecclesiam,quze
923 2885 1021 2922 eos
1069 2868 1416 2924 intemerato
1466 2871 1610 2925 sacri
1648 2871 1825 2927 fontis
1875 2877 2039 2928 utero

390 2956 594 3029 gignit.
615 2956 934 3029 Disciplina
956 2956 1137 3029 igitur
1165 2958 1248 3013 eis
1281 2958 1831 3015 misericordissima
1850 2966 1905 3016 et
1934 2978 2039 3033 gu-

391 3045 652 3101 bernatio
696 3051 1025 3119 opportuna
1071 3046 1402 3103 adhibenda
1450 3052 1566 3117 est;
1606 3049 1933 3122 disciplina,
1968 3066 2040 3106 ne

389 3133 821 3206 indisciplinate
851 3136 1093 3191 vivendo
1134 3143 1430 3192 auctorem
1483 3154 1657 3192 suum
1708 3139 2037 3207 offendant;

390 3223 755 3297 gubernatio,
780 3224 839 3278 in
872 3223 1228 3295 quotidianis
1266 3225 1393 3280 vitae
1424 3227 1849 3282 commeatibus
1890 3246 2038 3299 prae-

389 3310 642 3366 latorum
674 3308 1030 3366 adminiculo
1062 3310 1326 3365 destituti
1357 3311 1658 3367 fatescant.

987 3424 1219 3480 CAPUT
1256 3425 1445 3481 XXIV.

511 3515 659 3584 Quod
687 3531 798 3570 non
825 3516 899 3570 sit
923 3530 1283 3587 personarum
1306 3518 1541 3587 acceptio
1570 3516 1714 3588 apud
1742 3518 1930 3574 Deum.

459 3621 685 3692 (Concil.
718 3621 969 3678 Cabilon.
1016 3637 1076 3686 ιι,
1128 3637 1255 3693 cap.
1288 3621 1401 3689 34.)
1446 3622 1593 3686 Quia
1640 3623 1838 3696 igitur,
1893 3628 2037 3699 Apo-

388 3709 537 3767 stolo
569 3714 839 3777 testante,
867 3726 981 3765 non
1012 3714 1100 3765 est
1144 3727 1525 3782 personarum
1575 3714 1831 3786 acceptio
1881 3717 2037 3787 apud

390 3798 596 3865 Deum,
622 3803 679 3854 et
710 3798 768 3853 in
799 3799 1074 3854 omnibus
1099 3798 1339 3869 judiciis
1366 3802 1684 3857 cavendum
1719 3808 1827 3872 est,
1852 3803 2037 3860 multo

389 3886 581 3959 magis
613 3886 673 3942 in
705 3886 814 3942 hoc
838 3886 1186 3959 pmnitentiae
1209 3888 1433 3958 judicio
1456 3892 1759 3961 praecaveri
1785 3893 1955 3948 debet
1975 3898 2039 3948 ut

388 3974 589 4032 nullus
621 3976 988 4031 sacerdotum
1018 3993 1278 4040 unquam
1306 3982 1407 4032 aut
1437 3980 1624 4049 gratia
1651 3985 1751 4035 aut
1777 3982 1907 4037 odio
1937 3982 2037 4036 ali-

389 4065 559 4136 cujus
590 4082 847 4137 personze
880 4082 1048 4121 secus
1071 4064 1296 4137 judicet
1326 4084 1500 4139 quam
1529 4069 1682 4140 quod
1714 4069 1771 4124 in
1804 4071 2036 4127 canoni-

389 4154 500 4212 bus
521 4154 703 4211 sacris
726 4155 1026 4223 invenerit,
1043 4159 1145 4210 aut
1166 4156 1320 4227 quod
1356 4156 1436 4211 illi
1464 4158 1789 4214 secundum
1812 4164 2036 4214 sancta-

388 4261 521 4299 rum
553 4242 985 4316 Scripturarum
1027 4246 1430 4301 auctoritatem
1474 4251 1530 4302 et
1577 4247 2031 4304 ecclesiasticam

388 4331 872 4389 consuetudinem
897 4333 1111 4390 rectius
1131 4335 1320 4390 visum
1345 4336 1537 4391 fuerit.
1559 4336 1614 4391 Si
1637 4354 1773 4409 ergo
1798 4337 2029 4405 medici,

386 4421 485 4493 qui
512 4420 851 4493 corporibus
886 4424 1234 4479 medicinam
1259 4424 1470 4479 inferre
1491 4432 1794 4492 conantur,
1822 4443 2033 4498 nequa-

383 4526 558 4581 quam
592 4515 824 4583 propter
870 4528 1127 4583 persona:
1160 4511 1473 4583 cujuslibet
1515 4513 1905 4583 acceptionem
1938 4514 2029 4570 his

382 4614 530 4670 quos
560 4616 767 4656 sanare
799 4600 1043 4672 cupiunt
1084 4600 1361 4665 cauterio,
1387 4602 1487 4653 aut
1540 4600 1710 4668 ferro,
1736 4606 1837 4656 aut
1864 4602 2028 4658 duris

379 4688 509 4744 aliis
540 4688 902 4760 quibuslibet
940 4688 1134 4754 rebus,
1160 4691 1428 4757 parcunt,
1457 4685 1643 4742 multo
1692 4687 1881 4759 magis
1931 4689 2024 4746 his

380 4777 807 4832 observandum
831 4780 919 4830 est
941 4774 1042 4846 qui
1074 4791 1189 4828 non
1218 4791 1526 4845 corporum
1561 4776 1659 4830 sed
1691 4777 2022 4834 animarum

379 4866 589 4922 medici
622 4866 896 4920 existunt.
922 4864 1118 4934 Neque
1166 4862 1322 4917 enim
1374 4864 1675 4934 pensanda
1704 4870 1792 4920 est
1838 4868 2022 4937 pmni-

376 4953 561 5010 tentia
612 4953 935 5025 quantitate
994 4950 1296 5021 temporis,
1332 4953 1430 5005 sed
1466 4952 1668 5007 ardore
1724 4955 1937 5011 mentis
1968 4961 2024 5011 et

378 5042 819 5098 mortiﬁcatione
849 5038 1127 5110 corporis.
1153 5038 1262 5093 Cor
1289 5044 1481 5095 autem
1505 5041 1819 5097 contritum
1842 5048 1898 5099 et
1919 5043 2022 5099 hu-

379 5132 667 5188 miliatum
701 5131 854 5185 Deus
888 5145 1001 5183 non
1036 5127 1277 5198 spernit.

978 5232 1211 5287 CAPUT
1255 5234 1416 5291 XXV.

912 5325 992 5376 De
1034 5320 1484 5380 discordantibus.

446 5412 645 5482 (Addit.
676 5428 731 5466 xv
777 5410 1105 5481 Capitular.,
1148 5428 1273 5485 cap.
1305 5415 1418 5487 50.)
1460 5415 1791 5474 Oblationcs
1838 5419 2019 5475 dissi-

373 5500 639 5557 dentium
668 5499 917 5554 fratrum
950 5515 1135 5571 neque
1166 5500 1223 5556 in
1258 5505 1512 5561 sacrario
1547 5522 1733 5578 neque
1764 5507 1823 5562 in
1854 5524 2019 5581 gazo-

372 5586 640 5661 phylacio
700 5585 1071 5658 recipiantur.
1108 5588 1328 5646 Placuit
1369 5593 1545 5648 etiam
1583 5599 1644 5649 ut
1688 5595 1839 5651 sicut
1894 5594 2017 5668 ple-

439 5702 519 5777 (a)
548 5700 689 5762 Vide
717 5711 874 5761 notas
904 5704 973 5762 ad
1002 5706 1347 5780 Reginonem,
1381 5725 1512 5782 pag.
1544 5710 1668 5764 550.

2148 643 2615 710 discesserint,et
2636 646 2707 700 ad
2734 662 2935 717 pacem
2960 646 3147 702 redire
3169 646 3451 703 diuturna
3481 647 3806 703 intentione

2149 732 2461 799 noluerint,
2486 734 2555 789 de
2596 732 2861 789 Ecclesiae
2894 739 3043 790 cmtu
3076 736 3415 806 justissima
3465 753 3808 791 excommu-

2150 821 2434 877 nicatione
2464 822 2757 893 pellantur
2777 824 3161 896 quoadusque
3192 825 3261 879 ad
3287 825 3807 897 charitatem,que

2149 910 2405 981 cooperit
2465 909 2903 967 multitudinem
2950 917 3343 985 peccatorum,
3386 914 3590 971 venire
3646 915 3808 971 festi-

2152 1003 2289 1053 nent
2322 1002 2419 1067 (η).

2746 1089 2977 1145 CAPUT
3012 1090 3200 1147 XXVI.

2434 1178 2681 1245 Qualiter
2703 1179 2815 1234 dies
2839 1180 3153 1235 Dominicus
3185 1182 3515 1237 observetur.

2224 1265 2370 1331 (Lib.
2414 1283 2428 1320 ι
2469 1268 2799 1338 Capitular.,
2851 1285 2979 1340 cap.
3008 1271 3113 1336 75;
3164 1269 3264 1325 lib.
3315 1289 3391 1339 γι,
3425 1287 3555 1343 cap.
3591 1272 3721 1338 380,
3756 1278 3808 1327 et

2151 1353 2253 1408 lib.
2286 1370 2383 1421 vn,
2410 1372 2535 1427 cap.
2566 1357 2721 1425 276.)
2751 1356 2913 1411 Diem
2965 1357 3325 1413 dominicum
3373 1360 3631 1432 apostoli
3684 1362 3807 1416 ideo

2153 1443 2423 1515 religiosa
2454 1449 2771 1500 sanxerunt
2796 1444 3161 1502 solemnitate
3198 1448 3335 1520 quia
3372 1448 3431 1503 in
3473 1449 3683 1504 eodem
3721 1450 3807 1505 die

2153 1533 2505 1604 Redemptor
2528 1538 2722 1588 noster
2742 1552 2774 1589 a
2797 1534 3047 1590 mortuis
3067 1538 3401 1592 resurrexit.
3417 1538 3653 1609 Quique
3683 1539 3807 1595 ideo

2152 1620 2490 1675 Dominicus
2513 1622 2839 1694 appellatur
2859 1624 2999 1679 utin
3037 1640 3102 1680 eo
3125 1643 3158 1680 a
3179 1626 3423 1681 terrenis
3446 1628 3734 1698 operibus
3758 1634 3810 1683 et

2152 1728 2182 1764 a
2217 1710 2417 1764 mundi
2453 1710 2739 1767 illecebris
2769 1712 3152 1778 abstinentes,
3176 1718 3406 1770 tantum
3433 1715 3658 1772 divinis
3690 1716 3810 1771 cul-

2152 1797 2311 1852 tibus
2347 1799 2689 1855 serviamus.
2724 1801 2867 1855 Nam
2919 1801 3073 1857 sicut
3118 1800 3245 1874 ipse
3294 1803 3588 1859 Dominus
3638 1806 3807 1860 Jesus

2152 1885 2420 1942 Christus
2448 1893 2505 1942 et
2534 1887 2798 1944 Salvator
2836 1894 3034 1945 noster
3079 1890 3251 1945 tertia
3281 1890 3373 1947 die
3423 1893 3755 1948 resurrexit
3782 1911 3809 1947 a

2156 1975 2423 2041 mortuis,
2448 1976 2529 2030 ita
2558 1982 2612 2031 et
2643 1995 2749 2032 nos
2793 1983 3219 2034 resurrecturos
3251 1979 3311 2034 in
3344 1982 3681 2038 novissimo
3713 2000 3809 2037 sm.

2153 2062 2283 2119 culo
2307 2066 2812 2136 speramus.Unde
2831 2068 3005 2123 etiam
3038 2068 3096 2123 in
3129 2068 3434 2125 Dominica
3455 2070 3553 2125 die
3588 2075 3807 2126 stantes

2153 2168 2390 2209 oramus
2425 2170 2438 2208 :
2475 2156 2626 2229 quod
2674 2160 2763 2211 est
2804 2156 3039 2229 signum
3074 2158 3279 2213 futura:
3330 2161 3805 2216 resurrectionis.

2152 2242 2268 2297 Hoc
2299 2241 2419 2315 agit
2464 2239 2734 2299 universa
2761 2244 3017 2300 Ecclesia
3049 2263 3175 2318 quae
3230 2246 3288 2301 in
3337 2248 3807 2321 peregrinatione

2152 2330 2524 2387 mortalitatis
2550 2332 2782 2388 inventa
2806 2338 2913 2397 est,
2939 2340 3280 2406 exspectans
3311 2336 3370 2390 in
3399 2336 3583 2392 ﬁnem
3616 2337 3804 2393 saeculi

2151 2421 2304 2492 quod
2338 2420 2397 2476 in
2445 2421 2675 2477 Domini
2709 2424 2890 2478 nostri
2922 2423 3063 2479 Jesu
3096 2424 3308 2480 Christi
3360 2442 3612 2499 corpore
3668 2444 3803 2499 prae-

2151 2514 2540 2564 monstratum
2574 2515 2679 2577 est,
2701 2510 2800 2583 qui
2831 2515 2920 2566 est
2949 2512 3379 2586 primogenitus
3409 2520 3800 2571 mortuorum.

2150 2598 2285 2654 Dies
2337 2603 2531 2654 autem
2566 2598 2905 2655 Dominicus
2944 2617 2978 2656 a
3016 2601 3366 2659 Christianis
3420 2607 3557 2676 post
3616 2621 3802 2660 resur-

2150 2686 2461 2743 rectionem
2495 2688 2723 2743 Domini
2775 2687 3101 2745 celcbratus
3144 2695 3252 2759 est,
3278 2697 3333 2746 et
3381 2708 3450 2747 ex
3503 2691 3606 2748 illo
3640 2695 3803 2765 cmpit

2150 2775 2360 2831 habere
2414 2776 2779 2832 festivitatem
2832 2794 3021 2833 suam.
3048 2780 3238 2834 Tanta
3267 2797 3403 2853 ergo
3455 2781 3644 2852 hujus
3696 2782 3802 2836 diei

2149 2864 2320 2919 debet
2348 2882 2474 2920 esse
2506 2866 2876 2921 observantia
2914 2872 2980 2922 ut
3019 2873 3225 2939 printer
3250 2870 3544 2925 orationes
3577 2875 3637 2925 et
3668 2872 3803 2925 mis-

2150 2970 2347 3009 sarum
2382 2954 2667 3010 solemnia
2696 2960 2753 3010 et
2783 2973 2851 3010 ea
2876 2973 3000 3028 qua:
3028 2958 3099 3012 ad
3123 2958 3477 3013 vescendum
3510 2960 3803 3031 pertinent

2149 3042 2295 3098 nihil
2328 3042 2483 3099 aliud
2517 3044 2634 3099 ﬁat.
2659 3043 2939 3100 Videlicet
2984 3049 3047 3101 ut
3096 3063 3200 3102 nec
3250 3064 3428 3119 opera
3476 3047 3719 3103 servilia
3750 3049 3802 3103 in

2148 3147 2215 3187 eo
2247 3136 2515 3205 agantur,
2549 3149 2653 3187 nec
2695 3132 2802 3187 viri
2844 3134 3061 3189 ruralia
3091 3139 3416 3201 exerceant,
3450 3152 3557 3191 nec
3608 3135 3804 3191 vineas

2152 3219 2363 3287 colant,
2410 3236 2513 3275 nec
2570 3237 2809 3292 campos
2866 3226 3049 3290 arent,
3084 3239 3191 3278 nec
3243 3240 3496 3279 messem
3556 3229 3803 3289 metant,

2070 3293 2112 3360 C
2153 3324 2257 3363 nec
2306 3308 2505 3363 fenum
2555 3314 2768 3377 secent,
2800 3325 2921 3372 nec
2958 3327 3155 3383 sepem
3209 3316 3446 3384 ponant,
3488 3328 3598 3367 nec
3633 3312 3804 3368 silvas

2151 3398 2417 3469 stirpent,
2438 3414 2543 3453 nec
2565 3399 2799 3454 arbores
2822 3400 3063 3468 caedant,
3089 3417 3195 3456 nec
3215 3400 3275 3455 in
3302 3401 3480 3473 petris
3514 3400 3803 3467 laborent,

2149 3503 2255 3543 nec
2277 3487 2483 3543 domos
2505 3492 2867 3556 construant,
2893 3505 2995 3543 nec
3024 3488 3258 3544 hortum
3293 3489 3527 3556 faciant,
3551 3507 3669 3545 nec
3699 3496 3805 3546 ter-

2149 3593 2273 3630 ram
2307 3579 2595 3643 moveant,
2625 3593 2730 3631 nec
2762 3577 2833 3632 ad
2866 3575 3079 3649 placita
3107 3578 3470 3645 conveniant,
3496 3594 3605 3633 nec
3633 3596 3805 3634 vena-

2148 3665 2335 3721 tiones
2356 3668 2680 3732 exerceant,
2706 3664 2820 3719 nisi
2848 3669 3076 3719 tantum
3096 3664 3212 3720 cibi
3237 3665 3325 3720 vel
3348 3665 3577 3738 frigoris
3608 3682 3805 3721 neces-

2148 3755 2336 3809 sitate.
2363 3754 2505 3809 Item
2537 3752 2765 3808 feminas
2797 3770 2973 3825 opera
3002 3753 3255 3809 trextilia
3285 3771 3399 3809 non
3433 3754 3682 3821 faciant,
3710 3771 3804 3810 nec

2146 3843 2494 3897 vestimenta
2524 3841 2814 3914 capulent,
2846 3858 2949 3896 nec
2980 3848 3285 3909 consuant,
3320 3860 3421 3898 nec
3453 3842 3805 3899 vestimenta

2147 3931 2358 3999 lavent,
2392 3948 2497 3986 nec
2528 3930 2760 4001 liniant,
2791 3947 2897 3986 nec
2944 3930 3129 3985 linum
3184 3932 3432 3997 battant,
3467 3948 3569 3986 nec
3605 3932 3801 3987 lanam

2145 4037 2380 4092 carpere
2402 4025 2780 4092 prazsumant,
2803 4037 2908 4075 nec
2931 4020 3192 4076 berbices
3213 4021 3510 4086 tondeant,
3533 4025 3594 4075 ut
3619 4022 3804 4076 omni-

2146 4109 2336 4164 modis
2367 4110 2652 4163 bonorum
2684 4108 2915 4180 requies
2948 4108 3040 4163 die
3067 4108 3371 4164 Dominico
3416 4108 3800 4180 personatur.

2146 4198 2273 4269 Ipse
2303 4201 2393 4253 est
2423 4197 2577 4252 enim
2630 4196 2858 4269 primus
2890 4197 3013 4253 dies
3044 4196 3260 4253 saaculi.
3296 4198 3359 4252 In
3391 4198 3516 4269 ipso
3548 4199 3800 4253 formata

2144 4291 2283 4342 sunt
2310 4286 2595 4342 elementa
2626 4284 2851 4352 mundi,
2873 4285 2933 4340 in
2967 4286 3093 4357 ipso
3119 4286 3297 4342 creati
3328 4290 3465 4341 sunt
3492 4286 3719 4358 angeli,
3748 4288 3795 4342 in

2143 4392 2208 4430 eo
2238 4392 2455 4430 manna
2485 4376 2556 4429 de
2587 4373 2729 4428 coalo
2752 4374 2954 4428 datum
2987 4378 3097 4441 est,
3123 4374 3180 4429 in
3214 4390 3283 4429 ea
3313 4375 3676 4446 Redemptor
3698 4376 3795 4430 bu-

2143 4464 2300 4519 mani
2333 4462 2562 4537 generis
2593 4480 2625 4517 a
2655 4464 2906 4518 mortuis
2954 4464 3287 4529 resurrexit,
3312 4463 3371 4518 in
3423 4480 3487 4519 eo
3537 4464 3792 4535 Spiritus

2141 4558 2380 4609 sanctus
2411 4570 2587 4624 super
2622 4550 2942 4624 discipulos
2972 4553 3290 4608 descendit.
3315 4553 3787 4608 Conveniendum

2057 4663 2102 4727 Ι)
2136 4646 2224 4698 est
2271 4642 2512 4698 sabbato
2549 4641 2643 4696 die
2680 4658 2813 4696 cum
2872 4640 3263 4697 luminaribus
3321 4642 3394 4697 ad
3451 4640 3777 4707 ecclesiam,

2132 4730 2593 4787 conveniendum
2626 4734 2715 4785 est
2763 4730 2833 4785 ad
2883 4730 3113 4803 vigilias
3145 4731 3265 4786 sive
3295 4731 3367 4785 ad
3421 4731 3777 4786 matutinum

2133 4819 2893 4881 ofﬁcium.concurrendum
2917 4823 3004 4875 est
3023 4820 3199 4875 etiam
3222 4837 3355 4875 cum
3389 4819 3776 4875 oblationibus

2132 4909 2205 4963 ad
2237 4909 2555 4963 missarum
2596 4907 2898 4963 solemnia.
2922 4908 2992 4963 Et
3036 4909 3177 4963 dum
3226 4909 3586 4977 convenitur,
3621 4908 3775 4964 nulla

2123 4997 2324 5070 jurgia
2352 5000 2491 5052 sunt
2520 4996 2815 5065 habenda;
2844 4997 2947 5052 sed
2977 5000 3099 5053 tota
3142 4998 3235 5053 die
3272 5002 3501 5052 tantum
3535 4998 3650 5053 Deo
3681 5014 3772 5052 νεα

2132 5087 2383 5141 candum
2408 5088 2516 5153 est,
2542 5102 2658 5140 non
2688 5085 2748 5140 in
2776 5085 3014 5157 crapula
3040 5090 3094 5142 et
3114 5086 3394 5142 ebrietate
3414 5086 3499 5142 vel
3530 5087 3587 5141 in
3615 5086 3772 5141 luxu-

2132 5174 2234 5230 riis
2264 5179 2321 5230 et
2342 5173 2712 5245 jocularibus
2758 5174 2971 5241 verbis,
3005 5175 3105 5231 sed
3155 5175 3213 5229 in
3266 5174 3368 5231 Dei
3419 5174 3688 5231 laudibus
3716 5177 3769 5228 et

2129 5261 2513 5336 eleemosynis
2544 5279 2678 5318 cum
2719 5262 2946 5329 amicis,
2999 5263 3299 5336 proximis,
3353 5269 3411 5319 et
3459 5261 3763 5336 peregrinis

2129 5351 2472 5424 spiritaliter
2503 5351 2885 5424 epulandum.

2723 5457 2955 5514 CAPUT
2999 5458 3215 5515 XXVII.

2628 5554 2704 5604 De
2732 5548 2918 5604 diebus
2943 5551 3097 5621 festis
3122 5551 3278 5605 anni.

2199 5635 2345 5708 (Lib.
2379 5653 2423 5695 ιι
2454 5636 2783 5711 Capitnlar.,
2838 5654 2964 5711 cap.
3009 5639 3107 5708 35;
3165 5638 3405 5712 Regino,
3439 5638 3537 5695 lib.
3569 5652 3604 5707 ι,
3636 5650 3749 5707 cap.
