3894 6204
397 452 515 515 719

990 582 1221 638 CAPUT
1259 583 1446 640 XXXI.

717 675 798 731 De
822 674 1311 731 observationibus
1340 676 1722 747 jejuniorum.

472 780 835 854 (Capitulare
867 780 1180 854 Tlteodulﬁ,
1214 798 1340 855 cap.
1375 784 1480 852 ’10;
1514 783 2045 853 Capitular.Caroli

402 872 575 943 Calvi,
609 871 700 926 tit.
751 871 842 939 38,
892 887 1017 943 cap.
1063 872 1133 939 8;
1166 873 1503 941 Capitutare
1559 874 1866 946 Theodul/i,
1914 890 2036 946 cap.

403 959 517 1031 42.)
556 959 923 1015 Abstinentia
970 959 1030 1014 in
1076 960 1281 1017 diebus
1327 962 1538 1033 jejunii
1588 980 1733 1034 pene
1781 964 2045 1019 omnium

402 1046 743 1103 deliciarum
773 1064 901 1105 esse
931 1048 1119 1116 debet,
1153 1053 1208 1105 et
1237 1050 1428 1106 sobrie
1451 1055 1507 1105 et
1527 1056 1681 1107 caste
1710 1051 2042 1122 vivendum,

403 1138 471 1191 ut
499 1136 858 1192 sanctificato
917 1137 1088 1193 corde
1143 1141 1200 1193 et
1255 1155 1493 1210 corpore
1538 1138 1649 1212 ipsi
1691 1141 1877 1197 sancti
1922 1141 2045 1199 dies

401 1225 825 1297 transigantur.
870 1226 1345 1282 Denuntiandnm
1395 1232 1484 1283 est
1533 1227 1707 1285 etiam
1758 1230 2045 1288 ministris

403 1312 733 1387 reipublicae
765 1318 830 1370 ut
859 1332 893 1371 a
921 1321 1128 1386 quarta
1150 1316 1294 1371 feria
1315 1320 1447 1373 ante
1468 1317 1702 1374 initium
1722 1321 2043 1395 Quadrage-

400 1402 697 1483 simeemec
727 1403 786 1459 in
816 1403 945 1477 ipsa
975 1410 1183 1477 quarta
1212 1405 1377 1475 feria,
1410 1423 1597 1479 usque
1643 1411 1776 1481 post
1817 1415 2046 1467 octavas

401 1490 904 1562 Pascbte,mallum
934 1492 1022 1549 vel
1058 1493 1335 1566 placitum
1360 1495 1662 1567 publicum
1686 1496 1797 1555 nisi
1822 1501 1891 1555 de
1917 1518 2048 1555 con-

399 1581 601 1638 cordia
628 1585 685 1637 et
732 1582 1137 1654 pacificatione
1186 1584 1648 1641 discordantium
1679 1591 1875 1645 tenere
1901 1607 2046 1662 prae-

401 1675 658 1728 sumant.
692 1671 973 1728 Similiter
1002 1691 1035 1728 a
1066 1677 1274 1745 quarta
1314 1673 1459 1730 feria
1488 1681 1624 1731 ante
1662 1676 2043 1747 nativitatem,

400 1759 631 1817 Domini
656 1778 838 1834 usque
870 1766 1003 1834 post
1032 1768 1400 1820 consecratos
1432 1764 1555 1821 dies
1577 1766 2046 1835 observent,nec—

402 1867 518 1906 non
549 1855 605 1906 et
635 1850 694 1906 in
718 1851 963 1924 jejuniis
985 1856 1237 1924 quatuor
1260 1858 1589 1926 temporum
1620 1856 1749 1911 etin
1776 1857 2045 1931 Rogatio-

402 1938 576 1996 nibus
598 1940 724 1995 etin
744 1941 1214 2013 caeterisjejuniis
1228 1943 1561 2000 constitutis
1583 1944 1762 1999 simili
1780 1946 2049 2003 observa-
2079 1953 2127 2017 B

400 2029 560 2085 tione
589 2030 824 2085 eosdem
860 2028 1095 2086 feriatos
1128 2030 1253 2085 dies
1284 2032 1543 2086 venerari
1573 2033 1906 2091 omninodis
1929 2041 2048 2092 stu-

403 2116 667 2173 deant.In
697 2117 790 2173 his
820 2122 1015 2174 autem
1037 2118 1400 2189 jejuniorum
1434 2120 1639 2177 diebus
1672 2122 1843 2178 nullae
1893 2124 2045 2194 lites,

404 2203 579 2260 nulla:
593 2205 993 2260 contentiones
1012 2223 1139 2261 esse
1161 2206 1392 2272 debent,
1403 2208 1503 2262 sed
1518 2207 1574 2262 in
1590 2209 1688 2265 Dei
1702 2209 1978 2269 laudibus
1993 2221 2050 2271 et

402 2294 462 2349 in
476 2310 647 2366 opere
660 2294 985 2349 necessario
996 2293 1323 2366 persistend
1334 2314 1363 2349 u
1374 2314 1429 2350 m
1440 2341 1450 2352 .
1462 2296 1820 2371 Arguitcnim
1836 2319 1933 2359 eos
1948 2304 2047 2374 qui

403 2382 804 2438 contentiones
834 2386 892 2437 et
922 2382 1053 2437 lites
1068 2383 1282 2454 jejunii
1302 2389 1561 2457 tempore
1582 2393 2045 2465 exercent,etqui

402 2471 599 2527 debita
628 2488 662 2527 a
691 2470 1053 2527 debitoribus
1084 2471 1341 2545 exigunt,
1377 2474 1659 2534 Dominus
1683 2494 1785 2548 per
1804 2481 2049 2553 prophe-

400 2565 522 2617 tam
535 2560 735 2617 dicens
760 2578 773 2616 :
798 2566 935 2618 Ecce
952 2562 1009 2617 in
1032 2562 1130 2618 die
1138 2563 1363 2633 jejunii
1378 2565 1553 2621 vestri
1572 2566 1943 2625 inveniuntur
1960 2587 2047 2627 vo-

401 2651 648 2707 luntates
676 2657 969 2721 vestrazmt
999 2668 1193 2708 omnes
1216 2653 1499 2710 debitores
1526 2664 1745 2713 vestros
1763 2660 2043 2729 repetitis.

396 2743 541 2797 Ecce
568 2741 645 2797 ad
676 2740 803 2797 lites
830 2751 884 2797 et
911 2742 1300 2798 contentiones
1320 2744 1629 2814 jejunatis,
1662 2756 1717 2802 et
1744 2750 2046 2819 percutitis

395 2840 592 2903 pugno
621 2829 813 2899 impie,

974 2937 1204 2994 CAPUT
1240 2937 1452 2996 XXXII.

731 3028 809 3084 De
832 3027 1169 3100 pamitentia
1186 3027 1462 3100 ﬁdelibus
1491 3030 1703 3088 danda.

472 3134 829 3205 (Capitutare
875 3135 1182 3206 Theodul/i,
1230 3151 1354 3206 cap.
1386 3137 1475 3204 36,
1508 3138 1618 3205 31).
1666 3139 2044 3199 Hebdomada

401 3240 523 3281 una
539 3228 674 3281 ante
692 3223 926 3278 initium
946 3223 1412 3294 Quadragesimaa
1440 3226 1834 3284 confessiones
1852 3246 2041 3286 sacer-

396 3312 633 3370 dotibus
662 3311 868 3368 dandea
898 3314 1037 3367 sunt
1067 3311 1406 3382 poenitentia
1435 3314 1791 3386 accipienda,
1823 3317 2041 3374 discor-
2069 3321 2111 3388 C

399 3402 607 3457 dantes
637 3398 1072 3465 reconciliandi,
1106 3404 1163 3454 et
1195 3399 1393 3455 omnia
1428 3402 1627 3473 jurgia
1657 3405 1953 3473 sedanda;
1986 3412 2043 3462 et

401 3489 695 3545 dimittere
724 3488 939 3543 debent
967 3487 1163 3543 debita
1191 3487 1440 3543 invicem
1469 3491 1540 3545 de
1588 3493 1863 3549 cordibus
1892 3495 2040 3563 suis,

402 3582 467 3632 ut
496 3576 738 3633 liberius
766 3575 991 3630 dicant:
1017 3576 1250 3632 Dimitte
1272 3578 1430 3633 nobis
1453 3578 1648 3634 debita
1666 3585 2041 3650 nostra,sicut

397 3675 455 3721 et
482 3680 585 3722 nos
614 3665 967 3721 dimittimus
989 3665 1204 3720 debitor
1216 3665 1344 3721 ibus
1370 3669 1598 3724 nostris.
1632 3670 1701 3724 Et
1732 3670 1814 3726 sic
1844 3672 2039 3746 ingre-

395 3754 622 3811 dientes
652 3752 713 3809 in
742 3753 923 3808 beata:
953 3752 1419 3825 Quadragesimaa
1449 3760 1683 3829 tempus
1714 3761 1954 3817 mundis
1983 3766 2040 3817 et

393 3843 522 3917 puri
532 3842 717 3899 ticatis
733 3841 1030 3897 mentibus
1051 3843 1122 3897 ad
1142 3846 1408 3898 sanctum
1433 3845 1655 3901 Pascha
1677 3849 2039 3916 accedant,et

392 3949 497 4006 per
525 3929 925 4004 paenitentiam
974 3947 1036 3986 se
1087 3936 1379 3999 renovent,
1430 3949 1555 4004 quae
1607 3940 1695 3991 est
1743 3938 2036 3994 secundus

388 4019 1153 4094 baptismus.Confessiones
1183 4037 1318 4076 varo
1342 4022 1543 4077 dandae
1578 4029 1718 4080 sunt
1747 4025 1818 4080 de
1846 4025 2031 4080 omni-

386 4110 499 4167 bus
529 4109 781 4182 peccatis
811 4124 936 4180 quaa
967 4108 1085 4165 sive
1115 4107 1174 4163 in
1217 4104 1389 4181 opere
1441 4111 1562 4169 sive
1591 4112 1650 4167 in
1683 4113 2033 4185 cogitatione

384 4197 959 4273 perpetrantur.Octo
980 4200 1118 4253 sunt
1138 4198 1281 4254 vitia
1301 4198 1647 4273 principalia
1669 4201 1793 4257 sine
1816 4202 2032 4273 quibus

383 4287 479 4344 vix
510 4286 665 4342 ullus
691 4285 938 4341 inveniri
968 4290 1176 4358 potest.
1211 4288 1313 4342 Est
1341 4288 1497 4344 enim
1530 4288 1786 4361 primum
1812 4290 2029 4363 gastri-

385 4375 747 4448 margia,hoc
775 4379 864 4430 est
890 4374 1109 4431 ventris
1144 4375 1447 4447 ingluvies,
1480 4379 1805 4435 secundum
1850 4378 2028 4434 forni-

382 4464 801 4533 catio,tertium
834 4463 1053 4518 accidia
1076 4462 1195 4519 sive
1225 4464 1486 4529 tristitia,
1521 4470 1797 4535 quartum
1836 4466 2026 4520 avari-

382 4553 487 4621 tia,
521 4553 792 4625 quintum
833 4569 984 4609 vana
1028 4551 1233 4625 gloria,
1282 4556 1510 4607 sextum
1557 4552 1796 4619 invidia,
1849 4554 2028 4625 septi-

386 4658 551 4698 mum
580 4641 687 4709 ira,
705 4646 972 4697 octavum
1022 4639 1316 4711 superbia.
1348 4640 1589 4703 Quando
1621 4656 1756 4712 ergo
1788 4641 1921 4712 quis
1951 4644 2024 4698 ad

383 4730 807 4788 confessionem
838 4728 1013 4795 venit,
1047 4727 1357 4798 diligenter
1404 4726 1574 4781 debet
1620 4727 1839 4799 inquiri
1884 4747 2024 4802 quo-

383 4819 556 4874 modo
586 4823 687 4874 aut
707 4835 822 4890 qua
842 4816 1146 4873 occasione
1167 4818 1470 4886 peccatum
1500 4817 1849 4888 perpetravit
1869 4821 2023 4889 quod

384 4907 676 4979 peregisse
707 4906 1034 4970 confitetur,
1058 4907 1115 4958 et
1137 4904 1306 4974 juxta
1336 4903 1574 4958 modum
1606 4906 1739 4960 facti
1768 4906 1940 4962 debet
1970 4908 2019 4963 ei

381 4995 721 5068 paenitentia
747 4991 1201 5049 indicari.Debet
1229 4990 1277 5046 ei
1314 4992 1648 5063 persuaderi
1680 4997 1744 5047 ut
1792 4995 1863 5050 de
1893 5012 2020 5067 per-

378 5083 561 5139 versis
592 5080 1039 5155 cogitationibus
1068 5079 1241 5133 faciat
1284 5078 1729 5135 confessionem.
1763 5084 1940 5139 Debet
1968 5084 2021 5140 ei

379 5170 552 5227 etiam
584 5169 810 5243 injungi
846 5183 911 5222 ut
938 5169 1008 5223 de
1035 5170 1161 5220 octo
1193 5166 1347 5222 vitiis
1394 5168 1814 5241 principalibus
1845 5171 2021 5229 faciat

378 5260 820 5315 confessionem.
880 5257 948 5310 Et
1006 5254 1349 5309 nominatim
1403 5256 1574 5313 debet
1628 5260 1679 5313 ei
1746 5262 2017 5318 sacerdos

375 5346 837 5417 unumquodque
865 5341 1073 5397 vitium
1105 5341 1292 5398 dicere
1323 5348 1380 5399 et
1410 5361 1574 5401 suam
1604 5347 1675 5403 de
1705 5364 1771 5404 eo
1799 5351 2021 5405 confes-

376 5434 600 5491 sionem
630 5431 912 5501 accipere.

940 5534 1169 5593 CAPUT
1205 5537 1446 5594 XXXIII.

639 5628 722 5682 Dc
749 5624 936 5681 modis
955 5625 1302 5696 pandentia:
1329 5628 1420 5682 vel
1443 5630 1733 5684 remediis.

447 5730 678 5814 (Concil.
709 5731 961 5794 Cabiton.
996 5751 1055 5807 ιι,
1089 5749 1216 5808 cap.
1248 5733 1361 5809 38.)
1393 5729 1602 5790 Modus
1652 5738 1849 5792 autem
1894 5752 2013 5810 poc-

1422 448 1756 512 RODULFI
1803 445 2345 509 BITURICENSIS
2389 444 2767 506 EPISCOPI.

3692 442 3803 499 720

2070 579 2126 646 Α
2152 576 2407 632 nitentia:
2438 579 2673 649 peccata
2702 591 2811 631 sua
2841 573 3253 630 confitentibus
3282 577 3384 629 aut
3401 590 3507 646 per
3536 573 3805 645 antiquo.

2152 683 2283 722 rum
2321 682 2611 720 canonum
2660 662 3111 732 institutionem,
3164 668 3263 719 aut
3310 680 3414 736 per
3459 667 3802 719 sanctarum

2153 755 2589 826 Scripturarum
2621 752 3048 820 auctoritatem,
3082 756 3182 808 aut
3210 770 3313 825 per
3342 752 3802 809 ecclesiasticam

2153 842 2635 900 consuetudinem
2667 842 2889 914 imponi
2920 842 3439 914 debet,repudiatis
3471 858 3539 898 ac
3571 842 3807 914 penitus

2152 931 2469 988 eliminatis
2500 930 2713 987 libellis
2757 947 2906 1003 quos
2933 930 3364 1004 pmnitentiales
3395 937 3647 1001 vocant;
3673 949 3806 1003 quo-

2153 1037 2283 1076 rum
2317 1023 2457 1077 sunt
2486 1021 2625 1076 certi
2657 1037 2900 1086 errores,
2931 1019 3137 1075 incerti
3160 1024 3449 1092 auctores,
3484 1020 3558 1077 de
3591 1021 3807 1094 quibus

2154 1115 2307 1167 recte
2329 1110 2443 1166 dici
2464 1109 2651 1182 potest
2676 1126 2689 1165 :
2714 1111 3136 1180 Mortiﬁcabant
3154 1110 3387 1165 animus
3406 1126 3533 1182 quae
3554 1126 3676 1165 non
3699 1127 3808 1167 mo-

2152 1201 2545 1267 riebantur,et
2575 1199 2939 1269 viviﬁcabant
2965 1199 3193 1255 animos
3219 1215 3342 1272 qua?
3372 1216 3487 1255 non.
3518 1200 3804 1255 vivebant.

2153 1288 2260 1353 Qui
2291 1289 2431 1345 dum
2463 1305 2567 1360 pro
2612 1288 2868 1361 peccatis
2916 1288 3192 1361 gravibus
3241 1287 3395 1343 leves
3427 1288 3729 1361 quosdam
3760 1294 3807 1343 et

2151 1374 2469 1431 inusitatos
2500 1375 2813 1447 imponunt
2858 1374 3209 1447 poenitentiae
3238 1374 3465 1445 modos,
3513 1384 3809 1432 consuunt

2155 1462 2448 1536 pulvillos,
2482 1465 2804 1520 secundum
2855 1464 3261 1538 propheticum
3303 1481 3669 1531 sermonem,
3704 1466 3807 1522 sub

2156 1552 2315 1610 omni
2345 1553 2539 1609 cubito
2571 1570 2782 1610 manus
2814 1558 2873 1610 et
2903 1553 3126 1609 faciunt
3146 1554 3453 1610 cervicalia
3485 1555 3605 1611 sub
3630 1555 3809 1628 capite

2155 1642 2438 1697 universae
2467 1642 2651 1697 aetatis
2693 1643 2763 1698 ad
2814 1643 3128 1715 capiendas
3157 1643 3406 1699 animas.
3439 1644 3619 1700 Sicut
3659 1646 3806 1701 enim

2156 1731 2485 1801 baptismus
2517 1735 2769 1804 peccata,
2790 1732 2872 1787 ita
2893 1736 2949 1787 et
2970 1732 3309 1804 poenitentia
3330 1719 3565 1806 purgat.
3578 1733 3808 1806 Septem

2155 1819 2312 1874 enim
2344 1820 2534 1876 modis
2563 1825 2799 1892 peccata
2849 1820 3064 1876 dimitti
3113 1821 3413 1894 Scriptura
3460 1828 3681 1879 sancta
3719 1824 3807 1880 de-

2158 1913 2464 1965 monstrat.
2500 1908 2690 1964 Primo
2713 1911 2770 1964 in
2802 1910 3439 1982 baptismate,secundo
3462 1929 3573 1985 per
3608 1918 3809 1985 marty-

2158 1997 2508 2065 rium,tertio
2538 2016 2640 2071 per
2670 1998 3119 2072 clcemosynam,
3147 2001 3316 2071 juxta
3367 2000 3515 2057 illud
3560 2018 3807 2075 evange-

2157 2102 2291 2140 cum
2325 2102 2337 2139 :
2368 2087 2763 2143 Verumtamen
2819 2088 2953 2144 date
3003 2086 3448 2159 eleemosynam,
3513 2101 3573 2147 et
3619 2094 3806 2148 omnia

2155 2175 2371 2231 munda
2398 2186 2532 2232 sunt
2558 2178 2728 2233 vobis.
2764 2178 2979 2241 Quarto
3012 2178 3061 2233 si
3094 2179 3349 2233 remittat
3374 2178 3517 2251 quis
3549 2183 3806 2253 peccanti

2155 2262 2213 2316 in
2246 2280 2308 2319 se
2338 2269 2574 2335 peccata
2603 2283 2730 2332 sua,
2754 2268 2924 2339 juxta
2953 2265 3097 2320 illud
3134 2283 3147 2320 :
3181 2268 3462 2323 Dimittite
3485 2279 3547 2325 et
3567 2270 3807 2327 dimitte-

2156 2363 2256 2409 tur
2282 2355 2455 2410 vobis.
2490 2355 2700 2418 Quinto
2731 2356 2777 2409 si
2811 2372 2914 2427 per
2952 2356 3420 2427 praedicationem
3453 2360 3601 2431 quis
3632 2364 3692 2414 et
3722 2360 3805 2415 bo-

2156 2459 2363 2498 norum
2396 2460 2639 2515 operum
2672 2444 3007 2500 exercitium
3041 2443 3187 2500 alios
3218 2447 3287 2500 ab
3320 2463 3519 2502 errore
3553 2465 3666 2503 suo
3687 2466 3805 2504 con-

2154 2535 2357 2602 vertat,
2382 2532 2553 2602 juxta
2583 2531 2725 2587 illud
2774 2532 3031 2604 Apostoli
3067 2536 3389 2605 :Quoniam
3420 2536 3527 2607 qui
3555 2540 3807 2594 converti

2152 2620 2357 2691 fecerit
2369 2630 2729 2690 peccatm'em
2739 2625 2812 2678 ab
2821 2628 3024 2678 errore
3036 2624 3137 2680 via:
3149 2625 3541 2692 sua',satrabit
3552 2628 3804 2683 animam

2154 2709 2279 2780 ejus
2308 2727 2344 2764 a
2366 2711 2751 2767 morte.Sexto
2770 2729 2873 2784 per
2898 2711 3434 2785 charitatemjuxta
3454 2713 3643 2770 illud:
3669 2717 3801 2773 Cha.

2152 2799 2300 2855 ritas
2333 2801 2560 2856 Domini
2580 2801 2836 2870 cooperit
2852 2802 3282 2858 multitudinem
3302 2805 3805 2871 peccatorum.Se—

2153 2887 2338 2960 ptimo
2372 2905 2472 2961 per
2501 2888 3097 2961 pcenitentiam,juxta
3122 2891 3274 2963 quod
3300 2890 3378 2946 ait
3410 2891 3604 2950 David
3631 2911 3644 2948 2
3680 2898 3804 2950 Con-

2152 2994 2349 3034 versus
2378 2995 2503 3034 sum
2548 2980 2608 3035 in
2657 2995 2919 3035 a’rumna
2969 2980 3103 3035 dum
3148 2982 3456 3052 conﬁgitur
3483 2987 3683 3053 spina.
3715 2984 3801 3041 His

2152 3083 2288 3140 ergo
2319 3072 2541 3140 septem
2574 3067 2765 3123 modis
2796 3074 2852 3124 et
2881 3068 3149 3124 remissio
3181 3070 3353 3125 datur
3375 3076 3435 3126 et
3467 3077 3706 3129 aeterna:
3736 3091 3806 3130 re-

2150 3156 2489 3213 tributionis
2519 3157 2825 3230 praemium
2856 3157 3197 3230 acquiritur

2716 3273 2946 3330 CAPUT
2990 3273 3227 3330 XXXIV.

2611 3366 2692 3419 De
2724 3362 2952 3433 publica
2978 3364 3334 3433 paenitentia.

2224 3469 2453 3540 (Concil.
2502 3470 2678 3525 Cabil.
2732 3487 2794 3537 II,
2846 3486 2971 3542 cap.
3022 3471 3134 3542 25).
3176 3471 3595 3528 Pcenitcntiam
3645 3489 3805 3546 agere

2143 3560 2311 3629 juxta
2326 3560 2626 3631 antiquam
2650 3575 2940 3614 canonum
2968 3558 3398 3615 institutionem
3425 3560 3483 3615 in
3508 3559 3807 3634 plerisque

2148 3645 2290 3703 locis
2335 3649 2406 3704 ab
2457 3666 2567 3704 usu
2615 3647 2871 3716 recessit,
2918 3651 2976 3704 et
3017 3664 3206 3719 neque
3253 3650 3804 3706 excommunicandi

2147 3754 2335 3809 neque
2369 3737 2776 3793 reconciliandi
2808 3736 3035 3808 antiqui
3062 3736 3243 3793 moris
3263 3738 3406 3794 ordo
3438 3740 3805 3795 servatur.Et

2144 3825 2273 3882 ideo
2305 3828 2404 3898 qui
2439 3826 2670 3899 publice
2699 3832 2900 3899 peccat
2928 3826 3161 3899 publica
3182 3825 3502 3882 mulctetur
3525 3830 3805 3900 paeniten-

2144 3914 2223 3970 tia
2236 3921 2292 3971 et
2305 3916 2627 3972 secundum
2642 3916 2906 3972 ordinem
2926 3932 3217 3972 canonum
3236 3932 3342 3987 pro
3355 3916 3573 3973 merito
3588 3934 3700 3973 suo
3720 3932 3802 3971 ex-

2143 4005 2609 4061 communicetur
2637 4010 2694 4061 et
2724 4004 3149 4061 reconcilietur.
3183 4004 3310 4059 Non
3360 4006 3522 4060 enim
3576 4005 3799 4061 licitum

2141 4098 2229 4148 est
2258 4094 2612 4166 presbyteris
2635 4092 2929 4165 publicam
2962 4093 3099 4149 dare
3128 4093 3677 4166 pmnitentiam,sed
3703 4112 3800 4167 pus

2140 4181 2287 4238 blice
2317 4188 2623 4255 peccantes
2651 4186 2879 4255 oportet
2909 4186 2973 4237 ut
3006 4182 3179 4253 juxta
3208 4181 3596 4253 antiquorum
3631 4200 3800 4239 cano-

2140 4288 2286 4327 num
2313 4273 2547 4328 decreta
2592 4289 2695 4344 per
2741 4270 3072 4343 episcopale
3116 4271 3513 4328 ministerium
3564 4271 3799 4344 publica

2137 4366 2322 4418 Deum
2355 4362 2629 4418 studeant
2659 4360 3054 4417 satisfactione
3085 4359 3338 4433 placare.

2724 4475 2957 4532 CAPUT
2995 4475 3202 4530 XXXV.

2638 4571 2714 4621 De
2744 4565 2939 4620 usuris
2977 4574 3033 4620 et
3067 4566 3285 4635 fenore.

2056 4688 2103 4753 D
2206 4673 2445 4745 Oportet
2476 4673 2802 4730 sacerdotes
2834 4678 2889 4728 et
2916 4690 3120 4729 omnes
3149 4672 3209 4727 in
3240 4688 3557 4727 commune
3597 4671 3790 4727 ﬁdeles

2140 4766 2201 4816 ut
2224 4762 2269 4816 si
2303 4763 2536 4834 quando
2561 4762 2755 4834 fruges
2771 4762 2859 4817 vel
2873 4762 3160 4834 quosdam
3180 4759 3443 4816 redditus
3475 4764 3648 4815 terra:
3666 4777 3791 4815 con-

2133 4856 2376 4924 gregant
2404 4856 2460 4906 et
2491 4850 2922 4923 protelant,non
2955 4851 3083 4906 ideo
3114 4848 3223 4905 hoc
3255 4848 3476 4904 faciant
3509 4853 3573 4903 ut
3597 4849 3789 4904 carius

2131 4941 2385 4995 vendant
2414 4944 2471 4995 et
2500 4939 2806 4996 thesauros
2836 4938 3318 5012 congregent,sed
3342 4943 3407 4993 ut
3428 4937 3787 5009 pauperibus

2129 5031 2390 5100 tempore
2416 5028 2783 5085 necessitatis
2800 5027 3149 5083 subveniant
3172 5045 3186 5091 ;
3211 5043 3313 5082 nec
3338 5027 3413 5081 ad
3428 5042 3675 5081 usuram
3691 5022 3785 5078 ali-

2131 5114 2273 5185 quid
2305 5116 2464 5184 dcnt,
2499 5116 2776 5188 quoniam
2811 5116 2880 5172 ab
2917 5116 3042 5188 ipso
3074 5115 3321 5171 Domino
3352 5112 3413 5169 in
3434 5112 3561 5185 lege
3594 5112 3780 5167 omni-

2130 5203 2240 5259 bus
2268 5202 2643 5260 interdictum
2678 5209 2767 5260 est
2796 5205 2867 5259 ad
2892 5222 3135 5260 usuram
3166 5202 3389 5275 aliquid
3436 5201 3597 5257 dare.
3633 5200 3775 5273 (Lib.

2132 5293 2528 5364 ICapitular.,
2580 5311 2706 5367 cap.
2761 5293 2884 5366 119,
2935 5293 3059 5361 124,
3112 5291 3256 5364 125.)
3307 5291 3501 5348 Usura
3542 5292 3635 5345 est
3680 5286 3774 5343 ubi

2128 5380 2382 5453 amplius
2412 5382 2730 5454 requiritur
2762 5399 2939 5455 quam
2971 5380 3345 5437 datur.Verbi
3378 5378 3647 5453 gratia,si
3678 5377 3769 5431 de-

2126 5469 2281 5525 deris
2314 5465 2531 5526 solidos
2562 5470 2761 5526 decem
2789 5475 2846 5526 et
2895 5470 3148 5543 amplius
3199 5468 3559 5542 requisieris,
3605 5464 3694 5522 vel
3720 5464 3765 5520 si
3796 5514 3803 5517 .

2124 5556 2355 5612 dederis
2385 5558 2611 5613 modios
2658 5558 2936 5614 frumenti
2968 5562 3069 5614 aut
3096 5558 3236 5628 vini,
3260 5562 3318 5613 et
3348 5557 3560 5612 iterum
3598 5570 3767 5626 super

2123 5643 2346 5716 aliquid
2376 5662 2727 5721 quacunque
2757 5648 3061 5703 occasione
3092 5645 3180 5703 vel
3214 5658 3565 5719 quocunque
3600 5641 3762 5698 modo

2123 5733 2758 5809 exegeris.Quicunque
2787 5735 2943 5792 enim
2973 5740 3232 5810 tempore
3261 5733 3474 5791 messis
3505 5730 3592 5788 vel
3624 5736 3758 5787 tem-
