  <div class='ocr_page' id='page_1' title='image "/cluster/home/n/w/nwhite01/storage/ocr_20150623/119/uva.x000827049/372.png"; bbox 0 0 3894 6204; ppageno 0'>
   <div class='ocr_carea' id='block_1_1' title="bbox 95 354 204 415">
    <p class='ocr_par' dir='ltr' id='par_1_1' title="bbox 95 354 204 415">
     <span class='ocr_line' id='line_1_1' title="bbox 95 354 204 415; baseline -0.009 0"><span class='ocrx_word' id='word_1_1' title='bbox 95 354 204 415; x_wconf 78' lang='grc'>721</span> 
     </span>
    </p>
   </div>
   <div class='ocr_carea' id='block_1_2' title="bbox 1592 348 2004 414">
    <p class='ocr_par' dir='ltr' id='par_1_2' title="bbox 1592 348 2004 414">
     <span class='ocr_line' id='line_1_2' title="bbox 1592 348 2004 414; baseline -0.007 -1"><span class='ocrx_word' id='word_1_2' title='bbox 1592 348 2004 414; x_wconf 86' lang='lat' dir='ltr'>CAPITULA.</span> 
     </span>
    </p>
   </div>
   <div class='ocr_carea' id='block_1_3' title="bbox 3381 352 3500 417">
    <p class='ocr_par' dir='ltr' id='par_1_3' title="bbox 3381 352 3500 417">
     <span class='ocr_line' id='line_1_3' title="bbox 3381 352 3500 417; baseline 0.025 -3"><span class='ocrx_word' id='word_1_3' title='bbox 3381 352 3500 417; x_wconf 75' lang='lat'>722</span> 
     </span>
    </p>
   </div>
   <div class='ocr_carea' id='block_1_4' title="bbox 95 478 3499 562">
    <p class='ocr_par' dir='ltr' id='par_1_4' title="bbox 95 478 3499 562">
     <span class='ocr_line' id='line_1_4' title="bbox 95 478 3499 562; baseline 0.001 -19"><span class='ocrx_word' id='word_1_4' title='bbox 95 501 232 562; x_wconf 91' lang='lat' dir='ltr'>pore</span> <span class='ocrx_word' id='word_1_5' title='bbox 264 481 590 552; x_wconf 67' lang='lat' dir='ltr'>vindemiae,</span> <span class='ocrx_word' id='word_1_6' title='bbox 623 498 740 539; x_wconf 90' lang='lat' dir='ltr'>non</span> <span class='ocrx_word' id='word_1_7' title='bbox 773 478 1138 550; x_wconf 79' lang='lat' dir='ltr'>necessitate,</span> <span class='ocrx_word' id='word_1_8' title='bbox 1170 480 1271 539; x_wconf 90' lang='lat' dir='ltr'>sed</span> <span class='ocrx_word' id='word_1_9' title='bbox 1302 484 1540 557; x_wconf 81' lang='lat' dir='ltr'>propter</span> <span class='ocrx_word' id='word_1_10' title='bbox 1568 481 1735 557; x_wconf 83' lang='lat' dir='ltr'>cupi-</span> <span class='ocrx_word' id='word_1_11' title='bbox 1766 483 1820 551; x_wconf 86' lang='grc' dir='ltr'><strong>Α</strong></span> <span class='ocrx_word' id='word_1_12' title='bbox 1846 480 2157 540; x_wconf 82' lang='lat' dir='ltr'>fectionem</span> <span class='ocrx_word' id='word_1_13' title='bbox 2188 480 2423 559; x_wconf 86' lang='lat' dir='ltr'>plenam</span> <span class='ocrx_word' id='word_1_14' title='bbox 2445 484 2838 558; x_wconf 83' lang='lat' dir='ltr'>consequatur</span> <span class='ocrx_word' id='word_1_15' title='bbox 2862 487 2991 542; x_wconf 88' lang='lat' dir='ltr'>acta</span> <span class='ocrx_word' id='word_1_16' title='bbox 3022 480 3287 559; x_wconf 85' lang='lat' dir='ltr'>legitima</span> <span class='ocrx_word' id='word_1_17' title='bbox 3314 486 3499 560; x_wconf 74' lang='lat' dir='ltr'>paeni-</span> 
     </span>
    </p>
   </div>
   <div class='ocr_carea' id='block_1_5' title="bbox 97 572 1738 646">
    <p class='ocr_par' dir='ltr' id='par_1_5' title="bbox 97 572 1738 646">
     <span class='ocr_line' id='line_1_5' title="bbox 97 572 1738 646; baseline -0.003 -14"><span class='ocrx_word' id='word_1_18' title='bbox 97 577 360 643; x_wconf 81' lang='lat' dir='ltr'>ditatem,</span> <span class='ocrx_word' id='word_1_19' title='bbox 394 576 693 646; x_wconf 85' lang='lat' dir='ltr'>comparat</span> <span class='ocrx_word' id='word_1_20' title='bbox 722 589 1016 629; x_wconf 87' lang='lat' dir='ltr'>annonam</span> <span class='ocrx_word' id='word_1_21' title='bbox 1074 576 1175 627; x_wconf 90' lang='lat' dir='ltr'>aut</span> <span class='ocrx_word' id='word_1_22' title='bbox 1204 572 1427 641; x_wconf 91' lang='lat' dir='ltr'>vinum,</span> <span class='ocrx_word' id='word_1_23' title='bbox 1461 576 1519 629; x_wconf 91' lang='lat' dir='ltr'>et</span> <span class='ocrx_word' id='word_1_24' title='bbox 1548 576 1738 629; x_wconf 83' lang='lat' dir='ltr'>servat</span> 
     </span>
    </p>
   </div>
   <div class='ocr_carea' id='block_1_6' title="bbox 95 660 1738 737">
    <p class='ocr_par' dir='ltr' id='par_1_6' title="bbox 95 660 1738 737">
     <span class='ocr_line' id='line_1_6' title="bbox 95 660 1738 737; baseline -0.002 -16"><span class='ocrx_word' id='word_1_25' title='bbox 95 680 281 737; x_wconf 90' lang='lat' dir='ltr'>usque</span> <span class='ocrx_word' id='word_1_26' title='bbox 313 664 452 718; x_wconf 90' lang='lat' dir='ltr'>dum</span> <span class='ocrx_word' id='word_1_27' title='bbox 485 661 678 717; x_wconf 88' lang='lat' dir='ltr'>carius</span> <span class='ocrx_word' id='word_1_28' title='bbox 707 662 1040 717; x_wconf 81' lang='lat' dir='ltr'>venundare</span> <span class='ocrx_word' id='word_1_29' title='bbox 1070 660 1276 734; x_wconf 88' lang='lat' dir='ltr'>possit,</span> <span class='ocrx_word' id='word_1_30' title='bbox 1307 661 1417 716; x_wconf 89' lang='lat' dir='ltr'>hoc</span> <span class='ocrx_word' id='word_1_31' title='bbox 1449 666 1617 734; x_wconf 86' lang='lat' dir='ltr'>turpe</span> <span class='ocrx_word' id='word_1_32' title='bbox 1645 660 1738 717; x_wconf 93' lang='lat' dir='ltr'>lu-</span> 
     </span>
    </p>
   </div>
   <div class='ocr_carea' id='block_1_7' title="bbox 95 748 1735 823">
    <p class='ocr_par' dir='ltr' id='par_1_7' title="bbox 95 748 1735 823">
     <span class='ocr_line' id='line_1_7' title="bbox 95 748 1735 823; baseline -0.004 -12"><span class='ocrx_word' id='word_1_33' title='bbox 95 770 254 812; x_wconf 90' lang='lat' dir='ltr'>crum</span> <span class='ocrx_word' id='word_1_34' title='bbox 286 769 415 809; x_wconf 90' lang='lat' dir='ltr'>esse</span> <span class='ocrx_word' id='word_1_35' title='bbox 443 750 915 807; x_wconf 88' lang='lat' dir='ltr'>dicimus.Fenus</span> <span class='ocrx_word' id='word_1_36' title='bbox 937 754 1134 806; x_wconf 87' lang='lat' dir='ltr'>autem</span> <span class='ocrx_word' id='word_1_37' title='bbox 1151 755 1375 806; x_wconf 81' lang='lat' dir='ltr'>exercet</span> <span class='ocrx_word' id='word_1_38' title='bbox 1392 749 1491 823; x_wconf 85' lang='lat' dir='ltr'>qui</span> <span class='ocrx_word' id='word_1_39' title='bbox 1514 748 1735 822; x_wconf 87' lang='lat' dir='ltr'>aliquid</span> 
     </span>
    </p>
   </div>
   <div class='ocr_carea' id='block_1_8' title="bbox 96 838 1733 917">
    <p class='ocr_par' dir='ltr' id='par_1_8' title="bbox 96 838 1733 917">
     <span class='ocr_line' id='line_1_8' title="bbox 96 838 1733 917; baseline -0.003 -19"><span class='ocrx_word' id='word_1_40' title='bbox 96 845 350 917; x_wconf 70' lang='lat' dir='ltr'>praestat.</span> <span class='ocrx_word' id='word_1_41' title='bbox 383 841 529 896; x_wconf 88' lang='lat' dir='ltr'>Nam</span> <span class='ocrx_word' id='word_1_42' title='bbox 552 841 785 911; x_wconf 84' lang='lat' dir='ltr'>justum</span> <span class='ocrx_word' id='word_1_43' title='bbox 836 840 1005 895; x_wconf 89' lang='lat' dir='ltr'>fenus</span> <span class='ocrx_word' id='word_1_44' title='bbox 1050 842 1139 895; x_wconf 88' lang='lat' dir='ltr'>est</span> <span class='ocrx_word' id='word_1_45' title='bbox 1187 839 1287 911; x_wconf 90' lang='lat' dir='ltr'>qui</span> <span class='ocrx_word' id='word_1_46' title='bbox 1336 838 1589 911; x_wconf 85' lang='lat' dir='ltr'>amplius</span> <span class='ocrx_word' id='word_1_47' title='bbox 1620 856 1733 894; x_wconf 93' lang='lat' dir='ltr'>non</span> 
     </span>
    </p>
   </div>
   <div class='ocr_carea' id='block_1_9' title="bbox 96 928 1087 1003">
    <p class='ocr_par' dir='ltr' id='par_1_9' title="bbox 96 928 1087 1003">
     <span class='ocr_line' id='line_1_9' title="bbox 96 928 1087 1003; baseline -0.004 -16"><span class='ocrx_word' id='word_1_48' title='bbox 96 930 332 1003; x_wconf 88' lang='lat' dir='ltr'>requirit</span> <span class='ocrx_word' id='word_1_49' title='bbox 362 928 476 985; x_wconf 85' lang='lat' dir='ltr'>nisi</span> <span class='ocrx_word' id='word_1_50' title='bbox 507 932 796 1001; x_wconf 84' lang='lat' dir='ltr'>quantum</span> <span class='ocrx_word' id='word_1_51' title='bbox 830 932 1087 1001; x_wconf 75' lang='lat' dir='ltr'>praestat.</span> 
     </span>
    </p>
   </div>
   <div class='ocr_carea' id='block_1_10' title="bbox 656 1061 1163 1119">
    <p class='ocr_par' dir='ltr' id='par_1_10' title="bbox 656 1061 1163 1119">
     <span class='ocr_line' id='line_1_10' title="bbox 656 1061 1163 1119; baseline -0.004 -1"><span class='ocrx_word' id='word_1_52' title='bbox 656 1061 888 1119; x_wconf 84' lang='lat' dir='ltr'>CAPUT</span> <span class='ocrx_word' id='word_1_53' title='bbox 927 1061 1163 1117; x_wconf 83' lang='lat' dir='ltr'><strong>XXXVI.</strong></span> 
     </span>
    </p>
   </div>
   <div class='ocr_carea' id='block_1_11' title="bbox 431 1152 1382 1226">
    <p class='ocr_par' dir='ltr' id='par_1_11' title="bbox 431 1152 1382 1226">
     <span class='ocr_line' id='line_1_11' title="bbox 431 1152 1382 1226; baseline -0.003 -17"><span class='ocrx_word' id='word_1_54' title='bbox 431 1154 505 1209; x_wconf 88' lang='lat' dir='ltr'>De</span> <span class='ocrx_word' id='word_1_55' title='bbox 529 1154 777 1226; x_wconf 70' lang='lat' dir='ltr'>perjurio</span> <span class='ocrx_word' id='word_1_56' title='bbox 807 1159 858 1208; x_wconf 88' lang='lat' dir='ltr'>et</span> <span class='ocrx_word' id='word_1_57' title='bbox 882 1153 1025 1225; x_wconf 81' lang='lat' dir='ltr'>falso</span> <span class='ocrx_word' id='word_1_58' title='bbox 1055 1152 1382 1208; x_wconf 82' lang='lat' dir='ltr'>testimonio.</span> 
     </span>
    </p>
   </div>
   <div class='ocr_carea' id='block_1_12' title="bbox 157 1254 1730 1332">
    <p class='ocr_par' dir='ltr' id='par_1_12' title="bbox 157 1254 1730 1332">
     <span class='ocr_line' id='line_1_12' title="bbox 157 1254 1730 1332; baseline -0.004 -16"><span class='ocrx_word' id='word_1_59' title='bbox 157 1259 506 1332; x_wconf 82' lang='lat' dir='ltr'>(Capitulare</span> <span class='ocrx_word' id='word_1_60' title='bbox 538 1257 828 1328; x_wconf 85' lang='lat' dir='ltr'>Theodulﬁ,</span> <span class='ocrx_word' id='word_1_61' title='bbox 862 1272 987 1329; x_wconf 86' lang='lat' dir='ltr'>cap.</span> <span class='ocrx_word' id='word_1_62' title='bbox 1020 1257 1109 1323; x_wconf 83' lang='lat'>26,</span> <span class='ocrx_word' id='word_1_63' title='bbox 1155 1254 1265 1328; x_wconf 83' lang='lat'>27).</span> <span class='ocrx_word' id='word_1_64' title='bbox 1292 1254 1730 1310; x_wconf 67' lang='lat' dir='ltr'>Praedieandum</span> 
     </span>
    </p>
   </div>
   <div class='ocr_carea' id='block_1_13' title="bbox 94 1343 1731 1420">
    <p class='ocr_par' dir='ltr' id='par_1_13' title="bbox 94 1343 1731 1420">
     <span class='ocr_line' id='line_1_13' title="bbox 94 1343 1731 1420; baseline -0.005 -13"><span class='ocrx_word' id='word_1_65' title='bbox 94 1356 175 1407; x_wconf 84' lang='lat' dir='ltr'>est</span> <span class='ocrx_word' id='word_1_66' title='bbox 202 1353 267 1405; x_wconf 88' lang='lat' dir='ltr'>ut</span> <span class='ocrx_word' id='word_1_67' title='bbox 294 1347 590 1420; x_wconf 90' lang='lat' dir='ltr'>pejurium</span> <span class='ocrx_word' id='word_1_68' title='bbox 623 1344 825 1402; x_wconf 79' lang='lat' dir='ltr'>fideles</span> <span class='ocrx_word' id='word_1_69' title='bbox 874 1348 1116 1400; x_wconf 86' lang='lat' dir='ltr'>caveant</span> <span class='ocrx_word' id='word_1_70' title='bbox 1143 1348 1198 1399; x_wconf 89' lang='lat' dir='ltr'>et</span> <span class='ocrx_word' id='word_1_71' title='bbox 1227 1345 1299 1400; x_wconf 86' lang='lat' dir='ltr'>ab</span> <span class='ocrx_word' id='word_1_72' title='bbox 1330 1343 1439 1399; x_wconf 93' lang='lat' dir='ltr'>hoc</span> <span class='ocrx_word' id='word_1_73' title='bbox 1469 1360 1731 1399; x_wconf 88' lang='lat' dir='ltr'>summo-</span> 
     </span>
    </p>
   </div>
   <div class='ocr_carea' id='block_1_14' title="bbox 93 1432 1731 1514">
    <p class='ocr_par' dir='ltr' id='par_1_14' title="bbox 93 1432 1731 1514">
     <span class='ocr_line' id='line_1_14' title="bbox 93 1432 1731 1514; baseline -0.004 -20"><span class='ocrx_word' id='word_1_74' title='bbox 93 1456 219 1514; x_wconf 89' lang='lat' dir='ltr'>pere</span> <span class='ocrx_word' id='word_1_75' title='bbox 248 1437 608 1504; x_wconf 85' lang='lat' dir='ltr'>abstineant,</span> <span class='ocrx_word' id='word_1_76' title='bbox 643 1436 895 1491; x_wconf 86' lang='lat' dir='ltr'>scientes</span> <span class='ocrx_word' id='word_1_77' title='bbox 927 1434 1034 1489; x_wconf 91' lang='lat' dir='ltr'>hoc</span> <span class='ocrx_word' id='word_1_78' title='bbox 1065 1434 1286 1507; x_wconf 81' lang='lat' dir='ltr'>grande</span> <span class='ocrx_word' id='word_1_79' title='bbox 1316 1432 1505 1489; x_wconf 86' lang='lat' dir='ltr'>scelus</span> <span class='ocrx_word' id='word_1_80' title='bbox 1526 1448 1653 1493; x_wconf 85' lang='lat' dir='ltr'>esse</span> <span class='ocrx_word' id='word_1_81' title='bbox 1675 1436 1731 1487; x_wconf 91' lang='lat' dir='ltr'>et</span> 
     </span>
    </p>
   </div>
   <div class='ocr_carea' id='block_1_15' title="bbox 90 1521 1726 1600">
    <p class='ocr_par' dir='ltr' id='par_1_15' title="bbox 90 1521 1726 1600">
     <span class='ocr_line' id='line_1_15' title="bbox 90 1521 1726 1600; baseline -0.006 -15"><span class='ocrx_word' id='word_1_82' title='bbox 90 1530 144 1585; x_wconf 91' lang='lat' dir='ltr'>in</span> <span class='ocrx_word' id='word_1_83' title='bbox 175 1528 297 1600; x_wconf 88' lang='lat' dir='ltr'>lege</span> <span class='ocrx_word' id='word_1_84' title='bbox 325 1532 384 1581; x_wconf 90' lang='lat' dir='ltr'>et</span> <span class='ocrx_word' id='word_1_85' title='bbox 414 1525 716 1598; x_wconf 87' lang='lat' dir='ltr'>prophetis</span> <span class='ocrx_word' id='word_1_86' title='bbox 747 1524 864 1579; x_wconf 86' lang='lat' dir='ltr'>sive</span> <span class='ocrx_word' id='word_1_87' title='bbox 895 1522 1190 1596; x_wconf 87' lang='lat' dir='ltr'>evangelio</span> <span class='ocrx_word' id='word_1_88' title='bbox 1215 1521 1726 1593; x_wconf 86' lang='lat' dir='ltr'>probibitum.Au-</span> 
     </span>
    </p>
   </div>
   <div class='ocr_carea' id='block_1_16' title="bbox 91 1610 1728 1686">
    <p class='ocr_par' dir='ltr' id='par_1_16' title="bbox 91 1610 1728 1686">
     <span class='ocr_line' id='line_1_16' title="bbox 91 1610 1728 1686; baseline -0.004 -14"><span class='ocrx_word' id='word_1_89' title='bbox 91 1617 336 1672; x_wconf 88' lang='lat' dir='ltr'>divimus</span> <span class='ocrx_word' id='word_1_90' title='bbox 368 1615 527 1671; x_wconf 88' lang='lat' dir='ltr'>enim</span> <span class='ocrx_word' id='word_1_91' title='bbox 560 1614 846 1686; x_wconf 89' lang='lat' dir='ltr'>quosdam</span> <span class='ocrx_word' id='word_1_92' title='bbox 894 1613 1053 1685; x_wconf 86' lang='lat' dir='ltr'>parvi</span> <span class='ocrx_word' id='word_1_93' title='bbox 1106 1612 1358 1684; x_wconf 90' lang='lat' dir='ltr'>pendere</span> <span class='ocrx_word' id='word_1_94' title='bbox 1397 1611 1506 1667; x_wconf 82' lang='lat' dir='ltr'>hoc</span> <span class='ocrx_word' id='word_1_95' title='bbox 1537 1610 1728 1666; x_wconf 89' lang='lat' dir='ltr'>scelus</span> 
     </span>
    </p>
   </div>
   <div class='ocr_carea' id='block_1_17' title="bbox 92 1700 1725 1777">
    <p class='ocr_par' dir='ltr' id='par_1_17' title="bbox 92 1700 1725 1777">
     <span class='ocr_line' id='line_1_17' title="bbox 92 1700 1725 1777; baseline -0.005 -14"><span class='ocrx_word' id='word_1_96' title='bbox 92 1712 143 1763; x_wconf 89' lang='lat' dir='ltr'>et</span> <span class='ocrx_word' id='word_1_97' title='bbox 170 1706 347 1762; x_wconf 91' lang='lat' dir='ltr'>levem</span> <span class='ocrx_word' id='word_1_98' title='bbox 361 1704 619 1777; x_wconf 88' lang='lat' dir='ltr'>quodam</span> <span class='ocrx_word' id='word_1_99' title='bbox 640 1704 811 1759; x_wconf 90' lang='lat' dir='ltr'>modo</span> <span class='ocrx_word' id='word_1_100' title='bbox 837 1702 1091 1775; x_wconf 88' lang='lat' dir='ltr'>perjuris</span> <span class='ocrx_word' id='word_1_101' title='bbox 1113 1700 1460 1773; x_wconf 62' lang='lat' dir='ltr'>poenitentiae</span> <span class='ocrx_word' id='word_1_102' title='bbox 1480 1701 1725 1756; x_wconf 89' lang='lat' dir='ltr'>modum</span> 
     </span>
    </p>
   </div>
   <div class='ocr_carea' id='block_1_18' title="bbox 91 1789 1722 1867">
    <p class='ocr_par' dir='ltr' id='par_1_18' title="bbox 91 1789 1722 1867">
     <span class='ocr_line' id='line_1_18' title="bbox 91 1789 1722 1867; baseline -0.005 -16"><span class='ocrx_word' id='word_1_103' title='bbox 91 1793 514 1867; x_wconf 87' lang='lat' dir='ltr'>imponere.Qui</span> <span class='ocrx_word' id='word_1_104' title='bbox 535 1808 707 1848; x_wconf 90' lang='lat' dir='ltr'>nosse</span> <span class='ocrx_word' id='word_1_105' title='bbox 722 1792 938 1847; x_wconf 88' lang='lat' dir='ltr'>debent</span> <span class='ocrx_word' id='word_1_106' title='bbox 958 1790 1132 1846; x_wconf 89' lang='lat' dir='ltr'>talem</span> <span class='ocrx_word' id='word_1_107' title='bbox 1159 1791 1231 1845; x_wconf 90' lang='lat' dir='ltr'>de</span> <span class='ocrx_word' id='word_1_108' title='bbox 1262 1789 1518 1861; x_wconf 91' lang='lat' dir='ltr'>perjurio</span> <span class='ocrx_word' id='word_1_109' title='bbox 1539 1789 1722 1861; x_wconf 78' lang='lat' dir='ltr'>pmni-</span> 
     </span>
    </p>
   </div>
   <div class='ocr_carea' id='block_1_19' title="bbox 92 1877 1726 1955">
    <p class='ocr_par' dir='ltr' id='par_1_19' title="bbox 92 1877 1726 1955">
     <span class='ocr_line' id='line_1_19' title="bbox 92 1877 1726 1955; baseline -0.005 -14"><span class='ocrx_word' id='word_1_110' title='bbox 92 1884 322 1942; x_wconf 87' lang='lat' dir='ltr'>tentiam</span> <span class='ocrx_word' id='word_1_111' title='bbox 348 1883 650 1955; x_wconf 88' lang='lat' dir='ltr'>imponere</span> <span class='ocrx_word' id='word_1_112' title='bbox 672 1881 883 1936; x_wconf 89' lang='lat' dir='ltr'>debere</span> <span class='ocrx_word' id='word_1_113' title='bbox 909 1879 1141 1952; x_wconf 87' lang='lat' dir='ltr'>qualem</span> <span class='ocrx_word' id='word_1_114' title='bbox 1163 1882 1221 1934; x_wconf 91' lang='lat' dir='ltr'>et</span> <span class='ocrx_word' id='word_1_115' title='bbox 1248 1879 1319 1933; x_wconf 92' lang='lat' dir='ltr'>de</span> <span class='ocrx_word' id='word_1_116' title='bbox 1343 1877 1726 1945; x_wconf 91' lang='lat' dir='ltr'>adulterio,de</span> 
     </span>
    </p>
   </div>
   <div class='ocr_carea' id='block_1_20' title="bbox 91 1966 1726 2039">
    <p class='ocr_par' dir='ltr' id='par_1_20' title="bbox 91 1966 1726 2039">
     <span class='ocr_line' id='line_1_20' title="bbox 91 1966 1726 2039; baseline -0.005 -10"><span class='ocrx_word' id='word_1_117' title='bbox 91 1972 483 2039; x_wconf 85' lang='lat' dir='ltr'>fornicatione,</span> <span class='ocrx_word' id='word_1_118' title='bbox 516 1972 588 2026; x_wconf 91' lang='lat' dir='ltr'>de</span> <span class='ocrx_word' id='word_1_119' title='bbox 616 1969 1019 2036; x_wconf 85' lang='lat' dir='ltr'>homicidio,et</span> <span class='ocrx_word' id='word_1_120' title='bbox 1049 1969 1119 2023; x_wconf 91' lang='lat' dir='ltr'>de</span> <span class='ocrx_word' id='word_1_121' title='bbox 1152 1967 1376 2023; x_wconf 69' lang='lat' dir='ltr'>caeteris</span> <span class='ocrx_word' id='word_1_122' title='bbox 1408 1966 1726 2022; x_wconf 84' lang='lat' dir='ltr'>criminali-</span> 
     </span>
    </p>
   </div>
   <div class='ocr_carea' id='block_1_21' title="bbox 92 2055 1725 2133">
    <p class='ocr_par' dir='ltr' id='par_1_21' title="bbox 92 2055 1725 2133">
     <span class='ocr_line' id='line_1_21' title="bbox 92 2055 1725 2133; baseline -0.006 -13"><span class='ocrx_word' id='word_1_123' title='bbox 92 2064 192 2120; x_wconf 89' lang='lat' dir='ltr'>bus</span> <span class='ocrx_word' id='word_1_124' title='bbox 217 2061 415 2118; x_wconf 84' lang='lat' dir='ltr'>vitiis:</span> <span class='ocrx_word' id='word_1_125' title='bbox 451 2060 730 2133; x_wconf 87' lang='lat' dir='ltr'>quoniam</span> <span class='ocrx_word' id='word_1_126' title='bbox 762 2059 823 2113; x_wconf 87' lang='lat' dir='ltr'>in</span> <span class='ocrx_word' id='word_1_127' title='bbox 882 2057 1007 2130; x_wconf 88' lang='lat' dir='ltr'>lege</span> <span class='ocrx_word' id='word_1_128' title='bbox 1055 2056 1302 2112; x_wconf 90' lang='lat' dir='ltr'>Domino</span> <span class='ocrx_word' id='word_1_129' title='bbox 1354 2055 1725 2128; x_wconf 83' lang='lat' dir='ltr'>praecipiente</span> 
     </span>
    </p>
   </div>
   <div class='ocr_carea' id='block_1_22' title="bbox 91 2145 1727 2225">
    <p class='ocr_par' dir='ltr' id='par_1_22' title="bbox 91 2145 1727 2225">
     <span class='ocr_line' id='line_1_22' title="bbox 91 2145 1727 2225; baseline -0.006 -17"><span class='ocrx_word' id='word_1_130' title='bbox 91 2152 396 2208; x_wconf 87' lang='lat' dir='ltr'>habemus:</span> <span class='ocrx_word' id='word_1_131' title='bbox 432 2153 557 2205; x_wconf 88' lang='lat' dir='ltr'>Non</span> <span class='ocrx_word' id='word_1_132' title='bbox 572 2147 887 2225; x_wconf 85' lang='lat' dir='ltr'>perjurabis</span> <span class='ocrx_word' id='word_1_133' title='bbox 936 2149 996 2202; x_wconf 89' lang='lat' dir='ltr'>in</span> <span class='ocrx_word' id='word_1_134' title='bbox 1047 2148 1269 2202; x_wconf 82' lang='lat' dir='ltr'>nomine</span> <span class='ocrx_word' id='word_1_135' title='bbox 1312 2161 1450 2214; x_wconf 89' lang='lat' dir='ltr'>meo,</span> <span class='ocrx_word' id='word_1_136' title='bbox 1481 2161 1580 2200; x_wconf 86' lang='lat' dir='ltr'>nec</span> <span class='ocrx_word' id='word_1_137' title='bbox 1602 2145 1727 2217; x_wconf 86' lang='lat' dir='ltr'>pol-</span> 
     </span>
    </p>
   </div>
   <div class='ocr_carea' id='block_1_23' title="bbox 95 2235 1728 2307">
    <p class='ocr_par' dir='ltr' id='par_1_23' title="bbox 95 2235 1728 2307">
     <span class='ocr_line' id='line_1_23' title="bbox 95 2235 1728 2307; baseline -0.006 -10"><span class='ocrx_word' id='word_1_138' title='bbox 95 2243 413 2297; x_wconf 81' lang='lat' dir='ltr'>luesnomen</span> <span class='ocrx_word' id='word_1_139' title='bbox 448 2241 547 2295; x_wconf 91' lang='lat' dir='ltr'>Dei</span> <span class='ocrx_word' id='word_1_140' title='bbox 593 2240 695 2303; x_wconf 85' lang='lat' dir='ltr'>tui,</span> <span class='ocrx_word' id='word_1_141' title='bbox 755 2245 807 2292; x_wconf 81' lang='lat' dir='ltr'>et</span> <span class='ocrx_word' id='word_1_142' title='bbox 859 2253 927 2292; x_wconf 84' lang='lat' dir='ltr'>ne</span> <span class='ocrx_word' id='word_1_143' title='bbox 983 2251 1220 2291; x_wconf 86' lang='lat' dir='ltr'>assumes</span> <span class='ocrx_word' id='word_1_144' title='bbox 1273 2249 1467 2289; x_wconf 86' lang='lat' dir='ltr'>nomen</span> <span class='ocrx_word' id='word_1_145' title='bbox 1507 2235 1728 2307; x_wconf 81' lang='lat' dir='ltr'>meini</span> 
     </span>
    </p>
   </div>
   <div class='ocr_carea' id='block_1_24' title="bbox 94 2323 1727 2387">
    <p class='ocr_par' dir='ltr' id='par_1_24' title="bbox 94 2323 1727 2387">
     <span class='ocr_line' id='line_1_24' title="bbox 94 2323 1727 2387; baseline -0.007 0"><span class='ocrx_word' id='word_1_146' title='bbox 94 2333 180 2387; x_wconf 90' lang='lat' dir='ltr'>Dei</span> <span class='ocrx_word' id='word_1_147' title='bbox 206 2332 286 2387; x_wconf 86' lang='lat' dir='ltr'>tui</span> <span class='ocrx_word' id='word_1_148' title='bbox 326 2332 383 2385; x_wconf 87' lang='lat' dir='ltr'>in</span> <span class='ocrx_word' id='word_1_149' title='bbox 445 2345 673 2384; x_wconf 79' lang='lat' dir='ltr'>vanum.</span> <span class='ocrx_word' id='word_1_150' title='bbox 720 2326 1043 2381; x_wconf 78' lang='lat' dir='ltr'>Dicendum</span> <span class='ocrx_word' id='word_1_151' title='bbox 1089 2328 1177 2380; x_wconf 89' lang='lat' dir='ltr'>est</span> <span class='ocrx_word' id='word_1_152' title='bbox 1233 2323 1408 2378; x_wconf 84' lang='lat' dir='ltr'>etiam</span> <span class='ocrx_word' id='word_1_153' title='bbox 1459 2323 1544 2378; x_wconf 89' lang='lat' dir='ltr'>eis</span> <span class='ocrx_word' id='word_1_154' title='bbox 1590 2326 1658 2377; x_wconf 89' lang='lat' dir='ltr'>ut</span> <span class='ocrx_word' id='word_1_155' title='bbox 1693 2340 1727 2377; x_wconf 88' lang='lat' dir='ltr'>a</span> 
     </span>
    </p>
   </div>
   <div class='ocr_carea' id='block_1_25' title="bbox 95 2410 1725 2480">
    <p class='ocr_par' dir='ltr' id='par_1_25' title="bbox 95 2410 1725 2480">
     <span class='ocr_line' id='line_1_25' title="bbox 95 2410 1725 2480; baseline -0.007 -3"><span class='ocrx_word' id='word_1_156' title='bbox 95 2420 225 2477; x_wconf 80' lang='lat' dir='ltr'>falso</span> <span class='ocrx_word' id='word_1_157' title='bbox 275 2416 615 2474; x_wconf 86' lang='lat' dir='ltr'>testimonio</span> <span class='ocrx_word' id='word_1_158' title='bbox 673 2432 735 2471; x_wconf 92' lang='lat' dir='ltr'>se</span> <span class='ocrx_word' id='word_1_159' title='bbox 793 2414 1144 2480; x_wconf 86' lang='lat' dir='ltr'>abstineant,</span> <span class='ocrx_word' id='word_1_160' title='bbox 1199 2412 1449 2468; x_wconf 86' lang='lat' dir='ltr'>scientes</span> <span class='ocrx_word' id='word_1_161' title='bbox 1506 2416 1563 2466; x_wconf 90' lang='lat' dir='ltr'>et</span> <span class='ocrx_word' id='word_1_162' title='bbox 1617 2410 1725 2466; x_wconf 91' lang='lat' dir='ltr'>hoc</span> 
     </span>
    </p>
   </div>
   <div class='ocr_carea' id='block_1_26' title="bbox 95 2500 1727 2584">
    <p class='ocr_par' dir='ltr' id='par_1_26' title="bbox 95 2500 1727 2584">
     <span class='ocr_line' id='line_1_26' title="bbox 95 2500 1727 2584; baseline -0.006 -20"><span class='ocrx_word' id='word_1_163' title='bbox 95 2508 493 2584; x_wconf 81' lang='lat' dir='ltr'>gravissimum</span> <span class='ocrx_word' id='word_1_164' title='bbox 507 2504 698 2562; x_wconf 88' lang='lat' dir='ltr'>scelus</span> <span class='ocrx_word' id='word_1_165' title='bbox 713 2521 842 2560; x_wconf 89' lang='lat' dir='ltr'>esse</span> <span class='ocrx_word' id='word_1_166' title='bbox 869 2507 925 2559; x_wconf 92' lang='lat' dir='ltr'>et</span> <span class='ocrx_word' id='word_1_167' title='bbox 942 2504 1013 2558; x_wconf 90' lang='lat' dir='ltr'>ab</span> <span class='ocrx_word' id='word_1_168' title='bbox 1040 2503 1168 2574; x_wconf 90' lang='lat' dir='ltr'>ipso</span> <span class='ocrx_word' id='word_1_169' title='bbox 1192 2501 1437 2557; x_wconf 91' lang='lat' dir='ltr'>Domino</span> <span class='ocrx_word' id='word_1_170' title='bbox 1454 2500 1513 2554; x_wconf 92' lang='lat' dir='ltr'>in</span> <span class='ocrx_word' id='word_1_171' title='bbox 1530 2504 1727 2555; x_wconf 90' lang='lat' dir='ltr'>monte</span> 
     </span>
    </p>
   </div>
   <div class='ocr_carea' id='block_1_27' title="bbox 96 2589 1728 2670">
    <p class='ocr_par' dir='ltr' id='par_1_27' title="bbox 96 2589 1728 2670">
     <span class='ocr_line' id='line_1_27' title="bbox 96 2589 1728 2670; baseline -0.005 -17"><span class='ocrx_word' id='word_1_172' title='bbox 96 2598 237 2654; x_wconf 89' lang='lat' dir='ltr'>Sinai</span> <span class='ocrx_word' id='word_1_173' title='bbox 288 2594 677 2670; x_wconf 90' lang='lat' dir='ltr'>prohibitum,</span> <span class='ocrx_word' id='word_1_174' title='bbox 738 2593 965 2648; x_wconf 88' lang='lat' dir='ltr'>dicente</span> <span class='ocrx_word' id='word_1_175' title='bbox 1024 2592 1227 2647; x_wconf 70' lang='lat' dir='ltr'>eodem</span> <span class='ocrx_word' id='word_1_176' title='bbox 1280 2589 1567 2645; x_wconf 90' lang='lat' dir='ltr'>Domino:</span> <span class='ocrx_word' id='word_1_177' title='bbox 1608 2591 1728 2645; x_wconf 85' lang='lat' dir='ltr'>Non</span> 
     </span>
    </p>
   </div>
   <div class='ocr_carea' id='block_1_28' title="bbox 95 2679 1729 2759">
    <p class='ocr_par' dir='ltr' id='par_1_28' title="bbox 95 2679 1729 2759">
     <span class='ocr_line' id='line_1_28' title="bbox 95 2679 1729 2759; baseline -0.006 -17"><span class='ocrx_word' id='word_1_178' title='bbox 95 2688 277 2759; x_wconf 81' lang='lat' dir='ltr'>falsum</span> <span class='ocrx_word' id='word_1_179' title='bbox 289 2685 665 2742; x_wconf 83' lang='lat' dir='ltr'>testimonium</span> <span class='ocrx_word' id='word_1_180' title='bbox 677 2683 917 2749; x_wconf 72' lang='lat' dir='ltr'>dixeris,</span> <span class='ocrx_word' id='word_1_181' title='bbox 951 2679 1069 2736; x_wconf 88' lang='lat' dir='ltr'>sive</span> <span class='ocrx_word' id='word_1_182' title='bbox 1103 2680 1253 2735; x_wconf 87' lang='lat' dir='ltr'>testis</span> <span class='ocrx_word' id='word_1_183' title='bbox 1280 2679 1453 2750; x_wconf 81' lang='lat' dir='ltr'>falsus</span> <span class='ocrx_word' id='word_1_184' title='bbox 1482 2694 1593 2734; x_wconf 86' lang='lat' dir='ltr'>non</span> <span class='ocrx_word' id='word_1_185' title='bbox 1623 2680 1729 2733; x_wconf 86' lang='lat' dir='ltr'>erit</span> 
     </span>
    </p>
   </div>
   <div class='ocr_carea' id='block_1_29' title="bbox 99 2767 1729 2848">
    <p class='ocr_par' dir='ltr' id='par_1_29' title="bbox 99 2767 1729 2848">
     <span class='ocr_line' id='line_1_29' title="bbox 99 2767 1729 2848; baseline -0.006 -17"><span class='ocrx_word' id='word_1_186' title='bbox 99 2774 640 2848; x_wconf 83' lang='lat' dir='ltr'>impunitus.Sciatse</span> <span class='ocrx_word' id='word_1_187' title='bbox 670 2771 845 2828; x_wconf 90' lang='lat' dir='ltr'>etiam</span> <span class='ocrx_word' id='word_1_188' title='bbox 876 2769 1147 2842; x_wconf 84' lang='lat' dir='ltr'>quisquis</span> <span class='ocrx_word' id='word_1_189' title='bbox 1172 2768 1281 2824; x_wconf 90' lang='lat' dir='ltr'>hoc</span> <span class='ocrx_word' id='word_1_190' title='bbox 1312 2767 1729 2840; x_wconf 85' lang='lat' dir='ltr'>perpetraverit</span> 
     </span>
    </p>
   </div>
   <div class='ocr_carea' id='block_1_30' title="bbox 94 2855 1727 2938">
    <p class='ocr_par' dir='ltr' id='par_1_30' title="bbox 94 2855 1727 2938">
     <span class='ocr_line' id='line_1_30' title="bbox 94 2855 1727 2938; baseline -0.007 -17"><span class='ocrx_word' id='word_1_191' title='bbox 94 2865 181 2922; x_wconf 87' lang='lat' dir='ltr'>tali</span> <span class='ocrx_word' id='word_1_192' title='bbox 196 2863 535 2938; x_wconf 71' lang='lat' dir='ltr'>pmnitentia</span> <span class='ocrx_word' id='word_1_193' title='bbox 548 2860 919 2934; x_wconf 88' lang='lat' dir='ltr'>purgandum</span> <span class='ocrx_word' id='word_1_194' title='bbox 942 2862 1005 2913; x_wconf 89' lang='lat' dir='ltr'>ut</span> <span class='ocrx_word' id='word_1_195' title='bbox 1023 2857 1294 2929; x_wconf 88' lang='lat' dir='ltr'>superius</span> <span class='ocrx_word' id='word_1_196' title='bbox 1318 2855 1539 2911; x_wconf 88' lang='lat' dir='ltr'>dictum</span> <span class='ocrx_word' id='word_1_197' title='bbox 1556 2856 1727 2911; x_wconf 91' lang='lat' dir='ltr'>estde</span> 
     </span>
    </p>
   </div>
   <div class='ocr_carea' id='block_1_31' title="bbox 96 2946 1724 3027">
    <p class='ocr_par' dir='ltr' id='par_1_31' title="bbox 96 2946 1724 3027">
     <span class='ocr_line' id='line_1_31' title="bbox 96 2946 1724 3027; baseline -0.007 -18"><span class='ocrx_word' id='word_1_198' title='bbox 96 2953 349 3027; x_wconf 82' lang='lat' dir='ltr'>perjurio.</span> <span class='ocrx_word' id='word_1_199' title='bbox 384 2951 830 3021; x_wconf 88' lang='lat' dir='ltr'>Dicendumque</span> <span class='ocrx_word' id='word_1_200' title='bbox 859 2951 948 3004; x_wconf 90' lang='lat' dir='ltr'>est</span> <span class='ocrx_word' id='word_1_201' title='bbox 976 2946 1093 3003; x_wconf 88' lang='lat' dir='ltr'>illis</span> <span class='ocrx_word' id='word_1_202' title='bbox 1133 2946 1289 3017; x_wconf 91' lang='lat' dir='ltr'>quod</span> <span class='ocrx_word' id='word_1_203' title='bbox 1321 2962 1578 3011; x_wconf 89' lang='lat' dir='ltr'>summa,</span> <span class='ocrx_word' id='word_1_204' title='bbox 1607 2961 1724 2999; x_wconf 92' lang='lat' dir='ltr'>non</span> 
     </span>
    </p>
   </div>
   <div class='ocr_carea' id='block_1_32' title="bbox 96 3032 1724 3109">
    <p class='ocr_par' dir='ltr' id='par_1_32' title="bbox 96 3032 1724 3109">
     <span class='ocr_line' id='line_1_32' title="bbox 96 3032 1724 3109; baseline -0.008 -10"><span class='ocrx_word' id='word_1_205' title='bbox 96 3044 266 3100; x_wconf 87' lang='lat' dir='ltr'>dicam</span> <span class='ocrx_word' id='word_1_206' title='bbox 297 3039 687 3106; x_wconf 86' lang='lat' dir='ltr'>stultitia,sed</span> <span class='ocrx_word' id='word_1_207' title='bbox 719 3035 986 3109; x_wconf 88' lang='lat' dir='ltr'>nequitia</span> <span class='ocrx_word' id='word_1_208' title='bbox 1017 3040 1105 3091; x_wconf 90' lang='lat' dir='ltr'>est</span> <span class='ocrx_word' id='word_1_209' title='bbox 1126 3051 1230 3108; x_wconf 90' lang='lat' dir='ltr'>pro</span> <span class='ocrx_word' id='word_1_210' title='bbox 1263 3032 1724 3105; x_wconf 88' lang='lat' dir='ltr'>cupiditateauri</span> 
     </span>
    </p>
   </div>
   <div class='ocr_carea' id='block_1_33' title="bbox 96 3122 1728 3205">
    <p class='ocr_par' dir='ltr' id='par_1_33' title="bbox 96 3122 1728 3205">
     <span class='ocr_line' id='line_1_33' title="bbox 96 3122 1728 3205; baseline -0.007 -17"><span class='ocrx_word' id='word_1_211' title='bbox 96 3136 143 3188; x_wconf 88' lang='lat' dir='ltr'>et</span> <span class='ocrx_word' id='word_1_212' title='bbox 168 3131 515 3205; x_wconf 89' lang='lat' dir='ltr'>argenti,aut</span> <span class='ocrx_word' id='word_1_213' title='bbox 540 3127 1019 3183; x_wconf 89' lang='lat' dir='ltr'>vestimentorum</span> <span class='ocrx_word' id='word_1_214' title='bbox 1027 3127 1155 3196; x_wconf 88' lang='lat' dir='ltr'>,aut</span> <span class='ocrx_word' id='word_1_215' title='bbox 1183 3122 1728 3195; x_wconf 88' lang='lat' dir='ltr'>eujuslibetrei,aut</span> 
     </span>
    </p>
   </div>
   <div class='ocr_carea' id='block_1_34' title="bbox 97 3210 1796 3295">
    <p class='ocr_par' dir='ltr' id='par_1_34' title="bbox 97 3210 1796 3295">
     <span class='ocr_line' id='line_1_34' title="bbox 97 3210 1796 3295; baseline -0.008 -18"><span class='ocrx_word' id='word_1_216' title='bbox 97 3220 233 3295; x_wconf 90' lang='lat' dir='ltr'>quod</span> <span class='ocrx_word' id='word_1_217' title='bbox 261 3218 611 3276; x_wconf 84' lang='lat' dir='ltr'>creberrime</span> <span class='ocrx_word' id='word_1_218' title='bbox 642 3215 974 3289; x_wconf 87' lang='lat' dir='ltr'>contingere</span> <span class='ocrx_word' id='word_1_219' title='bbox 1006 3212 1173 3281; x_wconf 90' lang='lat' dir='ltr'>solet,</span> <span class='ocrx_word' id='word_1_220' title='bbox 1209 3215 1444 3285; x_wconf 86' lang='lat' dir='ltr'>propter</span> <span class='ocrx_word' id='word_1_221' title='bbox 1474 3210 1718 3267; x_wconf 90' lang='lat' dir='ltr'>ebrieta-</span> <span class='ocrx_word' id='word_1_222' title='bbox 1754 3222 1796 3288; x_wconf 72' lang='grc' dir='ltr'><strong>ρ</strong></span> 
     </span>
    </p>
   </div>
   <div class='ocr_carea' id='block_1_35' title="bbox 98 3302 1721 3378">
    <p class='ocr_par' dir='ltr' id='par_1_35' title="bbox 98 3302 1721 3378">
     <span class='ocr_line' id='line_1_35' title="bbox 98 3302 1721 3378; baseline -0.007 -13"><span class='ocrx_word' id='word_1_223' title='bbox 98 3314 219 3375; x_wconf 89' lang='lat' dir='ltr'>tem,</span> <span class='ocrx_word' id='word_1_224' title='bbox 248 3308 305 3363; x_wconf 89' lang='lat' dir='ltr'>in</span> <span class='ocrx_word' id='word_1_225' title='bbox 335 3311 457 3363; x_wconf 89' lang='lat' dir='ltr'>tam</span> <span class='ocrx_word' id='word_1_226' title='bbox 491 3305 712 3378; x_wconf 87' lang='lat' dir='ltr'>grande</span> <span class='ocrx_word' id='word_1_227' title='bbox 743 3303 934 3359; x_wconf 85' lang='lat' dir='ltr'>scelus</span> <span class='ocrx_word' id='word_1_228' title='bbox 966 3305 1337 3369; x_wconf 89' lang='lat' dir='ltr'>corruere,ut</span> <span class='ocrx_word' id='word_1_229' title='bbox 1368 3303 1468 3355; x_wconf 90' lang='lat' dir='ltr'>aut</span> <span class='ocrx_word' id='word_1_230' title='bbox 1498 3302 1721 3371; x_wconf 89' lang='lat' dir='ltr'>septem</span> 
     </span>
    </p>
   </div>
   <div class='ocr_carea' id='block_1_36' title="bbox 101 3388 1727 3458">
    <p class='ocr_par' dir='ltr' id='par_1_36' title="bbox 101 3388 1727 3458">
     <span class='ocr_line' id='line_1_36' title="bbox 101 3388 1727 3458; baseline -0.007 -5"><span class='ocrx_word' id='word_1_231' title='bbox 101 3398 252 3453; x_wconf 87' lang='lat' dir='ltr'>annis</span> <span class='ocrx_word' id='word_1_232' title='bbox 278 3396 335 3451; x_wconf 91' lang='lat' dir='ltr'>in</span> <span class='ocrx_word' id='word_1_233' title='bbox 370 3398 534 3451; x_wconf 85' lang='lat' dir='ltr'>arcta</span> <span class='ocrx_word' id='word_1_234' title='bbox 561 3408 824 3449; x_wconf 77' lang='lat' dir='ltr'>aerumna</span> <span class='ocrx_word' id='word_1_235' title='bbox 854 3392 950 3458; x_wconf 90' lang='lat' dir='ltr'>sit,</span> <span class='ocrx_word' id='word_1_236' title='bbox 984 3394 1085 3447; x_wconf 86' lang='lat' dir='ltr'>aut</span> <span class='ocrx_word' id='word_1_237' title='bbox 1134 3391 1205 3446; x_wconf 90' lang='lat' dir='ltr'>ab</span> <span class='ocrx_word' id='word_1_238' title='bbox 1239 3388 1496 3445; x_wconf 85' lang='lat' dir='ltr'>Ecclesia</span> <span class='ocrx_word' id='word_1_239' title='bbox 1526 3388 1604 3443; x_wconf 90' lang='lat' dir='ltr'>sit</span> <span class='ocrx_word' id='word_1_240' title='bbox 1634 3404 1727 3443; x_wconf 91' lang='lat' dir='ltr'>re-</span> 
     </span>
    </p>
   </div>
   <div class='ocr_carea' id='block_1_37' title="bbox 102 3477 1723 3558">
    <p class='ocr_par' dir='ltr' id='par_1_37' title="bbox 102 3477 1723 3558">
     <span class='ocr_line' id='line_1_37' title="bbox 102 3477 1723 3558; baseline -0.007 -17"><span class='ocrx_word' id='word_1_241' title='bbox 102 3485 308 3558; x_wconf 87' lang='lat' dir='ltr'>pulsus,</span> <span class='ocrx_word' id='word_1_242' title='bbox 338 3485 567 3540; x_wconf 88' lang='lat' dir='ltr'>dicente</span> <span class='ocrx_word' id='word_1_243' title='bbox 598 3482 847 3538; x_wconf 90' lang='lat' dir='ltr'>Domino</span> <span class='ocrx_word' id='word_1_244' title='bbox 877 3498 890 3537; x_wconf 88' lang='lat'><strong>:</strong></span> <span class='ocrx_word' id='word_1_245' title='bbox 919 3480 1059 3549; x_wconf 84' lang='lat' dir='ltr'>Quid</span> <span class='ocrx_word' id='word_1_246' title='bbox 1085 3480 1305 3551; x_wconf 79' lang='lat' dir='ltr'>prodest</span> <span class='ocrx_word' id='word_1_247' title='bbox 1330 3478 1619 3542; x_wconf 85' lang='lat' dir='ltr'>homini,si</span> <span class='ocrx_word' id='word_1_248' title='bbox 1638 3477 1723 3531; x_wconf 87' lang='lat' dir='ltr'>lu-</span> 
     </span>
    </p>
   </div>
   <div class='ocr_carea' id='block_1_38' title="bbox 98 3567 1726 3637">
    <p class='ocr_par' dir='ltr' id='par_1_38' title="bbox 98 3567 1726 3637">
     <span class='ocr_line' id='line_1_38' title="bbox 98 3567 1726 3637; baseline -0.006 -8"><span class='ocrx_word' id='word_1_249' title='bbox 98 3583 256 3631; x_wconf 82' lang='lat' dir='ltr'>cretur</span> <span class='ocrx_word' id='word_1_250' title='bbox 283 3583 451 3631; x_wconf 80' lang='lat' dir='ltr'>totum</span> <span class='ocrx_word' id='word_1_251' title='bbox 486 3571 776 3637; x_wconf 88' lang='lat' dir='ltr'>mundum,</span> <span class='ocrx_word' id='word_1_252' title='bbox 827 3578 878 3626; x_wconf 82' lang='lat' dir='ltr'>et</span> <span class='ocrx_word' id='word_1_253' title='bbox 918 3571 1129 3625; x_wconf 69' lang='lat' dir='ltr'>enim</span> <span class='ocrx_word' id='word_1_254' title='bbox 1174 3582 1293 3624; x_wconf 67' lang='lat' dir='ltr'>suae</span> <span class='ocrx_word' id='word_1_255' title='bbox 1338 3567 1726 3622; x_wconf 81' lang='lat' dir='ltr'>detrimentum</span> 
     </span>
    </p>
   </div>
   <div class='ocr_carea' id='block_1_39' title="bbox 99 3654 1725 3735">
    <p class='ocr_par' dir='ltr' id='par_1_39' title="bbox 99 3654 1725 3735">
     <span class='ocr_line' id='line_1_39' title="bbox 99 3654 1725 3735; baseline -0.008 -15"><span class='ocrx_word' id='word_1_256' title='bbox 99 3666 262 3734; x_wconf 78' lang='lat' dir='ltr'>faciat.</span> <span class='ocrx_word' id='word_1_257' title='bbox 289 3663 513 3735; x_wconf 83' lang='lat' dir='ltr'>Quippe</span> <span class='ocrx_word' id='word_1_258' title='bbox 553 3677 686 3716; x_wconf 90' lang='lat' dir='ltr'>eum</span> <span class='ocrx_word' id='word_1_259' title='bbox 719 3658 850 3715; x_wconf 90' lang='lat' dir='ltr'>aliis</span> <span class='ocrx_word' id='word_1_260' title='bbox 880 3657 1147 3713; x_wconf 91' lang='lat' dir='ltr'>videatur</span> <span class='ocrx_word' id='word_1_261' title='bbox 1178 3655 1312 3728; x_wconf 90' lang='lat' dir='ltr'>pius</span> <span class='ocrx_word' id='word_1_262' title='bbox 1341 3655 1609 3720; x_wconf 83' lang='lat' dir='ltr'>existere,</span> <span class='ocrx_word' id='word_1_263' title='bbox 1642 3654 1725 3709; x_wconf 81' lang='lat' dir='ltr'>si-</span> 
     </span>
    </p>
   </div>
   <div class='ocr_carea' id='block_1_40' title="bbox 101 3746 1725 3819">
    <p class='ocr_par' dir='ltr' id='par_1_40' title="bbox 101 3746 1725 3819">
     <span class='ocr_line' id='line_1_40' title="bbox 101 3746 1725 3819; baseline -0.005 -14"><span class='ocrx_word' id='word_1_264' title='bbox 101 3752 257 3808; x_wconf 88' lang='lat' dir='ltr'>bimet</span> <span class='ocrx_word' id='word_1_265' title='bbox 283 3751 542 3808; x_wconf 90' lang='lat' dir='ltr'>crudelis</span> <span class='ocrx_word' id='word_1_266' title='bbox 563 3750 792 3805; x_wconf 82' lang='lat' dir='ltr'>existat.</span> <span class='ocrx_word' id='word_1_267' title='bbox 818 3747 877 3803; x_wconf 91' lang='lat' dir='ltr'>Si</span> <span class='ocrx_word' id='word_1_268' title='bbox 909 3746 1042 3819; x_wconf 89' lang='lat' dir='ltr'>quis</span> <span class='ocrx_word' id='word_1_269' title='bbox 1071 3762 1204 3801; x_wconf 92' lang='lat' dir='ltr'>vero</span> <span class='ocrx_word' id='word_1_270' title='bbox 1231 3748 1563 3817; x_wconf 88' lang='lat' dir='ltr'>perpetrato</span> <span class='ocrx_word' id='word_1_271' title='bbox 1595 3759 1725 3815; x_wconf 88' lang='lat' dir='ltr'>per-</span> 
     </span>
    </p>
   </div>
   <div class='ocr_carea' id='block_1_41' title="bbox 95 3831 1724 3911">
    <p class='ocr_par' dir='ltr' id='par_1_41' title="bbox 95 3831 1724 3911">
     <span class='ocr_line' id='line_1_41' title="bbox 95 3831 1724 3911; baseline -0.006 -16"><span class='ocrx_word' id='word_1_272' title='bbox 95 3839 250 3911; x_wconf 86' lang='lat' dir='ltr'>jurio,</span> <span class='ocrx_word' id='word_1_273' title='bbox 275 3844 375 3897; x_wconf 89' lang='lat' dir='ltr'>aut</span> <span class='ocrx_word' id='word_1_274' title='bbox 406 3839 554 3895; x_wconf 85' lang='lat' dir='ltr'>falso</span> <span class='ocrx_word' id='word_1_275' title='bbox 585 3832 941 3903; x_wconf 82' lang='lat' dir='ltr'>testimOnio,</span> <span class='ocrx_word' id='word_1_276' title='bbox 975 3833 1063 3891; x_wconf 86' lang='lat' dir='ltr'>vel</span> <span class='ocrx_word' id='word_1_277' title='bbox 1124 3834 1385 3907; x_wconf 89' lang='lat' dir='ltr'>quolibet</span> <span class='ocrx_word' id='word_1_278' title='bbox 1432 3831 1724 3888; x_wconf 90' lang='lat' dir='ltr'>criminali</span> 
     </span>
    </p>
   </div>
   <div class='ocr_carea' id='block_1_42' title="bbox 103 3920 1724 4000">
    <p class='ocr_par' dir='ltr' id='par_1_42' title="bbox 103 3920 1724 4000">
     <span class='ocr_line' id='line_1_42' title="bbox 103 3920 1724 4000; baseline -0.007 -16"><span class='ocrx_word' id='word_1_279' title='bbox 103 3930 553 4000; x_wconf 88' lang='lat' dir='ltr'>peccato,timens</span> <span class='ocrx_word' id='word_1_280' title='bbox 600 3926 954 4000; x_wconf 66' lang='lat' dir='ltr'>poenitentia:</span> <span class='ocrx_word' id='word_1_281' title='bbox 983 3924 1219 3996; x_wconf 88' lang='lat' dir='ltr'>longam</span> <span class='ocrx_word' id='word_1_282' title='bbox 1278 3936 1625 3985; x_wconf 80' lang='lat' dir='ltr'>aerumnam,</span> <span class='ocrx_word' id='word_1_283' title='bbox 1653 3920 1724 3974; x_wconf 91' lang='lat' dir='ltr'>ad</span> 
     </span>
    </p>
   </div>
   <div class='ocr_carea' id='block_1_43' title="bbox 102 4007 1727 4080">
    <p class='ocr_par' dir='ltr' id='par_1_43' title="bbox 102 4007 1727 4080">
     <span class='ocr_line' id='line_1_43' title="bbox 102 4007 1727 4080; baseline -0.006 -8"><span class='ocrx_word' id='word_1_284' title='bbox 102 4019 500 4075; x_wconf 79' lang='lat' dir='ltr'>confessionem</span> <span class='ocrx_word' id='word_1_285' title='bbox 532 4015 726 4073; x_wconf 89' lang='lat' dir='ltr'>venire</span> <span class='ocrx_word' id='word_1_286' title='bbox 750 4013 1022 4080; x_wconf 88' lang='lat' dir='ltr'>noluerit,</span> <span class='ocrx_word' id='word_1_287' title='bbox 1054 4012 1127 4068; x_wconf 90' lang='lat' dir='ltr'>ab</span> <span class='ocrx_word' id='word_1_288' title='bbox 1160 4008 1420 4066; x_wconf 85' lang='lat' dir='ltr'>Ecclesia</span> <span class='ocrx_word' id='word_1_289' title='bbox 1447 4007 1727 4079; x_wconf 90' lang='lat' dir='ltr'>repellen-</span> 
     </span>
    </p>
   </div>
   <div class='ocr_carea' id='block_1_44' title="bbox 102 4095 1722 4174">
    <p class='ocr_par' dir='ltr' id='par_1_44' title="bbox 102 4095 1722 4174">
     <span class='ocr_line' id='line_1_44' title="bbox 102 4095 1722 4174; baseline -0.007 -14"><span class='ocrx_word' id='word_1_290' title='bbox 102 4106 194 4162; x_wconf 80' lang='lat' dir='ltr'>dus</span> <span class='ocrx_word' id='word_1_291' title='bbox 220 4112 324 4174; x_wconf 90' lang='lat' dir='ltr'>est,</span> <span class='ocrx_word' id='word_1_292' title='bbox 355 4107 476 4163; x_wconf 83' lang='lat' dir='ltr'>sive</span> <span class='ocrx_word' id='word_1_293' title='bbox 507 4123 542 4162; x_wconf 86' lang='lat' dir='ltr'>a</span> <span class='ocrx_word' id='word_1_294' title='bbox 573 4104 989 4161; x_wconf 88' lang='lat' dir='ltr'>communione</span> <span class='ocrx_word' id='word_1_295' title='bbox 1025 4105 1081 4157; x_wconf 90' lang='lat' dir='ltr'>et</span> <span class='ocrx_word' id='word_1_296' title='bbox 1113 4097 1406 4155; x_wconf 89' lang='lat' dir='ltr'>consortio</span> <span class='ocrx_word' id='word_1_297' title='bbox 1438 4095 1722 4163; x_wconf 83' lang='lat' dir='ltr'>ﬁdelium,</span> 
     </span>
    </p>
   </div>
   <div class='ocr_carea' id='block_1_45' title="bbox 102 4187 1723 4261">
    <p class='ocr_par' dir='ltr' id='par_1_45' title="bbox 102 4187 1723 4261">
     <span class='ocr_line' id='line_1_45' title="bbox 102 4187 1723 4261; baseline -0.007 -12"><span class='ocrx_word' id='word_1_298' title='bbox 102 4200 155 4250; x_wconf 88' lang='lat' dir='ltr'>ut</span> <span class='ocrx_word' id='word_1_299' title='bbox 180 4196 365 4252; x_wconf 90' lang='lat' dir='ltr'>nullus</span> <span class='ocrx_word' id='word_1_300' title='bbox 390 4212 525 4251; x_wconf 89' lang='lat' dir='ltr'>eum</span> <span class='ocrx_word' id='word_1_301' title='bbox 558 4211 624 4250; x_wconf 90' lang='lat' dir='ltr'>eo</span> <span class='ocrx_word' id='word_1_302' title='bbox 656 4193 1147 4261; x_wconf 89' lang='lat' dir='ltr'>comedat,ncque</span> <span class='ocrx_word' id='word_1_303' title='bbox 1177 4187 1556 4256; x_wconf 87' lang='lat' dir='ltr'>bibat,neque</span> <span class='ocrx_word' id='word_1_304' title='bbox 1578 4187 1723 4254; x_wconf 84' lang='lat' dir='ltr'>oret,</span> 
     </span>
    </p>
   </div>
   <div class='ocr_carea' id='block_1_46' title="bbox 103 4279 1161 4357">
    <p class='ocr_par' dir='ltr' id='par_1_46' title="bbox 103 4279 1161 4357">
     <span class='ocr_line' id='line_1_46' title="bbox 103 4279 1161 4357; baseline -0.006 -19"><span class='ocrx_word' id='word_1_305' title='bbox 103 4300 268 4357; x_wconf 87' lang='lat' dir='ltr'>neque</span> <span class='ocrx_word' id='word_1_306' title='bbox 295 4285 353 4339; x_wconf 91' lang='lat' dir='ltr'>in</span> <span class='ocrx_word' id='word_1_307' title='bbox 384 4301 495 4341; x_wconf 89' lang='lat' dir='ltr'>sua</span> <span class='ocrx_word' id='word_1_308' title='bbox 528 4284 700 4339; x_wconf 90' lang='lat' dir='ltr'>domo</span> <span class='ocrx_word' id='word_1_309' title='bbox 732 4298 867 4337; x_wconf 90' lang='lat' dir='ltr'>eum</span> <span class='ocrx_word' id='word_1_310' title='bbox 901 4279 1161 4351; x_wconf 85' lang='lat' dir='ltr'>recipiat.</span> 
     </span>
    </p>
   </div>
   <div class='ocr_carea' id='block_1_47' title="bbox 628 4412 1162 4472">
    <p class='ocr_par' dir='ltr' id='par_1_47' title="bbox 628 4412 1162 4472">
     <span class='ocr_line' id='line_1_47' title="bbox 628 4412 1162 4472; baseline -0.013 0"><span class='ocrx_word' id='word_1_311' title='bbox 628 4415 858 4472; x_wconf 88' lang='lat' dir='ltr'>CAPUT</span> <span class='ocrx_word' id='word_1_312' title='bbox 897 4412 1162 4470; x_wconf 79' lang='lat' dir='ltr'><strong>XXXVII.</strong></span> 
     </span>
    </p>
   </div>
   <div class='ocr_carea' id='block_1_48' title="bbox 453 4501 1343 4579">
    <p class='ocr_par' dir='ltr' id='par_1_48' title="bbox 453 4501 1343 4579">
     <span class='ocr_line' id='line_1_48' title="bbox 453 4501 1343 4579; baseline -0.008 -19"><span class='ocrx_word' id='word_1_313' title='bbox 453 4510 529 4563; x_wconf 91' lang='lat' dir='ltr'>De</span> <span class='ocrx_word' id='word_1_314' title='bbox 554 4506 825 4579; x_wconf 81' lang='lat' dir='ltr'>perjurio,</span> <span class='ocrx_word' id='word_1_315' title='bbox 857 4505 1010 4575; x_wconf 82' lang='lat' dir='ltr'>furto</span> <span class='ocrx_word' id='word_1_316' title='bbox 1038 4509 1092 4557; x_wconf 88' lang='lat' dir='ltr'>et</span> <span class='ocrx_word' id='word_1_317' title='bbox 1118 4501 1343 4572; x_wconf 80' lang='lat' dir='ltr'>rapina.</span> 
     </span>
    </p>
   </div>
   <div class='ocr_carea' id='block_1_49' title="bbox 161 4586 2073 4688">
    <p class='ocr_par' dir='ltr' id='par_1_49' title="bbox 161 4586 2073 4688">
     <span class='ocr_line' id='line_1_49' title="bbox 161 4586 2073 4688; baseline -0.005 -18"><span class='ocrx_word' id='word_1_318' title='bbox 161 4614 491 4685; x_wconf 88' lang='lat' dir='ltr'>Quicunque</span> <span class='ocrx_word' id='word_1_319' title='bbox 524 4611 715 4669; x_wconf 85' lang='lat' dir='ltr'>sciens</span> <span class='ocrx_word' id='word_1_320' title='bbox 746 4604 1533 4688; x_wconf 86' lang='lat' dir='ltr'>perjurium_perpetraverit,</span> <span class='ocrx_word' id='word_1_321' title='bbox 1558 4603 1730 4659; x_wconf 88' lang='lat' dir='ltr'>annis</span> <span class='ocrx_word' id='word_1_322' title='bbox 1766 4586 1808 4653; x_wconf 78' lang='grc' dir='ltr'><strong>Ι)</strong></span> <span class='ocrx_word' id='word_1_323' title='bbox 1837 4591 2073 4665; x_wconf 55' lang='lat' dir='ltr'>mille&quot;?-</span> 
     </span>
    </p>
   </div>
   <div class='ocr_carea' id='block_1_50' title="bbox 108 4692 1729 4774">
    <p class='ocr_par' dir='ltr' id='par_1_50' title="bbox 108 4692 1729 4774">
     <span class='ocr_line' id='line_1_50' title="bbox 108 4692 1729 4774; baseline -0.007 -15"><span class='ocrx_word' id='word_1_324' title='bbox 108 4706 304 4773; x_wconf 79' lang='lat' dir='ltr'>septem</span> <span class='ocrx_word' id='word_1_325' title='bbox 336 4718 398 4758; x_wconf 88' lang='lat' dir='ltr'>se</span> <span class='ocrx_word' id='word_1_326' title='bbox 428 4699 785 4774; x_wconf 58' lang='lat' dir='ltr'>poenitentia)</span> <span class='ocrx_word' id='word_1_327' title='bbox 829 4697 1064 4763; x_wconf 88' lang='lat' dir='ltr'>subdat,</span> <span class='ocrx_word' id='word_1_328' title='bbox 1111 4698 1169 4751; x_wconf 87' lang='lat' dir='ltr'>et</span> <span class='ocrx_word' id='word_1_329' title='bbox 1216 4694 1297 4749; x_wconf 89' lang='lat' dir='ltr'>ita</span> <span class='ocrx_word' id='word_1_330' title='bbox 1354 4693 1629 4764; x_wconf 89' lang='lat' dir='ltr'>deinceps</span> <span class='ocrx_word' id='word_1_331' title='bbox 1658 4692 1729 4748; x_wconf 89' lang='lat' dir='ltr'>ad</span> 
     </span>
    </p>
   </div>
   <div class='ocr_carea' id='block_1_51' title="bbox 106 4781 1728 4855">
    <p class='ocr_par' dir='ltr' id='par_1_51' title="bbox 106 4781 1728 4855">
     <span class='ocr_line' id='line_1_51' title="bbox 106 4781 1728 4855; baseline -0.005 -11"><span class='ocrx_word' id='word_1_332' title='bbox 106 4791 553 4847; x_wconf 87' lang='lat' dir='ltr'>communionem</span> <span class='ocrx_word' id='word_1_333' title='bbox 585 4791 923 4844; x_wconf 85' lang='lat' dir='ltr'>revertatur.</span> <span class='ocrx_word' id='word_1_334' title='bbox 958 4783 1066 4850; x_wconf 89' lang='lat' dir='ltr'>Qui</span> <span class='ocrx_word' id='word_1_335' title='bbox 1114 4800 1250 4839; x_wconf 89' lang='lat' dir='ltr'>vero</span> <span class='ocrx_word' id='word_1_336' title='bbox 1282 4781 1600 4855; x_wconf 84' lang='lat' dir='ltr'>cupiditate</span> <span class='ocrx_word' id='word_1_337' title='bbox 1632 4798 1728 4837; x_wconf 86' lang='lat' dir='ltr'>ea-</span> 
     </span>
    </p>
   </div>
   <div class='ocr_carea' id='block_1_52' title="bbox 107 4871 1731 4948">
    <p class='ocr_par' dir='ltr' id='par_1_52' title="bbox 107 4871 1731 4948">
     <span class='ocr_line' id='line_1_52' title="bbox 107 4871 1731 4948; baseline -0.004 -17"><span class='ocrx_word' id='word_1_338' title='bbox 107 4883 222 4947; x_wconf 86' lang='lat' dir='ltr'>ptus</span> <span class='ocrx_word' id='word_1_339' title='bbox 246 4879 465 4934; x_wconf 78' lang='lat' dir='ltr'>furtum</span> <span class='ocrx_word' id='word_1_340' title='bbox 500 4877 721 4945; x_wconf 88' lang='lat' dir='ltr'>fecerit,</span> <span class='ocrx_word' id='word_1_341' title='bbox 754 4875 913 4948; x_wconf 91' lang='lat' dir='ltr'>quod</span> <span class='ocrx_word' id='word_1_342' title='bbox 944 4871 1255 4930; x_wconf 86' lang='lat' dir='ltr'>abstulerit</span> <span class='ocrx_word' id='word_1_343' title='bbox 1284 4872 1507 4936; x_wconf 86' lang='lat' dir='ltr'>reddat,</span> <span class='ocrx_word' id='word_1_344' title='bbox 1542 4875 1598 4925; x_wconf 90' lang='lat' dir='ltr'>et</span> <span class='ocrx_word' id='word_1_345' title='bbox 1627 4887 1731 4924; x_wconf 86' lang='lat' dir='ltr'>an-</span> 
     </span>
    </p>
   </div>
   <div class='ocr_carea' id='block_1_53' title="bbox 108 4957 1735 5039">
    <p class='ocr_par' dir='ltr' id='par_1_53' title="bbox 108 4957 1735 5039">
     <span class='ocr_line' id='line_1_53' title="bbox 108 4957 1735 5039; baseline -0.005 -20"><span class='ocrx_word' id='word_1_346' title='bbox 108 4965 182 5019; x_wconf 85' lang='lat' dir='ltr'>nis</span> <span class='ocrx_word' id='word_1_347' title='bbox 211 4967 465 5039; x_wconf 88' lang='lat' dir='ltr'>quinque</span> <span class='ocrx_word' id='word_1_348' title='bbox 490 4964 894 5039; x_wconf 73' lang='lat' dir='ltr'>pmnitentiam</span> <span class='ocrx_word' id='word_1_349' title='bbox 922 4966 1076 5035; x_wconf 89' lang='lat' dir='ltr'>agat.</span> <span class='ocrx_word' id='word_1_350' title='bbox 1100 4960 1384 5016; x_wconf 88' lang='lat' dir='ltr'>Similiter</span> <span class='ocrx_word' id='word_1_351' title='bbox 1412 4962 1471 5014; x_wconf 91' lang='lat' dir='ltr'>et</span> <span class='ocrx_word' id='word_1_352' title='bbox 1500 4957 1599 5030; x_wconf 91' lang='lat' dir='ltr'>qui</span> <span class='ocrx_word' id='word_1_353' title='bbox 1630 4974 1735 5029; x_wconf 88' lang='lat' dir='ltr'>per</span> 
     </span>
    </p>
   </div>
   <div class='ocr_carea' id='block_1_54' title="bbox 110 5046 1732 5126">
    <p class='ocr_par' dir='ltr' id='par_1_54' title="bbox 110 5046 1732 5126">
     <span class='ocr_line' id='line_1_54' title="bbox 110 5046 1732 5126; baseline -0.004 -19"><span class='ocrx_word' id='word_1_354' title='bbox 110 5055 347 5126; x_wconf 85' lang='lat' dir='ltr'>rapinam</span> <span class='ocrx_word' id='word_1_355' title='bbox 379 5055 622 5111; x_wconf 89' lang='lat' dir='ltr'>alterius</span> <span class='ocrx_word' id='word_1_356' title='bbox 646 5071 736 5109; x_wconf 90' lang='lat' dir='ltr'>res</span> <span class='ocrx_word' id='word_1_357' title='bbox 767 5052 986 5124; x_wconf 80' lang='lat' dir='ltr'>injuste</span> <span class='ocrx_word' id='word_1_358' title='bbox 1008 5049 1332 5115; x_wconf 87' lang='lat' dir='ltr'>abstulerit,</span> <span class='ocrx_word' id='word_1_359' title='bbox 1354 5052 1412 5103; x_wconf 91' lang='lat' dir='ltr'>et</span> <span class='ocrx_word' id='word_1_360' title='bbox 1440 5047 1550 5102; x_wconf 89' lang='lat' dir='ltr'>hoc</span> <span class='ocrx_word' id='word_1_361' title='bbox 1576 5046 1732 5117; x_wconf 90' lang='lat' dir='ltr'>quod</span> 
     </span>
    </p>
   </div>
   <div class='ocr_carea' id='block_1_55' title="bbox 110 5134 1731 5208">
    <p class='ocr_par' dir='ltr' id='par_1_55' title="bbox 110 5134 1731 5208">
     <span class='ocr_line' id='line_1_55' title="bbox 110 5134 1731 5208; baseline -0.004 -12"><span class='ocrx_word' id='word_1_362' title='bbox 110 5141 365 5200; x_wconf 88' lang='lat' dir='ltr'>viillieite</span> <span class='ocrx_word' id='word_1_363' title='bbox 407 5143 651 5201; x_wconf 81' lang='lat' dir='ltr'>extorsit</span> <span class='ocrx_word' id='word_1_364' title='bbox 703 5145 1008 5208; x_wconf 88' lang='lat' dir='ltr'>restauret,</span> <span class='ocrx_word' id='word_1_365' title='bbox 1043 5144 1101 5194; x_wconf 92' lang='lat' dir='ltr'>et</span> <span class='ocrx_word' id='word_1_366' title='bbox 1158 5138 1399 5193; x_wconf 85' lang='lat' dir='ltr'>totidem</span> <span class='ocrx_word' id='word_1_367' title='bbox 1445 5134 1635 5201; x_wconf 88' lang='lat' dir='ltr'>annis,</span> <span class='ocrx_word' id='word_1_368' title='bbox 1670 5135 1731 5190; x_wconf 90' lang='lat' dir='ltr'>id</span> 
     </span>
    </p>
   </div>
   <div class='ocr_carea' id='block_1_56' title="bbox 112 5223 1732 5305">
    <p class='ocr_par' dir='ltr' id='par_1_56' title="bbox 112 5223 1732 5305">
     <span class='ocr_line' id='line_1_56' title="bbox 112 5223 1732 5305; baseline -0.003 -22"><span class='ocrx_word' id='word_1_369' title='bbox 112 5234 185 5285; x_wconf 86' lang='lat' dir='ltr'>est</span> <span class='ocrx_word' id='word_1_370' title='bbox 212 5232 485 5305; x_wconf 89' lang='lat' dir='ltr'>quinque,</span> <span class='ocrx_word' id='word_1_371' title='bbox 520 5236 746 5288; x_wconf 83' lang='lat' dir='ltr'>reatum</span> <span class='ocrx_word' id='word_1_372' title='bbox 771 5247 947 5287; x_wconf 88' lang='lat' dir='ltr'>suum</span> <span class='ocrx_word' id='word_1_373' title='bbox 997 5226 1350 5300; x_wconf 70' lang='lat' dir='ltr'>paenitentiae</span> <span class='ocrx_word' id='word_1_374' title='bbox 1374 5223 1619 5295; x_wconf 88' lang='lat' dir='ltr'>jejuniis</span> <span class='ocrx_word' id='word_1_375' title='bbox 1645 5223 1732 5279; x_wconf 85' lang='lat' dir='ltr'>di-</span> 
     </span>
    </p>
   </div>
   <div class='ocr_carea' id='block_1_57' title="bbox 111 5313 1734 5383">
    <p class='ocr_par' dir='ltr' id='par_1_57' title="bbox 111 5313 1734 5383">
     <span class='ocr_line' id='line_1_57' title="bbox 111 5313 1734 5383; baseline -0.003 -12"><span class='ocrx_word' id='word_1_376' title='bbox 111 5315 232 5375; x_wconf 76' lang='lat' dir='ltr'>luat.</span> <span class='ocrx_word' id='word_1_377' title='bbox 262 5321 321 5375; x_wconf 90' lang='lat' dir='ltr'>Si</span> <span class='ocrx_word' id='word_1_378' title='bbox 351 5326 550 5377; x_wconf 88' lang='lat' dir='ltr'>autem</span> <span class='ocrx_word' id='word_1_379' title='bbox 583 5320 769 5377; x_wconf 89' lang='lat' dir='ltr'>nescit</span> <span class='ocrx_word' id='word_1_380' title='bbox 798 5318 891 5375; x_wconf 91' lang='lat' dir='ltr'>cui</span> <span class='ocrx_word' id='word_1_381' title='bbox 925 5319 1209 5373; x_wconf 87' lang='lat' dir='ltr'>damnum</span> <span class='ocrx_word' id='word_1_382' title='bbox 1240 5313 1458 5383; x_wconf 90' lang='lat' dir='ltr'>intulit,</span> <span class='ocrx_word' id='word_1_383' title='bbox 1486 5317 1587 5368; x_wconf 88' lang='lat' dir='ltr'>aut</span> <span class='ocrx_word' id='word_1_384' title='bbox 1617 5331 1734 5368; x_wconf 91' lang='lat' dir='ltr'>non</span> 
     </span>
    </p>
   </div>
   <div class='ocr_carea' id='block_1_58' title="bbox 112 5402 1733 5482">
    <p class='ocr_par' dir='ltr' id='par_1_58' title="bbox 112 5402 1733 5482">
     <span class='ocr_line' id='line_1_58' title="bbox 112 5402 1733 5482; baseline -0.003 -21"><span class='ocrx_word' id='word_1_385' title='bbox 112 5407 243 5463; x_wconf 82' lang='lat' dir='ltr'>valet</span> <span class='ocrx_word' id='word_1_386' title='bbox 278 5411 517 5466; x_wconf 85' lang='lat' dir='ltr'>reddere</span> <span class='ocrx_word' id='word_1_387' title='bbox 565 5410 718 5482; x_wconf 90' lang='lat' dir='ltr'>quod</span> <span class='ocrx_word' id='word_1_388' title='bbox 765 5407 1048 5463; x_wconf 87' lang='lat' dir='ltr'>violenter</span> <span class='ocrx_word' id='word_1_389' title='bbox 1096 5402 1416 5474; x_wconf 89' lang='lat' dir='ltr'>subrepsit,</span> <span class='ocrx_word' id='word_1_390' title='bbox 1450 5402 1733 5473; x_wconf 88' lang='lat' dir='ltr'>asperiori</span> 
     </span>
    </p>
   </div>
   <div class='ocr_carea' id='block_1_59' title="bbox 115 5496 1733 5567">
    <p class='ocr_par' dir='ltr' id='par_1_59' title="bbox 115 5496 1733 5567">
     <span class='ocr_line' id='line_1_59' title="bbox 115 5496 1733 5567; baseline -0.004 -16"><span class='ocrx_word' id='word_1_391' title='bbox 115 5498 438 5565; x_wconf 70' lang='lat' dir='ltr'>ptenitentim</span> <span class='ocrx_word' id='word_1_392' title='bbox 467 5517 530 5555; x_wconf 88' lang='lat' dir='ltr'>se</span> <span class='ocrx_word' id='word_1_393' title='bbox 561 5499 869 5555; x_wconf 82' lang='lat' dir='ltr'>submittat</span> <span class='ocrx_word' id='word_1_394' title='bbox 900 5500 956 5551; x_wconf 89' lang='lat' dir='ltr'>et</span> <span class='ocrx_word' id='word_1_395' title='bbox 987 5498 1118 5567; x_wconf 90' lang='lat' dir='ltr'>post</span> <span class='ocrx_word' id='word_1_396' title='bbox 1146 5496 1369 5563; x_wconf 88' lang='lat' dir='ltr'>septem</span> <span class='ocrx_word' id='word_1_397' title='bbox 1402 5507 1589 5546; x_wconf 86' lang='lat' dir='ltr'>anuos</span> <span class='ocrx_word' id='word_1_398' title='bbox 1608 5508 1733 5562; x_wconf 88' lang='lat' dir='ltr'>per-</span> 
     </span>
    </p>
   </div>
   <div class='ocr_carea' id='block_1_60' title="bbox 175 5636 1256 5711">
    <p class='ocr_par' dir='ltr' id='par_1_60' title="bbox 175 5636 1256 5711">
     <span class='ocr_line' id='line_1_60' title="bbox 175 5636 1256 5711; baseline -0.006 -17"><span class='ocrx_word' id='word_1_399' title='bbox 175 5639 243 5707; x_wconf 85' lang='lat' dir='ltr'>(a)</span> <span class='ocrx_word' id='word_1_400' title='bbox 271 5639 410 5696; x_wconf 86' lang='lat' dir='ltr'>Vide</span> <span class='ocrx_word' id='word_1_401' title='bbox 442 5644 612 5698; x_wconf 88' lang='lat' dir='ltr'>notas</span> <span class='ocrx_word' id='word_1_402' title='bbox 641 5641 709 5696; x_wconf 87' lang='lat' dir='ltr'>ad</span> <span class='ocrx_word' id='word_1_403' title='bbox 744 5637 1064 5711; x_wconf 87' lang='lat' dir='ltr'>Capitular.</span> <span class='ocrx_word' id='word_1_404' title='bbox 1100 5636 1256 5691; x_wconf 81' lang='lat'>1038.</span> 
     </span>
    </p>
   </div>
   <div class='ocr_carea' id='block_1_61' title="bbox 1848 572 2050 628">
    <p class='ocr_par' dir='ltr' id='par_1_61' title="bbox 1848 572 2050 628">
     <span class='ocr_line' id='line_1_61' title="bbox 1848 572 2050 628; baseline 0.005 -2"><span class='ocrx_word' id='word_1_405' title='bbox 1848 572 2050 628; x_wconf 87' lang='lat' dir='ltr'>tentia.</span> 
     </span>
    </p>
   </div>
   <div class='ocr_carea' id='block_1_62' title="bbox 2387 664 2949 721">
    <p class='ocr_par' dir='ltr' id='par_1_62' title="bbox 2387 664 2949 721">
     <span class='ocr_line' id='line_1_62' title="bbox 2387 664 2949 721; baseline -0.002 -1"><span class='ocrx_word' id='word_1_406' title='bbox 2387 664 2616 721; x_wconf 83' lang='lat' dir='ltr'><strong>CAPUT</strong></span> <span class='ocrx_word' id='word_1_407' title='bbox 2656 664 2949 721; x_wconf 84' lang='lat' dir='ltr'>XXXVIII.</span> 
     </span>
    </p>
   </div>
   <div class='ocr_carea' id='block_1_63' title="bbox 2208 754 3128 811">
    <p class='ocr_par' dir='ltr' id='par_1_63' title="bbox 2208 754 3128 811">
     <span class='ocr_line' id='line_1_63' title="bbox 2208 754 3128 811; baseline 0 -2"><span class='ocrx_word' id='word_1_408' title='bbox 2208 755 2282 810; x_wconf 89' lang='lat' dir='ltr'>De</span> <span class='ocrx_word' id='word_1_409' title='bbox 2310 754 2778 811; x_wconf 74' lang='lat' dir='ltr'>observationibus</span> <span class='ocrx_word' id='word_1_410' title='bbox 2799 756 3128 811; x_wconf 86' lang='lat' dir='ltr'>vanitatum.</span> 
     </span>
    </p>
   </div>
   <div class='ocr_carea' id='block_1_64' title="bbox 1919 841 3495 917">
    <p class='ocr_par' dir='ltr' id='par_1_64' title="bbox 1919 841 3495 917">
     <span class='ocr_line' id='line_1_64' title="bbox 1919 841 3495 917; baseline 0.005 -22"><span class='ocrx_word' id='word_1_411' title='bbox 1919 841 1993 914; x_wconf 80' lang='grc' dir='ltr'>(α)</span> <span class='ocrx_word' id='word_1_412' title='bbox 2025 842 2367 917; x_wconf 87' lang='lat' dir='ltr'>Quicunque</span> <span class='ocrx_word' id='word_1_413' title='bbox 2400 843 2661 900; x_wconf 81' lang='lat' dir='ltr'>ﬁdelium</span> <span class='ocrx_word' id='word_1_414' title='bbox 2695 843 2942 917; x_wconf 87' lang='lat' dir='ltr'>auguria</span> <span class='ocrx_word' id='word_1_415' title='bbox 2981 848 3038 900; x_wconf 92' lang='lat' dir='ltr'>et</span> <span class='ocrx_word' id='word_1_416' title='bbox 3085 844 3349 917; x_wconf 87' lang='lat' dir='ltr'>auspicia</span> <span class='ocrx_word' id='word_1_417' title='bbox 3375 845 3495 903; x_wconf 89' lang='lat' dir='ltr'>sive</span> 
     </span>
    </p>
   </div>
   <div class='ocr_carea' id='block_1_65' title="bbox 1846 931 3493 1006">
    <p class='ocr_par' dir='ltr' id='par_1_65' title="bbox 1846 931 3493 1006">
     <span class='ocr_line' id='line_1_65' title="bbox 1846 931 3493 1006; baseline 0.004 -21"><span class='ocrx_word' id='word_1_418' title='bbox 1846 932 2075 987; x_wconf 89' lang='lat' dir='ltr'>somnia</span> <span class='ocrx_word' id='word_1_419' title='bbox 2099 931 2187 988; x_wconf 90' lang='lat' dir='ltr'>vel</span> <span class='ocrx_word' id='word_1_420' title='bbox 2219 933 2609 988; x_wconf 88' lang='lat' dir='ltr'>divinationes</span> <span class='ocrx_word' id='word_1_421' title='bbox 2658 932 2953 1005; x_wconf 91' lang='lat' dir='ltr'>quaslibet</span> <span class='ocrx_word' id='word_1_422' title='bbox 2999 949 3159 989; x_wconf 91' lang='lat' dir='ltr'>more</span> <span class='ocrx_word' id='word_1_423' title='bbox 3184 933 3493 1006; x_wconf 88' lang='lat' dir='ltr'>gentilium</span> 
     </span>
    </p>
   </div>
   <div class='ocr_carea' id='block_1_66' title="bbox 1843 1018 3492 1094">
    <p class='ocr_par' dir='ltr' id='par_1_66' title="bbox 1843 1018 3492 1094">
     <span class='ocr_line' id='line_1_66' title="bbox 1843 1018 3492 1094; baseline 0.005 -20"><span class='ocrx_word' id='word_1_424' title='bbox 1843 1018 2296 1086; x_wconf 86' lang='lat' dir='ltr'>observaverint,</span> <span class='ocrx_word' id='word_1_425' title='bbox 2331 1021 2450 1078; x_wconf 91' lang='lat' dir='ltr'>sive</span> <span class='ocrx_word' id='word_1_426' title='bbox 2504 1025 2689 1077; x_wconf 90' lang='lat' dir='ltr'>sortes</span> <span class='ocrx_word' id='word_1_427' title='bbox 2748 1038 2893 1094; x_wconf 86' lang='lat' dir='ltr'>quas</span> <span class='ocrx_word' id='word_1_428' title='bbox 2941 1022 3308 1078; x_wconf 88' lang='lat' dir='ltr'>mentiuntur</span> <span class='ocrx_word' id='word_1_429' title='bbox 3363 1040 3492 1082; x_wconf 90' lang='lat' dir='ltr'>esse</span> 
     </span>
    </p>
   </div>
   <div class='ocr_carea' id='block_1_67' title="bbox 1843 1109 3490 1182">
    <p class='ocr_par' dir='ltr' id='par_1_67' title="bbox 1843 1109 3490 1182">
     <span class='ocr_line' id='line_1_67' title="bbox 1843 1109 3490 1182; baseline 0.004 -20"><span class='ocrx_word' id='word_1_430' title='bbox 1843 1113 2205 1176; x_wconf 88' lang='lat' dir='ltr'>sanctorum,</span> <span class='ocrx_word' id='word_1_431' title='bbox 2239 1126 2368 1182; x_wconf 86' lang='lat' dir='ltr'>quae</span> <span class='ocrx_word' id='word_1_432' title='bbox 2396 1109 2590 1165; x_wconf 91' lang='lat' dir='ltr'>elerici</span> <span class='ocrx_word' id='word_1_433' title='bbox 2635 1109 2724 1165; x_wconf 90' lang='lat' dir='ltr'>vel</span> <span class='ocrx_word' id='word_1_434' title='bbox 2755 1109 2886 1166; x_wconf 90' lang='lat' dir='ltr'>laici</span> <span class='ocrx_word' id='word_1_435' title='bbox 2917 1111 3122 1167; x_wconf 88' lang='lat' dir='ltr'>detecti</span> <span class='ocrx_word' id='word_1_436' title='bbox 3153 1110 3372 1168; x_wconf 89' lang='lat' dir='ltr'>fuerint</span> <span class='ocrx_word' id='word_1_437' title='bbox 3398 1111 3490 1168; x_wconf 89' lang='lat' dir='ltr'>vel</span> 
     </span>
    </p>
   </div>
   <div class='ocr_carea' id='block_1_68' title="bbox 1843 1198 3488 1273">
    <p class='ocr_par' dir='ltr' id='par_1_68' title="bbox 1843 1198 3488 1273">
     <span class='ocr_line' id='line_1_68' title="bbox 1843 1198 3488 1273; baseline 0.004 -21"><span class='ocrx_word' id='word_1_438' title='bbox 1843 1198 2145 1254; x_wconf 89' lang='lat' dir='ltr'>consulere</span> <span class='ocrx_word' id='word_1_439' title='bbox 2173 1198 2262 1254; x_wconf 89' lang='lat' dir='ltr'>vel</span> <span class='ocrx_word' id='word_1_440' title='bbox 2294 1199 2630 1266; x_wconf 87' lang='lat' dir='ltr'>docere,aut</span> <span class='ocrx_word' id='word_1_441' title='bbox 2660 1198 2719 1253; x_wconf 92' lang='lat' dir='ltr'>in</span> <span class='ocrx_word' id='word_1_442' title='bbox 2742 1199 2946 1255; x_wconf 90' lang='lat' dir='ltr'>domos</span> <span class='ocrx_word' id='word_1_443' title='bbox 2978 1217 3116 1255; x_wconf 89' lang='lat' dir='ltr'>suas</span> <span class='ocrx_word' id='word_1_444' title='bbox 3147 1198 3488 1273; x_wconf 89' lang='lat' dir='ltr'>hujusmodi</span> 
     </span>
    </p>
   </div>
   <div class='ocr_carea' id='block_1_69' title="bbox 1841 1285 3488 1361">
    <p class='ocr_par' dir='ltr' id='par_1_69' title="bbox 1841 1285 3488 1361">
     <span class='ocr_line' id='line_1_69' title="bbox 1841 1285 3488 1361; baseline 0.004 -21"><span class='ocrx_word' id='word_1_445' title='bbox 1841 1285 2110 1342; x_wconf 89' lang='lat' dir='ltr'>homines</span> <span class='ocrx_word' id='word_1_446' title='bbox 2137 1287 2566 1343; x_wconf 84' lang='lat' dir='ltr'>introduxerint</span> <span class='ocrx_word' id='word_1_447' title='bbox 2589 1287 2926 1359; x_wconf 82' lang='lat' dir='ltr'>exquirendi</span> <span class='ocrx_word' id='word_1_448' title='bbox 2942 1286 3161 1361; x_wconf 89' lang='lat' dir='ltr'>aliquid</span> <span class='ocrx_word' id='word_1_449' title='bbox 3175 1293 3298 1345; x_wconf 90' lang='lat' dir='ltr'>arte</span> <span class='ocrx_word' id='word_1_450' title='bbox 3315 1289 3488 1347; x_wconf 85' lang='lat' dir='ltr'>male-</span> 
     </span>
    </p>
   </div>
   <div class='ocr_carea' id='block_1_70' title="bbox 1842 1374 3486 1450">
    <p class='ocr_par' dir='ltr' id='par_1_70' title="bbox 1842 1374 3486 1450">
     <span class='ocr_line' id='line_1_70' title="bbox 1842 1374 3486 1450; baseline 0.003 -22"><span class='ocrx_word' id='word_1_451' title='bbox 1842 1374 1972 1444; x_wconf 88' lang='lat' dir='ltr'>ﬁca,</span> <span class='ocrx_word' id='word_1_452' title='bbox 2006 1380 2107 1430; x_wconf 87' lang='lat' dir='ltr'>aut</span> <span class='ocrx_word' id='word_1_453' title='bbox 2136 1377 2342 1431; x_wconf 88' lang='lat' dir='ltr'>domos</span> <span class='ocrx_word' id='word_1_454' title='bbox 2373 1393 2510 1431; x_wconf 90' lang='lat' dir='ltr'>suas</span> <span class='ocrx_word' id='word_1_455' title='bbox 2542 1374 3017 1442; x_wconf 85' lang='lat' dir='ltr'>lustraverint,ab</span> <span class='ocrx_word' id='word_1_456' title='bbox 3051 1376 3292 1433; x_wconf 87' lang='lat' dir='ltr'>ecclesia</span> <span class='ocrx_word' id='word_1_457' title='bbox 3313 1379 3486 1450; x_wconf 89' lang='lat' dir='ltr'>quin-</span> 
     </span>
    </p>
   </div>
   <div class='ocr_carea' id='block_1_71' title="bbox 1841 1463 3489 1538">
    <p class='ocr_par' dir='ltr' id='par_1_71' title="bbox 1841 1463 3489 1538">
     <span class='ocr_line' id='line_1_71' title="bbox 1841 1463 3489 1538; baseline 0.004 -22"><span class='ocrx_word' id='word_1_458' title='bbox 1841 1464 2096 1534; x_wconf 90' lang='lat' dir='ltr'>quennio</span> <span class='ocrx_word' id='word_1_459' title='bbox 2117 1464 2445 1520; x_wconf 89' lang='lat' dir='ltr'>habeantur</span> <span class='ocrx_word' id='word_1_460' title='bbox 2456 1464 2711 1520; x_wconf 77' lang='lat' dir='ltr'>extranei</span> <span class='ocrx_word' id='word_1_461' title='bbox 2735 1463 3131 1536; x_wconf 81' lang='lat' dir='ltr'>paenitentiam</span> <span class='ocrx_word' id='word_1_462' title='bbox 3153 1470 3390 1538; x_wconf 87' lang='lat' dir='ltr'>agentes</span> <span class='ocrx_word' id='word_1_463' title='bbox 3402 1483 3489 1523; x_wconf 91' lang='lat' dir='ltr'>se-</span> 
     </span>
    </p>
   </div>
   <div class='ocr_carea' id='block_1_72' title="bbox 1841 1552 3486 1627">
    <p class='ocr_par' dir='ltr' id='par_1_72' title="bbox 1841 1552 3486 1627">
     <span class='ocr_line' id='line_1_72' title="bbox 1841 1552 3486 1627; baseline 0.003 -22"><span class='ocrx_word' id='word_1_464' title='bbox 1841 1552 2100 1608; x_wconf 89' lang='lat' dir='ltr'>cundum</span> <span class='ocrx_word' id='word_1_465' title='bbox 2132 1554 2407 1626; x_wconf 88' lang='lat' dir='ltr'>antiquas</span> <span class='ocrx_word' id='word_1_466' title='bbox 2440 1552 2671 1627; x_wconf 87' lang='lat' dir='ltr'>regulas</span> <span class='ocrx_word' id='word_1_467' title='bbox 2694 1553 3061 1609; x_wconf 87' lang='lat' dir='ltr'>constitutas.</span> <span class='ocrx_word' id='word_1_468' title='bbox 3087 1554 3211 1609; x_wconf 90' lang='lat' dir='ltr'>Non</span> <span class='ocrx_word' id='word_1_469' title='bbox 3232 1554 3389 1610; x_wconf 91' lang='lat' dir='ltr'>enim</span> <span class='ocrx_word' id='word_1_470' title='bbox 3417 1555 3486 1610; x_wconf 89' lang='lat' dir='ltr'>li-</span> 
     </span>
    </p>
   </div>
   <div class='ocr_carea' id='block_1_73' title="bbox 1838 1641 3488 1715">
    <p class='ocr_par' dir='ltr' id='par_1_73' title="bbox 1838 1641 3488 1715">
     <span class='ocr_line' id='line_1_73' title="bbox 1838 1641 3488 1715; baseline 0.002 -20"><span class='ocrx_word' id='word_1_471' title='bbox 1838 1645 1927 1697; x_wconf 92' lang='lat' dir='ltr'>cet</span> <span class='ocrx_word' id='word_1_472' title='bbox 1955 1641 2306 1698; x_wconf 85' lang='lat' dir='ltr'>Christianis</span> <span class='ocrx_word' id='word_1_473' title='bbox 2346 1642 2694 1698; x_wconf 87' lang='lat' dir='ltr'>traditiones</span> <span class='ocrx_word' id='word_1_474' title='bbox 2725 1641 3032 1715; x_wconf 89' lang='lat' dir='ltr'>gentilium</span> <span class='ocrx_word' id='word_1_475' title='bbox 3064 1643 3372 1700; x_wconf 81' lang='lat' dir='ltr'>observare</span> <span class='ocrx_word' id='word_1_476' title='bbox 3399 1643 3488 1699; x_wconf 87' lang='lat' dir='ltr'>vel</span> 
     </span>
    </p>
   </div>
   <div class='ocr_carea' id='block_1_74' title="bbox 1837 1729 3488 1799">
    <p class='ocr_par' dir='ltr' id='par_1_74' title="bbox 1837 1729 3488 1799">
     <span class='ocr_line' id='line_1_74' title="bbox 1837 1729 3488 1799; baseline 0.002 -15"><span class='ocrx_word' id='word_1_477' title='bbox 1837 1729 2023 1787; x_wconf 89' lang='lat' dir='ltr'>colere</span> <span class='ocrx_word' id='word_1_478' title='bbox 2054 1731 2469 1798; x_wconf 89' lang='lat' dir='ltr'>elementa,aut</span> <span class='ocrx_word' id='word_1_479' title='bbox 2501 1731 2801 1798; x_wconf 83' lang='lat' dir='ltr'>lunas,aut</span> <span class='ocrx_word' id='word_1_480' title='bbox 2824 1730 3124 1787; x_wconf 86' lang='lat' dir='ltr'>stellarum</span> <span class='ocrx_word' id='word_1_481' title='bbox 3149 1736 3488 1799; x_wconf 89' lang='lat' dir='ltr'>eursus,aut</span> 
     </span>
    </p>
   </div>
   <div class='ocr_carea' id='block_1_75' title="bbox 1842 1818 3483 1893">
    <p class='ocr_par' dir='ltr' id='par_1_75' title="bbox 1842 1818 3483 1893">
     <span class='ocr_line' id='line_1_75' title="bbox 1842 1818 3483 1893; baseline 0.001 -21"><span class='ocrx_word' id='word_1_482' title='bbox 1842 1818 2079 1874; x_wconf 89' lang='lat' dir='ltr'>inanem</span> <span class='ocrx_word' id='word_1_483' title='bbox 2110 1820 2412 1893; x_wconf 89' lang='lat' dir='ltr'>signorum</span> <span class='ocrx_word' id='word_1_484' title='bbox 2448 1819 2758 1885; x_wconf 83' lang='lat' dir='ltr'>fallaciam,</span> <span class='ocrx_word' id='word_1_485' title='bbox 2783 1837 2887 1892; x_wconf 91' lang='lat' dir='ltr'>pro</span> <span class='ocrx_word' id='word_1_486' title='bbox 2918 1821 3089 1875; x_wconf 89' lang='lat' dir='ltr'>domo</span> <span class='ocrx_word' id='word_1_487' title='bbox 3121 1820 3483 1877; x_wconf 85' lang='lat' dir='ltr'>faciendavel</span> 
     </span>
    </p>
   </div>
   <div class='ocr_carea' id='block_1_76' title="bbox 1837 1907 3484 1982">
    <p class='ocr_par' dir='ltr' id='par_1_76' title="bbox 1837 1907 3484 1982">
     <span class='ocr_line' id='line_1_76' title="bbox 1837 1907 3484 1982; baseline 0.001 -19"><span class='ocrx_word' id='word_1_488' title='bbox 1837 1912 2031 1981; x_wconf 87' lang='lat' dir='ltr'>segete</span> <span class='ocrx_word' id='word_1_489' title='bbox 2063 1909 2150 1964; x_wconf 90' lang='lat' dir='ltr'>vel</span> <span class='ocrx_word' id='word_1_490' title='bbox 2181 1909 2492 1965; x_wconf 88' lang='lat' dir='ltr'>arboribus</span> <span class='ocrx_word' id='word_1_491' title='bbox 2506 1907 3239 1982; x_wconf 83' lang='lat' dir='ltr'>plantandisvelconjugiis</span> <span class='ocrx_word' id='word_1_492' title='bbox 3257 1909 3484 1965; x_wconf 84' lang='lat' dir='ltr'>socian-</span> 
     </span>
    </p>
   </div>
   <div class='ocr_carea' id='block_1_77' title="bbox 1837 1995 3483 2070">
    <p class='ocr_par' dir='ltr' id='par_1_77' title="bbox 1837 1995 3483 2070">
     <span class='ocr_line' id='line_1_77' title="bbox 1837 1995 3483 2070; baseline 0.002 -19"><span class='ocrx_word' id='word_1_493' title='bbox 1837 1995 1947 2053; x_wconf 89' lang='lat' dir='ltr'>dis.</span> <span class='ocrx_word' id='word_1_494' title='bbox 1981 1997 2273 2070; x_wconf 85' lang='lat' dir='ltr'>Scriptum</span> <span class='ocrx_word' id='word_1_495' title='bbox 2308 2003 2396 2053; x_wconf 83' lang='lat' dir='ltr'>est</span> <span class='ocrx_word' id='word_1_496' title='bbox 2424 1998 2614 2053; x_wconf 89' lang='lat' dir='ltr'>enim:</span> <span class='ocrx_word' id='word_1_497' title='bbox 2651 1997 2844 2052; x_wconf 83' lang='lat' dir='ltr'>Omnia</span> <span class='ocrx_word' id='word_1_498' title='bbox 2897 2011 3235 2069; x_wconf 65' lang='lat' dir='ltr'>quaecunque</span> <span class='ocrx_word' id='word_1_499' title='bbox 3275 1999 3483 2068; x_wconf 83' lang='lat' dir='ltr'>facitis,</span> 
     </span>
    </p>
   </div>
   <div class='ocr_carea' id='block_1_78' title="bbox 1837 2083 3485 2159">
    <p class='ocr_par' dir='ltr' id='par_1_78' title="bbox 1837 2083 3485 2159">
     <span class='ocr_line' id='line_1_78' title="bbox 1837 2083 3485 2159; baseline 0.001 -18"><span class='ocrx_word' id='word_1_500' title='bbox 1837 2086 1895 2141; x_wconf 89' lang='lat' dir='ltr'>in</span> <span class='ocrx_word' id='word_1_501' title='bbox 1919 2088 2147 2142; x_wconf 75' lang='lat' dir='ltr'>numine</span> <span class='ocrx_word' id='word_1_502' title='bbox 2176 2089 2400 2143; x_wconf 83' lang='lat' dir='ltr'>Domini</span> <span class='ocrx_word' id='word_1_503' title='bbox 2422 2088 2607 2159; x_wconf 76' lang='lat' dir='ltr'>facile.</span> <span class='ocrx_word' id='word_1_504' title='bbox 2640 2086 2753 2141; x_wconf 88' lang='lat' dir='ltr'>Nec</span> <span class='ocrx_word' id='word_1_505' title='bbox 2785 2085 2919 2141; x_wconf 88' lang='lat' dir='ltr'>licet</span> <span class='ocrx_word' id='word_1_506' title='bbox 2946 2086 3006 2140; x_wconf 92' lang='lat' dir='ltr'>in</span> <span class='ocrx_word' id='word_1_507' title='bbox 3045 2083 3485 2142; x_wconf 89' lang='lat' dir='ltr'>collectionibus</span> 
     </span>
    </p>
   </div>
   <div class='ocr_carea' id='block_1_79' title="bbox 1843 2172 3485 2247">
    <p class='ocr_par' dir='ltr' id='par_1_79' title="bbox 1843 2172 3485 2247">
     <span class='ocr_line' id='line_1_79' title="bbox 1843 2172 3485 2247; baseline -0.001 -17"><span class='ocrx_word' id='word_1_508' title='bbox 1843 2175 2157 2230; x_wconf 87' lang='lat' dir='ltr'>herbarum</span> <span class='ocrx_word' id='word_1_509' title='bbox 2192 2174 2419 2247; x_wconf 87' lang='lat' dir='ltr'>aliquas</span> <span class='ocrx_word' id='word_1_510' title='bbox 2458 2174 2890 2231; x_wconf 86' lang='lat' dir='ltr'>observationes</span> <span class='ocrx_word' id='word_1_511' title='bbox 2944 2172 3029 2229; x_wconf 87' lang='lat' dir='ltr'>vel</span> <span class='ocrx_word' id='word_1_512' title='bbox 3059 2172 3485 2243; x_wconf 77' lang='lat' dir='ltr'>incantationes</span> 
     </span>
    </p>
   </div>
   <div class='ocr_carea' id='block_1_80' title="bbox 1843 2260 3488 2335">
    <p class='ocr_par' dir='ltr' id='par_1_80' title="bbox 1843 2260 3488 2335">
     <span class='ocr_line' id='line_1_80' title="bbox 1843 2260 3488 2335; baseline -0.001 -16"><span class='ocrx_word' id='word_1_513' title='bbox 1843 2265 2162 2330; x_wconf 88' lang='lat' dir='ltr'>attendere,</span> <span class='ocrx_word' id='word_1_514' title='bbox 2196 2264 2306 2319; x_wconf 89' lang='lat' dir='ltr'>nisi</span> <span class='ocrx_word' id='word_1_515' title='bbox 2344 2267 2571 2319; x_wconf 84' lang='lat' dir='ltr'>tantum</span> <span class='ocrx_word' id='word_1_516' title='bbox 2604 2280 2737 2318; x_wconf 91' lang='lat' dir='ltr'>cum</span> <span class='ocrx_word' id='word_1_517' title='bbox 2769 2260 3031 2335; x_wconf 74' lang='lat' dir='ltr'>symbolo</span> <span class='ocrx_word' id='word_1_518' title='bbox 3062 2261 3256 2317; x_wconf 90' lang='lat' dir='ltr'>divino</span> <span class='ocrx_word' id='word_1_519' title='bbox 3287 2266 3345 2317; x_wconf 91' lang='lat' dir='ltr'>et</span> <span class='ocrx_word' id='word_1_520' title='bbox 3364 2279 3488 2318; x_wconf 83' lang='lat' dir='ltr'>ora-</span> 
     </span>
    </p>
   </div>
   <div class='ocr_carea' id='block_1_81' title="bbox 1840 2349 3487 2408">
    <p class='ocr_par' dir='ltr' id='par_1_81' title="bbox 1840 2349 3487 2408">
     <span class='ocr_line' id='line_1_81' title="bbox 1840 2349 3487 2408; baseline 0 -1"><span class='ocrx_word' id='word_1_521' title='bbox 1840 2352 1996 2408; x_wconf 91' lang='lat' dir='ltr'>tione</span> <span class='ocrx_word' id='word_1_522' title='bbox 2028 2352 2351 2408; x_wconf 86' lang='lat' dir='ltr'>Dominica.</span> <span class='ocrx_word' id='word_1_523' title='bbox 2386 2351 2667 2407; x_wconf 88' lang='lat' dir='ltr'>Similiter</span> <span class='ocrx_word' id='word_1_524' title='bbox 2686 2368 2792 2406; x_wconf 90' lang='lat' dir='ltr'>nec</span> <span class='ocrx_word' id='word_1_525' title='bbox 2823 2349 3180 2406; x_wconf 88' lang='lat' dir='ltr'>Christianas</span> <span class='ocrx_word' id='word_1_526' title='bbox 3211 2349 3487 2407; x_wconf 89' lang='lat' dir='ltr'>mulieres</span> 
     </span>
    </p>
   </div>
   <div class='ocr_carea' id='block_1_82' title="bbox 1837 2438 3485 2506">
    <p class='ocr_par' dir='ltr' id='par_1_82' title="bbox 1837 2438 3485 2506">
     <span class='ocr_line' id='line_1_82' title="bbox 1837 2438 3485 2506; baseline -0.001 -10"><span class='ocrx_word' id='word_1_527' title='bbox 1837 2441 1974 2497; x_wconf 89' lang='lat' dir='ltr'>licet</span> <span class='ocrx_word' id='word_1_528' title='bbox 1996 2442 2310 2498; x_wconf 84' lang='lat' dir='ltr'>vanitatem</span> <span class='ocrx_word' id='word_1_529' title='bbox 2337 2442 2394 2496; x_wconf 89' lang='lat' dir='ltr'>in</span> <span class='ocrx_word' id='word_1_530' title='bbox 2414 2439 2822 2498; x_wconf 86' lang='lat' dir='ltr'>suislaniﬁciis</span> <span class='ocrx_word' id='word_1_531' title='bbox 2846 2438 3280 2506; x_wconf 87' lang='lat' dir='ltr'>observare,sed</span> <span class='ocrx_word' id='word_1_532' title='bbox 3304 2440 3485 2494; x_wconf 89' lang='lat' dir='ltr'>Deum</span> 
     </span>
    </p>
   </div>
   <div class='ocr_carea' id='block_1_83' title="bbox 1837 2527 3485 2601">
    <p class='ocr_par' dir='ltr' id='par_1_83' title="bbox 1837 2527 3485 2601">
     <span class='ocr_line' id='line_1_83' title="bbox 1837 2527 3485 2601; baseline -0.001 -17"><span class='ocrx_word' id='word_1_533' title='bbox 1837 2529 2105 2586; x_wconf 86' lang='lat' dir='ltr'>invocent</span> <span class='ocrx_word' id='word_1_534' title='bbox 2136 2530 2607 2601; x_wconf 85' lang='lat' dir='ltr'>adjutorem,qui</span> <span class='ocrx_word' id='word_1_535' title='bbox 2627 2529 2709 2583; x_wconf 92' lang='lat' dir='ltr'>eis</span> <span class='ocrx_word' id='word_1_536' title='bbox 2741 2527 3092 2600; x_wconf 83' lang='lat' dir='ltr'>sapientiam</span> <span class='ocrx_word' id='word_1_537' title='bbox 3126 2527 3353 2583; x_wconf 82' lang='lat' dir='ltr'>texendi</span> <span class='ocrx_word' id='word_1_538' title='bbox 3388 2527 3485 2584; x_wconf 92' lang='lat' dir='ltr'>do-</span> 
     </span>
    </p>
   </div>
   <div class='ocr_carea' id='block_1_84' title="bbox 1837 2617 2955 2675">
    <p class='ocr_par' dir='ltr' id='par_1_84' title="bbox 1837 2617 2955 2675">
     <span class='ocr_line' id='line_1_84' title="bbox 1837 2617 2955 2675; baseline -0.003 -2"><span class='ocrx_word' id='word_1_539' title='bbox 1837 2618 1995 2675; x_wconf 88' lang='lat' dir='ltr'>navit</span> <span class='ocrx_word' id='word_1_540' title='bbox 2029 2623 2091 2674; x_wconf 90' lang='lat' dir='ltr'>ut</span> <span class='ocrx_word' id='word_1_541' title='bbox 2123 2619 2180 2674; x_wconf 90' lang='lat' dir='ltr'>in</span> <span class='ocrx_word' id='word_1_542' title='bbox 2213 2619 2488 2674; x_wconf 91' lang='lat' dir='ltr'>omnibus</span> <span class='ocrx_word' id='word_1_543' title='bbox 2517 2617 2955 2672; x_wconf 86' lang='lat' dir='ltr'>honorificetur.</span> 
     </span>
    </p>
   </div>
   <div class='ocr_carea' id='block_1_85' title="bbox 2403 2722 2912 2780">
    <p class='ocr_par' dir='ltr' id='par_1_85' title="bbox 2403 2722 2912 2780">
     <span class='ocr_line' id='line_1_85' title="bbox 2403 2722 2912 2780; baseline -0.006 0"><span class='ocrx_word' id='word_1_544' title='bbox 2403 2724 2633 2780; x_wconf 83' lang='lat' dir='ltr'>CAPUT</span> <span class='ocrx_word' id='word_1_545' title='bbox 2674 2722 2912 2778; x_wconf 79' lang='lat' dir='ltr'><strong>XXXIX.</strong></span> 
     </span>
    </p>
   </div>
   <div class='ocr_carea' id='block_1_86' title="bbox 1835 2812 3480 2886">
    <p class='ocr_par' dir='ltr' id='par_1_86' title="bbox 1835 2812 3480 2886">
     <span class='ocr_line' id='line_1_86' title="bbox 1835 2812 3480 2886; baseline -0.001 -15"><span class='ocrx_word' id='word_1_546' title='bbox 1835 2820 1912 2871; x_wconf 89' lang='lat' dir='ltr'>De</span> <span class='ocrx_word' id='word_1_547' title='bbox 1938 2814 2245 2871; x_wconf 86' lang='lat' dir='ltr'>homictdiis</span> <span class='ocrx_word' id='word_1_548' title='bbox 2257 2822 2441 2886; x_wconf 82' lang='lat' dir='ltr'>sponte</span> <span class='ocrx_word' id='word_1_549' title='bbox 2460 2813 2762 2868; x_wconf 85' lang='lat' dir='ltr'>commissis</span> <span class='ocrx_word' id='word_1_550' title='bbox 2774 2818 2823 2866; x_wconf 89' lang='lat' dir='ltr'>et</span> <span class='ocrx_word' id='word_1_551' title='bbox 2835 2826 2943 2866; x_wconf 87' lang='lat' dir='ltr'>non</span> <span class='ocrx_word' id='word_1_552' title='bbox 2965 2812 3480 2882; x_wconf 86' lang='lat' dir='ltr'>spontecommissis.</span> 
     </span>
    </p>
   </div>
   <div class='ocr_carea' id='block_1_87' title="bbox 1907 2898 3483 2975">
    <p class='ocr_par' dir='ltr' id='par_1_87' title="bbox 1907 2898 3483 2975">
     <span class='ocr_line' id='line_1_87' title="bbox 1907 2898 3483 2975; baseline -0.002 -16"><span class='ocrx_word' id='word_1_553' title='bbox 1907 2904 1987 2959; x_wconf 93' lang='lat' dir='ltr'>De</span> <span class='ocrx_word' id='word_1_554' title='bbox 2016 2903 2110 2959; x_wconf 91' lang='lat' dir='ltr'>his</span> <span class='ocrx_word' id='word_1_555' title='bbox 2141 2903 2242 2975; x_wconf 92' lang='lat' dir='ltr'>qui</span> <span class='ocrx_word' id='word_1_556' title='bbox 2275 2900 2603 2957; x_wconf 86' lang='lat' dir='ltr'>voluntarie</span> <span class='ocrx_word' id='word_1_557' title='bbox 2622 2898 3009 2954; x_wconf 89' lang='lat' dir='ltr'>homicidium</span> <span class='ocrx_word' id='word_1_558' title='bbox 3042 2898 3267 2954; x_wconf 86' lang='lat' dir='ltr'>faciunt</span> <span class='ocrx_word' id='word_1_559' title='bbox 3288 2899 3483 2972; x_wconf 89' lang='lat' dir='ltr'>gravis</span> 
     </span>
    </p>
   </div>
   <div class='ocr_carea' id='block_1_88' title="bbox 1835 2986 3478 3062">
    <p class='ocr_par' dir='ltr' id='par_1_88' title="bbox 1835 2986 3478 3062">
     <span class='ocr_line' id='line_1_88' title="bbox 1835 2986 3478 3062; baseline -0.003 -13"><span class='ocrx_word' id='word_1_560' title='bbox 1835 2991 2125 3049; x_wconf 85' lang='lat' dir='ltr'>sententia</span> <span class='ocrx_word' id='word_1_561' title='bbox 2152 2991 2212 3047; x_wconf 92' lang='lat' dir='ltr'>in</span> <span class='ocrx_word' id='word_1_562' title='bbox 2241 2989 2561 3062; x_wconf 90' lang='lat' dir='ltr'>Scripturis</span> <span class='ocrx_word' id='word_1_563' title='bbox 2591 2987 2773 3044; x_wconf 89' lang='lat' dir='ltr'>sacris</span> <span class='ocrx_word' id='word_1_564' title='bbox 2795 2986 3137 3052; x_wconf 90' lang='lat' dir='ltr'>est,dicente</span> <span class='ocrx_word' id='word_1_565' title='bbox 3162 2987 3478 3059; x_wconf 86' lang='lat' dir='ltr'>Apostolo:</span> 
     </span>
    </p>
   </div>
   <div class='ocr_carea' id='block_1_89' title="bbox 1834 3074 3478 3153">
    <p class='ocr_par' dir='ltr' id='par_1_89' title="bbox 1834 3074 3478 3153">
     <span class='ocr_line' id='line_1_89' title="bbox 1834 3074 3478 3153; baseline -0.003 -16"><span class='ocrx_word' id='word_1_566' title='bbox 1834 3083 1944 3152; x_wconf 86' lang='lat' dir='ltr'>Qui</span> <span class='ocrx_word' id='word_1_567' title='bbox 1971 3081 2231 3153; x_wconf 86' lang='lat' dir='ltr'>templum</span> <span class='ocrx_word' id='word_1_568' title='bbox 2261 3081 2367 3136; x_wconf 88' lang='lat' dir='ltr'>Dei</span> <span class='ocrx_word' id='word_1_569' title='bbox 2422 3078 2727 3143; x_wconf 82' lang='lat' dir='ltr'>violaverit,</span> <span class='ocrx_word' id='word_1_570' title='bbox 2776 3074 3048 3147; x_wconf 72' lang='lat' dir='ltr'>disperdat</span> <span class='ocrx_word' id='word_1_571' title='bbox 3101 3075 3265 3130; x_wconf 89' lang='lat' dir='ltr'>illum</span> <span class='ocrx_word' id='word_1_572' title='bbox 3304 3080 3478 3132; x_wconf 83' lang='lat' dir='ltr'>Deus.</span> 
     </span>
    </p>
   </div>
   <div class='ocr_carea' id='block_1_90' title="bbox 1840 3162 3479 3241">
    <p class='ocr_par' dir='ltr' id='par_1_90' title="bbox 1840 3162 3479 3241">
     <span class='ocr_line' id='line_1_90' title="bbox 1840 3162 3479 3241; baseline -0.005 -15"><span class='ocrx_word' id='word_1_573' title='bbox 1840 3170 2115 3241; x_wconf 84' lang='lat' dir='ltr'>Templum</span> <span class='ocrx_word' id='word_1_574' title='bbox 2142 3172 2290 3225; x_wconf 87' lang='lat' dir='ltr'>enim</span> <span class='ocrx_word' id='word_1_575' title='bbox 2317 3170 2418 3224; x_wconf 86' lang='lat' dir='ltr'>Dei</span> <span class='ocrx_word' id='word_1_576' title='bbox 2458 3174 2708 3221; x_wconf 83' lang='lat' dir='ltr'>sanctum</span> <span class='ocrx_word' id='word_1_577' title='bbox 2737 3172 2813 3220; x_wconf 91' lang='lat' dir='ltr'>est</span> <span class='ocrx_word' id='word_1_578' title='bbox 2847 3162 2988 3235; x_wconf 86' lang='lat' dir='ltr'>quod</span> <span class='ocrx_word' id='word_1_579' title='bbox 3033 3164 3162 3219; x_wconf 86' lang='lat' dir='ltr'>estis</span> <span class='ocrx_word' id='word_1_580' title='bbox 3192 3178 3304 3219; x_wconf 84' lang='lat' dir='ltr'>vos.</span> <span class='ocrx_word' id='word_1_581' title='bbox 3337 3162 3479 3228; x_wconf 86' lang='lat' dir='ltr'>Qui-</span> 
     </span>
    </p>
   </div>
   <div class='ocr_carea' id='block_1_91' title="bbox 1832 3249 3477 3331">
    <p class='ocr_par' dir='ltr' id='par_1_91' title="bbox 1832 3249 3477 3331">
     <span class='ocr_line' id='line_1_91' title="bbox 1832 3249 3477 3331; baseline -0.005 -16"><span class='ocrx_word' id='word_1_582' title='bbox 1832 3276 2065 3331; x_wconf 90' lang='lat' dir='ltr'>cunque</span> <span class='ocrx_word' id='word_1_583' title='bbox 2096 3275 2231 3331; x_wconf 89' lang='lat' dir='ltr'>ergo</span> <span class='ocrx_word' id='word_1_584' title='bbox 2262 3254 2587 3313; x_wconf 89' lang='lat' dir='ltr'>voluntarie</span> <span class='ocrx_word' id='word_1_585' title='bbox 2629 3252 3015 3308; x_wconf 90' lang='lat' dir='ltr'>homicidium</span> <span class='ocrx_word' id='word_1_586' title='bbox 3046 3249 3341 3317; x_wconf 89' lang='lat' dir='ltr'>fecerit,ab</span> <span class='ocrx_word' id='word_1_587' title='bbox 3372 3252 3477 3307; x_wconf 86' lang='lat' dir='ltr'>Ec-</span> 
     </span>
    </p>
   </div>
   <div class='ocr_carea' id='block_1_92' title="bbox 1835 3339 3479 3423">
    <p class='ocr_par' dir='ltr' id='par_1_92' title="bbox 1835 3339 3479 3423">
     <span class='ocr_line' id='line_1_92' title="bbox 1835 3339 3479 3423; baseline -0.004 -20"><span class='ocrx_word' id='word_1_588' title='bbox 1835 3348 2010 3404; x_wconf 89' lang='lat' dir='ltr'>clesia</span> <span class='ocrx_word' id='word_1_589' title='bbox 2038 3347 2137 3403; x_wconf 90' lang='lat' dir='ltr'>Dei</span> <span class='ocrx_word' id='word_1_590' title='bbox 2169 3351 2259 3403; x_wconf 89' lang='lat' dir='ltr'>est</span> <span class='ocrx_word' id='word_1_591' title='bbox 2289 3344 2658 3423; x_wconf 81' lang='lat' dir='ltr'>repellendus</span> <span class='ocrx_word' id='word_1_592' title='bbox 2687 3344 2744 3398; x_wconf 89' lang='lat' dir='ltr'>et</span> <span class='ocrx_word' id='word_1_593' title='bbox 2802 3358 2835 3396; x_wconf 90' lang='lat' dir='ltr'>a</span> <span class='ocrx_word' id='word_1_594' title='bbox 2886 3339 3177 3396; x_wconf 89' lang='lat' dir='ltr'>consortio</span> <span class='ocrx_word' id='word_1_595' title='bbox 3215 3339 3479 3396; x_wconf 86' lang='lat' dir='ltr'>ﬁdelium</span> 
     </span>
    </p>
   </div>
   <div class='ocr_carea' id='block_1_93' title="bbox 1834 3426 3479 3509">
    <p class='ocr_par' dir='ltr' id='par_1_93' title="bbox 1834 3426 3479 3509">
     <span class='ocr_line' id='line_1_93' title="bbox 1834 3426 3479 3509; baseline -0.007 -16"><span class='ocrx_word' id='word_1_596' title='bbox 1834 3436 2296 3509; x_wconf 87' lang='lat' dir='ltr'>sequestrandus</span> <span class='ocrx_word' id='word_1_597' title='bbox 2314 3436 2484 3506; x_wconf 84' lang='lat' dir='ltr'>juxta</span> <span class='ocrx_word' id='word_1_598' title='bbox 2500 3447 2791 3487; x_wconf 88' lang='lat' dir='ltr'>canonum</span> <span class='ocrx_word' id='word_1_599' title='bbox 2810 3426 3207 3495; x_wconf 88' lang='lat' dir='ltr'>instituta,ubi</span> <span class='ocrx_word' id='word_1_600' title='bbox 3236 3427 3479 3484; x_wconf 86' lang='lat' dir='ltr'>itascri-</span> 
     </span>
    </p>
   </div>
   <div class='ocr_carea' id='block_1_94' title="bbox 1834 3516 3478 3598">
    <p class='ocr_par' dir='ltr' id='par_1_94' title="bbox 1834 3516 3478 3598">
     <span class='ocr_line' id='line_1_94' title="bbox 1834 3516 3478 3598; baseline -0.005 -17"><span class='ocrx_word' id='word_1_601' title='bbox 1834 3530 2000 3598; x_wconf 89' lang='lat' dir='ltr'>ptum</span> <span class='ocrx_word' id='word_1_602' title='bbox 2034 3524 2359 3597; x_wconf 88' lang='lat' dir='ltr'>reperitur:</span> <span class='ocrx_word' id='word_1_603' title='bbox 2393 3524 2504 3593; x_wconf 87' lang='lat' dir='ltr'>Qui</span> <span class='ocrx_word' id='word_1_604' title='bbox 2532 3520 2840 3576; x_wconf 80' lang='lat' dir='ltr'>voluntarie</span> <span class='ocrx_word' id='word_1_605' title='bbox 2886 3516 3243 3572; x_wconf 86' lang='lat' dir='ltr'>homicidium</span> <span class='ocrx_word' id='word_1_606' title='bbox 3267 3517 3478 3587; x_wconf 80' lang='lat' dir='ltr'>fecerit,</span> 
     </span>
    </p>
   </div>
   <div class='ocr_carea' id='block_1_95' title="bbox 1828 3605 3485 3686">
    <p class='ocr_par' dir='ltr' id='par_1_95' title="bbox 1828 3605 3485 3686">
     <span class='ocr_line' id='line_1_95' title="bbox 1828 3605 3485 3686; baseline -0.008 -15"><span class='ocrx_word' id='word_1_607' title='bbox 1828 3616 2169 3686; x_wconf 63' lang='lat' dir='ltr'>paenitentiae</span> <span class='ocrx_word' id='word_1_608' title='bbox 2197 3611 2416 3684; x_wconf 84' lang='lat' dir='ltr'>quidem</span> <span class='ocrx_word' id='word_1_609' title='bbox 2438 3611 2647 3682; x_wconf 81' lang='lat' dir='ltr'>jugitcr</span> <span class='ocrx_word' id='word_1_610' title='bbox 2672 3624 2730 3663; x_wconf 89' lang='lat' dir='ltr'>se</span> <span class='ocrx_word' id='word_1_611' title='bbox 2756 3606 3062 3673; x_wconf 82' lang='lat' dir='ltr'>submittat,</span> <span class='ocrx_word' id='word_1_612' title='bbox 3098 3605 3485 3676; x_wconf 81' lang='lat' dir='ltr'>perfectionem</span> 
     </span>
    </p>
   </div>
   <div class='ocr_carea' id='block_1_96' title="bbox 1834 3692 3485 3768">
    <p class='ocr_par' dir='ltr' id='par_1_96' title="bbox 1834 3692 3485 3768">
     <span class='ocr_line' id='line_1_96' title="bbox 1834 3692 3485 3768; baseline -0.006 -10"><span class='ocrx_word' id='word_1_613' title='bbox 1834 3720 1959 3759; x_wconf 87' lang='lat' dir='ltr'>vero</span> <span class='ocrx_word' id='word_1_614' title='bbox 1981 3705 2129 3758; x_wconf 88' lang='lat' dir='ltr'>circa</span> <span class='ocrx_word' id='word_1_615' title='bbox 2157 3703 2367 3758; x_wconf 76' lang='lat' dir='ltr'>exitum</span> <span class='ocrx_word' id='word_1_616' title='bbox 2396 3701 2529 3755; x_wconf 70' lang='lat' dir='ltr'>vita?</span> <span class='ocrx_word' id='word_1_617' title='bbox 2557 3703 2935 3768; x_wconf 84' lang='lat' dir='ltr'>consequatur.</span> <span class='ocrx_word' id='word_1_618' title='bbox 2959 3694 3029 3748; x_wconf 91' lang='lat' dir='ltr'>Et</span> <span class='ocrx_word' id='word_1_619' title='bbox 3058 3693 3197 3748; x_wconf 90' lang='lat' dir='ltr'>item</span> <span class='ocrx_word' id='word_1_620' title='bbox 3224 3708 3238 3746; x_wconf 91' lang='lat'><strong>:</strong></span> <span class='ocrx_word' id='word_1_621' title='bbox 3271 3692 3336 3748; x_wconf 89' lang='lat' dir='ltr'>Si</span> <span class='ocrx_word' id='word_1_622' title='bbox 3360 3694 3485 3765; x_wconf 86' lang='lat' dir='ltr'>quis</span> 
     </span>
    </p>
   </div>
   <div class='ocr_carea' id='block_1_97' title="bbox 1833 3781 3488 3859">
    <p class='ocr_par' dir='ltr' id='par_1_97' title="bbox 1833 3781 3488 3859">
     <span class='ocr_line' id='line_1_97' title="bbox 1833 3781 3488 3859; baseline -0.005 -12"><span class='ocrx_word' id='word_1_623' title='bbox 1833 3793 2144 3848; x_wconf 80' lang='lat' dir='ltr'>voluntarie</span> <span class='ocrx_word' id='word_1_624' title='bbox 2178 3789 2534 3846; x_wconf 82' lang='lat' dir='ltr'>homicidium</span> <span class='ocrx_word' id='word_1_625' title='bbox 2591 3786 2800 3859; x_wconf 80' lang='lat' dir='ltr'>fecerit,</span> <span class='ocrx_word' id='word_1_626' title='bbox 2833 3784 2903 3838; x_wconf 86' lang='lat' dir='ltr'>ad</span> <span class='ocrx_word' id='word_1_627' title='bbox 2936 3783 3176 3854; x_wconf 87' lang='lat' dir='ltr'>januam</span> <span class='ocrx_word' id='word_1_628' title='bbox 3228 3781 3488 3839; x_wconf 68' lang='lat' dir='ltr'>Ecclesiae</span> 
     </span>
    </p>
   </div>
   <div class='ocr_carea' id='block_1_98' title="bbox 1833 3871 3486 3950">
    <p class='ocr_par' dir='ltr' id='par_1_98' title="bbox 1833 3871 3486 3950">
     <span class='ocr_line' id='line_1_98' title="bbox 1833 3871 3486 3950; baseline -0.007 -14"><span class='ocrx_word' id='word_1_629' title='bbox 1833 3882 2117 3937; x_wconf 68' lang='lat' dir='ltr'>catholicw</span> <span class='ocrx_word' id='word_1_630' title='bbox 2144 3895 2354 3950; x_wconf 84' lang='lat' dir='ltr'>semper</span> <span class='ocrx_word' id='word_1_631' title='bbox 2391 3878 2593 3948; x_wconf 87' lang='lat' dir='ltr'>jaceat,</span> <span class='ocrx_word' id='word_1_632' title='bbox 2629 3882 2678 3929; x_wconf 88' lang='lat' dir='ltr'>et</span> <span class='ocrx_word' id='word_1_633' title='bbox 2729 3874 3171 3927; x_wconf 84' lang='lat' dir='ltr'>communionem</span> <span class='ocrx_word' id='word_1_634' title='bbox 3215 3871 3277 3925; x_wconf 87' lang='lat' dir='ltr'>in</span> <span class='ocrx_word' id='word_1_635' title='bbox 3330 3872 3486 3926; x_wconf 71' lang='lat' dir='ltr'>exitu</span> 
     </span>
    </p>
   </div>
   <div class='ocr_carea' id='block_1_99' title="bbox 1833 3957 3486 4038">
    <p class='ocr_par' dir='ltr' id='par_1_99' title="bbox 1833 3957 3486 4038">
     <span class='ocr_line' id='line_1_99' title="bbox 1833 3957 3486 4038; baseline -0.007 -14"><span class='ocrx_word' id='word_1_636' title='bbox 1833 3972 1966 4026; x_wconf 69' lang='lat' dir='ltr'>vita?</span> <span class='ocrx_word' id='word_1_637' title='bbox 1993 3984 2110 4025; x_wconf 58' lang='lat' dir='ltr'>suae</span> <span class='ocrx_word' id='word_1_638' title='bbox 2141 3969 2386 4038; x_wconf 84' lang='lat' dir='ltr'>recipiat.</span> <span class='ocrx_word' id='word_1_639' title='bbox 2415 3964 2478 4020; x_wconf 88' lang='lat' dir='ltr'>Si</span> <span class='ocrx_word' id='word_1_640' title='bbox 2516 3972 2700 4017; x_wconf 87' lang='lat' dir='ltr'>autem</span> <span class='ocrx_word' id='word_1_641' title='bbox 2744 3977 2856 4015; x_wconf 89' lang='lat' dir='ltr'>non</span> <span class='ocrx_word' id='word_1_642' title='bbox 2904 3960 3201 4027; x_wconf 84' lang='lat' dir='ltr'>voluntate,</span> <span class='ocrx_word' id='word_1_643' title='bbox 3232 3957 3323 4012; x_wconf 86' lang='lat' dir='ltr'>sed</span> <span class='ocrx_word' id='word_1_644' title='bbox 3350 3974 3486 4013; x_wconf 85' lang='lat' dir='ltr'>casu</span> 
     </span>
    </p>
   </div>
   <div class='ocr_carea' id='block_1_100' title="bbox 1832 4049 3485 4129">
    <p class='ocr_par' dir='ltr' id='par_1_100' title="bbox 1832 4049 3485 4129">
     <span class='ocr_line' id='line_1_100' title="bbox 1832 4049 3485 4129; baseline -0.007 -17"><span class='ocrx_word' id='word_1_645' title='bbox 1832 4058 2041 4129; x_wconf 85' lang='lat' dir='ltr'>aliquo,</span> <span class='ocrx_word' id='word_1_646' title='bbox 2074 4055 2433 4111; x_wconf 84' lang='lat' dir='ltr'>homicidium</span> <span class='ocrx_word' id='word_1_647' title='bbox 2458 4052 2629 4123; x_wconf 86' lang='lat' dir='ltr'>fuerit</span> <span class='ocrx_word' id='word_1_648' title='bbox 2648 4051 2873 4119; x_wconf 76' lang='lat' dir='ltr'>factum,</span> <span class='ocrx_word' id='word_1_649' title='bbox 2892 4049 3050 4117; x_wconf 86' lang='lat' dir='ltr'>prior</span> <span class='ocrx_word' id='word_1_650' title='bbox 3078 4060 3256 4100; x_wconf 85' lang='lat' dir='ltr'>canon</span> <span class='ocrx_word' id='word_1_651' title='bbox 3282 4052 3485 4116; x_wconf 84' lang='lat' dir='ltr'>septem</span> 
     </span>
    </p>
   </div>
   <div class='ocr_carea' id='block_1_101' title="bbox 1833 4134 3481 4214">
    <p class='ocr_par' dir='ltr' id='par_1_101' title="bbox 1833 4134 3481 4214">
     <span class='ocr_line' id='line_1_101' title="bbox 1833 4134 3481 4214; baseline -0.008 -14"><span class='ocrx_word' id='word_1_652' title='bbox 1833 4147 1999 4201; x_wconf 85' lang='lat' dir='ltr'>annis</span> <span class='ocrx_word' id='word_1_653' title='bbox 2030 4146 2125 4213; x_wconf 86' lang='lat' dir='ltr'>agi</span> <span class='ocrx_word' id='word_1_654' title='bbox 2147 4142 2529 4214; x_wconf 65' lang='lat' dir='ltr'>paenitentiam</span> <span class='ocrx_word' id='word_1_655' title='bbox 2566 4139 2752 4209; x_wconf 83' lang='lat' dir='ltr'>jussit,</span> <span class='ocrx_word' id='word_1_656' title='bbox 2787 4134 3053 4190; x_wconf 81' lang='lat' dir='ltr'>secundus</span> <span class='ocrx_word' id='word_1_657' title='bbox 3109 4148 3279 4188; x_wconf 85' lang='lat' dir='ltr'>canon</span> <span class='ocrx_word' id='word_1_658' title='bbox 3311 4134 3481 4204; x_wconf 82' lang='lat' dir='ltr'>quin-</span> 
     </span>
    </p>
   </div>
   <div class='ocr_carea' id='block_1_102' title="bbox 1835 4221 3481 4306">
    <p class='ocr_par' dir='ltr' id='par_1_102' title="bbox 1835 4221 3481 4306">
     <span class='ocr_line' id='line_1_102' title="bbox 1835 4221 3481 4306; baseline -0.007 -17"><span class='ocrx_word' id='word_1_659' title='bbox 1835 4250 1937 4306; x_wconf 89' lang='lat' dir='ltr'>que</span> <span class='ocrx_word' id='word_1_660' title='bbox 1962 4232 2262 4287; x_wconf 83' lang='lat' dir='ltr'>mandavit.</span> <span class='ocrx_word' id='word_1_661' title='bbox 2324 4229 2392 4284; x_wconf 87' lang='lat' dir='ltr'>Et</span> <span class='ocrx_word' id='word_1_662' title='bbox 2442 4225 2626 4283; x_wconf 89' lang='lat' dir='ltr'>alibi:</span> <span class='ocrx_word' id='word_1_663' title='bbox 2688 4225 2869 4297; x_wconf 83' lang='lat' dir='ltr'>(Cone.</span> <span class='ocrx_word' id='word_1_664' title='bbox 2930 4223 3153 4293; x_wconf 57' lang='lat' dir='ltr'>Ancyra,</span> <span class='ocrx_word' id='word_1_665' title='bbox 3204 4223 3297 4287; x_wconf 89' lang='lat'>22,</span> <span class='ocrx_word' id='word_1_666' title='bbox 3349 4221 3481 4290; x_wconf 83' lang='lat'>‘23):</span> 
     </span>
    </p>
   </div>
   <div class='ocr_carea' id='block_1_103' title="bbox 1835 4310 3483 4387">
    <p class='ocr_par' dir='ltr' id='par_1_103' title="bbox 1835 4310 3483 4387">
     <span class='ocr_line' id='line_1_103' title="bbox 1835 4310 3483 4387; baseline -0.006 -10"><span class='ocrx_word' id='word_1_667' title='bbox 1835 4323 1908 4377; x_wconf 89' lang='lat' dir='ltr'>De</span> <span class='ocrx_word' id='word_1_668' title='bbox 1937 4320 2252 4377; x_wconf 83' lang='lat' dir='ltr'>homicidiis</span> <span class='ocrx_word' id='word_1_669' title='bbox 2290 4334 2399 4373; x_wconf 87' lang='lat' dir='ltr'>non</span> <span class='ocrx_word' id='word_1_670' title='bbox 2455 4321 2642 4387; x_wconf 83' lang='lat' dir='ltr'>sponte</span> <span class='ocrx_word' id='word_1_671' title='bbox 2697 4312 3022 4378; x_wconf 88' lang='lat' dir='ltr'>commissis,</span> <span class='ocrx_word' id='word_1_672' title='bbox 3043 4312 3199 4382; x_wconf 85' lang='lat' dir='ltr'>prior</span> <span class='ocrx_word' id='word_1_673' title='bbox 3253 4310 3483 4382; x_wconf 86' lang='lat' dir='ltr'>quidem</span> 
     </span>
    </p>
   </div>
   <div class='ocr_carea' id='block_1_104' title="bbox 1835 4398 3483 4482">
    <p class='ocr_par' dir='ltr' id='par_1_104' title="bbox 1835 4398 3483 4482">
     <span class='ocr_line' id='line_1_104' title="bbox 1835 4398 3483 4482; baseline -0.008 -14"><span class='ocrx_word' id='word_1_674' title='bbox 1835 4411 2078 4482; x_wconf 79' lang='lat' dir='ltr'>deﬁnitio</span> <span class='ocrx_word' id='word_1_675' title='bbox 2106 4416 2227 4482; x_wconf 88' lang='lat' dir='ltr'>post</span> <span class='ocrx_word' id='word_1_676' title='bbox 2268 4413 2467 4479; x_wconf 77' lang='lat' dir='ltr'>septem</span> <span class='ocrx_word' id='word_1_677' title='bbox 2511 4419 2683 4459; x_wconf 85' lang='lat' dir='ltr'>annos</span> <span class='ocrx_word' id='word_1_678' title='bbox 2726 4400 3070 4473; x_wconf 70' lang='lat' dir='ltr'>paenitentia?</span> <span class='ocrx_word' id='word_1_679' title='bbox 3092 4398 3483 4473; x_wconf 81' lang='lat' dir='ltr'>perfectionem</span> 
     </span>
    </p>
   </div>
   <div class='ocr_carea' id='block_1_105' title="bbox 1837 4489 3482 4571">
    <p class='ocr_par' dir='ltr' id='par_1_105' title="bbox 1837 4489 3482 4571">
     <span class='ocr_line' id='line_1_105' title="bbox 1837 4489 3482 4571; baseline -0.01 -14"><span class='ocrx_word' id='word_1_680' title='bbox 1837 4501 2091 4571; x_wconf 87' lang='lat' dir='ltr'>consequi</span> <span class='ocrx_word' id='word_1_681' title='bbox 2115 4497 2394 4571; x_wconf 63' lang='lat' dir='ltr'>prwcepit.</span> <span class='ocrx_word' id='word_1_682' title='bbox 2428 4491 2675 4550; x_wconf 86' lang='lat' dir='ltr'>Secunda</span> <span class='ocrx_word' id='word_1_683' title='bbox 2703 4506 2827 4545; x_wconf 84' lang='lat' dir='ltr'>vero</span> <span class='ocrx_word' id='word_1_684' title='bbox 2875 4489 3246 4559; x_wconf 84' lang='lat' dir='ltr'>quinquennii</span> <span class='ocrx_word' id='word_1_685' title='bbox 3273 4495 3482 4559; x_wconf 87' lang='lat' dir='ltr'>tempus</span> 
     </span>
    </p>
   </div>
   <div class='ocr_carea' id='block_1_106' title="bbox 2471 4669 2849 4728">
    <p class='ocr_par' dir='ltr' id='par_1_106' title="bbox 2471 4669 2849 4728">
     <span class='ocr_line' id='line_1_106' title="bbox 2471 4669 2849 4728; baseline -0.021 1"><span class='ocrx_word' id='word_1_686' title='bbox 2471 4670 2699 4728; x_wconf 78' lang='lat' dir='ltr'><strong>CAPUT</strong></span> <span class='ocrx_word' id='word_1_687' title='bbox 2739 4669 2849 4723; x_wconf 83' lang='lat' dir='ltr'><strong>XL.</strong></span> 
     </span>
    </p>
   </div>
   <div class='ocr_carea' id='block_1_107' title="bbox 1891 4767 3425 4840">
    <p class='ocr_par' dir='ltr' id='par_1_107' title="bbox 1891 4767 3425 4840">
     <span class='ocr_line' id='line_1_107' title="bbox 1891 4767 3425 4840; baseline -0.012 0"><span class='ocrx_word' id='word_1_688' title='bbox 1891 4786 1966 4840; x_wconf 88' lang='lat' dir='ltr'>De</span> <span class='ocrx_word' id='word_1_689' title='bbox 1997 4782 2345 4838; x_wconf 81' lang='lat' dir='ltr'>homicidiis</span> <span class='ocrx_word' id='word_1_690' title='bbox 2374 4778 2614 4834; x_wconf 83' lang='lat' dir='ltr'>diversis</span> <span class='ocrx_word' id='word_1_691' title='bbox 2630 4774 3023 4832; x_wconf 80' lang='lat' dir='ltr'>occasionibus</span> <span class='ocrx_word' id='word_1_692' title='bbox 3052 4767 3425 4840; x_wconf 80' lang='lat' dir='ltr'>perpetratis.</span> 
     </span>
    </p>
   </div>
   <div class='ocr_carea' id='block_1_108' title="bbox 1912 4855 3484 4944">
    <p class='ocr_par' dir='ltr' id='par_1_108' title="bbox 1912 4855 3484 4944">
     <span class='ocr_line' id='line_1_108' title="bbox 1912 4855 3484 4944; baseline -0.011 -15"><span class='ocrx_word' id='word_1_693' title='bbox 1912 4872 1973 4929; x_wconf 91' lang='lat' dir='ltr'>Si</span> <span class='ocrx_word' id='word_1_694' title='bbox 2004 4871 2136 4944; x_wconf 91' lang='lat' dir='ltr'>quis</span> <span class='ocrx_word' id='word_1_695' title='bbox 2167 4886 2401 4926; x_wconf 85' lang='lat' dir='ltr'>servum</span> <span class='ocrx_word' id='word_1_696' title='bbox 2430 4863 2893 4939; x_wconf 89' lang='lat' dir='ltr'>proprium.licet</span> <span class='ocrx_word' id='word_1_697' title='bbox 2915 4857 3261 4916; x_wconf 86' lang='lat' dir='ltr'>criminibus</span> <span class='ocrx_word' id='word_1_698' title='bbox 3282 4855 3484 4912; x_wconf 85' lang='lat' dir='ltr'>multis</span> 
     </span>
    </p>
   </div>
   <div class='ocr_carea' id='block_1_109' title="bbox 1841 4943 3485 5035">
    <p class='ocr_par' dir='ltr' id='par_1_109' title="bbox 1841 4943 3485 5035">
     <span class='ocr_line' id='line_1_109' title="bbox 1841 4943 3485 5035; baseline -0.012 -16"><span class='ocrx_word' id='word_1_699' title='bbox 1841 4943 2251 5035; x_wconf 86' lang='lat' dir='ltr'>approbatum,</span> <span class='ocrx_word' id='word_1_700' title='bbox 2284 4958 2411 5013; x_wconf 92' lang='lat' dir='ltr'>sine</span> <span class='ocrx_word' id='word_1_701' title='bbox 2439 4954 2796 5010; x_wconf 88' lang='lat' dir='ltr'>conscientia</span> <span class='ocrx_word' id='word_1_702' title='bbox 2816 4948 3037 5022; x_wconf 88' lang='lat' dir='ltr'>judicis</span> <span class='ocrx_word' id='word_1_703' title='bbox 3066 4943 3362 5012; x_wconf 91' lang='lat' dir='ltr'>occiderit,</span> <span class='ocrx_word' id='word_1_704' title='bbox 3383 4960 3485 5000; x_wconf 85' lang='lat' dir='ltr'>ex-</span> 
     </span>
    </p>
   </div>
   <div class='ocr_carea' id='block_1_110' title="bbox 1842 5036 3485 5115">
    <p class='ocr_par' dir='ltr' id='par_1_110' title="bbox 1842 5036 3485 5115">
     <span class='ocr_line' id='line_1_110' title="bbox 1842 5036 3485 5115; baseline -0.015 -6"><span class='ocrx_word' id='word_1_705' title='bbox 1842 5047 2370 5109; x_wconf 90' lang='lat' dir='ltr'>eommunicatione</span> <span class='ocrx_word' id='word_1_706' title='bbox 2389 5043 2477 5099; x_wconf 90' lang='lat' dir='ltr'>vel</span> <span class='ocrx_word' id='word_1_707' title='bbox 2497 5040 2838 5115; x_wconf 64' lang='lat' dir='ltr'>paenitentia</span> <span class='ocrx_word' id='word_1_708' title='bbox 2861 5036 3081 5093; x_wconf 89' lang='lat' dir='ltr'>biennii</span> <span class='ocrx_word' id='word_1_709' title='bbox 3100 5037 3325 5088; x_wconf 86' lang='lat' dir='ltr'>reatum</span> <span class='ocrx_word' id='word_1_710' title='bbox 3347 5048 3485 5087; x_wconf 79' lang='lat' dir='ltr'>san-</span> 
     </span>
    </p>
   </div>
   <div class='ocr_carea' id='block_1_111' title="bbox 1840 5121 3485 5218">
    <p class='ocr_par' dir='ltr' id='par_1_111' title="bbox 1840 5121 3485 5218">
     <span class='ocr_line' id='line_1_111' title="bbox 1840 5121 3485 5218; baseline -0.015 -18"><span class='ocrx_word' id='word_1_711' title='bbox 1840 5143 2037 5218; x_wconf 89' lang='lat' dir='ltr'>guinis</span> <span class='ocrx_word' id='word_1_712' title='bbox 2069 5136 2420 5196; x_wconf 87' lang='lat' dir='ltr'>emendabit.</span> <span class='ocrx_word' id='word_1_713' title='bbox 2455 5133 2515 5189; x_wconf 90' lang='lat' dir='ltr'>Si</span> <span class='ocrx_word' id='word_1_714' title='bbox 2553 5148 2685 5187; x_wconf 88' lang='lat' dir='ltr'>vero</span> <span class='ocrx_word' id='word_1_715' title='bbox 2716 5128 2954 5185; x_wconf 88' lang='lat' dir='ltr'>domina</span> <span class='ocrx_word' id='word_1_716' title='bbox 3010 5126 3203 5180; x_wconf 84' lang='lat' dir='ltr'>furore</span> <span class='ocrx_word' id='word_1_717' title='bbox 3246 5121 3351 5178; x_wconf 85' lang='lat' dir='ltr'>zeli</span> <span class='ocrx_word' id='word_1_718' title='bbox 3383 5138 3485 5218; x_wconf 74' lang='lat' dir='ltr'>ac-</span> 
     </span>
    </p>
   </div>
   <div class='ocr_carea' id='block_1_112' title="bbox 1843 5210 3487 5301">
    <p class='ocr_par' dir='ltr' id='par_1_112' title="bbox 1843 5210 3487 5301">
     <span class='ocr_line' id='line_1_112' title="bbox 1843 5210 3487 5301; baseline -0.016 -12"><span class='ocrx_word' id='word_1_719' title='bbox 1843 5210 2016 5289; x_wconf 65' lang='lat' dir='ltr'>censa</span> <span class='ocrx_word' id='word_1_720' title='bbox 2046 5228 2292 5301; x_wconf 86' lang='lat' dir='ltr'>ﬂagellis</span> <span class='ocrx_word' id='word_1_721' title='bbox 2312 5220 2698 5279; x_wconf 87' lang='lat' dir='ltr'>verberaverit</span> <span class='ocrx_word' id='word_1_722' title='bbox 2727 5215 3000 5274; x_wconf 87' lang='lat' dir='ltr'>ancillam</span> <span class='ocrx_word' id='word_1_723' title='bbox 3019 5212 3299 5280; x_wconf 83' lang='lat' dir='ltr'>suam,ita</span> <span class='ocrx_word' id='word_1_724' title='bbox 3320 5214 3384 5265; x_wconf 92' lang='lat' dir='ltr'>ut</span> <span class='ocrx_word' id='word_1_725' title='bbox 3402 5210 3487 5264; x_wconf 91' lang='lat' dir='ltr'>in-</span> 
     </span>
    </p>
   </div>
   <div class='ocr_carea' id='block_1_113' title="bbox 1844 5298 3485 5377">
    <p class='ocr_par' dir='ltr' id='par_1_113' title="bbox 1844 5298 3485 5377">
     <span class='ocr_line' id='line_1_113' title="bbox 1844 5298 3485 5377; baseline -0.015 0"><span class='ocrx_word' id='word_1_726' title='bbox 1844 5324 1932 5377; x_wconf 85' lang='lat' dir='ltr'>fra</span> <span class='ocrx_word' id='word_1_727' title='bbox 1959 5321 2114 5375; x_wconf 87' lang='lat' dir='ltr'>diem</span> <span class='ocrx_word' id='word_1_728' title='bbox 2128 5298 2382 5373; x_wconf 62' lang='lat' dir='ltr'>tertium</span> <span class='ocrx_word' id='word_1_729' title='bbox 2400 5311 2656 5367; x_wconf 85' lang='lat' dir='ltr'>animam</span> <span class='ocrx_word' id='word_1_730' title='bbox 2680 5306 2941 5362; x_wconf 88' lang='lat' dir='ltr'>cruciatu</span> <span class='ocrx_word' id='word_1_731' title='bbox 2962 5301 3309 5367; x_wconf 75' lang='lat' dir='ltr'>etiundat,et</span> <span class='ocrx_word' id='word_1_732' title='bbox 3328 5298 3485 5369; x_wconf 88' lang='lat' dir='ltr'>quod</span> 
     </span>
    </p>
   </div>
   <div class='ocr_carea' id='block_1_114' title="bbox 1846 5388 3485 5469">
    <p class='ocr_par' dir='ltr' id='par_1_114' title="bbox 1846 5388 3485 5469">
     <span class='ocr_line' id='line_1_114' title="bbox 1846 5388 3485 5469; baseline -0.015 -4"><span class='ocrx_word' id='word_1_733' title='bbox 1846 5411 2133 5465; x_wconf 87' lang='lat' dir='ltr'>incertum</span> <span class='ocrx_word' id='word_1_734' title='bbox 2166 5405 2244 5460; x_wconf 90' lang='lat' dir='ltr'>sit</span> <span class='ocrx_word' id='word_1_735' title='bbox 2273 5402 2565 5457; x_wconf 88' lang='lat' dir='ltr'>voluntate</span> <span class='ocrx_word' id='word_1_736' title='bbox 2595 5413 2698 5469; x_wconf 89' lang='lat' dir='ltr'>per</span> <span class='ocrx_word' id='word_1_737' title='bbox 2727 5398 2949 5466; x_wconf 89' lang='lat' dir='ltr'>septem</span> <span class='ocrx_word' id='word_1_738' title='bbox 2971 5388 3235 5457; x_wconf 88' lang='lat' dir='ltr'>annos,si</span> <span class='ocrx_word' id='word_1_739' title='bbox 3254 5388 3314 5443; x_wconf 91' lang='lat' dir='ltr'>in</span> <span class='ocrx_word' id='word_1_740' title='bbox 3344 5403 3485 5443; x_wconf 87' lang='lat' dir='ltr'>casu</span> 
     </span>
    </p>
   </div>
   <div class='ocr_carea' id='block_1_115' title="bbox 1847 5474 3488 5565">
    <p class='ocr_par' dir='ltr' id='par_1_115' title="bbox 1847 5474 3488 5565">
     <span class='ocr_line' id='line_1_115' title="bbox 1847 5474 3488 5565; baseline -0.015 -11"><span class='ocrx_word' id='word_1_741' title='bbox 1847 5495 2142 5563; x_wconf 88' lang='lat' dir='ltr'>occiderit,</span> <span class='ocrx_word' id='word_1_742' title='bbox 2176 5510 2277 5565; x_wconf 92' lang='lat' dir='ltr'>per</span> <span class='ocrx_word' id='word_1_743' title='bbox 2306 5484 2692 5562; x_wconf 86' lang='lat' dir='ltr'>quinquennii</span> <span class='ocrx_word' id='word_1_744' title='bbox 2717 5489 2984 5555; x_wconf 86' lang='lat' dir='ltr'>tempora</span> <span class='ocrx_word' id='word_1_745' title='bbox 3013 5498 3048 5536; x_wconf 88' lang='lat' dir='ltr'>a</span> <span class='ocrx_word' id='word_1_746' title='bbox 3075 5474 3488 5536; x_wconf 87' lang='lat' dir='ltr'>communione</span> 
     </span>
    </p>
   </div>
  </div>
