3894 6204
429 453 546 514 719

1021 582 1253 639 CAPUT
1291 584 1478 641 XXXI.

748 676 829 731 De
853 674 1343 731 observationibus
1372 676 1754 748 jejuniorum.

504 781 866 854 (Capitulare
898 781 1212 855 Theodulﬁ,
1246 799 1372 856 cap.
1406 784 1512 854 ’10;
1546 784 2077 854 Capitutar.Caroli

433 873 607 943 Calvi,
640 871 732 927 tit.
783 871 873 939 38,
924 888 1048 944 cap.
1094 873 1164 940 8;
1197 874 1534 942 Capitulare
1591 876 1898 947 Theodutﬁ,
1946 892 2069 947 cap.

434 959 549 1031 42.)
587 959 955 1016 Abstinentia
1002 961 1062 1015 in
1107 961 1312 1018 diebus
1358 963 1569 1034 jejunii
1620 980 1765 1035 pene
1813 965 2076 1020 omnium

434 1047 775 1103 deliciarum
805 1065 933 1105 esse
962 1049 1149 1117 debet,
1185 1054 1240 1106 et
1268 1051 1460 1106 sobrie
1482 1056 1538 1106 et
1558 1057 1713 1108 caste
1742 1052 2074 1123 vivendum,

434 1139 502 1192 ut
530 1137 890 1193 sanctificato
948 1138 1119 1194 corde
1174 1142 1231 1194 et
1286 1155 1524 1211 corpore
1570 1140 1681 1213 ipsi
1723 1143 1909 1199 sancti
1954 1143 2076 1200 dies

433 1225 857 1298 transigantur.
902 1227 1377 1283 Denuntiandum
1426 1233 1516 1284 est
1565 1229 1739 1286 etiam
1789 1231 2077 1289 ministris

434 1312 766 1387 reipublicae.
796 1318 861 1371 ut
891 1332 925 1371 a
952 1323 1160 1387 quarta
1181 1317 1325 1372 feria
1345 1321 1478 1374 ante
1500 1319 1735 1375 initium
1753 1322 2075 1396 Quadrage-

431 1403 729 1484 simaamec
758 1404 817 1459 in
848 1404 977 1478 ipsa
1007 1410 1215 1478 quarta
1244 1405 1409 1475 feria,
1440 1424 1629 1480 usque
1674 1413 1807 1482 post
1848 1416 2078 1468 octavas

432 1491 935 1563 Paschaa,mallum
965 1494 1054 1549 vel
1089 1494 1367 1566 placitum
1390 1496 1692 1568 publicum
1716 1498 1829 1556 nisi
1854 1502 1922 1556 dc
1948 1518 2079 1556 con-

431 1582 633 1639 cordia
660 1586 716 1638 et
764 1584 1167 1655 paciﬁcatione
1217 1585 1680 1643 discordantium
1711 1592 1906 1647 tenere
1932 1607 2077 1663 pra:-

433 1676 690 1729 sumant.
724 1673 1004 1729 Similiter
1033 1692 1067 1729 a
1096 1677 1305 1745 quarta
1347 1674 1490 1731 feria
1520 1681 1654 1732 ante
1692 1677 2075 1749 nativitatem,

432 1760 663 1818 Domini
688 1779 870 1835 usque
901 1767 1034 1834 post
1062 1768 1431 1820 consecratos
1463 1765 1586 1821 dies
1608 1767 2078 1837 observent,nec-

434 1867 549 1907 non
581 1856 637 1907 et
667 1851 725 1907 in
748 1852 993 1924 jejuniis
1016 1856 1268 1925 quatuor
1291 1858 1621 1928 temporum
1650 1857 1780 1912 etin
1806 1859 2077 1931 Rogatio-

433 1939 607 1997 nibus
629 1940 755 1996 etin
775 1942 1245 2013 czeterisjejuniis
1259 1944 1592 2001 constitutis
1614 1945 1793 2001 simili
1811 1947 2080 2004 observa-
2110 1954 2158 2019 Β

431 2029 591 2085 tione
620 2030 854 2085 eosdem
891 2029 1126 2087 feriatos
1159 2031 1284 2086 dies
1314 2033 1573 2088 venerari
1605 2035 1937 2093 omninodis
1960 2042 2079 2094 stu-

434 2116 697 2174 deant.In
727 2117 820 2173 his
851 2122 1045 2174 autem
1068 2119 1431 2190 jejuniorum
1465 2121 1671 2179 diebus
1703 2123 1874 2179 nulla:
1924 2125 2076 2196 lites,

435 2204 610 2260 nulla
624 2205 1024 2261 contentiones
1042 2223 1170 2261 esse
1192 2207 1423 2274 debent,
1434 2210 1534 2263 sed
1549 2209 1607 2265 in
1621 2210 1718 2266 Dei
1734 2210 2009 2271 laudibus
2024 2222 2081 2272 et

432 2294 492 2348 in
507 2310 677 2366 opere
691 2294 1016 2350 necessario
1028 2295 1459 2366 persistcndum
1471 2342 1481 2353 .
1493 2297 1660 2372 Argui
1672 2302 1851 2356 [enim
1867 2320 1963 2360 eos
1979 2306 2077 2377 qui

435 2383 834 2439 contentiones
866 2387 923 2438 et
953 2383 1084 2439 lites
1098 2384 1312 2455 jejunii
1335 2389 1592 2458 tempore
1613 2396 1961 2459 exercent,et
1978 2395 2075 2466 qui

433 2471 630 2528 debita
659 2489 693 2528 a
722 2471 1084 2528 debitoribus
1115 2473 1372 2546 exigunt,
1408 2476 1690 2535 Dominus
1714 2496 1815 2550 per
1835 2482 2080 2554 prophe-

430 2565 552 2618 tam
566 2561 766 2617 dicens
791 2579 803 2617 :
828 2567 965 2619 Ecce
983 2562 1040 2618 in
1062 2563 1160 2618 die
1169 2564 1393 2634 jejunii
1410 2567 1584 2622 vestri
1603 2567 1974 2626 inveniuntur
1991 2589 2078 2628 vo-

431 2652 678 2707 luntates
706 2658 999 2720 vestrannt
1029 2669 1224 2709 omnes
1248 2655 1530 2711 debitores
1557 2665 1773 2715 vestros
1793 2661 2074 2731 repetitis.

426 2744 571 2797 Ecce
598 2741 676 2797 ad
706 2740 833 2797 lites
860 2752 916 2797 et
942 2743 1331 2799 contentiones
1352 2745 1659 2815 jejunatis,
1692 2757 1747 2803 et
1774 2751 2077 2820 percutitis

425 2842 623 2904 pugno
650 2830 844 2900 impie,

1005 2938 1235 2994 CAPUT
1271 2939 1483 2997 XXXII.

761 3029 839 3084 De
862 3028 1200 3101 paenitentia
1218 3028 1492 3101 ﬁdelibus
1522 3031 1733 3089 danda.

503 3135 859 3206 (Capitulare
905 3136 1213 3206 Theodulﬁ,
1261 3152 1384 3207 cap.
1417 3138 1506 3205 36,
1539 3139 1648 3206 31).
1697 3140 2074 3200 Hebdomada

431 3241 553 3282 una
570 3228 704 3282 ante
722 3223 956 3280 initium
977 3224 1443 3296 Quadragesimae
1470 3227 1864 3285 confessiones
1882 3247 2072 3288 sacer-

426 3312 663 3370 dotibus
693 3312 899 3369 dandee
929 3316 1067 3368 sunt
1097 3312 1436 3383 poenitentia
1464 3314 1821 3386 accipienda,
1853 3318 2071 3376 discor-
2099 3322 2142 3389 C

429 3402 637 3457 dantes
666 3399 1103 3466 reconciliandi,
1136 3404 1194 3454 et
1226 3400 1424 3456 omnia
1458 3402 1657 3475 jurgia
1686 3407 1983 3473 sedanda;
2016 3413 2074 3464 et

430 3490 726 3546 dimittere
754 3489 969 3545 debent
997 3487 1193 3544 debita
1222 3488 1470 3544 invicem
1500 3492 1570 3546 de
1619 3494 1893 3550 cordibus
1922 3497 2070 3565 suis,

431 3582 497 3633 ut
525 3576 769 3633 liberius
797 3576 1022 3631 dicant:
1047 3577 1280 3632 Dimitte
1302 3579 1461 3634 nobis
1483 3580 1678 3635 debita
1697 3586 2071 3652 nostra,sicut

426 3675 485 3722 et
512 3681 615 3722 nos
644 3666 997 3721 dimittimus
1020 3666 1375 3721 debitoribus
1400 3670 1629 3725 nostris.
1662 3672 1731 3725 Et
1762 3671 1845 3727 sic
1875 3674 2069 3747 ingre-

424 3755 653 3811 dientes
682 3753 743 3810 in
773 3754 953 3809 beatis
983 3753 1449 3826 Quadragcsimae
1481 3761 1713 3830 tempus
1744 3762 1984 3818 mundis
2013 3767 2070 3818 et

423 3842 747 3918 puriticatis
763 3842 1060 3898 mentibus
1081 3843 1153 3897 ad
1172 3848 1439 3899 sanctum
1463 3845 1684 3902 Pascha
1707 3850 2068 3916 accedant,et

422 3950 527 4006 per
556 3929 956 4005 pmnitentiam
1005 3947 1066 3986 se
1116 3936 1409 3999 renovent,
1460 3949 1585 4005 quia
1636 3941 1725 3992 est
1773 3939 2066 3994 secundus

419 4019 1183 4095 baptismus.Confessiones
1214 4037 1348 4076 varo
1371 4023 1573 4078 dandae
1608 4030 1748 4080 sunt
1777 4026 1847 4081 de
1876 4026 2062 4082 omni-

415 4111 528 4167 bus
559 4108 811 4182 peccatis
841 4125 966 4181 qua:
997 4108 1115 4165 sive
1145 4108 1203 4164 in
1247 4103 1418 4181 opere
1471 4112 1591 4169 sive
1620 4112 1680 4168 in
1713 4114 2064 4186 cogitatione

414 4198 988 4273 perpetrantur.0cto
1010 4202 1148 4254 sunt
1169 4198 1311 4255 vitia
1330 4199 1677 4274 principalia
1698 4202 1824 4258 sine
1846 4202 2062 4274 quibus

412 4288 509 4344 vix
540 4286 695 4342 ullus
722 4285 967 4342 inveniri
998 4291 1206 4358 potest.
1242 4289 1343 4343 Est
1370 4289 1527 4345 enim
1559 4290 1815 4362 primum
1841 4291 2059 4363 gastri-

414 4375 777 4448 margia,hoc
804 4380 893 4431 est
919 4375 1139 4431 ventris
1172 4375 1476 4447 ingluvies,
1509 4380 1835 4435 secundum
1879 4379 2058 4435 forni-

412 4464 830 4533 catio,tertium
863 4463 1082 4519 accidia
1106 4463 1225 4520 sive
1255 4464 1515 4530 tristitia,
1549 4471 1826 4536 quartum
1865 4468 2056 4522 avari-

413 4553 516 4621 tia,
550 4553 822 4625 quintum
863 4569 1012 4609 vana
1058 4551 1262 4625 gloria,
1311 4557 1540 4609 sextum
1587 4553 1825 4619 invidia,
1879 4556 2057 4627 septi-

414 4658 580 4698 mum
609 4641 716 4708 ira,
734 4645 1001 4697 octavum
1052 4639 1345 4712 superbia.
1378 4640 1617 4703 Quando
1650 4657 1785 4713 ergo
1817 4642 1951 4713 quis
1981 4645 2051 4699 ad

412 4730 837 4787 confessionem
868 4729 1043 4795 venit,
1077 4723 1386 4798 diligenter
1433 4727 1603 4782 debet
1650 4729 1867 4800 inquiri
1913 4748 2053 4803 quo-

412 4819 585 4874 modo
614 4824 716 4874 aut
737 4835 852 4890 qua
872 4817 1175 4872 occasione
1195 4819 1499 4886 peccatum
1529 4818 1878 4889 perpetravit
1898 4822 2052 4891 quod

412 4907 707 4979 peregisse
736 4906 1063 4971 conﬁtetur,
1087 4906 1144 4958 et
1166 4905 1335 4974 juxta
1365 4904 1604 4960 modum
1635 4907 1768 4961 facti
1797 4907 1969 4963 debet
1999 4910 2050 4964 ei

410 4994 750 5067 pcenitentia
776 4992 1230 5048 indicari.Debet
1259 4990 1306 5046 ei
1343 4993 1677 5063 persuaderi
1708 4998 1773 5049 ut
1821 4996 1891 5051 de
1922 5013 2049 5068 per-

406 5083 590 5139 versis
621 5080 1068 5155 cogitationibus
1097 5079 1270 5133 faciat
1313 5079 1758 5137 confessionem.
1792 5085 1969 5140 Debet
1998 5085 2051 5140 ei

408 5170 581 5227 etiam
614 5169 838 5242 injungi
876 5184 940 5223 ut
967 5169 1038 5223 de
1064 5170 1190 5221 octo
1222 5166 1376 5223 vitiis
1423 5170 1843 5242 principalibus
1874 5172 2049 5230 faciat

406 5259 850 5314 confessionem.
910 5257 977 5310 Et
1036 5255 1379 5310 nominatim
1432 5257 1603 5314 debet
1657 5261 1709 5315 ei
1774 5263 2046 5318 sacerdos

404 5347 867 5417 unumquodque
896 5342 1102 5397 vitium
1134 5342 1321 5399 dicere
1352 5348 1409 5400 et
1439 5362 1603 5402 suam
1633 5348 1704 5404 de
1733 5365 1800 5405 eo
1828 5352 2049 5406 confes-

404 5433 629 5491 sionem
659 5431 941 5501 accipere.

970 5535 1197 5594 CAPUT
1235 5538 1474 5595 XXXIII.

668 5629 751 5684 Dc
778 5625 965 5682 modis
985 5627 1331 5697 panitentiae
1358 5630 1448 5684 vel
1472 5631 1762 5686 remediis.

475 5729 707 5814 (Concit.
738 5732 990 5796 Gabilon.
1024 5752 1084 5808 ιι,
1118 5751 1245 5810 cap.
1276 5734 1390 5811 38.)
1422 5732 1631 5793 Modus
1681 5740 1877 5794 autem
1922 5754 2041 5812 pae-

1454 450 1787 513 RODULFI
1835 447 2378 511 BITURICENSIS
2422 445 2798 508 EPISCOPI.

3699 448 3788 505 720

2102 580 2157 647 Α
2186 578 2439 634 nitentiaa
2470 581 2706 650 peccata
2734 593 2842 632 sua
2872 576 3285 632 conﬁtentibus
3314 580 3413 632 aut
3431 592 3536 649 per
3565 578 3791 649 antiquo.

2185 685 2316 723 rum
2354 684 2644 723 canonum
2692 665 3143 735 institutionem,
3195 671 3295 721 aut
3342 682 3445 738 per
3490 670 3788 723 sanctarum

2186 756 2621 828 Scripturarum
2653 754 3080 822 auctoritatem,
3114 758 3214 810 aut
3242 772 3344 827 per
3372 754 3789 814 ecclesiasticam

2185 845 2667 901 consuetudinem
2699 844 2919 916 imponi
2952 844 3471 917 debet,repudiatis
3502 860 3568 899 ac
3598 847 3791 917 penitus

2184 932 2502 989 eliminatis
2532 932 2745 989 libellis
2790 949 2937 1006 quos
2965 931 3394 1006 pcenitentiales
3425 940 3660 1003 vocant;
3683 954 3791 1007 quo-

2185 1039 2315 1077 rum
2349 1026 2489 1078 sunt
2518 1023 2657 1078 certi
2688 1039 2931 1088 errores,
2963 1022 3167 1077 incerti
3191 1026 3482 1093 auctores,
3516 1023 3586 1079 de
3614 1025 3792 1096 quibus

2187 1116 2340 1168 recte
2361 1111 2473 1167 dici
2497 1110 2683 1184 polest
2707 1128 2721 1167 :
2746 1112 3167 1183 Mortiﬁeabant
3184 1113 3417 1167 animus
3438 1128 3563 1184 qua
3582 1129 3685 1168 non
3704 1131 3794 1171 mo-

2184 1202 2576 1268 riebantur,et
2607 1201 2970 1271 viviﬁcabant
2995 1201 3224 1257 animas
3250 1218 3374 1275 qum
3402 1218 3519 1257 non
3550 1203 3790 1259 vivebant.

2185 1290 2292 1354 Qui
2323 1291 2464 1346 dum
2496 1307 2599 1362 pro
2644 1290 2899 1362 peccatis
2947 1290 3222 1363 gravibus
3273 1289 3427 1346 leves
3460 1291 3728 1362 quosdam
3754 1300 3792 1348 et

2184 1376 2500 1433 inusitatos
2531 1377 2843 1448 imponunt
2890 1376 3239 1449 pmnitenlize
3268 1376 3498 1448 modos,
3544 1388 3793 1435 consuunt

2187 1465 2480 1538 pulvillos,
2514 1467 2835 1521 secundum
2887 1466 3293 1540 propheticum
3333 1483 3679 1535 sermonem,
3708 1470 3791 1526 sub

2188 1554 2348 1610 omni
2377 1554 2571 1610 cubito
2602 1572 2813 1611 manus
2846 1559 2903 1612 et
2934 1556 3157 1611 faciunt
3178 1555 3487 1612 cervicalia
3518 1558 3624 1614 sub
3645 1559 3793 1631 capite

2187 1643 2470 1698 universae
2499 1644 2683 1699 aetatis
2725 1645 2797 1699 ad
2845 1644 3159 1717 capiendas
3189 1645 3440 1701 animas.
3475 1646 3636 1703 Sicut
3670 1649 3791 1705 enim

2188 1732 2516 1803 baptismus
2547 1738 2801 1806 peccata,
2822 1734 2903 1789 ita
2924 1737 2981 1789 et
3000 1733 3339 1805 pmnitentia
3359 1736 3792 1808 purgaLSeptem

2186 1820 2343 1875 enim
2375 1822 2566 1878 modis
2595 1826 2831 1893 peccata
2880 1822 3095 1878 dimitti
3144 1822 3448 1896 Scriptura
3496 1831 3687 1881 sancta
3719 1827 3791 1882 de

2189 1914 2496 1967 monstrat.
2531 1910 2722 1967 Primo
2744 1913 2801 1966 in
2834 1911 3475 1985 baptismate,secundo
3496 1931 3596 1986 per
3625 1920 3793 1987 marty-

2190 1998 2540 2067 rium,tertio
2570 2017 2671 2072 per
2701 2000 3151 2074 eleemosynam,
3177 2002 3346 2073 juxta
3400 2001 3545 2058 illud
3585 2020 3791 2078 evange-

2188 2103 2323 2142 cum
2356 2104 2369 2141 :
2399 2088 2794 2145 Verumtamen
2850 2090 2983 2145 date
3034 2088 3486 2161 eleemosynam,
3543 2103 3597 2148 et
3635 2096 3791 2151 omnia

2186 2177 2403 2232 munda
2429 2187 2563 2233 sunt
2589 2179 2760 2234 vobis.
2796 2179 3009 2243 Quarto
3042 2180 3091 2235 si
3124 2182 3381 2235 remittat
3409 2179 3547 2253 quis
3576 2184 3790 2255 peccanti

2187 2264 2243 2318 in
2278 2282 2339 2320 se
2369 2271 2604 2336 peccata
2633 2285 2761 2334 sua,
2784 2269 2955 2340 juxta
2984 2267 3129 2322 illud
3166 2286 3178 2322 :
3211 2269 3499 2325 Dimittite
3519 2281 3573 2327 et
3591 2272 3791 2328 dimitte

2187 2364 2287 2410 tur
2313 2357 2486 2411 vobis.
2520 2357 2730 2420 Quinto
2762 2357 2807 2411 si
2842 2373 2945 2429 per
2983 2357 3459 2429 praedicationem
3491 2361 3619 2432 quis
3646 2366 3696 2416 et
3720 2362 3788 2416 bo-

2187 2461 2394 2499 norum
2427 2461 2670 2517 cperum
2703 2447 3038 2501 exercitium
3072 2445 3217 2502 alios
3248 2448 3318 2502 ab
3350 2465 3549 2504 errore
3578 2466 3674 2505 suo
3691 2468 3788 2505 con-

2184 2536 2389 2603 vertat,
2414 2533 2583 2603 juxta
2612 2532 2756 2588 illud
2805 2534 3063 2607 Apostoli
3098 2538 3422 2606 :Quoniam
3457 2538 3556 2609 qui
3580 2541 3790 2594 converti

2182 2622 2388 2691 fecerit
2400 2632 2759 2692 peccatov'em
2770 2626 2843 2679 ab
2851 2628 3055 2679 errore
3067 2626 3168 2682 viae
3179 2628 3568 2694 sumsatrabit
3578 2628 3788 2684 animam

2184 2711 2311 2781 ejus
2339 2728 2375 2766 a
2396 2713 2782 2769 morte.Sexto
2800 2730 2904 2785 per
2929 2712 3471 2786 charitatem,juxta
3490 2715 3655 2772 illud:
3676 2718 3785 2773 Claa-

2183 2800 2331 2856 ritas
2364 2803 2592 2858 Domini
2610 2803 2865 2872 cooperit
2882 2803 3311 2860 multitudinem
3332 2806 3787 2874 peccatorum.Se-

2184 2889 2370 2961 ptimo
2402 2907 2503 2962 per
2531 2890 3127 2963 pcenitentiamjuxta
3152 2894 3304 2964 quod
3330 2892 3411 2948 ait
3445 2893 3621 2950 David
3645 2912 3655 2948 :
3685 2899 3787 2951 Con-

2182 2996 2380 3036 versus
2409 2997 2533 3036 sum
2578 2981 2638 3036 in
2687 2997 2949 3037 :erumna
2999 2982 3135 3037 dum
3179 2983 3491 3054 conﬁgitur
3517 2988 3688 3054 spina.
3715 2984 3785 3040 His

2183 3084 2319 3142 ergo
2351 3072 2572 3142 septem
2605 3069 2795 3125 modis
2826 3074 2881 3126 et
2912 3070 3179 3126 remissio
3211 3072 3383 3126 datur
3408 3076 3471 3128 et
3501 3078 3707 3129 aeterna:
3732 3090 3789 3129 re-

2180 3158 2519 3215 tributionis
2550 3159 2856 3232 prtemium
2886 3159 3227 3232 acquiritur'

2745 3274 2976 3332 CAPUT
3021 3275 3257 3332 XXXIV.

2641 3368 2722 3421 De
2754 3365 2983 3434 publica
3008 3366 3363 3434 pmiutentia.

2254 3471 2483 3542 (Concil.
2532 3472 2708 3527 Cabil.
2762 3489 2825 3539 ιι,
2876 3488 3000 3544 cap.
3051 3472 3164 3543 25).
3206 3473 3613 3529 Paenitentiam
3655 3487 3788 3545 agere

2174 3561 2342 3630 juxta
2357 3562 2655 3633 antiquam
2681 3577 2970 3617 canonum
2997 3560 3432 3617 institutionem
3458 3563 3517 3617 in
3539 3560 3788 3633 plerisque

2178 3647 2321 3705 locis
2365 3651 2436 3705 ab
2486 3668 2597 3705 usu
2644 3648 2900 3717 recessit,
2947 3654 3005 3705 et
3045 3665 3236 3721 neque
3281 3650 3786 3706 excommunicandi

2178 3755 2366 3811 neque
2399 3738 2807 3794 reconciliandi
2838 3737 3065 3810 antiqui
3092 3738 3272 3795 moris
3293 3740 3437 3796 ordo
3470 3738 3787 3797 servaturlil

2175 3827 2303 3883 ideo
2335 3830 2434 3900 qui
2469 3827 2699 3900 publice
2730 3834 2929 3900 peccat
2957 3827 3190 3900 publica
3212 3827 3533 3884 mulctatur
3554 3828 3786 3900 paniten-
3856 3827 3857 3891 Τ

2174 3916 2253 3971 tia
2267 3922 2322 3972 et
2335 3918 2657 3974 secundum
2672 3918 2935 3974 ordinem
2956 3934 3247 3974 canonum
3266 3933 3370 3988 pro
3383 3918 3594 3974 merito
3607 3932 3700 3972 suo
3717 3930 3785 3970 ex-

2173 4007 2639 4063 communicetur
2666 4011 2724 4062 et
2754 4006 3179 4063 reconcilietur.
3214 4006 3339 4061 Non
3388 4008 3551 4062 enim
3596 4006 3783 4061 licitum

2170 4100 2259 4149 est
2289 4096 2641 4168 presbyteris
2665 4094 2959 4167 publicam
2990 4095 3128 4150 dare
3158 4095 3683 4167 pmnitentiam,sed
3703 4110 3783 4165 pu-

2170 4182 2316 4238 blice
2346 4190 2651 4257 peccantes
2680 4187 2908 4256 oportet
2937 4188 3002 4239 ut
3035 4184 3207 4255 juxta
3237 4183 3615 4256 antiquorum
3642 4198 3783 4238 cano-

2170 4290 2314 4328 num
2342 4274 2575 4330 decreta
2621 4290 2725 4346 per
2771 4272 3101 4345 episcopale
3145 4272 3543 4330 ministerium
3586 4269 3783 4345 publica
3856 4308 3857 4319 η

2168 4367 2352 4419 Deum
2384 4363 2658 4419 studeant
2687 4362 3083 4419 satisfactione
3113 4361 3367 4434 placare.

2754 4477 2986 4534 CAPUT
3023 4477 3231 4532 XXXV.

2668 4572 2744 4623 De
2774 4567 2968 4623 usuris
3006 4575 3060 4621 et
3096 4567 3314 4637 fenore.

2169 4767 2231 4817 ut
2253 4763 2300 4818 si
2332 4764 2565 4835 quando
2591 4764 2785 4837 fruges
2802 4764 2887 4819 vel
2902 4763 3189 4835 quosdam
3209 4762 3473 4818 redditus
3501 4767 3657 4817 terra:
3671 4774 3775 4813 con-

2162 4857 2405 4925 gregant
2434 4857 2489 4908 et
2519 4852 2951 4925 protelant,non
2985 4852 3112 4908 ideo
3142 4851 3252 4906 hoc
3284 4851 3503 4907 faciant
3536 4847 3774 4904 utcarius

2161 4942 2415 4997 vendant
2443 4946 2500 4997 et
2528 4941 2835 4998 thesauros
2865 4940 3345 5015 congregent,sed
3371 4946 3436 4995 ut
3458 4934 3771 5011 pauperibus

2160 5033 2419 5102 tempore
2447 5031 2812 5087 necessitatis
2829 5029 3178 5086 subveniunt
3201 5046 3214 5093 ;
3240 5045 3343 5085 nec
3367 5029 3440 5083 ad
3458 5040 3679 5082 usuram
3692 5019 3770 5075 ali-

2160 5117 2300 5186 quid
2334 5118 2493 5186 dent,
2528 5118 2806 5189 quoniam
2841 5118 2909 5175 ab
2946 5118 3071 5191 ipso
3103 5116 3348 5173 Domino
3381 5115 3443 5171 in
3462 5115 3582 5186 lege
3611 5106 3765 5167 omni-

2158 5204 2269 5261 bus
2297 5204 2672 5262 interdictum
2707 5210 2796 5262 est
2826 5207 2897 5261 ad
2922 5223 3163 5262 usuram
3195 5204 3417 5278 aliquid
3465 5203 3613 5257 dare.
3644 5196 3761 5272 (Lib.

2160 5295 2558 5367 [Capitularq
2609 5313 2736 5369 cap.
2791 5295 2912 5367 119,
2964 5296 3087 5364 124,
3141 5294 3284 5367 125.)
3336 5293 3526 5349 Usura
3567 5292 3645 5346 est
3682 5281 3760 5340 ubi

2156 5382 2411 5454 amplius
2441 5384 2760 5455 requiritur
2791 5401 2968 5456 quam
2999 5382 3374 5440 datur.Verbi
3406 5376 3654 5455 gratia,si
3678 5373 3756 5467 de:

2155 5470 2310 5526 deris
2343 5470 2560 5529 solidos
2591 5473 2790 5528 decem
2818 5477 2874 5528 et
2924 5472 3176 5546 amplius
3226 5469 3581 5544 requisieris,
3620 5461 3692 5521 vel
3715 5461 3752 5515 si

2152 5558 2383 5614 dederis
2414 5560 2640 5615 modios
2687 5560 2965 5616 frumenti
2996 5565 3096 5616 aut
3124 5560 3264 5629 vini,
3289 5564 3346 5615 et
3375 5561 3582 5614 iterum
3614 5564 3753 5623 Super

2153 5644 2375 5718 aliquid
2405 5664 2756 5722 quacunque
2786 5650 3089 5705 occasione
3120 5647 3208 5704 vel
3242 5659 3586 5720 quocunque
3615 5636 3749 5697 modo

2151 5735 2787 5811 exegeris.Quicnnque
2816 5738 2971 5794 enim
3002 5742 3260 5812 tempore
3288 5734 3496 5793 messis
3528 5729 3609 5789 vel
3634 5734 3746 5785 tem'

3854 476 3858 713 τ

2085 4689 2133 4754 D
2236 4676 2473 4747 Oportet
2505 4676 2832 4732 sacerdotes
2863 4678 2919 4775 et
2947 4691 3149 4775 omnes
3178 4673 3237 4729 in
3268 4690 3582 4775 commune
3615 4668 3775 4726 ﬁdeles
