3894 6204
121 356 218 420 721

1589 347 2002 413 CAPITULA.

3378 350 3496 416 722

116 504 241 567 pore
270 478 587 551 vindemim,
620 496 735 537 non
770 477 1134 549 necessitate,
1167 479 1267 538 sed
1298 483 1536 555 propter
1564 480 1732 555 cupi-
1763 481 1817 549 Α
1843 478 2154 538 fectionem
2185 478 2420 557 plenam
2443 483 2835 557 consequatur
2858 484 2987 540 acta
3018 478 3284 557 legitima
3311 485 3497 559 poeni-

26 612 29 639 ;
118 581 356 641 ditatem,
390 575 689 644 comparat
718 588 1013 627 annonam
1071 575 1171 627 aut
1202 571 1424 640 vinum,
1458 575 1516 628 et
1545 574 1735 628 servat

26 700 29 717 .
117 682 285 740 usque
314 662 447 717 dum
481 659 675 715 carius
704 660 1038 716 venundare
1067 659 1272 733 possit,
1304 659 1414 715 hoc
1444 665 1614 732 turpe
1643 658 1735 716 lu-

114 772 260 816 crum
289 768 411 809 esse
439 749 911 806 dicimus.Fenus
934 752 1130 805 autem
1147 753 1372 805 exercet
1388 748 1489 821 qui
1511 747 1732 820 aliquid

26 880 28 885 ›
115 845 348 921 praestat.
379 840 524 895 Nam
549 840 782 910 justum
832 838 1001 894 fenus
1046 841 1135 894 est
1183 838 1283 910 qui
1332 837 1585 909 amplius
1616 854 1730 893 non

113 930 331 1006 requirit
359 927 472 983 nisi
503 931 793 1000 quantum
826 930 1084 1000 praestat.

652 1060 884 1117 CAPUT
922 1059 1159 1115 XXXVI.

427 1152 502 1208 De
526 1152 773 1224 perjurio
803 1158 854 1207 et
878 1152 1021 1222 falso
1051 1151 1378 1206 testimonio.

167 1258 502 1332 (Capitulare
533 1255 824 1326 Theodulﬁ,
858 1271 983 1327 cap.
1016 1255 1105 1321 26,
1151 1254 1261 1326 27).
1288 1252 1727 1308 Pracdicandum

106 1357 182 1409 est
208 1354 268 1405 ut
295 1345 586 1420 pejurium
618 1342 821 1400 ﬁdeles
870 1347 1111 1399 caveant
1139 1347 1195 1397 et
1223 1343 1295 1398 ab
1326 1342 1435 1398 hoc
1466 1358 1728 1398 summo-

103 1457 225 1515 pere
252 1436 604 1502 abstineant,
639 1434 891 1489 scientes
922 1433 1031 1488 hoc
1062 1433 1282 1505 grande
1312 1430 1501 1488 scelus
1523 1447 1650 1491 esse
1671 1434 1728 1486 et

100 1532 150 1586 in
179 1529 296 1600 lege
323 1530 381 1580 et
410 1523 712 1597 prophetis
743 1523 860 1578 sive
891 1521 1186 1594 evangelio
1211 1520 1722 1592 prohibitum.Au-

100 1617 334 1673 divimus
365 1613 523 1669 enim
556 1612 841 1685 quosdam
890 1611 1050 1683 parvi
1101 1611 1354 1682 pendere
1394 1610 1502 1665 hoc
1533 1609 1724 1665 scelus

99 1713 148 1763 ct
173 1706 345 1762 levem
357 1702 614 1775 quodam
636 1701 807 1757 modo
832 1700 1087 1773 perjuris
1108 1699 1456 1772 paenitentia:
1475 1699 1721 1755 modum

97 1791 511 1867 imponere.Qui
531 1807 701 1846 nosse
717 1790 933 1844 debent
953 1788 1127 1844 talem
1155 1789 1226 1844 de
1258 1787 1514 1860 perjurio
1536 1788 1717 1860 poeni-

94 1854 319 1942 teritiam
345 1854 646 1953 imponere
668 1879 879 1934 debere
904 1876 1136 1950 qualem
1159 1881 1217 1932 et
1244 1854 1315 1932 de
1339 1854 1722 1943 adulterio,de
1751 1854 1799 1919 Β

94 1971 479 2037 fornicatione,
512 1970 584 2025 de
611 1967 1016 2034 homicidio,et
1045 1967 1116 2022 de
1147 1966 1372 2021 caeteris
1404 1965 1721 2020 criminali-

93 2065 190 2119 bus
217 2060 410 2116 vitiis:
446 2057 726 2131 quoniam
758 2056 818 2111 in
877 2055 1003 2129 lege
1052 2054 1297 2111 Domino
1350 2054 1721 2127 praecipiente

91 2152 391 2207 habemus:
428 2151 554 2203 Non
568 2145 883 2223 perjurabis
932 2147 992 2200 in
1042 2146 1265 2201 nomine
1309 2159 1446 2212 meo,
1477 2160 1575 2198 nec
1598 2144 1721 2215 pot-

93 2243 192 2296 lnes
215 2254 408 2295 nomen
443 2238 543 2292 Dei
589 2237 691 2300 tui,
751 2243 804 2290 et
854 2251 923 2290 ne
979 2250 1217 2290 assumes
1269 2248 1463 2288 nomen
1502 2234 1723 2309 meini

92 2332 177 2386 Dei
203 2331 282 2385 tui
321 2330 378 2383 in
440 2343 668 2382 menum.
715 2324 1037 2379 Dicendum
1085 2327 1174 2379 est
1229 2322 1404 2377 etiam
1455 2321 1539 2376 eis
1585 2325 1721 2376 uta

92 2420 221 2476 falso
271 2414 611 2473 testimonio
669 2430 731 2469 se
788 2412 1140 2478 abstineant,
1195 2411 1444 2466 scientes
1501 2414 1557 2465 et
1612 2409 1720 2464 hoe

90 2507 488 2582 gravissimum
503 2502 694 2560 scelus
709 2519 838 2559 esse
865 2505 921 2558 et
937 2502 1009 2557 ab
1037 2501 1165 2573 ipso
1187 2499 1432 2555 Domino
1451 2498 1508 2552 in
1524 2503 1721 2553 monte

90 2597 232 2652 Sinai
283 2592 672 2668 prohibitum,
734 2591 960 2646 dicente
1019 2589 1223 2645 eodem
1276 2588 1562 2644 Domino:
1603 2590 1722 2644 Non

86 2681 912 2757 falsumtestimoniumdimeris,
947 2677 1065 2734 sive
1098 2679 1249 2733 testis
1277 2677 1448 2748 falsus
1478 2692 1589 2731 non
1618 2679 1723 2732 erit

90 2771 635 2847 impunitus.Sciatse
667 2769 841 2825 etiam
872 2767 1144 2840 quisquis
1166 2766 1276 2822 hoc
1307 2766 1723 2838 perpetravcrit

84 2864 171 2920 tali
186 2860 529 2936 poenitentia
543 2858 915 2933 purgandum
938 2861 1001 2911 ut
1018 2854 1289 2927 superius
1313 2853 1533 2909 dictum
1551 2855 1721 2910 estde

86 2952 342 3025 perjurio.
376 2949 825 3019 Dicendumquc
854 2949 944 3002 est
970 2944 1089 3000 illis
1128 2944 1284 3015 quod
1317 2960 1573 3010 summa,
1602 2959 1719 2998 non

82 3042 256 3097 dicam
288 3038 568 3105 stultitia,
583 3037 683 3093 sed
716 3033 982 3107 nequitia
1012 3038 1100 3089 est
1122 3048 1225 3105 pro
1258 3030 1718 3103 cupiditateauri

82 3134 130 3185 et
156 3128 510 3203 argenti,aut
535 3125 1014 3182 vestimentorum
1022 3126 1151 3194 ,aut
1179 3119 1723 3193 cujuslibetrei,aut

81 3218 222 3292 quod
250 3216 607 3274 creberrime
637 3213 969 3287 contingere
1001 3210 1168 3278 solet,
1204 3212 1440 3282 propter
1470 3207 1714 3264 ebrieta-
1748 3220 1792 3287 α

81 3312 207 3373 tem,
237 3306 295 3361 in
326 3310 453 3361 tam
486 3303 707 3377 grande
739 3301 929 3357 scelus
961 3302 1332 3366 corruerc,ut
1364 3301 1464 3352 aut
1493 3300 1717 3369 septem

82 3396 239 3450 annis
267 3394 327 3449 in
362 3396 529 3449 arcta
557 3406 820 3446 aerumna
848 3390 945 3456 sit,
980 3393 1080 3444 aut
1129 3389 1200 3466 ab
1234 3386 1492 3442 Ecclesia
1522 3386 1601 3441 sit
1630 3403 1722 3441 re-

82 3483 297 3555 pulsus,
328 3483 563 3538 dicente
593 3479 842 3536 Domino
872 3497 885 3534 :
913 3477 1054 3547 Quid
1079 3477 1299 3549 prodest
1325 3476 1615 3540 homini,si
1634 3475 1719 3530 lu-

78 3581 243 3628 cretur
271 3579 447 3629 totum
482 3569 772 3634 mundum,
823 3575 873 3623 et
914 3569 1123 3623 animae
1168 3580 1288 3622 suae
1334 3564 1723 3619 detrimentum

76 3664 247 3732 faciat.
276 3661 509 3732 Quippe
548 3674 682 3714 cum
714 3656 845 3712 aliis
875 3655 1141 3711 videatur
1172 3653 1307 3726 pius
1336 3652 1605 3717 existere,
1638 3651 1720 3707 si-

80 3750 242 3806 bimet
269 3748 537 3805 crudelis
559 3747 787 3802 existat.
813 3744 872 3801 Si
905 3744 1037 3817 quis
1066 3760 1199 3799 vero
1226 3746 1560 3815 perpetrato
1591 3756 1720 3813 per-

69 3838 232 3909 jurio,
259 3842 364 3894 aut
398 3836 550 3892 falso
580 3832 935 3900 testimonio,
969 3831 1059 3888 vel
1118 3831 1380 3904 quolibet
1428 3828 1721 3885 criminali

75 3927 548 3998 peccato,timens
595 3923 949 3997 poenitentiae
978 3921 1213 3993 longam
1273 3934 1621 3981 aerumnam,
1649 3918 1719 3972 ad

74 4016 496 4073 confessionem
526 4012 721 4070 venire
744 4011 1016 4078 noluerit,
1049 4010 1122 4066 ab
1154 4006 1415 4064 Ecclesia
1442 4004 1723 4077 repellen-

73 4104 171 4160 dus
198 4110 309 4172 est,
343 4105 471 4161 sive
502 4121 538 4159 a
567 4102 984 4158 communione
1021 4104 1077 4155 et
1108 4096 1402 4154 consortio
1434 4093 1717 4160 ﬁdelium,

71 4197 127 4248 ut
155 4193 353 4250 nullus
378 4209 520 4248 cum
553 4209 619 4249 eo
651 4190 1141 4260 comedat,ncque
1173 4185 1551 4255 bibat,neque
1574 4186 1718 4252 oret,

72 4299 248 4355 neque
278 4283 340 4338 in
373 4299 490 4339 sua
523 4283 695 4337 domo
728 4296 862 4336 eum
896 4277 1156 4349 recipiat.

623 4414 854 4471 CAPUT
893 4411 1157 4468 XXXVII.

447 4508 524 4561 De
549 4505 820 4577 perjurio,
852 4504 1005 4574 furto
1034 4507 1088 4555 et
1114 4499 1337 4570 rapina.

130 4613 487 4684 Quicunque
520 4610 711 4668 sciens
741 4602 1527 4686 perjuriumpcrpctraverit,
1552 4601 1725 4658 annis
1760 4585 1803 4651 Ι)
1832 4589 2068 4664 explere.

71 4706 284 4773 septem
319 4717 386 4757 se
420 4698 779 4773 pcenitcntias
824 4696 1059 4762 subdat,
1106 4698 1163 4749 et
1210 4693 1293 4748 ita
1349 4691 1624 4763 deinceps
1653 4691 1725 4747 ad

66 4790 548 4846 communionem
581 4790 918 4843 revertatur.
953 4782 1061 4848 Qui
1110 4799 1244 4837 vero
1277 4780 1595 4854 cupiditate
1627 4797 1723 4835 ca-

67 4884 195 4950 ptus
221 4879 458 4934 furtum
495 4876 716 4943 fecerit,
749 4874 909 4947 quod
939 4870 1250 4929 abstulerit
1279 4870 1503 4935 reddat,
1537 4873 1593 4923 et
1622 4886 1726 4923 an-

66 4967 149 5022 nis
180 4967 457 5039 quinque
485 4963 889 5037 pcenitentiam
917 4964 1071 5034 agat.
1095 4958 1378 5015 Similiter
1407 4961 1465 5013 et
1495 4957 1594 5028 qui
1625 4972 1729 5028 per

68 5057 327 5128 rapinam
363 5054 617 5111 alterius
640 5070 731 5108 res
762 5051 981 5123 injuste
1002 5047 1327 5113 abstulcrit,
1348 5050 1407 5101 et
1435 5046 1545 5100 hoc
1571 5045 1727 5116 quod

65 5144 113 5197 vi
142 5144 347 5200 illicite
393 5142 646 5200 extorsit
697 5144 1003 5206 restauret,
1037 5142 1095 5193 et
1152 5136 1394 5191 totidem
1440 5133 1630 5200 annis,
1665 5133 1725 5188 id

68 5236 148 5287 est
178 5233 479 5304 quinque,
515 5235 740 5286 reatum
765 5246 942 5285 suum
992 5223 1345 5299 paenitentiae
1369 5221 1613 5294 jejuniis
1639 5222 1727 5277 di—

66 5318 198 5376 luat.
233 5321 297 5376 Si
330 5324 545 5376 autem
578 5318 764 5375 nescit
793 5317 888 5373 cui
919 5317 1203 5372 damnum
1234 5311 1453 5380 intulit,
1480 5315 1581 5366 aut
1612 5329 1729 5366 non

64 5409 208 5465 valet
249 5410 513 5465 reddere
560 5408 714 5479 quod
760 5405 1042 5461 violenter
1090 5401 1410 5472 subrepsit,
1444 5400 1728 5472 asperiori

65 5498 423 5569 pmnitentim
456 5514 525 5552 se
556 5497 864 5552 submittat
895 5498 951 5549 et
981 5496 1112 5564 post
1141 5495 1363 5562 septem
1397 5506 1583 5545 anuos
1601 5506 1727 5561 per-

131 5644 208 5712 (a)
238 5641 393 5697 Vide
429 5642 607 5695 notas
637 5638 705 5693 ad
740 5635 1060 5709 Capitular.
1096 5634 1251 5689 1038.

1845 571 2047 626 tentia.

2384 662 2612 719 CAPUT
2653 662 2945 719 XXXVIII.

2204 753 2278 808 De
2306 752 2774 809 observationibus
2794 754 3124 810 vanitatum.

1915 840 1990 912 (a)
2022 840 2364 914 Quicunque
2396 841 2658 898 ﬁdelium
2690 841 2937 915 auguria
2977 846 3035 898 et
3081 842 3346 916 auspicia
3372 844 3492 902 sive

1843 930 2071 985 somnia
2096 929 2183 986 vel
2216 930 2605 986 divinationes
2655 930 2950 1003 quaslibet
2996 947 3156 987 more
3181 931 3489 1005 gentilium

1840 1016 2292 1083 observaverint,
2327 1019 2446 1075 sive
2500 1024 2684 1075 sortes
2744 1036 2889 1092 quas
2938 1020 3304 1076 mentiuntur
3338 1038 3488 1083 esse

1840 1111 2201 1175 sanctorum,
2235 1125 2364 1181 quae
2393 1107 2586 1163 clerici
2630 1107 2719 1164 vel
2751 1107 2881 1164 laici
2912 1108 3119 1165 detecti
3150 1108 3369 1165 fuerint
3395 1109 3486 1167 vel

1840 1196 2142 1252 consulere
2170 1196 2258 1252 vel
2290 1197 2626 1265 docerc,aut
2655 1196 2715 1251 in
2738 1197 2942 1253 domos
2974 1214 3112 1253 suas
3144 1197 3484 1271 hujusmodi

1837 1283 2106 1340 homines
2133 1285 2562 1341 introduxerint
2585 1285 2923 1357 exquirendi
2938 1284 3158 1358 aliquid
3172 1291 3295 1343 arte
3311 1287 3485 1345 male-

1838 1372 1968 1443 ﬁca,
2002 1378 2103 1428 aut
2132 1375 2338 1429 domos
2369 1391 2506 1429 suas
2536 1371 3014 1439 lustraverint,ab
3046 1374 3288 1430 ecclesia
3310 1377 3483 1448 quin-

1837 1461 2093 1532 quennio
2113 1462 2441 1518 habeantur
2452 1462 2707 1518 extranei
2731 1461 3127 1534 pocnitentiam
3149 1468 3387 1536 agentes
3399 1481 3486 1521 se-

1837 1551 2096 1606 cundum
2128 1552 2403 1624 antiquas
2436 1550 2667 1625 regulas
2690 1551 3057 1607 constitutas.
3082 1552 3207 1607 Non
3229 1553 3385 1608 enim
3413 1552 3483 1608 li-

1834 1643 1923 1695 cet
1950 1639 2301 1696 Christianis
2343 1640 2690 1696 traditiones
2720 1639 3027 1713 gentilium
3060 1641 3368 1698 observarc
3395 1641 3484 1697 vel

1833 1728 2018 1785 colere
2051 1729 2463 1796 elementa,aut
2496 1729 2796 1797 lunas,aut
2819 1728 3121 1785 stellarum
3146 1734 3485 1796 cursus,aut

1838 1817 2074 1873 inanem
2106 1818 2407 1891 signorum
2443 1818 2753 1883 fallaciam,
2779 1834 2882 1889 pro
2914 1818 3085 1873 domo
3118 1818 3480 1876 faciendavel

1833 1911 2027 1979 segete
2058 1907 2145 1962 vel
2176 1907 2487 1963 arboribus
2500 1905 2935 1980 plantandisvel
2949 1905 3236 1979 conjugiis
3253 1907 3480 1963 socian-

1832 1993 1942 2052 dis.
1977 1995 2269 2068 Scriptum
2303 2001 2391 2051 cst
2419 1995 2610 2051 enim:
2647 1995 2841 2050 Omnia
2893 2010 3232 2067 quaecunque
3272 1997 3479 2066 facitis,

1833 2085 1890 2139 in
1914 2087 2141 2140 nomine
2171 2087 2395 2141 Domini
2417 2086 2602 2157 facite.
2636 2085 2749 2139 Nec
2780 2083 2913 2138 licet
2941 2084 3002 2138 in
3041 2081 3481 2141 collectionibus

1838 2173 2152 2229 herbarum
2187 2172 2414 2245 aliquas
2453 2172 2886 2229 observationes
2939 2170 3025 2227 vel
3054 2170 3482 2229 incantationes

1837 2263 2157 2328 attendere,
2190 2262 2302 2317 nisi
2339 2266 2566 2316 tantum
2599 2278 2732 2317 cum
2764 2259 3027 2333 symbolo
3058 2259 3252 2316 divino
3284 2264 3342 2316 et
3361 2277 3484 2316 ora-

1835 2350 1991 2406 tione
2023 2351 2346 2406 Dominica.
2381 2349 2663 2405 Similiter
2681 2366 2787 2405 nec
2818 2348 3177 2405 Christianas
3208 2348 3483 2406 mulieres

1832 2439 1969 2495 licet
1991 2440 2304 2496 vanitatem
2332 2441 2389 2494 in
2409 2437 2817 2496 suislaniﬁciis
2841 2437 3276 2505 observare,scd
3301 2439 3481 2493 Deum

1832 2528 2100 2584 invocent
2130 2527 2705 2599 adjutorcm,qui.eis
2737 2526 3088 2598 sapientiam
3122 2526 3349 2581 texendi
3384 2526 3481 2583 do-

1832 2617 1990 2673 navit
2024 2621 2086 2672 ut
2117 2617 2175 2672 in
2208 2617 2483 2673 omnibus
2512 2615 2950 2671 honoriﬁcetur.

2398 2723 2628 2779 CAPUT
2669 2721 2907 2777 XXXIX.

1828 2819 1907 2870 De
1932 2813 2240 2870 homicidiis
2252 2820 2436 2885 sponte
2455 2813 2758 2867 commissis
2769 2817 2819 2865 et
2830 2826 2939 2865 non
2960 2811 3476 2881 spontecommissis.

1901 2902 1981 2958 De
2010 2901 2105 2957 his
2136 2902 2236 2974 qui
2270 2899 2597 2956 voluntarie
2618 2897 3005 2954 homicidium
3038 2897 3263 2953 faciunt
3284 2898 3479 2971 gravis

1830 2991 2120 3048 sententia
2148 2990 2207 3045 in
2236 2988 2556 3061 Scripturis
2585 2986 2768 3044 sacris
2790 2986 3132 3051 est,diccntc
3158 2985 3434 3058 Apostolo
3458 3004 3474 3043 :

1829 3081 1939 3150 Qui
1966 3080 2225 3152 templum
2256 3080 2362 3135 Dei
2415 3077 2722 3142 violaverit,
2771 3073 3043 3146 disperdet
3096 3074 3260 3129 illum
3299 3079 3473 3131 Deus.

1834 3170 2110 3241 Templum
2137 3171 2285 3224 enim
2312 3169 2413 3223 Dei
2454 3173 2703 3221 sanctum
2732 3170 2808 3219 est
2842 3161 2985 3234 quod
3029 3164 3157 3218 estis
3188 3178 3299 3218 vos.
3333 3161 3474 3228 Qui-

1827 3274 2060 3330 cunque
2091 3274 2227 3330 ergo
2258 3254 2581 3312 voluntarie
2624 3251 3011 3308 homicidium
3043 3248 3336 3316 fccerit,ab
3367 3251 3472 3306 Ec-

1830 3347 2005 3403 clesia
2033 3346 2133 3402 Dei
2164 3350 2254 3401 est
2283 3343 2653 3423 repellendus
2681 3344 2739 3397 et
2796 3357 2829 3395 a
2881 3338 3173 3395 consortio
3211 3337 3473 3395 ﬁdelium

1830 3435 2291 3507 sequestrandus
2309 3434 2479 3505 juxta
2495 3446 2785 3486 canonum
2805 3425 3203 3495 instituta,ubi
3232 3426 3316 3482 ita
3327 3425 3474 3483 scri-

1830 3529 1995 3597 ptum
2029 3523 2354 3595 reperitur:
2387 3522 2498 3591 Qui
2526 3519 2835 3575 voluntarie
2881 3515 3239 3571 homicidium
3263 3515 3474 3585 fecerit,

1825 3614 2164 3683 ptenitentiae
2193 3610 2410 3683 quidem
2433 3609 2641 3680 jugitcr
2666 3622 2724 3661 se
2751 3604 3058 3672 submittat,
3094 3603 3481 3676 perfectionem

1830 3717 1954 3757 vero
1977 3703 2124 3756 circa
2151 3702 2363 3756 exitum
2390 3700 2524 3753 vitae
2552 3701 2931 3766 consequatur.
2954 3693 3024 3747 Et
3053 3692 3193 3746 item
3220 3706 3233 3745 :
3266 3690 3331 3747 Si
3356 3692 3481 3763 quis

1828 3791 2138 3846 voluntarie
2172 3787 2529 3845 homicidium
2586 3785 2794 3856 fecerit,
2828 3782 2898 3837 ad
2932 3782 3172 3852 januam
3222 3779 3483 3837 Ecclesia?

1828 3880 2112 3935 catholica:
2138 3893 2349 3949 semper
2386 3876 2588 3946 jaceat,
2623 3880 2673 3927 et
2723 3872 3166 3925 communionem
3210 3869 3271 3923 in
3325 3870 3481 3924 exitu

1828 3970 1961 4024 vitae
1987 3983 2105 4023 suae
2136 3967 2381 4036 recipiat.
2410 3962 2473 4019 Si
2511 3970 2695 4015 autem
2738 3975 2851 4013 non
2899 3958 3196 4028 voluntate,
3227 3956 3319 4011 sed
3345 3972 3480 4012 casu

1829 4056 2036 4127 aliquo,
2070 4053 2428 4109 homicidium
2453 4050 2623 4122 fuerit
2642 4050 2868 4117 factum,
2888 4047 3046 4115 prior
3073 4058 3251 4099 canon
3278 4050 3481 4114 septem

1829 4145 1994 4199 annis
2025 4144 2121 4211 agi
2144 4141 2523 4212 paenitentiam
2561 4137 2746 4207 jussit,
2781 4132 3049 4188 secundus
3105 4147 3274 4186 canon
3306 4132 3476 4203 quin-

1831 4247 1932 4304 que
1958 4230 2256 4286 mandavit.
2319 4228 2386 4282 Et
2437 4224 2620 4281 alibi:
2682 4222 2865 4294 (Cone.
2925 4221 3148 4292 Ancyr.,
3199 4222 3292 4286 22,
3344 4219 3476 4288 23):

1831 4321 1904 4376 De
1932 4318 2247 4375 homicidiis
2286 4333 2396 4371 non
2450 4319 2635 4386 sponte
2690 4310 3017 4376 commissis,
3038 4309 3194 4380 prior
3249 4309 3479 4380 quidem

1831 4409 2074 4481 deﬁnitio
2101 4415 2221 4479 post
2263 4412 2461 4476 septem
2505 4417 2677 4457 annos
2720 4398 3065 4471 paenitentia
3087 4397 3479 4470 perfectionem

1832 4499 2087 4569 consequi
2109 4496 2389 4569 prwcepit.
2423 4489 2670 4548 Secunda
2698 4504 2822 4543 vero
2870 4486 3241 4558 quinquennii
3268 4494 3477 4557 tempus

2465 4668 2694 4726 CAPUT
2734 4668 2843 4721 XL.

1885 4785 1961 4838 De
1991 4780 2340 4837 homicidiis
2368 4777 2609 4833 diversis
2625 4772 3018 4830 occasionibus
3047 4765 3421 4839 perpetratis.

1907 4871 1968 4929 Si
1998 4870 2131 4944 quis
2162 4884 2396 4925 servum
2424 4860 2887 4937 proprium.licet
2910 4855 3257 4914 criminibus
3277 4853 3479 4910 multis

1836 4942 2245 5034 approbatum,
2278 4957 2407 5013 sine
2433 4952 2791 5009 conscientia
2810 4947 3032 5019 judicis
3061 4942 3357 5011 occiderit,
3379 4958 3480 4998 ex-

1836 5046 2364 5108 communicatione
2382 5042 2470 5098 vel
2492 5038 2833 5114 poenitentia
2856 5034 3076 5092 biennii
3095 5035 3321 5087 reatum
3343 5047 3480 5086 san-

1835 5141 2032 5216 guinis
2064 5136 2414 5195 emcndabit.
2449 5132 2508 5188 Si
2546 5147 2679 5185 vero
2711 5127 2950 5184 domina
3004 5125 3197 5178 furore
3240 5120 3348 5177 zeli
3378 5137 3481 5216 ac-

1838 5208 2012 5288 censa
2041 5226 2286 5299 ﬂagellis
2305 5219 2692 5278 verberaverit
2721 5215 2996 5272 ancillam
3013 5210 3293 5279 suam,ita
3314 5213 3379 5264 ut
3398 5208 3483 5264 in-

1839 5322 1927 5375 fra
1954 5319 2109 5373 diem
2126 5297 2375 5370 tertium
2394 5310 2649 5365 animam
2674 5304 2935 5361 cruciatu
2957 5299 3303 5367 cﬁ'undat,et
3323 5297 3480 5368 quod

1840 5410 2127 5463 incertum
2161 5403 2239 5458 sit
2267 5400 2559 5456 voluntate
2591 5412 2692 5467 per
2721 5397 2944 5465 septem
2966 5388 3229 5457 annos,si
3249 5387 3309 5443 in
3339 5403 3481 5443 casu

1841 5494 2137 5560 occiderit,
2170 5508 2272 5563 per
2301 5483 2687 5560 quinquennii
2712 5488 2978 5554 tempora
3008 5497 3043 5534 a
3070 5475 3483 5535 communione
