3894 6204
397 330 514 410 723

1194 349 1541 413 RODULFI
1584 345 2135 411 BITURICENSIS
2177 343 2531 409 EPISCOPI
2577 345 2990 410 CAPITULA.

3662 349 3756 411 725

396 479 618 554 placuit
645 480 949 538 abstineri.
981 481 1143 547 Quod
1174 481 1221 539 si
1254 481 1407 537 infra
1434 486 1697 555 tempora
1725 481 2042 537 constituta
2069 477 2127 546 Α
2155 484 2523 535 sacramenta
2552 478 2899 552 percipiant.
2932 479 3094 546 Quod
3130 477 3177 535 si
3211 496 3416 535 uxores
3436 478 3701 537 habentes
3714 489 3757 539 et

397 569 571 625 fuerit
610 570 927 638 inﬁrmata,
982 570 1230 643 accipiat
1286 570 1783 627 communionem.
1816 569 2041 626 Placuit

398 658 573 714 etiam
606 663 672 714 ut
700 658 761 714 hi
796 657 898 731 qui
929 658 1041 714 sibi
1074 659 1219 731 ipsis
1248 664 1348 715 aut
1379 676 1481 731 per
1535 660 1777 725 ferrum,
1811 664 1911 715 aut
1940 676 2043 731 per

398 751 816 814 venenum,aut
845 762 949 820 per
976 747 1493 820 praecipitium,aut
1507 764 1608 818 per
1633 746 2038 819 suspendium,

399 837 489 894 vel
510 835 772 909 quolibet
801 835 974 891 modo
1004 836 1286 892 violenter
1316 837 1574 892 inferunt
1604 835 2044 904 mortem,nulla

401 925 521 981 illis
553 925 612 979 in
638 924 932 980 oblatione
981 924 1456 981 commemoraiio
1513 925 1637 992 ﬁat,
1688 941 1875 997 neque
1907 941 2039 980 cum

401 1013 647 1089 psalmis
677 1014 749 1071 ad
762 1012 1126 1085 sepulturam
1140 1030 1341 1070 eorum
1364 1014 1644 1069 cadavera
1656 1014 2040 1069 deducantur.

402 1102 687 1162 Similiter
713 1106 771 1158 et
799 1103 870 1159 de
899 1102 992 1158 his
1024 1101 1241 1175 placuit
1289 1101 1389 1174 qui
1435 1119 1537 1175 pro
1569 1102 1695 1158 suis
1725 1101 2044 1158 sceleribus

402 1192 747 1266 puniuntur.

1024 1298 1255 1355 CAPUT
1293 1298 1432 1353 XLI.

405 1394 485 1446 De
508 1389 745 1463 feminis
771 1404 905 1463 qua
919 1397 1130 1463 partus
1155 1404 1287 1463 suos
1312 1392 1542 1463 necant.
1577 1396 1631 1442 et
1662 1404 1790 1443 cum
1821 1388 2047 1444 duobus

865 1460 1157 1534 fratribus
1184 1459 1582 1534 fomicantur.

477 1551 674 1622 (Cone.
716 1555 951 1621 .lncyr.,
985 1565 1112 1621 cap.
1143 1548 1257 1619 21.)
1289 1547 1349 1604 Si
1396 1565 1512 1620 qua
1556 1546 1768 1603 mulier
1798 1548 2047 1604 fornica-

403 1640 572 1707 verit,
604 1643 661 1695 et
690 1638 972 1694 infantem
1004 1636 1105 1709 qui
1134 1636 1341 1693 exinde
1359 1642 1531 1692 natus
1556 1636 1730 1692 fuerit
1750 1636 2044 1703 occiderit,

407 1734 465 1786 et
495 1745 620 1801 quae
650 1726 941 1783 studuerit
974 1727 1244 1782 abortum
1272 1726 1458 1781 facere
1480 1728 1531 1781 ei
1557 1727 1711 1798 quod
1735 1730 1824 1782 est
1851 1742 2049 1781 conce-

406 1822 573 1890 ptum
604 1832 831 1883 necare,
863 1819 964 1871 aut
992 1820 1145 1871 certe
1174 1819 1236 1871 ut
1290 1831 1404 1870 non
1453 1814 1742 1886 concipiat
1765 1814 2044 1884 elaborat,
2084 1850 2130 1915 Β
2160 1818 2424 1886 tempora
2453 1830 2579 1885 quae
2609 1813 2863 1885 episcopi
2895 1814 3135 1871 arbitrio
3165 1814 3582 1886 paenitentibus
3602 1832 3767 1873 secun-

406 1906 525 1963 sive
555 1923 624 1962 ex
652 1904 957 1972 adulterio,
987 1904 1107 1961 sive
1135 1920 1203 1959 ex
1232 1903 1492 1976 legitimo
1524 1903 1917 1972 matrimonio,
1943 1904 2050 1960 has

406 1995 552 2052 tales
582 1993 859 2050 mulieres
876 1992 935 2048 in
960 1996 1144 2049 morte
1162 2010 1278 2048 non
1302 1992 1556 2065 recipere
1576 1992 2051 2049 communionem

407 2084 628 2157 priores
660 2099 911 2138 canones
942 2082 1341 2138 decreverunt.
1376 2081 1495 2136 Nos
1518 2084 1714 2136 tamen
1748 2098 1851 2153 pro
1885 2080 2054 2138 mise-

408 2173 658 2229 ricordia
688 2170 808 2227 sive
837 2169 984 2227 tales
1017 2170 1135 2226 sive
1155 2169 1420 2227 conscias
1443 2169 1702 2241 ipsarum
1735 2171 1936 2227 decem
1959 2189 2054 2227 an-

410 2280 517 2319 nos
547 2277 717 2334 agere
749 2258 1149 2334 paenitentiam
1172 2257 1593 2330 judicavimus.
1622 2259 1691 2313 Et
1711 2258 1761 2314 si
1792 2276 1909 2331 qua
1931 2278 2056 2316 mu-

409 2352 520 2407 lier
549 2351 698 2406 duos
729 2350 957 2415 fratres,
991 2352 1092 2417 aut
1121 2347 1170 2402 si
1201 2346 1336 2419 quis
1382 2347 1470 2402 vir
1493 2347 1641 2403 duas
1693 2364 1920 2403 sorores
1951 2348 2053 2404 ha-

418 2438 630 2509 buerit,
663 2456 698 2494 a
728 2437 1139 2493 communione
1163 2453 1225 2492 se
1254 2435 1587 2491 abstineant
1608 2453 1794 2508 usque
1814 2437 1886 2492 ad
1910 2454 2059 2493 mor-

416 2533 557 2596 tem,
590 2528 651 2582 in
683 2530 869 2582 morte
900 2530 1095 2581 autem
1124 2525 1207 2581 eis
1236 2525 1571 2580 communio
1603 2542 1706 2597 pro
1739 2524 2061 2582 misericor-

417 2616 514 2673 dia
542 2617 731 2672 detur.
764 2614 821 2669 Si
846 2631 979 2670 vero
1011 2604 1433 2685 supervixerint
1462 2613 1875 2669 communione
1901 2632 2057 2671 acce-

416 2710 536 2778 pta,
569 2709 627 2760 et
647 2705 716 2759 de
763 2701 1103 2757 inﬁrmitate
1155 2700 1576 2768 convaluerint,
1605 2706 1783 2773 agant
1820 2701 2055 2774 plenam

412 2792 816 2866 paenitentiam
848 2796 1106 2862 tempore
1132 2790 1471 2859 constituto,
1504 2793 1560 2846 et
1588 2789 1698 2846 hoc
1729 2792 2055 2848 secundum

411 2881 715 2953 antiquam
747 2878 1499 2935 deﬁnitionem.Humanius
1520 2882 1714 2935 autem
1734 2895 1891 2934 nunc
1913 2880 2056 2935 deﬁ-

412 2970 609 3025 nimus
641 2973 706 3024 ut
733 2968 818 3024 eis
847 2968 1047 3023 decem
1079 2983 1370 3023 annorum
1420 2972 1656 3039 tempus
1704 2967 2054 3038 paenitentiae

410 3058 723 3124 tribuatur,
752 3057 834 3111 ita
858 3060 1052 3112 tamen
1075 3055 1311 3111 utomni
1336 3059 1596 3127 tempore
1624 3056 1753 3111 vitae
1775 3072 1892 3112 suae
1915 3058 2057 3113 fleti-

413 3145 527 3201 bus
555 3149 614 3200 et
640 3141 961 3199 humilitati
993 3142 1288 3197 insistant.

1016 3257 1248 3313 CAPUT
1285 3256 1451 3311 XLII.

1018 3350 1103 3400 De
1124 3343 1452 3400 adulterio.

486 3455 676 3525 (Cone.
699 3455 935 3525 Ancyra,
968 3468 1094 3523 cap.
1123 3450 1303 3522 20.)Si
1336 3451 1507 3522 cujus
1537 3468 1681 3507 uxor
1729 3453 2056 3511 adulterata

413 3542 607 3609 fuerit,
636 3541 725 3597 vel
755 3541 803 3596 si
837 3540 962 3611 ipse
1011 3538 1362 3595 adulterium
1417 3540 1793 3610 commiserit,
1828 3548 2053 3615 septem

410 3646 699 3687 annorum
732 3625 1071 3700 pcenitentia
1090 3632 1313 3698 oportet
1332 3644 1465 3683 eum
1488 3629 1898 3700 perfectionem
1922 3649 2054 3688 con-

410 3717 574 3790 sequi
611 3716 936 3773 secundum
966 3716 1245 3788 pristinos
1274 3717 1513 3789 gradus.
1550 3717 1609 3773 Si
1650 3736 1781 3775 vero
1812 3737 2051 3777 uxorem

407 3806 633 3862 habens
662 3803 1046 3860 concubinam
1081 3804 1490 3873 habuerit,non
1523 3807 1934 3878 communicet,
1950 3810 2051 3866 do-

409 3911 518 3951 nec
554 3894 786 3950 desinat
837 3894 910 3948 ab
959 3910 1027 3949 ea
1083 3898 1140 3949 et
1170 3893 1242 3949 ad
1265 3893 1667 3966 paenitentiam
1709 3902 2048 3953 revertatur.

416 3982 576 4048 Quod
613 3982 661 4038 si
693 3981 926 4038 conscio
949 3982 1160 4037 marito
1182 3999 1325 4037 uxor
1349 3982 1523 4037 fuerit
1535 3984 1842 4051 moechata,
1867 4003 2053 4058 usque

408 4071 468 4127 in
500 4072 676 4127 ﬁnem
710 4087 822 4126 non
855 4070 1336 4127 communicet.Si
1357 4074 1552 4127 autem
1583 4088 1711 4128 eam
1733 4072 2050 4146 reliquerit,

408 4164 539 4232 post
569 4161 768 4215 decem
800 4176 986 4216 annos
1017 4158 1264 4232 accipiat
1293 4160 1785 4218 communionem.

999 4275 1227 4332 CAPUT
1265 4275 1458 4331 XLIII.

589 4367 674 4420 De
701 4364 793 4420 liis
819 4365 915 4438 qui
940 4365 1319 4438 fornicamur
1352 4364 1876 4422 irrotionabiiiter.

478 4470 666 4541 (Cone.
700 4476 1067 4543 Ancyr.,cap.
1102 4471 1301 4540 46.)De
1332 4468 1424 4524 his
1455 4470 1555 4541 qui
1576 4470 2052 4530 irrationabiliter

2149 656 2521 729 deliquerint,
2556 657 2628 711 ad
2661 657 2880 713 exitum
2912 657 3039 713 vita:
3084 657 3516 714 communionis
3547 660 3758 731 gratiam

2150 749 2605 818 consequantur.

2740 878 2976 936 CAPUT
3014 880 3206 936 XLIV.

2155 484 2523 535 sacramenta
2552 478 2899 552 percipiant.
2932 479 3094 546 Quod
3130 477 3177 535 si
3211 496 3416 535 uxores
3436 478 3757 539 habenteset

2146 569 2625 624 transcendentes
2651 567 3210 641 quinquagesimum
3249 585 3468 624 annum
3500 570 3675 625 aetatis
3698 570 3759 626 ita
3838 450 3842 675 π

2187 749 2605 818 onsequantur.

2740 878 2976 936 CAPUT
3014 880 3206 936 XLIV.
3836 742 3842 1003 1

2187 974 2272 1025 Dc
2298 968 2704 1042 satisfactione
2724 978 2778 1025 et
2809 970 3297 1026 reconciliatione
3335 972 3733 1040 penitentiam.
3839 1036 3841 1042 ι

2222 1102 2552 1158 Satisfactio
2583 1106 2779 1159 autem
2809 1106 2899 1159 est
2929 1120 3138 1160 causas
3178 1109 3548 1176 peccatorum
3575 1110 3625 1161 et
3648 1124 3762 1181 sug-

2151 1192 2445 1265 gestiones
2473 1190 2776 1248 excludere
2806 1197 2863 1249 et
2891 1192 3049 1249 ultra
3080 1199 3385 1266 peccatum
3419 1212 3535 1250 non
3566 1194 3762 1252 iterare.

2155 1280 2567 1336 Heconciliatio
2596 1298 2729 1337 vero
2760 1285 2851 1337 est
2874 1300 3001 1354 qua:
3023 1288 3157 1355 post
3176 1281 3765 1358 complementumpce-

2155 1369 2413 1425 nitentia!
2463 1369 2794 1425 adhibetur.
2854 1370 2998 1425 Nam
3061 1370 3215 1427 sicut
3258 1370 3638 1427 conciliamur
3674 1374 3764 1429 Deo

2155 1459 2387 1531 quando
2420 1459 2675 1530 primum
2706 1476 2808 1531 per
2837 1458 3200 1531 baptismum
3238 1477 3273 1515 a
3310 1459 3631 1533 gentilitate
3654 1479 3764 1518 con-

2153 1547 2456 1613 vertimur,
2491 1546 2571 1601 ita
2601 1546 3054 1603 reconciliamur
3082 1549 3318 1620 quando
3340 1553 3475 1621 post
3503 1554 3764 1621 peceatum

2156 1626 2488 1708 pmnitendo
2520 1635 2901 1708 regredimur.
2933 1637 3193 1701 Quorum
3238 1642 3435 1694 autem
3482 1644 3699 1710 peccata
3721 1639 3764 1695 in

2158 1724 2390 1797 publico
2423 1728 2580 1783 sunt.
2613 1722 2672 1778 in
2704 1724 2935 1796 publico
2967 1725 3141 1780 debet
3165 1742 3295 1781 esse
3341 1726 3672 1798 pcnnitentia
3689 1745 3767 1799 per

2161 1903 2302 1958 dum
2333 1901 2716 1957 differentiam
2749 1907 3119 1974 peccatorum
3140 1903 3539 1959 decernuntur
3560 1922 3767 1972 ;eorum-

2161 2009 2273 2063 que
2296 1989 2690 2047 reconciliatio
2722 2008 2850 2047 esse
2871 1991 3044 2047 debet
3072 1992 3145 2047 ab
3175 1992 3453 2066 episcopo
3483 1993 3598 2049 sive
3617 2011 3767 2067 api-e-

2162 2079 2431 2153 sbyteris.
2453 2080 2627 2151 jussu
2659 2083 2854 2135 tamen
2886 2080 3318 2153 episcoporum,
3351 2081 3512 2137 sicut
3554 2100 3764 2140 canones

2161 2169 2415 2243 Africa_ni
2445 2167 2676 2224 concilii
2727 2173 3038 2235 testantur,
3083 2170 3184 2225 ubi
3233 2169 3314 2226 ita
3359 2171 3640 2243 scriptum
3667 2178 3762 2228 est:
3840 2167 3841 2233 ἰ

2165 2238 2544 2330 ϐαάαδῖιιηιμιε
2575 2258 2889 2328 poznitentis
2928 2258 3215 2329 publicum
3262 2266 3313 2315 et
3366 2238 3767 2331 uulgatissimum

2163 2349 2367 2403 crimen
2417 2354 2495 2402 est
2539 2346 2679 2418 quod
2720 2347 3037 2401 universam
3087 2347 3395 2403 Ecclesium
3444 2352 3762 2416 commovent,

2164 2435 2607 2491 anteabsidamei
2632 2451 2829 2489 manus
2862 2437 3197 2506 imponatur.
3231 2436 3374 2503 (Lib.
3412 2455 3450 2493 v
3477 2439 3763 2510 Capitular.,

2165 2541 2293 2596 cap.
2328 2524 2539 2595 137.)Si
2569 2539 2702 2578 vero
2734 2523 3023 2595 pmnitens
3074 2525 3281 2581 mort-is
3330 2526 3652 2598 periculum
3700 2527 3765 2581 in-

2166 2610 2430 2681 currerit,
2464 2629 2567 2683 per
2595 2610 2849 2684 episcOpi
2882 2611 3177 2669 licentiam
3192 2630 3225 2670 a
3243 2616 3581 2688 presbytero
3600 2634 3764 2672 recon-

2165 2701 2396 2758 cilietur
2424 2704 2482 2757 et
2510 2700 2943 2757 communionis
2964 2703 3152 2774 gratia
3175 2704 3503 2771 muniatur,
3524 2722 3591 2760 ne
3611 2706 3766 2776 despe-

2164 2789 2406 2846 rationis
2438 2790 2572 2844 fune
2593 2789 2810 2862 ligatus
2832 2791 2901 2845 ad
2926 2794 3208 2847 aeternum
3230 2793 3600 2865 pertrabatur
3616 2793 3766 2849 interi-
3840 2842 3841 2851 χ

2164 2884 2313 2934 tum.
2346 2877 2498 2933 Nulli
2531 2894 2667 2950 ergo
2698 2877 2961 2934 ﬁdelium
2994 2878 3205 2936 ultima
3235 2881 3582 2952 paznitentia
3608 2882 3683 2938 vel
3702 2899 3764 2937 re-
3840 2932 3841 2935 η

2165 2966 2492 3023 conciliatio
2524 2966 2642 3021 sive
2663 2967 2922 3038 corporis
2952 2972 3009 3022 et
3038 2968 3344 3041 sanguinis
3370 2968 3588 3025 Christi
3616 2986 3767 3042 perce.

2164 3055 2286 3128 ptio
2318 3056 2587 3128 neganda
2612 3058 2719 3111 est.
2753 3056 3015 3119 Quorum
3071 3062 3267 3112 autem
3317 3063 3560 3129 peccata
3583 3058 3768 3114 occulta

2166 3148 2307 3200 sunt
2336 3149 2393 3199 et
2420 3149 2744 3215 spontanea
2759 3144 3121 3201 confessione
3135 3144 3242 3201 soli
3256 3147 3659 3203 tantummodo
3668 3164 3769 3220 pre-

2086 3213 2130 3281 ε
2169 3234 2399 3306 sbytero
2412 3213 2484 3287 ab
2497 3232 2580 3288 eis
2593 3231 2808 3303 fuerint
2837 3232 3107 3300 revelata,
3139 3233 3350 3290 horum
3381 3235 3610 3291 occulta
3636 3213 3769 3291 debet

2164 3339 2293 3378 esse
2322 3319 2661 3393 paenitentia
2690 3322 3017 3377 secundum
3044 3323 3364 3395 presbyteri
3396 3324 3682 3395 judicium
3699 3322 3769 3378 cui

2164 3409 2414 3467 confessi
2445 3414 2684 3478 sunt,ne
2714 3409 2930 3471 infirmi
2954 3409 3013 3466 in
3044 3411 3301 3467 Ecclesia
3338 3412 3770 3469 scandalizentur

2162 3499 2424 3554 videntes
2456 3515 2658 3554 eorum
2708 3516 2910 3571 pcenas
2959 3516 3209 3571 quorum
3268 3500 3512 3573 penitus
3541 3501 3770 3574 ignorant
3840 3499 3841 3533 ³

2164 3604 2392 3643 causas.
2426 3586 2590 3653 Quali
2624 3592 2817 3643 autem
2838 3592 3096 3660 tempore
3119 3588 3530 3661 pmnitentium
3551 3590 3769 3645 reconci-

2161 3675 2320 3731 liatio
2378 3676 2503 3730 ﬁeri
2562 3676 2767 3731 debeat
2821 3677 3136 3733 ostendunt
3193 3677 3429 3734 decreta
3488 3678 3767 3734 Innocentii

2161 3782 2346 3837 papae,
2380 3764 2479 3819 ubi
2533 3765 2612 3820 ita
2661 3764 2951 3837 scriptum
2996 3765 3284 3837 reperitur
3330 3766 3768 3838 (epistolaadDe-

2159 3854 2456 3919 centium):
2487 3853 2561 3907 De
2582 3855 2968 3924 pwnitentibus
2996 3860 3179 3909 autem
3207 3856 3303 3925 qui
3326 3856 3444 3910 sive
3490 3872 3559 3911 ex
3590 3856 3769 3924 gravio-

2160 3941 2314 3998 ribus
2342 3942 2643 3997 commissis
2684 3944 2798 3997 sive
2840 3959 2910 3997 ea:
2967 3942 3263 3999 levioribus
3309 3946 3680 4015 paenitentiam
3700 3958 3770 4011 ge-

2159 4038 2309 4099 runt,
2358 4032 2409 4085 si
2455 4030 2613 4086 nulla
2658 4032 3019 4087 intervenerit
3064 4032 3356 4100 aegritudo,
3418 4035 3610 4105 quinta
3656 4032 3772 4103 rem

2159 4127 2287 4175 ante
2313 4121 2516 4191 pascha
2544 4121 2625 4173 eis
2656 4120 3039 4175 remittendum
3084 4137 3199 4176 esse
3254 4122 3520 4179 Romanae
3556 4121 3772 4177 Ecclesia

2157 4207 2481 4263 consuetudo
2537 4207 2885 4263 demonstrat.
2950 4209 3213 4264 Caeterum
3258 4209 3323 4265 de
3374 4210 3611 4281 pondere
3643 4209 3767 4266 aestio

2158 4295 2357 4352 mando
2381 4295 2704 4351 delictorum
2732 4297 3026 4353 sacerdotis
3069 4305 3152 4353 est
3180 4298 3459 4370 judicare,
3480 4306 3541 4353 ut
3567 4295 3768 4354 attende!

2157 4384 2229 4440 ad
2256 4385 2645 4456 confessionem
2673 4392 2725 4439 et
2751 4384 2821 4440 ad
2848 4387 3005 4455 ﬂetus
3049 4394 3209 4459 atque
3237 4388 3512 4459 lacrymas
3536 4389 3764 4459 panitet-

2158 4474 2248 4537 tis,
2280 4482 2336 4529 at
2365 4481 2493 4528 tunc
2516 4480 2686 4544 potest
2712 4472 2918 4529 dimittl
2976 4491 3101 4529 cum
3148 4476 3347 4531 viderit
3386 4492 3672 4547 congruam
3694 4489 3763 4527 sa-

406 4558 617 4615 versati
648 4564 788 4615 sunt
819 4560 937 4615 sive
991 4563 1316 4624 versantur,
1352 4558 1409 4611 id
1442 4562 1532 4612 est
1578 4557 1679 4628 qui
1709 4575 1771 4613 se
1803 4560 2051 4618 miscent
2080 4579 2125 4642 D
2156 4562 2710 4633 tisfactioncm..Sane
2735 4564 2787 4617 si
2813 4564 2936 4634 quis
2967 4565 3028 4619 in
3074 4564 3468 4633 aegritudinem
3527 4563 3763 4630 inciderit,

405 4647 714 4719 pecoribus
735 4653 837 4703 aut
856 4664 990 4703 cum
1012 4645 1292 4701 masculis
1316 4643 1734 4715 polluuntur,si
1758 4647 1892 4718 quis
1914 4656 2047 4706 ante

405 4734 745 4792 vicesimum
778 4751 1001 4791 annum
1026 4733 1141 4789 tale
1166 4732 1387 4788 crimen
1420 4732 2049 4807 commiserit,quinde-

406 4824 520 4879 cim
551 4824 723 4879 annis
742 4823 961 4879 exactis
983 4822 1040 4876 in
1072 4819 1408 4893 pamitentia
1431 4821 1902 4879 communionem
1926 4842 2048 4882 ora-

406 4911 581 4967 tionis
612 4915 922 4976 mereatur,
955 4910 1164 4965 deinde
1206 4907 1610 4980 quinquennio
1655 4909 1715 4965 in
1748 4910 1856 4967 hac
1886 4930 2043 4970 com-

407 5001 683 5056 munione
699 5000 1089 5065 durans,tunc
1102 4997 1339 5051 demum
1352 4995 1664 5054 oblationis
1681 5008 2046 5060 sacramenta

405 5089 725 5161 contingat.
765 5086 1117 5143 Discutiatur
1146 5087 1340 5138 autem
1373 5089 1431 5141 et
1460 5083 1577 5141 vita
1617 5103 1819 5144 eorum
1851 5092 2043 5162 qualis

403 5179 665 5248 tempore
695 5171 1077 5246 paenitudinis
1098 5170 1465 5240 exstiterit,et
1479 5172 1560 5229 ita
1580 5176 2041 5236 misericordiam

403 5265 855 5334 consequantur.
889 5262 1182 5329 Quotquot
1202 5264 1396 5317 autem
1445 5268 1678 5333 peraeta
1706 5264 1909 5338 viginti
1937 5286 2041 5324 an-

402 5367 612 5406 norum
643 5352 807 5403 tetate
838 5362 1045 5402 uxores
1062 5345 1340 5404 habentes
1370 5349 1428 5405 in
1460 5350 1570 5406 hoc
1589 5358 1891 5425 peccatum
1913 5373 2042 5428 pro-

400 5437 549 5508 lapsi
575 5438 738 5497 sunt,
767 5431 972 5503 viginti
1000 5434 1262 5507 quinque
1292 5438 1462 5494 annis
1488 5441 1909 5510 paenitudinem
1940 5461 2039 5517 ge-

397 5527 591 5578 rentes
625 5521 681 5572 in
715 5521 1127 5579 communione
1155 5525 1554 5598 suscipiantur
1583 5529 1915 5586 orationum
1944 5532 2034 5587 :in

396 5605 917 5691 quaquinquennio
929 5611 1311 5681 perdurantes
1323 5618 1462 5672 tunc
1475 5617 1712 5674 demum
1726 5618 2036 5678 oblationis

2154 4653 2208 4706 ei
2233 4659 2311 4707 est
2340 4659 2464 4705 ante
2479 4651 2684 4721 pascha
2714 4652 3098 4720 relaxandum,
3122 4669 3190 4708 ne
3217 4653 3282 4709 de
3314 4653 3414 4709 hoc
3441 4654 3639 4710 saeculo
3660 4652 3762 4705 abs-

2154 4756 2257 4811 que
2307 4740 2685 4795 communione
2738 4739 2993 4796 discedat.
3050 4743 3165 4797 lloc
3215 4758 3351 4815 ergo
3411 4746 3547 4798 ante
3599 4738 3763 4796 omnia

2154 4828 2476 4883 cavendum
2508 4831 2614 4893 est,
2636 4843 2707 4882 ne
2737 4826 2796 4882 in
2829 4830 3105 4885 extremis
3127 4830 3430 4901 pceniteuti
3462 4825 3763 4901 pmnitentia

2154 4920 2211 4971 et
2240 4914 2629 4971 reconciliatio
2657 4916 2996 4988 denegatur,
3031 4934 3103 4973 ne
3132 4918 3190 4973 in
3233 4919 3632 4990 desperatione
3656 4931 3759 4988 per-

2152 5009 2263 5059 eat.
2299 5003 2650 5060 Perdidisset
2678 5004 2835 5059 enim
2887 5004 3036 5061 latro
3078 5006 3136 5061 in
3191 5024 3362 5062 cruce
3409 5007 3480 5062 ad
3533 5006 3756 5061 dextram

2152 5091 2368 5148 Christi
2409 5092 2669 5164 pendens
2714 5094 3043 5164 praemium,
3077 5094 3125 5151 si
3184 5094 3355 5151 illum
3407 5095 3580 5151 unius
3629 5091 3753 5147 horae

2150 5180 2491 5253 pmnitentia
2528 5198 2643 5236 non
2668 5182 2954 5251 juvasset.
2996 5183 3145 5240 Vera
3175 5200 3311 5257 ergo
3370 5185 3443 5239 ad
3474 5182 3750 5239 Dominum

2149 5269 2445 5325 conversio
2478 5269 2535 5324 in
2568 5269 2791 5326 ultimis
2846 5272 3167 5344 positorum
3224 5277 3420 5329 mente
3466 5271 3648 5345 potius
3681 5270 3750 5321 est

2148 5356 2494 5412 aestimanda
2550 5374 2728 5428 quam
2784 5364 3063 5431 tempore,
3122 5361 3406 5433 prepheta
3451 5360 3743 5415 asserente:

2146 5448 2284 5503 Cum
2343 5461 2651 5512 conversus,
2719 5445 2933 5519 inquit,
3004 5451 3334 5518 ingemueris
3399 5457 3526 5504 tunc
3598 5444 3746 5502 salvat

2146 5550 2255 5589 eris
2262 5574 2275 5587 .
