  <div class='ocr_page' id='page_1' title='image "/cluster/home/n/w/nwhite01/storage/ocr_20150623/119/uva.x000827049/376.png"; bbox 0 0 3894 6204; ppageno 0'>
   <div class='ocr_carea' id='block_1_1' title="bbox 148 360 252 420">
    <p class='ocr_par' dir='ltr' id='par_1_1' title="bbox 148 360 252 420">
     <span class='ocr_line' id='line_1_1' title="bbox 148 360 252 420; baseline 0.019 -2"><span class='ocrx_word' id='word_1_1' title='bbox 148 360 252 420; x_wconf 71' lang='grc'>725</span> 
     </span>
    </p>
   </div>
   <div class='ocr_carea' id='block_1_2' title="bbox 735 481 1167 541">
    <p class='ocr_par' dir='ltr' id='par_1_2' title="bbox 735 481 1167 541">
     <span class='ocr_line' id='line_1_2' title="bbox 735 481 1167 541; baseline 0.002 -2"><span class='ocrx_word' id='word_1_2' title='bbox 735 481 966 539; x_wconf 85' lang='lat' dir='ltr'>CAPUT</span> <span class='ocrx_word' id='word_1_3' title='bbox 1003 483 1167 541; x_wconf 80' lang='lat' dir='ltr'>XLV.</span> 
     </span>
    </p>
   </div>
   <div class='ocr_carea' id='block_1_3' title="bbox 535 618 1351 691">
    <p class='ocr_par' dir='ltr' id='par_1_3' title="bbox 535 618 1351 691">
     <span class='ocr_line' id='line_1_3' title="bbox 535 618 1351 691; baseline -0.004 -17"><span class='ocrx_word' id='word_1_4' title='bbox 535 620 608 674; x_wconf 85' lang='lat' dir='ltr'>De</span> <span class='ocrx_word' id='word_1_5' title='bbox 628 618 1021 691; x_wconf 83' lang='lat' dir='ltr'>pollutionibus</span> <span class='ocrx_word' id='word_1_6' title='bbox 1050 618 1351 673; x_wconf 81' lang='lat' dir='ltr'>nocturnis.</span> 
     </span>
    </p>
   </div>
   <div class='ocr_carea' id='block_1_4' title="bbox 202 749 1761 830">
    <p class='ocr_par' dir='ltr' id='par_1_4' title="bbox 202 749 1761 830">
     <span class='ocr_line' id='line_1_4' title="bbox 202 749 1761 830; baseline -0.008 -14"><span class='ocrx_word' id='word_1_7' title='bbox 202 761 277 830; x_wconf 87' lang='lat' dir='ltr'>(S.</span> <span class='ocrx_word' id='word_1_8' title='bbox 298 762 525 828; x_wconf 90' lang='lat' dir='ltr'>Gregor.</span> <span class='ocrx_word' id='word_1_9' title='bbox 550 754 707 825; x_wconf 77' lang='lat' dir='ltr'>epist.</span> <span class='ocrx_word' id='word_1_10' title='bbox 731 752 800 807; x_wconf 78' lang='lat' dir='ltr'>ad</span> <span class='ocrx_word' id='word_1_11' title='bbox 820 751 875 807; x_wconf 90' lang='lat' dir='ltr'>S.</span> <span class='ocrx_word' id='word_1_12' title='bbox 897 753 1421 823; x_wconf 82' lang='lat' dir='ltr'>Augustinum,cap.</span> <span class='ocrx_word' id='word_1_13' title='bbox 1458 749 1567 822; x_wconf 88' lang='grc'>11.)</span> <span class='ocrx_word' id='word_1_14' title='bbox 1600 750 1761 814; x_wconf 70' lang='lat' dir='ltr'>Quaa-</span> 
     </span>
    </p>
   </div>
   <div class='ocr_carea' id='block_1_5' title="bbox 138 839 1761 913">
    <p class='ocr_par' dir='ltr' id='par_1_5' title="bbox 138 839 1761 913">
     <span class='ocr_line' id='line_1_5' title="bbox 138 839 1761 913; baseline -0.009 -5"><span class='ocrx_word' id='word_1_15' title='bbox 138 849 365 908; x_wconf 88' lang='lat' dir='ltr'>rendum</span> <span class='ocrx_word' id='word_1_16' title='bbox 380 849 465 900; x_wconf 88' lang='lat' dir='ltr'>est</span> <span class='ocrx_word' id='word_1_17' title='bbox 485 846 682 898; x_wconf 88' lang='lat' dir='ltr'>utrum</span> <span class='ocrx_word' id='word_1_18' title='bbox 705 845 837 913; x_wconf 90' lang='lat' dir='ltr'>post</span> <span class='ocrx_word' id='word_1_19' title='bbox 859 839 1191 896; x_wconf 80' lang='lat' dir='ltr'>illusionem</span> <span class='ocrx_word' id='word_1_20' title='bbox 1205 857 1332 911; x_wconf 67' lang='lat' dir='ltr'>quze</span> <span class='ocrx_word' id='word_1_21' title='bbox 1350 857 1452 911; x_wconf 90' lang='lat' dir='ltr'>per</span> <span class='ocrx_word' id='word_1_22' title='bbox 1463 839 1761 895; x_wconf 90' lang='lat' dir='ltr'>somnium</span> 
     </span>
    </p>
   </div>
   <div class='ocr_carea' id='block_1_6' title="bbox 137 927 1764 1003">
    <p class='ocr_par' dir='ltr' id='par_1_6' title="bbox 137 927 1764 1003">
     <span class='ocr_line' id='line_1_6' title="bbox 137 927 1764 1003; baseline -0.009 -6"><span class='ocrx_word' id='word_1_23' title='bbox 137 938 268 997; x_wconf 86' lang='lat' dir='ltr'>solet</span> <span class='ocrx_word' id='word_1_24' title='bbox 287 934 542 991; x_wconf 88' lang='lat' dir='ltr'>accidere</span> <span class='ocrx_word' id='word_1_25' title='bbox 566 948 779 1003; x_wconf 91' lang='lat' dir='ltr'>corpus</span> <span class='ocrx_word' id='word_1_26' title='bbox 800 934 855 985; x_wconf 89' lang='lat' dir='ltr'>et</span> <span class='ocrx_word' id='word_1_27' title='bbox 877 928 1224 1001; x_wconf 89' lang='lat' dir='ltr'>sanguinem</span> <span class='ocrx_word' id='word_1_28' title='bbox 1243 928 1469 984; x_wconf 84' lang='lat' dir='ltr'>Domini</span> <span class='ocrx_word' id='word_1_29' title='bbox 1487 927 1764 1000; x_wconf 84' lang='lat' dir='ltr'>quislibet</span> 
     </span>
    </p>
   </div>
   <div class='ocr_carea' id='block_1_7' title="bbox 137 1018 1762 1098">
    <p class='ocr_par' dir='ltr' id='par_1_7' title="bbox 137 1018 1762 1098">
     <span class='ocr_line' id='line_1_7' title="bbox 137 1018 1762 1098; baseline -0.007 -14"><span class='ocrx_word' id='word_1_30' title='bbox 137 1027 374 1098; x_wconf 88' lang='lat' dir='ltr'>accipere</span> <span class='ocrx_word' id='word_1_31' title='bbox 401 1020 609 1087; x_wconf 89' lang='lat' dir='ltr'>valeat,</span> <span class='ocrx_word' id='word_1_32' title='bbox 644 1023 747 1075; x_wconf 89' lang='lat' dir='ltr'>aut</span> <span class='ocrx_word' id='word_1_33' title='bbox 775 1018 825 1075; x_wconf 94' lang='lat' dir='ltr'>si</span> <span class='ocrx_word' id='word_1_34' title='bbox 857 1018 1128 1074; x_wconf 84' lang='lat' dir='ltr'>sacerdos</span> <span class='ocrx_word' id='word_1_35' title='bbox 1160 1035 1327 1074; x_wconf 90' lang='lat' dir='ltr'>sacra</span> <span class='ocrx_word' id='word_1_36' title='bbox 1358 1018 1633 1089; x_wconf 86' lang='lat' dir='ltr'>mysteria</span> <span class='ocrx_word' id='word_1_37' title='bbox 1671 1034 1762 1072; x_wconf 90' lang='lat' dir='ltr'>ce-</span> 
     </span>
    </p>
   </div>
   <div class='ocr_carea' id='block_1_8' title="bbox 137 1107 1764 1179">
    <p class='ocr_par' dir='ltr' id='par_1_8' title="bbox 137 1107 1764 1179">
     <span class='ocr_line' id='line_1_8' title="bbox 137 1107 1764 1179; baseline -0.007 -6"><span class='ocrx_word' id='word_1_38' title='bbox 137 1118 340 1174; x_wconf 86' lang='lat' dir='ltr'>lebrare</span> <span class='ocrx_word' id='word_1_39' title='bbox 370 1111 574 1167; x_wconf 78' lang='lat' dir='ltr'>debeat</span> <span class='ocrx_word' id='word_1_40' title='bbox 605 1125 678 1164; x_wconf 89' lang='lat' dir='ltr'>an</span> <span class='ocrx_word' id='word_1_41' title='bbox 710 1125 847 1164; x_wconf 88' lang='lat' dir='ltr'>non.</span> <span class='ocrx_word' id='word_1_42' title='bbox 879 1109 963 1162; x_wconf 88' lang='lat' dir='ltr'>Ad</span> <span class='ocrx_word' id='word_1_43' title='bbox 999 1108 1119 1162; x_wconf 77' lang='lat' dir='ltr'>hmo</span> <span class='ocrx_word' id='word_1_44' title='bbox 1155 1107 1625 1179; x_wconf 87' lang='lat' dir='ltr'>respondendum</span> <span class='ocrx_word' id='word_1_45' title='bbox 1675 1111 1764 1162; x_wconf 91' lang='lat' dir='ltr'>est</span> 
     </span>
    </p>
   </div>
   <div class='ocr_carea' id='block_1_9' title="bbox 138 1194 1763 1278">
    <p class='ocr_par' dir='ltr' id='par_1_9' title="bbox 138 1194 1763 1278">
     <span class='ocr_line' id='line_1_9' title="bbox 138 1194 1763 1278; baseline -0.006 -17"><span class='ocrx_word' id='word_1_46' title='bbox 138 1202 394 1278; x_wconf 87' lang='lat' dir='ltr'>quoniam</span> <span class='ocrx_word' id='word_1_47' title='bbox 425 1200 484 1254; x_wconf 89' lang='lat' dir='ltr'>in</span> <span class='ocrx_word' id='word_1_48' title='bbox 513 1197 705 1254; x_wconf 86' lang='lat' dir='ltr'>Veteri</span> <span class='ocrx_word' id='word_1_49' title='bbox 733 1197 1103 1253; x_wconf 88' lang='lat' dir='ltr'>Testamento</span> <span class='ocrx_word' id='word_1_50' title='bbox 1135 1196 1422 1269; x_wconf 88' lang='lat' dir='ltr'>pollutum</span> <span class='ocrx_word' id='word_1_51' title='bbox 1454 1194 1565 1250; x_wconf 82' lang='lat' dir='ltr'>nisi</span> <span class='ocrx_word' id='word_1_52' title='bbox 1600 1196 1763 1268; x_wconf 91' lang='lat' dir='ltr'>prius</span> 
     </span>
    </p>
   </div>
   <div class='ocr_carea' id='block_1_10' title="bbox 134 1282 1761 1360">
    <p class='ocr_par' dir='ltr' id='par_1_10' title="bbox 134 1282 1761 1360">
     <span class='ocr_line' id='line_1_10' title="bbox 134 1282 1761 1360; baseline -0.006 -12"><span class='ocrx_word' id='word_1_53' title='bbox 134 1293 301 1348; x_wconf 87' lang='lat' dir='ltr'>lotum</span> <span class='ocrx_word' id='word_1_54' title='bbox 331 1304 481 1360; x_wconf 89' lang='lat' dir='ltr'>aqua</span> <span class='ocrx_word' id='word_1_55' title='bbox 513 1303 700 1359; x_wconf 89' lang='lat' dir='ltr'>usque</span> <span class='ocrx_word' id='word_1_56' title='bbox 722 1286 793 1341; x_wconf 86' lang='lat' dir='ltr'>ad</span> <span class='ocrx_word' id='word_1_57' title='bbox 810 1301 1117 1356; x_wconf 88' lang='lat' dir='ltr'>vesperum</span> <span class='ocrx_word' id='word_1_58' title='bbox 1138 1283 1356 1339; x_wconf 90' lang='lat' dir='ltr'>intrare</span> <span class='ocrx_word' id='word_1_59' title='bbox 1375 1284 1434 1337; x_wconf 88' lang='lat' dir='ltr'>in</span> <span class='ocrx_word' id='word_1_60' title='bbox 1457 1282 1761 1339; x_wconf 84' lang='lat' dir='ltr'>ecclesiam</span> 
     </span>
    </p>
   </div>
   <div class='ocr_carea' id='block_1_11' title="bbox 136 1371 1762 1444">
    <p class='ocr_par' dir='ltr' id='par_1_11' title="bbox 136 1371 1762 1444">
     <span class='ocr_line' id='line_1_11' title="bbox 136 1371 1762 1444; baseline -0.008 -7"><span class='ocrx_word' id='word_1_61' title='bbox 136 1398 239 1437; x_wconf 91' lang='lat' dir='ltr'>non</span> <span class='ocrx_word' id='word_1_62' title='bbox 268 1376 620 1434; x_wconf 74' lang='lat' dir='ltr'>conceditur.</span> <span class='ocrx_word' id='word_1_63' title='bbox 652 1374 815 1441; x_wconf 86' lang='lat' dir='ltr'>Quod</span> <span class='ocrx_word' id='word_1_64' title='bbox 847 1377 1043 1428; x_wconf 91' lang='lat' dir='ltr'>tamen</span> <span class='ocrx_word' id='word_1_65' title='bbox 1074 1372 1243 1428; x_wconf 83' lang='lat' dir='ltr'>aliter</span> <span class='ocrx_word' id='word_1_66' title='bbox 1287 1372 1538 1444; x_wconf 88' lang='lat' dir='ltr'>populus</span> <span class='ocrx_word' id='word_1_67' title='bbox 1590 1371 1762 1443; x_wconf 89' lang='lat' dir='ltr'>spiri-</span> 
     </span>
    </p>
   </div>
   <div class='ocr_carea' id='block_1_12' title="bbox 132 1460 1765 1538">
    <p class='ocr_par' dir='ltr' id='par_1_12' title="bbox 132 1460 1765 1538">
     <span class='ocr_line' id='line_1_12' title="bbox 132 1460 1765 1538; baseline -0.007 -12"><span class='ocrx_word' id='word_1_68' title='bbox 132 1470 254 1526; x_wconf 81' lang='lat' dir='ltr'>talis</span> <span class='ocrx_word' id='word_1_69' title='bbox 282 1464 610 1538; x_wconf 85' lang='lat' dir='ltr'>intelligens</span> <span class='ocrx_word' id='word_1_70' title='bbox 642 1464 751 1519; x_wconf 89' lang='lat' dir='ltr'>sub</span> <span class='ocrx_word' id='word_1_71' title='bbox 783 1463 984 1518; x_wconf 90' lang='lat' dir='ltr'>eodem</span> <span class='ocrx_word' id='word_1_72' title='bbox 1015 1461 1313 1517; x_wconf 88' lang='lat' dir='ltr'>intellectu</span> <span class='ocrx_word' id='word_1_73' title='bbox 1363 1461 1593 1533; x_wconf 88' lang='lat' dir='ltr'>accipit,</span> <span class='ocrx_word' id='word_1_74' title='bbox 1627 1460 1765 1533; x_wconf 92' lang='lat' dir='ltr'>quia</span> 
     </span>
    </p>
   </div>
   <div class='ocr_carea' id='block_1_13' title="bbox 132 1549 1763 1632">
    <p class='ocr_par' dir='ltr' id='par_1_13' title="bbox 132 1549 1763 1632">
     <span class='ocr_line' id='line_1_13' title="bbox 132 1549 1763 1632; baseline -0.006 -19"><span class='ocrx_word' id='word_1_75' title='bbox 132 1556 287 1632; x_wconf 91' lang='lat' dir='ltr'>quasi</span> <span class='ocrx_word' id='word_1_76' title='bbox 311 1571 408 1628; x_wconf 89' lang='lat' dir='ltr'>per</span> <span class='ocrx_word' id='word_1_77' title='bbox 427 1552 726 1609; x_wconf 85' lang='lat' dir='ltr'>somnium</span> <span class='ocrx_word' id='word_1_78' title='bbox 749 1551 1018 1608; x_wconf 90' lang='lat' dir='ltr'>illuditur</span> <span class='ocrx_word' id='word_1_79' title='bbox 1038 1551 1137 1623; x_wconf 90' lang='lat' dir='ltr'>qui</span> <span class='ocrx_word' id='word_1_80' title='bbox 1160 1554 1420 1606; x_wconf 89' lang='lat' dir='ltr'>tentatus</span> <span class='ocrx_word' id='word_1_81' title='bbox 1435 1550 1601 1605; x_wconf 89' lang='lat' dir='ltr'>vanis</span> <span class='ocrx_word' id='word_1_82' title='bbox 1622 1549 1763 1604; x_wconf 90' lang='lat' dir='ltr'>ima-</span> 
     </span>
    </p>
   </div>
   <div class='ocr_carea' id='block_1_14' title="bbox 128 1638 1760 1721">
    <p class='ocr_par' dir='ltr' id='par_1_14' title="bbox 128 1638 1760 1721">
     <span class='ocr_line' id='line_1_14' title="bbox 128 1638 1760 1721; baseline -0.006 -18"><span class='ocrx_word' id='word_1_83' title='bbox 128 1647 349 1721; x_wconf 88' lang='lat' dir='ltr'>ginibus</span> <span class='ocrx_word' id='word_1_84' title='bbox 378 1642 766 1698; x_wconf 70' lang='lat' dir='ltr'>immunditiaz</span> <span class='ocrx_word' id='word_1_85' title='bbox 798 1642 858 1695; x_wconf 93' lang='lat' dir='ltr'>in</span> <span class='ocrx_word' id='word_1_86' title='bbox 889 1640 1238 1712; x_wconf 83' lang='lat' dir='ltr'>cogitatione</span> <span class='ocrx_word' id='word_1_87' title='bbox 1268 1638 1629 1709; x_wconf 83' lang='lat' dir='ltr'>inquinatur.</span> <span class='ocrx_word' id='word_1_88' title='bbox 1651 1639 1760 1693; x_wconf 90' lang='lat' dir='ltr'>Sed</span> 
     </span>
    </p>
   </div>
   <div class='ocr_carea' id='block_1_15' title="bbox 129 1726 1764 1804">
    <p class='ocr_par' dir='ltr' id='par_1_15' title="bbox 129 1726 1764 1804">
     <span class='ocr_line' id='line_1_15' title="bbox 129 1726 1764 1804; baseline -0.007 -12"><span class='ocrx_word' id='word_1_89' title='bbox 129 1734 394 1792; x_wconf 73' lang='lat' dir='ltr'>levandus</span> <span class='ocrx_word' id='word_1_90' title='bbox 424 1735 514 1787; x_wconf 89' lang='lat' dir='ltr'>est</span> <span class='ocrx_word' id='word_1_91' title='bbox 546 1748 717 1804; x_wconf 88' lang='lat' dir='ltr'>aqua,</span> <span class='ocrx_word' id='word_1_92' title='bbox 750 1733 817 1785; x_wconf 92' lang='lat' dir='ltr'>ut</span> <span class='ocrx_word' id='word_1_93' title='bbox 848 1728 1050 1801; x_wconf 87' lang='lat' dir='ltr'>culpas</span> <span class='ocrx_word' id='word_1_94' title='bbox 1082 1727 1450 1801; x_wconf 81' lang='lat' dir='ltr'>cogitationis</span> <span class='ocrx_word' id='word_1_95' title='bbox 1489 1726 1764 1800; x_wconf 79' lang='lat' dir='ltr'>lacrymis</span> 
     </span>
    </p>
   </div>
   <div class='ocr_carea' id='block_1_16' title="bbox 127 1815 1830 1916">
    <p class='ocr_par' dir='ltr' id='par_1_16' title="bbox 127 1815 1830 1916">
     <span class='ocr_line' id='line_1_16' title="bbox 127 1815 1830 1916; baseline -0.008 -34"><span class='ocrx_word' id='word_1_96' title='bbox 127 1823 329 1882; x_wconf 82' lang='lat' dir='ltr'>abluat.</span> <span class='ocrx_word' id='word_1_97' title='bbox 361 1822 426 1876; x_wconf 88' lang='lat' dir='ltr'>Et</span> <span class='ocrx_word' id='word_1_98' title='bbox 454 1819 572 1875; x_wconf 89' lang='lat' dir='ltr'>nisi</span> <span class='ocrx_word' id='word_1_99' title='bbox 613 1818 777 1891; x_wconf 91' lang='lat' dir='ltr'>prius</span> <span class='ocrx_word' id='word_1_100' title='bbox 832 1817 987 1890; x_wconf 89' lang='lat' dir='ltr'>ignis</span> <span class='ocrx_word' id='word_1_101' title='bbox 1039 1816 1378 1873; x_wconf 90' lang='lat' dir='ltr'>tentationis</span> <span class='ocrx_word' id='word_1_102' title='bbox 1436 1815 1758 1883; x_wconf 86' lang='lat' dir='ltr'>recesserit,</span> <span class='ocrx_word' id='word_1_103' title='bbox 1784 1851 1830 1916; x_wconf 78' lang='grc' dir='ltr'>Β</span> 
     </span>
    </p>
   </div>
   <div class='ocr_carea' id='block_1_17' title="bbox 127 1906 1825 1981">
    <p class='ocr_par' dir='ltr' id='par_1_17' title="bbox 127 1906 1825 1981">
     <span class='ocr_line' id='line_1_17' title="bbox 127 1906 1825 1981; baseline -0.006 -12"><span class='ocrx_word' id='word_1_104' title='bbox 127 1929 277 1969; x_wconf 89' lang='lat' dir='ltr'>reum</span> <span class='ocrx_word' id='word_1_105' title='bbox 310 1928 370 1967; x_wconf 90' lang='lat' dir='ltr'>se</span> <span class='ocrx_word' id='word_1_106' title='bbox 401 1926 594 1981; x_wconf 88' lang='lat' dir='ltr'>usque</span> <span class='ocrx_word' id='word_1_107' title='bbox 622 1908 693 1963; x_wconf 89' lang='lat' dir='ltr'>ad</span> <span class='ocrx_word' id='word_1_108' title='bbox 722 1924 1029 1979; x_wconf 81' lang='lat' dir='ltr'>vesperum</span> <span class='ocrx_word' id='word_1_109' title='bbox 1070 1910 1469 1978; x_wconf 83' lang='lat' dir='ltr'>recognoscat.</span> <span class='ocrx_word' id='word_1_110' title='bbox 1517 1906 1627 1960; x_wconf 88' lang='lat' dir='ltr'>Sed</span> <span class='ocrx_word' id='word_1_111' title='bbox 1676 1909 1764 1960; x_wconf 92' lang='lat' dir='ltr'>est</span> <span class='ocrx_word' id='word_1_112' title='bbox 1784 1906 1825 1979; x_wconf 50' lang='grc' dir='ltr'>’ἦ</span> 
     </span>
    </p>
   </div>
   <div class='ocr_carea' id='block_1_18' title="bbox 127 1994 1762 2064">
    <p class='ocr_par' dir='ltr' id='par_1_18' title="bbox 127 1994 1762 2064">
     <span class='ocr_line' id='line_1_18' title="bbox 127 1994 1762 2064; baseline -0.007 -6"><span class='ocrx_word' id='word_1_113' title='bbox 127 2004 179 2058; x_wconf 90' lang='lat' dir='ltr'>in</span> <span class='ocrx_word' id='word_1_114' title='bbox 207 2002 400 2057; x_wconf 87' lang='lat' dir='ltr'>eadem</span> <span class='ocrx_word' id='word_1_115' title='bbox 433 1998 713 2053; x_wconf 89' lang='lat' dir='ltr'>illusione</span> <span class='ocrx_word' id='word_1_116' title='bbox 744 1996 1074 2052; x_wconf 90' lang='lat' dir='ltr'>necessaria</span> <span class='ocrx_word' id='word_1_117' title='bbox 1100 1994 1269 2051; x_wconf 84' lang='lat' dir='ltr'>valde</span> <span class='ocrx_word' id='word_1_118' title='bbox 1312 1994 1605 2061; x_wconf 87' lang='lat' dir='ltr'>discretio,</span> <span class='ocrx_word' id='word_1_119' title='bbox 1637 2010 1762 2064; x_wconf 71' lang='lat' dir='ltr'>qua:</span> 
     </span>
    </p>
   </div>
   <div class='ocr_carea' id='block_1_19' title="bbox 124 2081 1762 2160">
    <p class='ocr_par' dir='ltr' id='par_1_19' title="bbox 124 2081 1762 2160">
     <span class='ocr_line' id='line_1_19' title="bbox 124 2081 1762 2160; baseline -0.007 -13"><span class='ocrx_word' id='word_1_120' title='bbox 124 2089 402 2147; x_wconf 86' lang='lat' dir='ltr'>subtiliter</span> <span class='ocrx_word' id='word_1_121' title='bbox 429 2103 679 2160; x_wconf 83' lang='lat' dir='ltr'>pensare</span> <span class='ocrx_word' id='word_1_122' title='bbox 710 2086 917 2140; x_wconf 87' lang='lat' dir='ltr'>debeat</span> <span class='ocrx_word' id='word_1_123' title='bbox 946 2102 1013 2139; x_wconf 83' lang='lat' dir='ltr'>ex</span> <span class='ocrx_word' id='word_1_124' title='bbox 1043 2101 1160 2156; x_wconf 90' lang='lat' dir='ltr'>qua</span> <span class='ocrx_word' id='word_1_125' title='bbox 1199 2100 1259 2139; x_wconf 92' lang='lat' dir='ltr'>re</span> <span class='ocrx_word' id='word_1_126' title='bbox 1307 2083 1535 2138; x_wconf 89' lang='lat' dir='ltr'>accidat</span> <span class='ocrx_word' id='word_1_127' title='bbox 1582 2081 1762 2136; x_wconf 90' lang='lat' dir='ltr'>menti</span> 
     </span>
    </p>
   </div>
   <div class='ocr_carea' id='block_1_20' title="bbox 126 2171 1763 2248">
    <p class='ocr_par' dir='ltr' id='par_1_20' title="bbox 126 2171 1763 2248">
     <span class='ocr_line' id='line_1_20' title="bbox 126 2171 1763 2248; baseline -0.006 -13"><span class='ocrx_word' id='word_1_128' title='bbox 126 2176 470 2235; x_wconf 86' lang='lat' dir='ltr'>dormientis.</span> <span class='ocrx_word' id='word_1_129' title='bbox 530 2174 862 2248; x_wconf 82' lang='lat' dir='ltr'>Aliquando</span> <span class='ocrx_word' id='word_1_130' title='bbox 893 2174 1045 2228; x_wconf 91' lang='lat' dir='ltr'>enim</span> <span class='ocrx_word' id='word_1_131' title='bbox 1082 2191 1149 2229; x_wconf 85' lang='lat' dir='ltr'>ex</span> <span class='ocrx_word' id='word_1_132' title='bbox 1180 2172 1438 2246; x_wconf 86' lang='lat' dir='ltr'>crapula,</span> <span class='ocrx_word' id='word_1_133' title='bbox 1470 2171 1527 2226; x_wconf 91' lang='lat' dir='ltr'>id</span> <span class='ocrx_word' id='word_1_134' title='bbox 1570 2175 1659 2227; x_wconf 89' lang='lat' dir='ltr'>est</span> <span class='ocrx_word' id='word_1_135' title='bbox 1695 2188 1763 2226; x_wconf 84' lang='lat' dir='ltr'><strong>ex</strong></span> 
     </span>
    </p>
   </div>
   <div class='ocr_carea' id='block_1_21' title="bbox 126 2262 1759 2336">
    <p class='ocr_par' dir='ltr' id='par_1_21' title="bbox 126 2262 1759 2336">
     <span class='ocr_line' id='line_1_21' title="bbox 126 2262 1759 2336; baseline -0.006 -14"><span class='ocrx_word' id='word_1_136' title='bbox 126 2267 293 2323; x_wconf 88' lang='lat' dir='ltr'>nimio</span> <span class='ocrx_word' id='word_1_137' title='bbox 322 2266 450 2321; x_wconf 87' lang='lat' dir='ltr'>cibo</span> <span class='ocrx_word' id='word_1_138' title='bbox 481 2264 571 2320; x_wconf 88' lang='lat' dir='ltr'>vel</span> <span class='ocrx_word' id='word_1_139' title='bbox 598 2268 759 2336; x_wconf 91' lang='lat' dir='ltr'>potu,</span> <span class='ocrx_word' id='word_1_140' title='bbox 806 2262 1122 2335; x_wconf 84' lang='lat' dir='ltr'>aliquando</span> <span class='ocrx_word' id='word_1_141' title='bbox 1171 2279 1239 2318; x_wconf 84' lang='lat' dir='ltr'>ex</span> <span class='ocrx_word' id='word_1_142' title='bbox 1288 2266 1511 2317; x_wconf 64' lang='lat' dir='ltr'>natura:</span> <span class='ocrx_word' id='word_1_143' title='bbox 1558 2277 1759 2332; x_wconf 89' lang='lat' dir='ltr'>super-</span> 
     </span>
    </p>
   </div>
   <div class='ocr_carea' id='block_1_22' title="bbox 128 2350 1763 2424">
    <p class='ocr_par' dir='ltr' id='par_1_22' title="bbox 128 2350 1763 2424">
     <span class='ocr_line' id='line_1_22' title="bbox 128 2350 1763 2424; baseline -0.006 -12"><span class='ocrx_word' id='word_1_144' title='bbox 128 2357 333 2412; x_wconf 87' lang='lat' dir='ltr'>ﬂuitate</span> <span class='ocrx_word' id='word_1_145' title='bbox 360 2353 447 2411; x_wconf 90' lang='lat' dir='ltr'>vel</span> <span class='ocrx_word' id='word_1_146' title='bbox 496 2354 858 2419; x_wconf 83' lang='lat' dir='ltr'>infirmitate,</span> <span class='ocrx_word' id='word_1_147' title='bbox 914 2352 1229 2424; x_wconf 86' lang='lat' dir='ltr'>aliquando</span> <span class='ocrx_word' id='word_1_148' title='bbox 1288 2368 1357 2407; x_wconf 85' lang='lat' dir='ltr'>ex</span> <span class='ocrx_word' id='word_1_149' title='bbox 1413 2350 1763 2423; x_wconf 85' lang='lat' dir='ltr'>cogitatione</span> 
     </span>
    </p>
   </div>
   <div class='ocr_carea' id='block_1_23' title="bbox 126 2438 1761 2518">
    <p class='ocr_par' dir='ltr' id='par_1_23' title="bbox 126 2438 1761 2518">
     <span class='ocr_line' id='line_1_23' title="bbox 126 2438 1761 2518; baseline -0.004 -19"><span class='ocrx_word' id='word_1_150' title='bbox 126 2444 413 2518; x_wconf 89' lang='lat' dir='ltr'>contingit.</span> <span class='ocrx_word' id='word_1_151' title='bbox 448 2444 520 2497; x_wconf 87' lang='lat' dir='ltr'>Et</span> <span class='ocrx_word' id='word_1_152' title='bbox 550 2442 788 2515; x_wconf 87' lang='lat' dir='ltr'>quidem</span> <span class='ocrx_word' id='word_1_153' title='bbox 822 2458 955 2496; x_wconf 90' lang='lat' dir='ltr'>cum</span> <span class='ocrx_word' id='word_1_154' title='bbox 989 2458 1057 2496; x_wconf 83' lang='lat' dir='ltr'>ex</span> <span class='ocrx_word' id='word_1_155' title='bbox 1088 2445 1307 2496; x_wconf 73' lang='lat' dir='ltr'>natura:</span> <span class='ocrx_word' id='word_1_156' title='bbox 1357 2438 1761 2511; x_wconf 88' lang='lat' dir='ltr'>superﬂuitate</span> 
     </span>
    </p>
   </div>
   <div class='ocr_carea' id='block_1_24' title="bbox 122 2527 1756 2597">
    <p class='ocr_par' dir='ltr' id='par_1_24' title="bbox 122 2527 1756 2597">
     <span class='ocr_line' id='line_1_24' title="bbox 122 2527 1756 2597; baseline -0.005 -10"><span class='ocrx_word' id='word_1_157' title='bbox 122 2534 197 2589; x_wconf 80' lang='lat' dir='ltr'>vel</span> <span class='ocrx_word' id='word_1_158' title='bbox 228 2532 569 2588; x_wconf 83' lang='lat' dir='ltr'>inﬁrmitate</span> <span class='ocrx_word' id='word_1_159' title='bbox 599 2530 871 2597; x_wconf 88' lang='lat' dir='ltr'>evenerit,</span> <span class='ocrx_word' id='word_1_160' title='bbox 907 2528 1244 2585; x_wconf 85' lang='lat' dir='ltr'>omnimodo</span> <span class='ocrx_word' id='word_1_161' title='bbox 1275 2529 1394 2583; x_wconf 66' lang='lat' dir='ltr'>haec</span> <span class='ocrx_word' id='word_1_162' title='bbox 1424 2527 1621 2582; x_wconf 89' lang='lat' dir='ltr'>illusio</span> <span class='ocrx_word' id='word_1_163' title='bbox 1644 2542 1756 2580; x_wconf 90' lang='lat' dir='ltr'>non</span> 
     </span>
    </p>
   </div>
   <div class='ocr_carea' id='block_1_25' title="bbox 121 2617 1759 2691">
    <p class='ocr_par' dir='ltr' id='par_1_25' title="bbox 121 2617 1759 2691">
     <span class='ocr_line' id='line_1_25' title="bbox 121 2617 1759 2691; baseline -0.003 -14"><span class='ocrx_word' id='word_1_164' title='bbox 121 2627 201 2678; x_wconf 87' lang='lat' dir='ltr'>est</span> <span class='ocrx_word' id='word_1_165' title='bbox 229 2622 487 2676; x_wconf 89' lang='lat' dir='ltr'>timenda</span> <span class='ocrx_word' id='word_1_166' title='bbox 517 2638 531 2687; x_wconf 89' lang='lat'><strong>;</strong></span> <span class='ocrx_word' id='word_1_167' title='bbox 565 2620 665 2675; x_wconf 88' lang='lat' dir='ltr'>sed</span> <span class='ocrx_word' id='word_1_168' title='bbox 699 2619 796 2675; x_wconf 92' lang='lat' dir='ltr'>ille</span> <span class='ocrx_word' id='word_1_169' title='bbox 827 2619 924 2690; x_wconf 90' lang='lat' dir='ltr'>qui</span> <span class='ocrx_word' id='word_1_170' title='bbox 958 2619 1214 2691; x_wconf 86' lang='lat' dir='ltr'>pertulit,</span> <span class='ocrx_word' id='word_1_171' title='bbox 1249 2636 1309 2674; x_wconf 90' lang='lat' dir='ltr'>se</span> <span class='ocrx_word' id='word_1_172' title='bbox 1341 2617 1536 2689; x_wconf 91' lang='lat' dir='ltr'>ipsum</span> <span class='ocrx_word' id='word_1_173' title='bbox 1567 2635 1631 2673; x_wconf 88' lang='lat' dir='ltr'>ac</span> <span class='ocrx_word' id='word_1_174' title='bbox 1666 2635 1759 2672; x_wconf 87' lang='lat' dir='ltr'>ve-</span> 
     </span>
    </p>
   </div>
   <div class='ocr_carea' id='block_1_26' title="bbox 122 2707 1759 2780">
    <p class='ocr_par' dir='ltr' id='par_1_26' title="bbox 122 2707 1759 2780">
     <span class='ocr_line' id='line_1_26' title="bbox 122 2707 1759 2780; baseline -0.002 -13"><span class='ocrx_word' id='word_1_175' title='bbox 122 2710 386 2767; x_wconf 88' lang='lat' dir='ltr'>stimenta</span> <span class='ocrx_word' id='word_1_176' title='bbox 415 2727 529 2765; x_wconf 88' lang='lat' dir='ltr'>sua</span> <span class='ocrx_word' id='word_1_177' title='bbox 559 2709 727 2780; x_wconf 90' lang='lat' dir='ltr'>aquis</span> <span class='ocrx_word' id='word_1_178' title='bbox 758 2708 1109 2774; x_wconf 90' lang='lat' dir='ltr'>emundans,</span> <span class='ocrx_word' id='word_1_179' title='bbox 1142 2707 1298 2763; x_wconf 90' lang='lat' dir='ltr'>licite</span> <span class='ocrx_word' id='word_1_180' title='bbox 1331 2707 1759 2763; x_wconf 89' lang='lat' dir='ltr'>misnisterium</span> 
     </span>
    </p>
   </div>
   <div class='ocr_carea' id='block_1_27' title="bbox 865 344 2784 412">
    <p class='ocr_par' dir='ltr' id='par_1_27' title="bbox 865 344 2784 412">
     <span class='ocr_line' id='line_1_27' title="bbox 865 344 2784 412; baseline -0.002 -2"><span class='ocrx_word' id='word_1_181' title='bbox 865 348 1268 412; x_wconf 80' lang='lat' dir='ltr'>WALTERII</span> <span class='ocrx_word' id='word_1_182' title='bbox 1310 345 1936 412; x_wconf 80' lang='lat' dir='ltr'>AURELIANENSIS</span> <span class='ocrx_word' id='word_1_183' title='bbox 1978 344 2328 408; x_wconf 89' lang='lat' dir='ltr'>EPISCOPI</span> <span class='ocrx_word' id='word_1_184' title='bbox 2373 345 2784 410; x_wconf 85' lang='lat' dir='ltr'>CAPITULA.</span> 
     </span>
    </p>
   </div>
   <div class='ocr_carea' id='block_1_28' title="bbox 3401 342 3523 415">
    <p class='ocr_par' dir='ltr' id='par_1_28' title="bbox 3401 342 3523 415">
     <span class='ocr_line' id='line_1_28' title="bbox 3401 342 3523 415; baseline 0.066 -9"><span class='ocrx_word' id='word_1_185' title='bbox 3401 342 3523 415; x_wconf 79' lang='lat'>726.</span> 
     </span>
    </p>
   </div>
   <div class='ocr_carea' id='block_1_29' title="bbox 1796 462 3520 554">
    <p class='ocr_par' dir='ltr' id='par_1_29' title="bbox 1796 462 3520 554">
     <span class='ocr_line' id='line_1_29' title="bbox 1796 462 3520 554; baseline 0.001 -18"><span class='ocrx_word' id='word_1_186' title='bbox 1796 482 1853 550; x_wconf 77' lang='grc' dir='ltr'><strong>Α</strong></span> <span class='ocrx_word' id='word_1_187' title='bbox 1881 482 2120 553; x_wconf 88' lang='lat' dir='ltr'>peragat</span> <span class='ocrx_word' id='word_1_188' title='bbox 2150 483 2206 536; x_wconf 90' lang='lat' dir='ltr'>et</span> <span class='ocrx_word' id='word_1_189' title='bbox 2236 480 2306 536; x_wconf 90' lang='lat' dir='ltr'>ad</span> <span class='ocrx_word' id='word_1_190' title='bbox 2340 497 2507 537; x_wconf 89' lang='lat' dir='ltr'>sacra</span> <span class='ocrx_word' id='word_1_191' title='bbox 2533 478 2813 554; x_wconf 81' lang='lat' dir='ltr'>mysteria</span> <span class='ocrx_word' id='word_1_192' title='bbox 2837 479 3078 538; x_wconf 87' lang='lat' dir='ltr'>devotus</span> <span class='ocrx_word' id='word_1_193' title='bbox 3108 462 3358 537; x_wconf 80' lang='lat' dir='ltr'>accedat.</span> <span class='ocrx_word' id='word_1_194' title='bbox 3374 479 3520 538; x_wconf 85' lang='lat' dir='ltr'>Cum</span> 
     </span>
    </p>
   </div>
   <div class='ocr_carea' id='block_1_30' title="bbox 1871 570 3525 643">
    <p class='ocr_par' dir='ltr' id='par_1_30' title="bbox 1871 570 3525 643">
     <span class='ocr_line' id='line_1_30' title="bbox 1871 570 3525 643; baseline 0.002 -19"><span class='ocrx_word' id='word_1_195' title='bbox 1871 586 2006 626; x_wconf 90' lang='lat' dir='ltr'>vero</span> <span class='ocrx_word' id='word_1_196' title='bbox 2036 570 2189 625; x_wconf 89' lang='lat' dir='ltr'>ultra</span> <span class='ocrx_word' id='word_1_197' title='bbox 2220 570 2458 626; x_wconf 91' lang='lat' dir='ltr'>modum</span> <span class='ocrx_word' id='word_1_198' title='bbox 2490 570 2784 643; x_wconf 87' lang='lat' dir='ltr'>appetitus</span> <span class='ocrx_word' id='word_1_199' title='bbox 2816 570 2964 643; x_wconf 68' lang='lat' dir='ltr'>gulae</span> <span class='ocrx_word' id='word_1_200' title='bbox 2996 570 3055 626; x_wconf 92' lang='lat' dir='ltr'>in</span> <span class='ocrx_word' id='word_1_201' title='bbox 3088 572 3393 627; x_wconf 89' lang='lat' dir='ltr'>sumendis</span> <span class='ocrx_word' id='word_1_202' title='bbox 3422 571 3525 627; x_wconf 89' lang='lat' dir='ltr'>ali-</span> 
     </span>
    </p>
   </div>
   <div class='ocr_carea' id='block_1_31' title="bbox 1873 658 3527 732">
    <p class='ocr_par' dir='ltr' id='par_1_31' title="bbox 1873 658 3527 732">
     <span class='ocr_line' id='line_1_31' title="bbox 1873 658 3527 732; baseline 0.001 -17"><span class='ocrx_word' id='word_1_203' title='bbox 1873 659 2088 715; x_wconf 85' lang='lat' dir='ltr'>mentis</span> <span class='ocrx_word' id='word_1_204' title='bbox 2118 658 2361 731; x_wconf 87' lang='lat' dir='ltr'>rapitur,</span> <span class='ocrx_word' id='word_1_205' title='bbox 2378 663 2550 732; x_wconf 91' lang='lat' dir='ltr'>atque</span> <span class='ocrx_word' id='word_1_206' title='bbox 2581 659 2796 716; x_wconf 88' lang='lat' dir='ltr'>idcirco</span> <span class='ocrx_word' id='word_1_207' title='bbox 2818 660 3135 715; x_wconf 91' lang='lat' dir='ltr'>humorum</span> <span class='ocrx_word' id='word_1_208' title='bbox 3158 660 3527 732; x_wconf 89' lang='lat' dir='ltr'>receptacula</span> 
     </span>
    </p>
   </div>
   <div class='ocr_carea' id='block_1_32' title="bbox 1872 748 3520 822">
    <p class='ocr_par' dir='ltr' id='par_1_32' title="bbox 1872 748 3520 822">
     <span class='ocr_line' id='line_1_32' title="bbox 1872 748 3520 822; baseline 0.002 -20"><span class='ocrx_word' id='word_1_209' title='bbox 1872 752 2205 819; x_wconf 88' lang='lat' dir='ltr'>gravantur,</span> <span class='ocrx_word' id='word_1_210' title='bbox 2241 748 2415 803; x_wconf 88' lang='lat' dir='ltr'>habet</span> <span class='ocrx_word' id='word_1_211' title='bbox 2444 749 2651 805; x_wconf 87' lang='lat' dir='ltr'>exinde</span> <span class='ocrx_word' id='word_1_212' title='bbox 2691 750 2925 805; x_wconf 90' lang='lat' dir='ltr'>animus</span> <span class='ocrx_word' id='word_1_213' title='bbox 2968 750 3225 822; x_wconf 88' lang='lat' dir='ltr'>aliquem</span> <span class='ocrx_word' id='word_1_214' title='bbox 3274 754 3520 819; x_wconf 89' lang='lat' dir='ltr'>reatum,</span> 
     </span>
    </p>
   </div>
   <div class='ocr_carea' id='block_1_33' title="bbox 1872 837 3522 911">
    <p class='ocr_par' dir='ltr' id='par_1_33' title="bbox 1872 837 3522 911">
     <span class='ocr_line' id='line_1_33' title="bbox 1872 837 3522 911; baseline 0.002 -20"><span class='ocrx_word' id='word_1_215' title='bbox 1872 841 2196 892; x_wconf 90' lang='lat' dir='ltr'>nontamen</span> <span class='ocrx_word' id='word_1_216' title='bbox 2216 854 2402 909; x_wconf 90' lang='lat' dir='ltr'>usque</span> <span class='ocrx_word' id='word_1_217' title='bbox 2424 838 2494 893; x_wconf 92' lang='lat' dir='ltr'>ad</span> <span class='ocrx_word' id='word_1_218' title='bbox 2520 837 2973 910; x_wconf 87' lang='lat' dir='ltr'>prohibitionem</span> <span class='ocrx_word' id='word_1_219' title='bbox 2994 837 3349 911; x_wconf 89' lang='lat' dir='ltr'>percipiendi</span> <span class='ocrx_word' id='word_1_220' title='bbox 3372 839 3522 894; x_wconf 90' lang='lat' dir='ltr'>sacri</span> 
     </span>
    </p>
   </div>
   <div class='ocr_carea' id='block_1_34' title="bbox 1872 926 3521 999">
    <p class='ocr_par' dir='ltr' id='par_1_34' title="bbox 1872 926 3521 999">
     <span class='ocr_line' id='line_1_34' title="bbox 1872 926 3521 999; baseline 0.001 -19"><span class='ocrx_word' id='word_1_221' title='bbox 1872 926 2131 999; x_wconf 80' lang='lat' dir='ltr'>mysterii</span> <span class='ocrx_word' id='word_1_222' title='bbox 2164 926 2249 981; x_wconf 83' lang='lat' dir='ltr'>vel</span> <span class='ocrx_word' id='word_1_223' title='bbox 2301 927 2618 982; x_wconf 90' lang='lat' dir='ltr'>missarum</span> <span class='ocrx_word' id='word_1_224' title='bbox 2668 927 2953 982; x_wconf 88' lang='lat' dir='ltr'>solemnia</span> <span class='ocrx_word' id='word_1_225' title='bbox 3002 927 3352 995; x_wconf 86' lang='lat' dir='ltr'>celebrandi,</span> <span class='ocrx_word' id='word_1_226' title='bbox 3386 943 3521 982; x_wconf 90' lang='lat' dir='ltr'>cum</span> 
     </span>
    </p>
   </div>
   <div class='ocr_carea' id='block_1_35' title="bbox 1872 1015 3520 1090">
    <p class='ocr_par' dir='ltr' id='par_1_35' title="bbox 1872 1015 3520 1090">
     <span class='ocr_line' id='line_1_35' title="bbox 1872 1015 3520 1090; baseline 0.001 -20"><span class='ocrx_word' id='word_1_227' title='bbox 1872 1015 2117 1071; x_wconf 87' lang='lat' dir='ltr'>fortasse</span> <span class='ocrx_word' id='word_1_228' title='bbox 2149 1020 2249 1070; x_wconf 89' lang='lat' dir='ltr'>aut</span> <span class='ocrx_word' id='word_1_229' title='bbox 2280 1016 2462 1071; x_wconf 83' lang='lat' dir='ltr'>festus</span> <span class='ocrx_word' id='word_1_230' title='bbox 2491 1016 2615 1070; x_wconf 90' lang='lat' dir='ltr'>dies</span> <span class='ocrx_word' id='word_1_231' title='bbox 2645 1016 2840 1089; x_wconf 83' lang='lat' dir='ltr'>exigit,</span> <span class='ocrx_word' id='word_1_232' title='bbox 2874 1021 2976 1071; x_wconf 89' lang='lat' dir='ltr'>aut</span> <span class='ocrx_word' id='word_1_233' title='bbox 3014 1016 3269 1072; x_wconf 83' lang='lat' dir='ltr'>exhiberi</span> <span class='ocrx_word' id='word_1_234' title='bbox 3302 1020 3520 1090; x_wconf 84' lang='lat' dir='ltr'>myste—</span> 
     </span>
    </p>
   </div>
   <div class='ocr_carea' id='block_1_36' title="bbox 1872 1103 3522 1178">
    <p class='ocr_par' dir='ltr' id='par_1_36' title="bbox 1872 1103 3522 1178">
     <span class='ocr_line' id='line_1_36' title="bbox 1872 1103 3522 1178; baseline 0.001 -19"><span class='ocrx_word' id='word_1_235' title='bbox 1872 1103 2046 1169; x_wconf 85' lang='lat' dir='ltr'>rium,</span> <span class='ocrx_word' id='word_1_236' title='bbox 2080 1121 2183 1177; x_wconf 89' lang='lat' dir='ltr'>pro</span> <span class='ocrx_word' id='word_1_237' title='bbox 2215 1121 2280 1159; x_wconf 93' lang='lat' dir='ltr'>eo</span> <span class='ocrx_word' id='word_1_238' title='bbox 2311 1105 2465 1176; x_wconf 92' lang='lat' dir='ltr'>quod</span> <span class='ocrx_word' id='word_1_239' title='bbox 2499 1105 2768 1160; x_wconf 87' lang='lat' dir='ltr'>sacerdos</span> <span class='ocrx_word' id='word_1_240' title='bbox 2788 1104 2938 1161; x_wconf 90' lang='lat' dir='ltr'>alius</span> <span class='ocrx_word' id='word_1_241' title='bbox 2960 1105 3018 1161; x_wconf 90' lang='lat' dir='ltr'>in</span> <span class='ocrx_word' id='word_1_242' title='bbox 3042 1105 3166 1162; x_wconf 94' lang='lat' dir='ltr'>loco</span> <span class='ocrx_word' id='word_1_243' title='bbox 3188 1106 3370 1173; x_wconf 90' lang='lat' dir='ltr'>deest,</span> <span class='ocrx_word' id='word_1_244' title='bbox 3392 1106 3522 1178; x_wconf 91' lang='lat' dir='ltr'>ipsa</span> 
     </span>
    </p>
   </div>
   <div class='ocr_carea' id='block_1_37' title="bbox 1873 1192 3520 1267">
    <p class='ocr_par' dir='ltr' id='par_1_37' title="bbox 1873 1192 3520 1267">
     <span class='ocr_line' id='line_1_37' title="bbox 1873 1192 3520 1267; baseline 0.002 -20"><span class='ocrx_word' id='word_1_245' title='bbox 1873 1193 2191 1248; x_wconf 87' lang='lat' dir='ltr'>necessitas</span> <span class='ocrx_word' id='word_1_246' title='bbox 2224 1192 2541 1263; x_wconf 90' lang='lat' dir='ltr'>compellit.</span> <span class='ocrx_word' id='word_1_247' title='bbox 2575 1194 2722 1249; x_wconf 88' lang='lat' dir='ltr'>Nam</span> <span class='ocrx_word' id='word_1_248' title='bbox 2766 1193 2817 1249; x_wconf 92' lang='lat' dir='ltr'>si</span> <span class='ocrx_word' id='word_1_249' title='bbox 2848 1194 3063 1250; x_wconf 88' lang='lat' dir='ltr'>adsunt</span> <span class='ocrx_word' id='word_1_250' title='bbox 3110 1194 3206 1250; x_wconf 92' lang='lat' dir='ltr'>alii</span> <span class='ocrx_word' id='word_1_251' title='bbox 3257 1195 3358 1267; x_wconf 89' lang='lat' dir='ltr'>qui</span> <span class='ocrx_word' id='word_1_252' title='bbox 3408 1195 3520 1251; x_wconf 90' lang='lat' dir='ltr'>im-</span> 
     </span>
    </p>
   </div>
   <div class='ocr_carea' id='block_1_38' title="bbox 1873 1280 3519 1356">
    <p class='ocr_par' dir='ltr' id='par_1_38' title="bbox 1873 1280 3519 1356">
     <span class='ocr_line' id='line_1_38' title="bbox 1873 1280 3519 1356; baseline 0.002 -21"><span class='ocrx_word' id='word_1_253' title='bbox 1873 1280 2028 1353; x_wconf 89' lang='lat' dir='ltr'>plere</span> <span class='ocrx_word' id='word_1_254' title='bbox 2058 1280 2201 1336; x_wconf 90' lang='lat' dir='ltr'>illud</span> <span class='ocrx_word' id='word_1_255' title='bbox 2232 1282 2491 1337; x_wconf 79' lang='lat' dir='ltr'>ofﬁcium</span> <span class='ocrx_word' id='word_1_256' title='bbox 2522 1281 2770 1349; x_wconf 90' lang='lat' dir='ltr'>valeant,</span> <span class='ocrx_word' id='word_1_257' title='bbox 2809 1280 3007 1338; x_wconf 88' lang='lat' dir='ltr'>illusio</span> <span class='ocrx_word' id='word_1_258' title='bbox 3064 1300 3167 1356; x_wconf 89' lang='lat' dir='ltr'>per</span> <span class='ocrx_word' id='word_1_259' title='bbox 3219 1283 3519 1355; x_wconf 89' lang='lat' dir='ltr'>crapulam</span> 
     </span>
    </p>
   </div>
   <div class='ocr_carea' id='block_1_39' title="bbox 1873 1371 3517 1443">
    <p class='ocr_par' dir='ltr' id='par_1_39' title="bbox 1873 1371 3517 1443">
     <span class='ocr_line' id='line_1_39' title="bbox 1873 1371 3517 1443; baseline 0.003 -20"><span class='ocrx_word' id='word_1_260' title='bbox 1873 1371 2025 1424; x_wconf 85' lang='lat' dir='ltr'>facta</span> <span class='ocrx_word' id='word_1_261' title='bbox 2048 1387 2081 1424; x_wconf 92' lang='lat' dir='ltr'>a</span> <span class='ocrx_word' id='word_1_262' title='bbox 2102 1371 2468 1442; x_wconf 88' lang='lat' dir='ltr'>perceptione</span> <span class='ocrx_word' id='word_1_263' title='bbox 2487 1371 2837 1427; x_wconf 87' lang='lat' dir='ltr'>sacramenti</span> <span class='ocrx_word' id='word_1_264' title='bbox 2860 1371 3164 1443; x_wconf 90' lang='lat' dir='ltr'>prohibere</span> <span class='ocrx_word' id='word_1_265' title='bbox 3186 1389 3301 1428; x_wconf 91' lang='lat' dir='ltr'>non</span> <span class='ocrx_word' id='word_1_266' title='bbox 3326 1372 3517 1440; x_wconf 87' lang='lat' dir='ltr'>debet,</span> 
     </span>
    </p>
   </div>
   <div class='ocr_carea' id='block_1_40' title="bbox 1873 1458 3521 1533">
    <p class='ocr_par' dir='ltr' id='par_1_40' title="bbox 1873 1458 3521 1533">
     <span class='ocr_line' id='line_1_40' title="bbox 1873 1458 3521 1533; baseline 0.002 -19"><span class='ocrx_word' id='word_1_267' title='bbox 1873 1460 1974 1514; x_wconf 92' lang='lat' dir='ltr'>sed</span> <span class='ocrx_word' id='word_1_268' title='bbox 2008 1458 2080 1513; x_wconf 90' lang='lat' dir='ltr'>ab</span> <span class='ocrx_word' id='word_1_269' title='bbox 2115 1458 2514 1515; x_wconf 85' lang='lat' dir='ltr'>immolatione</span> <span class='ocrx_word' id='word_1_270' title='bbox 2547 1461 2695 1514; x_wconf 87' lang='lat' dir='ltr'>sacri</span> <span class='ocrx_word' id='word_1_271' title='bbox 2729 1460 2986 1533; x_wconf 87' lang='lat' dir='ltr'>mysterii</span> <span class='ocrx_word' id='word_1_272' title='bbox 3018 1462 3330 1530; x_wconf 89' lang='lat' dir='ltr'>abstinere,</span> <span class='ocrx_word' id='word_1_273' title='bbox 3350 1466 3416 1517; x_wconf 91' lang='lat' dir='ltr'>ut</span> <span class='ocrx_word' id='word_1_274' title='bbox 3436 1479 3521 1517; x_wconf 86' lang='lat' dir='ltr'>ar-</span> 
     </span>
    </p>
   </div>
   <div class='ocr_carea' id='block_1_41' title="bbox 1878 1546 3521 1613">
    <p class='ocr_par' dir='ltr' id='par_1_41' title="bbox 1878 1546 3521 1613">
     <span class='ocr_line' id='line_1_41' title="bbox 1878 1546 3521 1613; baseline 0.002 -12"><span class='ocrx_word' id='word_1_275' title='bbox 1878 1546 2080 1613; x_wconf 91' lang='lat' dir='ltr'>bitror,</span> <span class='ocrx_word' id='word_1_276' title='bbox 2113 1546 2419 1602; x_wconf 82' lang='lat' dir='ltr'>humiliter</span> <span class='ocrx_word' id='word_1_277' title='bbox 2448 1547 2639 1613; x_wconf 87' lang='lat' dir='ltr'>debet,</span> <span class='ocrx_word' id='word_1_278' title='bbox 2672 1546 2721 1602; x_wconf 88' lang='lat' dir='ltr'>si</span> <span class='ocrx_word' id='word_1_279' title='bbox 2754 1552 2947 1604; x_wconf 89' lang='lat' dir='ltr'>tamen</span> <span class='ocrx_word' id='word_1_280' title='bbox 2978 1548 3366 1604; x_wconf 89' lang='lat' dir='ltr'>dormientem</span> <span class='ocrx_word' id='word_1_281' title='bbox 3397 1552 3521 1604; x_wconf 88' lang='lat' dir='ltr'>tur-</span> 
     </span>
    </p>
   </div>
   <div class='ocr_carea' id='block_1_42' title="bbox 1874 1634 3522 1709">
    <p class='ocr_par' dir='ltr' id='par_1_42' title="bbox 1874 1634 3522 1709">
     <span class='ocr_line' id='line_1_42' title="bbox 1874 1634 3522 1709; baseline 0.002 -20"><span class='ocrx_word' id='word_1_282' title='bbox 1874 1635 1964 1707; x_wconf 91' lang='lat' dir='ltr'>pis</span> <span class='ocrx_word' id='word_1_283' title='bbox 2010 1634 2350 1708; x_wconf 90' lang='lat' dir='ltr'>imaginatio</span> <span class='ocrx_word' id='word_1_284' title='bbox 2383 1653 2496 1691; x_wconf 91' lang='lat' dir='ltr'>non</span> <span class='ocrx_word' id='word_1_285' title='bbox 2528 1637 2908 1692; x_wconf 89' lang='lat' dir='ltr'>concusserit.</span> <span class='ocrx_word' id='word_1_286' title='bbox 2943 1637 3088 1693; x_wconf 91' lang='lat' dir='ltr'>Nam</span> <span class='ocrx_word' id='word_1_287' title='bbox 3120 1641 3259 1693; x_wconf 90' lang='lat' dir='ltr'>sunt</span> <span class='ocrx_word' id='word_1_288' title='bbox 3305 1636 3522 1709; x_wconf 83' lang='lat' dir='ltr'>quibus</span> 
     </span>
    </p>
   </div>
   <div class='ocr_carea' id='block_1_43' title="bbox 1873 1722 3522 1796">
    <p class='ocr_par' dir='ltr' id='par_1_43' title="bbox 1873 1722 3522 1796">
     <span class='ocr_line' id='line_1_43' title="bbox 1873 1722 3522 1796; baseline 0.002 -19"><span class='ocrx_word' id='word_1_289' title='bbox 1873 1722 2222 1796; x_wconf 90' lang='lat' dir='ltr'>plerumque</span> <span class='ocrx_word' id='word_1_290' title='bbox 2250 1724 2333 1779; x_wconf 91' lang='lat' dir='ltr'>ita</span> <span class='ocrx_word' id='word_1_291' title='bbox 2371 1724 2566 1781; x_wconf 91' lang='lat' dir='ltr'>illusio</span> <span class='ocrx_word' id='word_1_292' title='bbox 2615 1726 2876 1781; x_wconf 88' lang='lat' dir='ltr'>nascitur</span> <span class='ocrx_word' id='word_1_293' title='bbox 2929 1731 2994 1781; x_wconf 90' lang='lat' dir='ltr'>ut</span> <span class='ocrx_word' id='word_1_294' title='bbox 3039 1743 3241 1782; x_wconf 90' lang='lat' dir='ltr'>eorum</span> <span class='ocrx_word' id='word_1_295' title='bbox 3288 1726 3522 1781; x_wconf 89' lang='lat' dir='ltr'>animus</span> 
     </span>
    </p>
   </div>
   <div class='ocr_carea' id='block_1_44' title="bbox 1872 1811 3523 1889">
    <p class='ocr_par' dir='ltr' id='par_1_44' title="bbox 1872 1811 3523 1889">
     <span class='ocr_line' id='line_1_44' title="bbox 1872 1811 3523 1889; baseline 0.001 -22"><span class='ocrx_word' id='word_1_296' title='bbox 1872 1811 2045 1868; x_wconf 90' lang='lat' dir='ltr'>etiam</span> <span class='ocrx_word' id='word_1_297' title='bbox 2063 1812 2120 1867; x_wconf 92' lang='lat' dir='ltr'>in</span> <span class='ocrx_word' id='word_1_298' title='bbox 2136 1830 2342 1868; x_wconf 89' lang='lat' dir='ltr'>somno</span> <span class='ocrx_word' id='word_1_299' title='bbox 2361 1814 2619 1886; x_wconf 89' lang='lat' dir='ltr'>corporis</span> <span class='ocrx_word' id='word_1_300' title='bbox 2636 1814 2861 1886; x_wconf 88' lang='lat' dir='ltr'>positus</span> <span class='ocrx_word' id='word_1_301' title='bbox 2876 1814 3146 1887; x_wconf 87' lang='lat' dir='ltr'>turpibus</span> <span class='ocrx_word' id='word_1_302' title='bbox 3161 1814 3523 1889; x_wconf 87' lang='lat' dir='ltr'>imaginatio-</span> 
     </span>
    </p>
   </div>
   <div class='ocr_carea' id='block_1_45' title="bbox 1874 1902 3521 1977">
    <p class='ocr_par' dir='ltr' id='par_1_45' title="bbox 1874 1902 3521 1977">
     <span class='ocr_line' id='line_1_45' title="bbox 1874 1902 3521 1977; baseline 0.001 -21"><span class='ocrx_word' id='word_1_303' title='bbox 1874 1902 2048 1957; x_wconf 89' lang='lat' dir='ltr'>nibus</span> <span class='ocrx_word' id='word_1_304' title='bbox 2080 1920 2194 1957; x_wconf 89' lang='lat' dir='ltr'>non</span> <span class='ocrx_word' id='word_1_305' title='bbox 2228 1902 2493 1958; x_wconf 73' lang='lat' dir='ltr'>fmdetur.</span> <span class='ocrx_word' id='word_1_306' title='bbox 2519 1902 2577 1958; x_wconf 88' lang='lat' dir='ltr'>Si</span> <span class='ocrx_word' id='word_1_307' title='bbox 2608 1921 2741 1959; x_wconf 88' lang='lat' dir='ltr'>vero</span> <span class='ocrx_word' id='word_1_308' title='bbox 2771 1921 2840 1959; x_wconf 83' lang='lat' dir='ltr'>ex</span> <span class='ocrx_word' id='word_1_309' title='bbox 2868 1904 3023 1977; x_wconf 88' lang='lat' dir='ltr'>turpi</span> <span class='ocrx_word' id='word_1_310' title='bbox 3058 1905 3408 1977; x_wconf 87' lang='lat' dir='ltr'>cogitatione</span> <span class='ocrx_word' id='word_1_311' title='bbox 3436 1903 3521 1959; x_wconf 90' lang='lat' dir='ltr'>vi-</span> 
     </span>
    </p>
   </div>
   <div class='ocr_carea' id='block_1_46' title="bbox 1873 1998 3524 2072">
    <p class='ocr_par' dir='ltr' id='par_1_46' title="bbox 1873 1998 3524 2072">
     <span class='ocr_line' id='line_1_46' title="bbox 1873 1998 3524 2072; baseline 0.002 -19"><span class='ocrx_word' id='word_1_312' title='bbox 1873 1998 2110 2072; x_wconf 89' lang='lat' dir='ltr'>gilantis</span> <span class='ocrx_word' id='word_1_313' title='bbox 2142 2000 2327 2055; x_wconf 88' lang='lat' dir='ltr'>oritur</span> <span class='ocrx_word' id='word_1_314' title='bbox 2354 1999 2573 2066; x_wconf 88' lang='lat' dir='ltr'>illusio,</span> <span class='ocrx_word' id='word_1_315' title='bbox 2598 2004 2852 2055; x_wconf 87' lang='lat' dir='ltr'>mentem</span> <span class='ocrx_word' id='word_1_316' title='bbox 2874 2001 3221 2057; x_wconf 87' lang='lat' dir='ltr'>dormientis</span> <span class='ocrx_word' id='word_1_317' title='bbox 3241 2001 3407 2056; x_wconf 81' lang='lat' dir='ltr'>radix</span> <span class='ocrx_word' id='word_1_318' title='bbox 3429 2001 3524 2056; x_wconf 73' lang='grc' dir='ltr'>Γω-</span> 
     </span>
    </p>
   </div>
   <div class='ocr_carea' id='block_1_47' title="bbox 1873 2088 3521 2161">
    <p class='ocr_par' dir='ltr' id='par_1_47' title="bbox 1873 2088 3521 2161">
     <span class='ocr_line' id='line_1_47' title="bbox 1873 2088 3521 2161; baseline 0.002 -19"><span class='ocrx_word' id='word_1_319' title='bbox 1873 2088 1974 2142; x_wconf 88' lang='lat' dir='ltr'>dat</span> <span class='ocrx_word' id='word_1_320' title='bbox 2002 2088 2680 2160; x_wconf 86' lang='lat' dir='ltr'>coinquinationis.Quia</span> <span class='ocrx_word' id='word_1_321' title='bbox 2709 2090 2866 2161; x_wconf 89' lang='lat' dir='ltr'>quod</span> <span class='ocrx_word' id='word_1_322' title='bbox 2899 2088 3169 2161; x_wconf 85' lang='lat' dir='ltr'>cogitavit</span> <span class='ocrx_word' id='word_1_323' title='bbox 3197 2088 3388 2145; x_wconf 72' lang='lat' dir='ltr'>sc’ens</span> <span class='ocrx_word' id='word_1_324' title='bbox 3412 2088 3521 2145; x_wconf 89' lang='lat' dir='ltr'>hoc</span> 
     </span>
    </p>
   </div>
   <div class='ocr_carea' id='block_1_48' title="bbox 1872 2176 3522 2249">
    <p class='ocr_par' dir='ltr' id='par_1_48' title="bbox 1872 2176 3522 2249">
     <span class='ocr_line' id='line_1_48' title="bbox 1872 2176 3522 2249; baseline 0.001 -19"><span class='ocrx_word' id='word_1_325' title='bbox 1872 2176 2113 2249; x_wconf 87' lang='lat' dir='ltr'>pertulit</span> <span class='ocrx_word' id='word_1_326' title='bbox 2144 2177 2430 2233; x_wconf 88' lang='lat' dir='ltr'>nesciens.</span> <span class='ocrx_word' id='word_1_327' title='bbox 2460 2178 2571 2232; x_wconf 88' lang='lat' dir='ltr'>Iste</span> <span class='ocrx_word' id='word_1_328' title='bbox 2604 2176 2739 2232; x_wconf 89' lang='lat' dir='ltr'>talis</span> <span class='ocrx_word' id='word_1_329' title='bbox 2771 2195 2885 2233; x_wconf 90' lang='lat' dir='ltr'>non</span> <span class='ocrx_word' id='word_1_330' title='bbox 2916 2178 3086 2233; x_wconf 82' lang='lat' dir='ltr'>debet</span> <span class='ocrx_word' id='word_1_331' title='bbox 3128 2178 3401 2233; x_wconf 87' lang='lat' dir='ltr'>accedere</span> <span class='ocrx_word' id='word_1_332' title='bbox 3448 2178 3522 2233; x_wconf 90' lang='lat' dir='ltr'>ad</span> 
     </span>
    </p>
   </div>
   <div class='ocr_carea' id='block_1_49' title="bbox 1874 2265 3525 2339">
    <p class='ocr_par' dir='ltr' id='par_1_49' title="bbox 1874 2265 3525 2339">
     <span class='ocr_line' id='line_1_49' title="bbox 1874 2265 3525 2339; baseline 0 -18"><span class='ocrx_word' id='word_1_333' title='bbox 1874 2265 2313 2338; x_wconf 87' lang='lat' dir='ltr'>percipiendum</span> <span class='ocrx_word' id='word_1_334' title='bbox 2332 2267 2417 2321; x_wconf 84' lang='lat' dir='ltr'>vel</span> <span class='ocrx_word' id='word_1_335' title='bbox 2440 2267 2901 2321; x_wconf 68' lang='lat' dir='ltr'>consecrandum</span> <span class='ocrx_word' id='word_1_336' title='bbox 2925 2266 3183 2339; x_wconf 89' lang='lat' dir='ltr'>corporis</span> <span class='ocrx_word' id='word_1_337' title='bbox 3204 2272 3261 2322; x_wconf 91' lang='lat' dir='ltr'>et</span> <span class='ocrx_word' id='word_1_338' title='bbox 3289 2266 3525 2339; x_wconf 83' lang='lat' dir='ltr'>sangui-</span> 
     </span>
    </p>
   </div>
   <div class='ocr_carea' id='block_1_50' title="bbox 1873 2354 3526 2429">
    <p class='ocr_par' dir='ltr' id='par_1_50' title="bbox 1873 2354 3526 2429">
     <span class='ocr_line' id='line_1_50' title="bbox 1873 2354 3526 2429; baseline 0.001 -20"><span class='ocrx_word' id='word_1_339' title='bbox 1873 2354 1964 2410; x_wconf 90' lang='lat' dir='ltr'>nis</span> <span class='ocrx_word' id='word_1_340' title='bbox 1995 2354 2208 2410; x_wconf 87' lang='lat' dir='ltr'>Christi</span> <span class='ocrx_word' id='word_1_341' title='bbox 2242 2360 2673 2411; x_wconf 85' lang='lat' dir='ltr'>sacramentum</span> <span class='ocrx_word' id='word_1_342' title='bbox 2707 2373 3014 2429; x_wconf 89' lang='lat' dir='ltr'>quousque</span> <span class='ocrx_word' id='word_1_343' title='bbox 3060 2355 3411 2427; x_wconf 71' lang='lat' dir='ltr'>poenitentiaa</span> <span class='ocrx_word' id='word_1_344' title='bbox 3468 2359 3526 2410; x_wconf 91' lang='lat' dir='ltr'>et</span> 
     </span>
    </p>
   </div>
   <div class='ocr_carea' id='block_1_51' title="bbox 1872 2443 3525 2515">
    <p class='ocr_par' dir='ltr' id='par_1_51' title="bbox 1872 2443 3525 2515">
     <span class='ocr_line' id='line_1_51' title="bbox 1872 2443 3525 2515; baseline -0.001 -17"><span class='ocrx_word' id='word_1_345' title='bbox 1872 2443 2239 2498; x_wconf 77' lang='lat' dir='ltr'>abstinentiae</span> <span class='ocrx_word' id='word_1_346' title='bbox 2263 2444 2521 2499; x_wconf 85' lang='lat' dir='ltr'>biduana</span> <span class='ocrx_word' id='word_1_347' title='bbox 2542 2444 2630 2499; x_wconf 89' lang='lat' dir='ltr'>vel</span> <span class='ocrx_word' id='word_1_348' title='bbox 2661 2445 2937 2499; x_wconf 89' lang='lat' dir='ltr'>triduana</span> <span class='ocrx_word' id='word_1_349' title='bbox 2963 2444 3362 2499; x_wconf 84' lang='lat' dir='ltr'>satisfactione</span> <span class='ocrx_word' id='word_1_350' title='bbox 3394 2460 3525 2515; x_wconf 89' lang='lat' dir='ltr'>pur-</span> 
     </span>
    </p>
   </div>
   <div class='ocr_carea' id='block_1_52' title="bbox 1871 2533 3525 2605">
    <p class='ocr_par' dir='ltr' id='par_1_52' title="bbox 1871 2533 3525 2605">
     <span class='ocr_line' id='line_1_52' title="bbox 1871 2533 3525 2605; baseline 0.002 -19"><span class='ocrx_word' id='word_1_351' title='bbox 1871 2536 2045 2605; x_wconf 89' lang='lat' dir='ltr'>gatus</span> <span class='ocrx_word' id='word_1_352' title='bbox 2063 2537 2119 2588; x_wconf 90' lang='lat' dir='ltr'>et</span> <span class='ocrx_word' id='word_1_353' title='bbox 2142 2549 2295 2604; x_wconf 88' lang='lat' dir='ltr'>aqua</span> <span class='ocrx_word' id='word_1_354' title='bbox 2312 2533 2549 2588; x_wconf 90' lang='lat' dir='ltr'>ablutus</span> <span class='ocrx_word' id='word_1_355' title='bbox 2573 2534 2974 2601; x_wconf 79' lang='lat' dir='ltr'>mundelur,et</span> <span class='ocrx_word' id='word_1_356' title='bbox 2996 2538 3263 2589; x_wconf 88' lang='lat' dir='ltr'>sumente</span> <span class='ocrx_word' id='word_1_357' title='bbox 3286 2549 3525 2604; x_wconf 88' lang='lat' dir='ltr'>corpore</span> 
     </span>
    </p>
   </div>
   <div class='ocr_carea' id='block_1_53' title="bbox 1872 2622 3524 2694">
    <p class='ocr_par' dir='ltr' id='par_1_53' title="bbox 1872 2622 3524 2694">
     <span class='ocr_line' id='line_1_53' title="bbox 1872 2622 3524 2694; baseline 0.001 -19"><span class='ocrx_word' id='word_1_358' title='bbox 1872 2638 2058 2692; x_wconf 89' lang='lat' dir='ltr'>purus</span> <span class='ocrx_word' id='word_1_359' title='bbox 2090 2622 2156 2675; x_wconf 88' lang='lat' dir='ltr'>ad</span> <span class='ocrx_word' id='word_1_360' title='bbox 2195 2626 2313 2676; x_wconf 91' lang='lat' dir='ltr'>tam</span> <span class='ocrx_word' id='word_1_361' title='bbox 2346 2623 2815 2678; x_wconf 86' lang='lat' dir='ltr'>sacratissimum</span> <span class='ocrx_word' id='word_1_362' title='bbox 2843 2622 3101 2694; x_wconf 80' lang='lat' dir='ltr'>mysterii</span> <span class='ocrx_word' id='word_1_363' title='bbox 3126 2639 3342 2677; x_wconf 89' lang='lat' dir='ltr'>munus</span> <span class='ocrx_word' id='word_1_364' title='bbox 3368 2638 3524 2677; x_wconf 89' lang='lat' dir='ltr'>acce-</span> 
     </span>
    </p>
   </div>
   <div class='ocr_carea' id='block_1_54' title="bbox 1872 2710 2602 2766">
    <p class='ocr_par' dir='ltr' id='par_1_54' title="bbox 1872 2710 2602 2766">
     <span class='ocr_line' id='line_1_54' title="bbox 1872 2710 2602 2766; baseline 0 -2"><span class='ocrx_word' id='word_1_365' title='bbox 1872 2710 2006 2765; x_wconf 90' lang='lat' dir='ltr'>dere</span> <span class='ocrx_word' id='word_1_366' title='bbox 2037 2710 2268 2766; x_wconf 86' lang='lat' dir='ltr'>festinet</span> <span class='ocrx_word' id='word_1_367' title='bbox 2297 2710 2602 2765; x_wconf 92' lang='lat' dir='ltr'>immunis.</span> 
     </span>
    </p>
   </div>
   <div class='ocr_carea' id='block_1_55' title="bbox 1410 2955 2208 3002">
    <p class='ocr_par' dir='ltr' id='par_1_55' title="bbox 1410 2955 2208 3002">
     <span class='ocr_line' id='line_1_55' title="bbox 1410 2955 2208 3002; baseline 0 -3"><span class='ocrx_word' id='word_1_368' title='bbox 1410 2955 1575 3000; x_wconf 78' lang='lat' dir='ltr'><strong>ANNO</strong></span> <span class='ocrx_word' id='word_1_369' title='bbox 1620 2956 1835 3001; x_wconf 78' lang='lat' dir='ltr'>DOMINI</span> <span class='ocrx_word' id='word_1_370' title='bbox 1878 2956 2208 3002; x_wconf 80' lang='lat' dir='ltr'>DCCCLXVII.</span> 
     </span>
    </p>
   </div>
   <div class='ocr_carea' id='block_1_56' title="bbox 1150 3116 2471 3279">
    <p class='ocr_par' dir='ltr' id='par_1_56' title="bbox 1150 3116 2471 3279">
     <span class='ocr_line' id='line_1_56' title="bbox 1150 3116 2471 3279; baseline -0.001 0"><span class='ocrx_word' id='word_1_371' title='bbox 1150 3116 2471 3279; x_wconf 72' lang='lat' dir='ltr'>WALTERIUS</span> 
     </span>
    </p>
   </div>
   <div class='ocr_carea' id='block_1_57' title="bbox 1268 3373 2375 3437">
    <p class='ocr_par' dir='ltr' id='par_1_57' title="bbox 1268 3373 2375 3437">
     <span class='ocr_line' id='line_1_57' title="bbox 1268 3373 2375 3437; baseline 0.001 -4"><span class='ocrx_word' id='word_1_372' title='bbox 1268 3373 1894 3435; x_wconf 75' lang='lat' dir='ltr'>AURELIANENSIS</span> <span class='ocrx_word' id='word_1_373' title='bbox 1925 3373 2375 3437; x_wconf 85' lang='lat' dir='ltr'>EPISCOPUS.</span> 
     </span>
    </p>
   </div>
   <div class='ocr_carea' id='block_1_58' title="bbox 1600 3541 2026 3554">
    <p class='ocr_par' dir='ltr' id='par_1_58' title="bbox 1600 3541 2026 3554">
     <span class='ocr_line' id='line_1_58' title="bbox 1600 3541 2026 3554; baseline 0.005 -3"><span class='ocrx_word' id='word_1_374' title='bbox 1600 3541 2026 3554; x_wconf 63' lang='lat' dir='ltr'>I—_</span> 
     </span>
    </p>
   </div>
   <div class='ocr_carea' id='block_1_59' title="bbox 863 3604 1764 3765">
    <p class='ocr_par' dir='ltr' id='par_1_59' title="bbox 863 3604 1745 3762">
     <span class='ocr_line' id='line_1_59' title="bbox 863 3604 1745 3762; baseline -0.002 0"><span class='ocrx_word' id='word_1_375' title='bbox 863 3604 1459 3762; x_wconf 78' lang='lat' dir='ltr'>WAL&#39;I‘E</span> <span class='ocrx_word' id='word_1_376' title='bbox 1504 3610 1745 3760; x_wconf 73' lang='grc' dir='ltr'>[ΠΙ</span> 
     </span>
    </p>
   </div>
   <div class='ocr_carea' id='block_1_60' title="bbox 1949 3604 2857 3765">
    <p class='ocr_par' dir='ltr' id='par_1_60' title="bbox 1949 3605 2857 3764">
     <span class='ocr_line' id='line_1_60' title="bbox 1949 3605 2857 3764; baseline 0.006 -4"><span class='ocrx_word' id='word_1_377' title='bbox 1949 3605 2857 3764; x_wconf 58' lang='grc' dir='ltr'>ιΑΡΙἹἪΙλΛω)</span> 
     </span>
    </p>
   </div>
   <div class='ocr_carea' id='block_1_61' title="bbox 244 3869 3357 4013">
    <p class='ocr_par' dir='ltr' id='par_1_61' title="bbox 244 3869 3357 4013">
     <span class='ocr_line' id='line_1_61' title="bbox 244 3869 3357 4013; baseline 0.003 -83"><span class='ocrx_word' id='word_1_378' title='bbox 244 3871 671 3948; x_wconf 88' lang='lat' dir='ltr'>Promulgata</span> <span class='ocrx_word' id='word_1_379' title='bbox 699 3870 762 3929; x_wconf 91' lang='lat' dir='ltr'>in</span> <span class='ocrx_word' id='word_1_380' title='bbox 796 3869 1037 3949; x_wconf 83' lang='lat' dir='ltr'>synodo</span> <span class='ocrx_word' id='word_1_381' title='bbox 1069 3871 1235 3950; x_wconf 90' lang='lat' dir='ltr'>apud</span> <span class='ocrx_word' id='word_1_382' title='bbox 1268 3871 1915 4012; x_wconf 52' lang='lat' dir='ltr'>BullenSfmfundprlr:</span> <span class='ocrx_word' id='word_1_383' title='bbox 1962 3874 2235 4013; x_wconf 48' lang='lat' dir='ltr'>siccando</span> <span class='ocrx_word' id='word_1_384' title='bbox 2268 3872 2680 3933; x_wconf 89' lang='lat' dir='ltr'>ordinationis</span> <span class='ocrx_word' id='word_1_385' title='bbox 2709 3872 2847 3951; x_wconf 89' lang='lat' dir='ltr'>ejus</span> <span class='ocrx_word' id='word_1_386' title='bbox 2879 3894 3069 3951; x_wconf 88' lang='lat' dir='ltr'>anno,</span> <span class='ocrx_word' id='word_1_387' title='bbox 3102 3895 3189 3939; x_wconf 82' lang='lat' dir='ltr'>vn</span> <span class='ocrx_word' id='word_1_388' title='bbox 3216 3879 3357 3939; x_wconf 86' lang='lat' dir='ltr'>Kal.</span> 
     </span>
     <span class='ocr_line' id='line_1_62' title="bbox 1550 3971 2073 4013; baseline 0 -2"><span class='ocrx_word' id='word_1_389' title='bbox 1550 3971 1702 4013; x_wconf 87' lang='lat' dir='ltr'>unn.</span> <span class='ocrx_word' id='word_1_390' title='bbox 1736 3971 1805 4013; x_wconf 92' lang='lat' dir='ltr'>ce</span> <span class='ocrx_word' id='word_1_391' title='bbox 1833 3972 1865 4013; x_wconf 89' lang='lat' dir='ltr'>e</span> <span class='ocrx_word' id='word_1_392' title='bbox 1914 3971 1982 4013; x_wconf 91' lang='lat' dir='ltr'>ra</span> <span class='ocrx_word' id='word_1_393' title='bbox 2015 3971 2073 4013; x_wconf 91' lang='lat' dir='ltr'>a.</span> 
     </span>
    </p>
   </div>
   <div class='ocr_carea' id='block_1_62' title="bbox 1550 3971 2073 4024">
    <p class='ocr_par' dir='ltr' id='par_1_62' title="bbox 1550 3971 2073 4024">
     <span class='ocr_line' id='line_1_63' title="bbox 1550 3971 2073 4024; baseline 0 -13"><span class='ocrx_word' id='word_1_394' title='bbox 1550 3971 1702 4024; x_wconf 88' lang='lat' dir='ltr'>unu,</span> <span class='ocrx_word' id='word_1_395' title='bbox 1736 3971 2073 4013; x_wconf 80' lang='lat' dir='ltr'>celebrata.</span> 
     </span>
    </p>
   </div>
   <div class='ocr_carea' id='block_1_63' title="bbox 200 4188 1651 4261">
    <p class='ocr_par' dir='ltr' id='par_1_63' title="bbox 200 4188 1651 4261">
     <span class='ocr_line' id='line_1_64' title="bbox 200 4188 1651 4261; baseline -0.001 -17"><span class='ocrx_word' id='word_1_396' title='bbox 200 4190 338 4245; x_wconf 72' lang='lat' dir='ltr'>CAP.</span> <span class='ocrx_word' id='word_1_397' title='bbox 376 4194 422 4244; x_wconf 92' lang='grc' dir='ltr'><strong>Ι.</strong></span> <span class='ocrx_word' id='word_1_398' title='bbox 464 4221 533 4230; x_wconf 93' lang='grc'><strong><em>-</em></strong></span> <span class='ocrx_word' id='word_1_399' title='bbox 580 4188 848 4257; x_wconf 84' lang='lat' dir='ltr'>Quomodo</span> <span class='ocrx_word' id='word_1_400' title='bbox 895 4189 1272 4245; x_wconf 78' lang='lat' dir='ltr'>archidiaconi</span> <span class='ocrx_word' id='word_1_401' title='bbox 1311 4189 1651 4261; x_wconf 79' lang='lat' dir='ltr'>presbyteros</span> 
     </span>
    </p>
   </div>
   <div class='ocr_carea' id='block_1_64' title="bbox 776 4278 1097 4334">
    <p class='ocr_par' dir='ltr' id='par_1_64' title="bbox 776 4278 1097 4334">
     <span class='ocr_line' id='line_1_65' title="bbox 776 4278 1097 4334; baseline 0.003 -1"><span class='ocrx_word' id='word_1_402' title='bbox 776 4278 1097 4334; x_wconf 75' lang='lat' dir='ltr'>discutiant.</span> 
     </span>
    </p>
   </div>
   <div class='ocr_carea' id='block_1_65' title="bbox 1793 4188 3523 4264">
    <p class='ocr_par' dir='ltr' id='par_1_65' title="bbox 1793 4188 3523 4264">
     <span class='ocr_line' id='line_1_66' title="bbox 1793 4188 3523 4264; baseline 0.004 -17"><span class='ocrx_word' id='word_1_403' title='bbox 1793 4193 1835 4259; x_wconf 84' lang='lat' dir='ltr'>C</span> <span class='ocrx_word' id='word_1_404' title='bbox 1866 4190 1976 4247; x_wconf 86' lang='lat' dir='ltr'>sibi</span> <span class='ocrx_word' id='word_1_405' title='bbox 2008 4189 2353 4245; x_wconf 84' lang='lat' dir='ltr'>commissas</span> <span class='ocrx_word' id='word_1_406' title='bbox 2384 4188 2712 4261; x_wconf 87' lang='lat' dir='ltr'>parochias,</span> <span class='ocrx_word' id='word_1_407' title='bbox 2749 4189 3055 4263; x_wconf 85' lang='lat' dir='ltr'>diligenter</span> <span class='ocrx_word' id='word_1_408' title='bbox 3086 4194 3159 4264; x_wconf 83' lang='lat' dir='ltr'>(b)</span> <span class='ocrx_word' id='word_1_409' title='bbox 3200 4193 3523 4254; x_wconf 89' lang='lat' dir='ltr'>discutiant</span> 
     </span>
    </p>
   </div>
   <div class='ocr_carea' id='block_1_66' title="bbox 1870 4277 3520 4350">
    <p class='ocr_par' dir='ltr' id='par_1_66' title="bbox 1870 4277 3520 4350">
     <span class='ocr_line' id='line_1_67' title="bbox 1870 4277 3520 4350; baseline 0.006 -18"><span class='ocrx_word' id='word_1_410' title='bbox 1870 4279 2339 4350; x_wconf 80' lang='lat' dir='ltr'>presbyterorum</span> <span class='ocrx_word' id='word_1_411' title='bbox 2374 4278 2570 4343; x_wconf 78' lang='lat' dir='ltr'>ﬁdem,</span> <span class='ocrx_word' id='word_1_412' title='bbox 2604 4277 2917 4349; x_wconf 89' lang='lat' dir='ltr'>baptisma,</span> <span class='ocrx_word' id='word_1_413' title='bbox 2946 4284 3003 4334; x_wconf 88' lang='lat' dir='ltr'>et</span> <span class='ocrx_word' id='word_1_414' title='bbox 3053 4281 3336 4339; x_wconf 89' lang='lat' dir='ltr'>misarum</span> <span class='ocrx_word' id='word_1_415' title='bbox 3368 4286 3520 4343; x_wconf 87' lang='lat' dir='ltr'>cele-</span> 
     </span>
    </p>
   </div>
   <div class='ocr_carea' id='block_1_67' title="bbox 167 4350 3522 4447">
    <p class='ocr_par' dir='ltr' id='par_1_67' title="bbox 167 4350 3522 4447">
     <span class='ocr_line' id='line_1_68' title="bbox 167 4350 3522 4447; baseline 0.002 -24"><span class='ocrx_word' id='word_1_416' title='bbox 167 4350 458 4439; x_wconf 86' lang='lat' dir='ltr'>(llinem.,</span> <span class='ocrx_word' id='word_1_417' title='bbox 495 4368 671 4439; x_wconf 81' lang='lat' dir='ltr'>Capit.</span> <span class='ocrx_word' id='word_1_418' title='bbox 702 4367 815 4422; x_wconf 84' lang='lat' dir='ltr'>dat.</span> <span class='ocrx_word' id='word_1_419' title='bbox 848 4368 1111 4435; x_wconf 83' lang='lat' dir='ltr'>dccam&#39;s.)</span> <span class='ocrx_word' id='word_1_420' title='bbox 1135 4368 1205 4423; x_wconf 92' lang='lat' dir='ltr'>Ut</span> <span class='ocrx_word' id='word_1_421' title='bbox 1235 4367 1625 4424; x_wconf 89' lang='lat' dir='ltr'>archidiaconi</span> <span class='ocrx_word' id='word_1_422' title='bbox 1660 4385 1763 4439; x_wconf 89' lang='lat' dir='ltr'>per</span> <span class='ocrx_word' id='word_1_423' title='bbox 1870 4367 2197 4423; x_wconf 87' lang='lat' dir='ltr'>brationem</span> <span class='ocrx_word' id='word_1_424' title='bbox 2228 4384 2240 4421; x_wconf 91' lang='lat'><strong>:</strong></span> <span class='ocrx_word' id='word_1_425' title='bbox 2276 4372 2569 4439; x_wconf 87' lang='lat' dir='ltr'>quatenus</span> <span class='ocrx_word' id='word_1_426' title='bbox 2598 4371 2815 4421; x_wconf 87' lang='lat' dir='ltr'>rectam</span> <span class='ocrx_word' id='word_1_427' title='bbox 2848 4367 3021 4423; x_wconf 81' lang='lat' dir='ltr'>ﬁdem</span> <span class='ocrx_word' id='word_1_428' title='bbox 3049 4374 3311 4441; x_wconf 89' lang='lat' dir='ltr'>teneant;</span> <span class='ocrx_word' id='word_1_429' title='bbox 3336 4374 3522 4447; x_wconf 90' lang='lat' dir='ltr'>bapti-</span> 
     </span>
    </p>
   </div>
   <div class='ocr_carea' id='block_1_68' title="bbox 1293 4512 2339 4574">
    <p class='ocr_par' dir='ltr' id='par_1_68' title="bbox 1293 4512 2339 4574">
     <span class='ocr_line' id='line_1_69' title="bbox 1293 4512 2339 4574; baseline -0.002 -2"><span class='ocrx_word' id='word_1_430' title='bbox 1293 4513 1660 4574; x_wconf 81' lang='lat' dir='ltr'>LUDOVICI</span> <span class='ocrx_word' id='word_1_431' title='bbox 1706 4512 2060 4573; x_wconf 85' lang='lat' dir='ltr'>CELLOTII</span> <span class='ocrx_word' id='word_1_432' title='bbox 2105 4512 2339 4571; x_wconf 62' lang='lat' dir='ltr'>NO&#39;l‘jE</span> 
     </span>
    </p>
   </div>
   <div class='ocr_carea' id='block_1_69' title="bbox 166 4643 1768 4715">
    <p class='ocr_par' dir='ltr' id='par_1_69' title="bbox 166 4643 1768 4715">
     <span class='ocr_line' id='line_1_70' title="bbox 166 4643 1768 4715; baseline -0.001 -16"><span class='ocrx_word' id='word_1_433' title='bbox 166 4645 240 4715; x_wconf 74' lang='grc' dir='ltr'>(ιι)</span> <span class='ocrx_word' id='word_1_434' title='bbox 257 4646 494 4701; x_wconf 82' lang='lat' dir='ltr'>Horum</span> <span class='ocrx_word' id='word_1_435' title='bbox 517 4643 909 4715; x_wconf 87' lang='lat' dir='ltr'>capitulorum</span> <span class='ocrx_word' id='word_1_436' title='bbox 933 4648 1135 4699; x_wconf 90' lang='lat' dir='ltr'>auctor</span> <span class='ocrx_word' id='word_1_437' title='bbox 1148 4646 1457 4711; x_wconf 83' lang='lat' dir='ltr'>Wallerus,</span> <span class='ocrx_word' id='word_1_438' title='bbox 1475 4644 1768 4700; x_wconf 85' lang='lat' dir='ltr'>siveGual—</span> 
     </span>
    </p>
   </div>
   <div class='ocr_carea' id='block_1_70' title="bbox 99 4714 1766 4795">
    <p class='ocr_par' dir='ltr' id='par_1_70' title="bbox 99 4714 1766 4795">
     <span class='ocr_line' id='line_1_71' title="bbox 99 4714 1766 4795; baseline 0 -24"><span class='ocrx_word' id='word_1_439' title='bbox 99 4714 254 4795; x_wconf 49' lang='lat' dir='ltr'>tam?</span> <span class='ocrx_word' id='word_1_440' title='bbox 289 4714 750 4795; x_wconf 76' lang='lat' dir='ltr'>Aurelianensis</span> <span class='ocrx_word' id='word_1_441' title='bbox 787 4714 1120 4795; x_wconf 80' lang='lat' dir='ltr'>episcopus,</span> <span class='ocrx_word' id='word_1_442' title='bbox 1170 4716 1246 4795; x_wconf 6' lang='lat' dir='ltr'>in,</span> <span class='ocrx_word' id='word_1_443' title='bbox 1280 4717 1535 4795; x_wconf 10' lang='lat' dir='ltr'>concilio,</span> <span class='ocrx_word' id='word_1_444' title='bbox 1570 4722 1766 4795; x_wconf 82' lang='lat' dir='ltr'>nostro</span> 
     </span>
    </p>
   </div>
   <div class='ocr_carea' id='block_1_71' title="bbox 98 4786 1764 4856">
    <p class='ocr_par' dir='ltr' id='par_1_71' title="bbox 98 4786 1764 4856">
     <span class='ocr_line' id='line_1_72' title="bbox 98 4786 1764 4856; baseline 0.001 -15"><span class='ocrx_word' id='word_1_445' title='bbox 98 4786 457 4842; x_wconf 86' lang='lat' dir='ltr'>Duziacensi</span> <span class='ocrx_word' id='word_1_446' title='bbox 488 4803 624 4840; x_wconf 91' lang='lat' dir='ltr'>cum</span> <span class='ocrx_word' id='word_1_447' title='bbox 656 4786 878 4841; x_wconf 56' lang='lat' dir='ltr'>caeteris</span> <span class='ocrx_word' id='word_1_448' title='bbox 908 4786 1082 4856; x_wconf 81' lang='lat' dir='ltr'>iudex</span> <span class='ocrx_word' id='word_1_449' title='bbox 1109 4788 1277 4851; x_wconf 89' lang='lat' dir='ltr'>sedit,</span> <span class='ocrx_word' id='word_1_450' title='bbox 1316 4793 1373 4843; x_wconf 89' lang='lat' dir='ltr'>et</span> <span class='ocrx_word' id='word_1_451' title='bbox 1416 4789 1764 4843; x_wconf 87' lang='lat' dir='ltr'>sententiam</span> 
     </span>
    </p>
   </div>
   <div class='ocr_carea' id='block_1_72' title="bbox 100 4857 1770 4923">
    <p class='ocr_par' dir='ltr' id='par_1_72' title="bbox 100 4857 1770 4923">
     <span class='ocr_line' id='line_1_73' title="bbox 100 4857 1770 4923; baseline 0.001 -12"><span class='ocrx_word' id='word_1_452' title='bbox 100 4857 242 4913; x_wconf 83' lang='lat' dir='ltr'>dixit</span> <span class='ocrx_word' id='word_1_453' title='bbox 273 4859 572 4913; x_wconf 77' lang='lat' dir='ltr'>adversus</span> <span class='ocrx_word' id='word_1_454' title='bbox 604 4858 1053 4913; x_wconf 89' lang='lat' dir='ltr'>Laudunensem</span> <span class='ocrx_word' id='word_1_455' title='bbox 1088 4858 1488 4923; x_wconf 87' lang='lat' dir='ltr'>Hinemarum,</span> <span class='ocrx_word' id='word_1_456' title='bbox 1515 4859 1770 4913; x_wconf 87' lang='lat' dir='ltr'>subscri-</span> 
     </span>
    </p>
   </div>
   <div class='ocr_carea' id='block_1_73' title="bbox 100 4927 1768 5001">
    <p class='ocr_par' dir='ltr' id='par_1_73' title="bbox 100 4927 1768 5001">
     <span class='ocr_line' id='line_1_74' title="bbox 100 4927 1768 5001; baseline 0.001 -18"><span class='ocrx_word' id='word_1_457' title='bbox 100 4935 359 5001; x_wconf 88' lang='lat' dir='ltr'>ptusque</span> <span class='ocrx_word' id='word_1_458' title='bbox 392 4929 458 4983; x_wconf 91' lang='lat' dir='ltr'>in</span> <span class='ocrx_word' id='word_1_459' title='bbox 491 4945 558 4983; x_wconf 90' lang='lat' dir='ltr'>eo</span> <span class='ocrx_word' id='word_1_460' title='bbox 582 4927 795 5001; x_wconf 90' lang='lat' dir='ltr'>legitur</span> <span class='ocrx_word' id='word_1_461' title='bbox 811 4952 837 4978; x_wconf 85' lang='grc'><strong>‹‹</strong></span> <span class='ocrx_word' id='word_1_462' title='bbox 858 4928 1149 4985; x_wconf 88' lang='lat' dir='ltr'>Walterus</span> <span class='ocrx_word' id='word_1_463' title='bbox 1170 4930 1412 4985; x_wconf 85' lang='lat' dir='ltr'>humilis</span> <span class='ocrx_word' id='word_1_464' title='bbox 1432 4930 1768 4984; x_wconf 83' lang='lat' dir='ltr'>Aureliano-</span> 
     </span>
    </p>
   </div>
   <div class='ocr_carea' id='block_1_74' title="bbox 101 5001 1769 5073">
    <p class='ocr_par' dir='ltr' id='par_1_74' title="bbox 101 5001 1769 5073">
     <span class='ocr_line' id='line_1_75' title="bbox 101 5001 1769 5073; baseline 0 -19"><span class='ocrx_word' id='word_1_465' title='bbox 101 5018 229 5055; x_wconf 90' lang='lat' dir='ltr'>rum</span> <span class='ocrx_word' id='word_1_466' title='bbox 263 5001 631 5073; x_wconf 72' lang='lat' dir='ltr'>episcopus:</span> <span class='ocrx_word' id='word_1_467' title='bbox 662 5023 689 5047; x_wconf 84' lang='grc'><strong>››</strong></span> <span class='ocrx_word' id='word_1_468' title='bbox 721 5001 1220 5073; x_wconf 79' lang='lat' dir='ltr'>quemadmodum</span> <span class='ocrx_word' id='word_1_469' title='bbox 1254 5007 1455 5073; x_wconf 89' lang='lat' dir='ltr'>postea</span> <span class='ocrx_word' id='word_1_470' title='bbox 1482 5002 1539 5054; x_wconf 91' lang='lat' dir='ltr'>in</span> <span class='ocrx_word' id='word_1_471' title='bbox 1575 5001 1769 5073; x_wconf 81' lang='lat' dir='ltr'>Ponti-</span> 
     </span>
    </p>
   </div>
   <div class='ocr_carea' id='block_1_75' title="bbox 99 5070 1769 5143">
    <p class='ocr_par' dir='ltr' id='par_1_75' title="bbox 99 5070 1769 5143">
     <span class='ocr_line' id='line_1_76' title="bbox 99 5070 1769 5143; baseline -0.001 -17"><span class='ocrx_word' id='word_1_472' title='bbox 99 5070 415 5143; x_wconf 81' lang='lat' dir='ltr'>gonensi,«</span> <span class='ocrx_word' id='word_1_473' title='bbox 442 5070 1005 5143; x_wconf 26' lang='lat' dir='ltr'>Walterus’humilis</span> <span class='ocrx_word' id='word_1_474' title='bbox 1036 5070 1473 5127; x_wconf 77' lang='lat' dir='ltr'>Aurelianensis</span> <span class='ocrx_word' id='word_1_475' title='bbox 1501 5072 1769 5127; x_wconf 67' lang='lat' dir='ltr'>Ecclesiaa</span> 
     </span>
    </p>
   </div>
   <div class='ocr_carea' id='block_1_76' title="bbox 97 5142 1772 5214">
    <p class='ocr_par' dir='ltr' id='par_1_76' title="bbox 97 5142 1772 5214">
     <span class='ocr_line' id='line_1_77' title="bbox 97 5142 1772 5214; baseline -0.001 -17"><span class='ocrx_word' id='word_1_476' title='bbox 97 5142 427 5214; x_wconf 78' lang='lat' dir='ltr'>episcopus</span> <span class='ocrx_word' id='word_1_477' title='bbox 466 5159 515 5197; x_wconf 83' lang='lat'>:»</span> <span class='ocrx_word' id='word_1_478' title='bbox 569 5143 722 5197; x_wconf 91' lang='lat' dir='ltr'>unde</span> <span class='ocrx_word' id='word_1_479' title='bbox 773 5142 878 5214; x_wconf 89' lang='lat' dir='ltr'>viri</span> <span class='ocrx_word' id='word_1_480' title='bbox 930 5144 1133 5214; x_wconf 91' lang='lat' dir='ltr'>optimi</span> <span class='ocrx_word' id='word_1_481' title='bbox 1193 5143 1562 5212; x_wconf 89' lang='lat' dir='ltr'>modestiam,</span> <span class='ocrx_word' id='word_1_482' title='bbox 1602 5150 1658 5197; x_wconf 88' lang='lat' dir='ltr'>et</span> <span class='ocrx_word' id='word_1_483' title='bbox 1704 5160 1772 5196; x_wconf 80' lang='lat' dir='ltr'>ex</span> 
     </span>
    </p>
   </div>
   <div class='ocr_carea' id='block_1_77' title="bbox 101 5213 1768 5285">
    <p class='ocr_par' dir='ltr' id='par_1_77' title="bbox 101 5213 1768 5285">
     <span class='ocr_line' id='line_1_78' title="bbox 101 5213 1768 5285; baseline 0 -18"><span class='ocrx_word' id='word_1_484' title='bbox 101 5213 405 5285; x_wconf 80' lang='lat' dir='ltr'>modestia</span> <span class='ocrx_word' id='word_1_485' title='bbox 439 5217 778 5269; x_wconf 71' lang='lat' dir='ltr'>czeterarum</span> <span class='ocrx_word' id='word_1_486' title='bbox 824 5213 1104 5285; x_wconf 87' lang='lat' dir='ltr'>virtutum</span> <span class='ocrx_word' id='word_1_487' title='bbox 1151 5214 1455 5285; x_wconf 88' lang='lat' dir='ltr'>cumulum</span> <span class='ocrx_word' id='word_1_488' title='bbox 1495 5214 1768 5285; x_wconf 88' lang='lat' dir='ltr'>intelligi-</span> 
     </span>
    </p>
   </div>
   <div class='ocr_carea' id='block_1_78' title="bbox 99 5284 1769 5366">
    <p class='ocr_par' dir='ltr' id='par_1_78' title="bbox 99 5284 1769 5366">
     <span class='ocr_line' id='line_1_79' title="bbox 99 5284 1769 5366; baseline -0.001 -26"><span class='ocrx_word' id='word_1_489' title='bbox 99 5301 257 5366; x_wconf 80' lang='lat' dir='ltr'>mus,</span> <span class='ocrx_word' id='word_1_490' title='bbox 274 5286 361 5366; x_wconf 63' lang='lat' dir='ltr'><strong>Ex</strong></span> <span class='ocrx_word' id='word_1_491' title='bbox 378 5284 495 5366; x_wconf 80' lang='lat' dir='ltr'>hac</span> <span class='ocrx_word' id='word_1_492' title='bbox 508 5290 703 5366; x_wconf 70' lang='lat' dir='ltr'>autem</span> <span class='ocrx_word' id='word_1_493' title='bbox 716 5284 936 5366; x_wconf 49' lang='lat' dir='ltr'>syn‘odo</span> <span class='ocrx_word' id='word_1_494' title='bbox 952 5285 1300 5366; x_wconf 71' lang='lat' dir='ltr'>pastoralem</span> <span class='ocrx_word' id='word_1_495' title='bbox 1316 5284 1769 5366; x_wconf 76' lang='lat' dir='ltr'>sollicitudinem</span> 
     </span>
    </p>
   </div>
   <div class='ocr_carea' id='block_1_79' title="bbox 99 5355 1768 5437">
    <p class='ocr_par' dir='ltr' id='par_1_79' title="bbox 99 5355 1768 5437">
     <span class='ocr_line' id='line_1_80' title="bbox 99 5355 1768 5437; baseline -0.001 -26"><span class='ocrx_word' id='word_1_496' title='bbox 99 5360 158 5411; x_wconf 90' lang='lat' dir='ltr'>et</span> <span class='ocrx_word' id='word_1_497' title='bbox 175 5355 604 5437; x_wconf 71' lang='lat' dir='ltr'>ecclesiastica:</span> <span class='ocrx_word' id='word_1_498' title='bbox 625 5355 1428 5437; x_wconf 54' lang='lat' dir='ltr'>disciplinaz&#39;ohservationem</span> <span class='ocrx_word' id='word_1_499' title='bbox 1461 5357 1768 5437; x_wconf 73' lang='lat' dir='ltr'>habemus,</span> 
     </span>
    </p>
   </div>
   <div class='ocr_carea' id='block_1_80' title="bbox 101 5427 1775 5500">
    <p class='ocr_par' dir='ltr' id='par_1_80' title="bbox 101 5427 1775 5500">
     <span class='ocr_line' id='line_1_81' title="bbox 101 5427 1775 5500; baseline 0 -19"><span class='ocrx_word' id='word_1_500' title='bbox 101 5442 220 5498; x_wconf 88' lang='lat' dir='ltr'>qua</span> <span class='ocrx_word' id='word_1_501' title='bbox 249 5428 564 5500; x_wconf 73' lang='lat' dir='ltr'>majorem</span> <span class='ocrx_word' id='word_1_502' title='bbox 579 5444 693 5500; x_wconf 81' lang='lat' dir='ltr'>nec</span> <span class='ocrx_word' id='word_1_503' title='bbox 722 5427 1073 5500; x_wconf 76' lang='lat' dir='ltr'>Hincmarus</span> <span class='ocrx_word' id='word_1_504' title='bbox 1096 5427 1239 5500; x_wconf 86' lang='lat' dir='ltr'>ipse,</span> <span class='ocrx_word' id='word_1_505' title='bbox 1262 5444 1366 5482; x_wconf 87' lang='lat' dir='ltr'>nec</span> <span class='ocrx_word' id='word_1_506' title='bbox 1388 5428 1547 5482; x_wconf 87' lang='lat' dir='ltr'>Isaac</span> <span class='ocrx_word' id='word_1_507' title='bbox 1574 5427 1775 5500; x_wconf 85' lang='lat' dir='ltr'>Lingo-</span> 
     </span>
    </p>
   </div>
   <div class='ocr_carea' id='block_1_81' title="bbox 101 5497 1770 5579">
    <p class='ocr_par' dir='ltr' id='par_1_81' title="bbox 101 5497 1770 5579">
     <span class='ocr_line' id='line_1_82' title="bbox 101 5497 1770 5579; baseline 0.001 -28"><span class='ocrx_word' id='word_1_508' title='bbox 101 5497 330 5579; x_wconf 28' lang='lat' dir='ltr'>n‘ens‘is</span> <span class='ocrx_word' id='word_1_509' title='bbox 346 5497 590 5579; x_wconf 61' lang='lat' dir='ltr'>Parduli</span> <span class='ocrx_word' id='word_1_510' title='bbox 613 5497 751 5579; x_wconf 81' lang='lat' dir='ltr'>olim</span> <span class='ocrx_word' id='word_1_511' title='bbox 774 5498 1056 5579; x_wconf 81' lang='lat' dir='ltr'>diaconus</span> <span class='ocrx_word' id='word_1_512' title='bbox 1078 5497 1277 5579; x_wconf 70' lang='lat' dir='ltr'>eodem</span> <span class='ocrx_word' id='word_1_513' title='bbox 1302 5504 1648 5579; x_wconf 75' lang='lat' dir='ltr'>argumento</span> <span class='ocrx_word' id='word_1_514' title='bbox 1673 5497 1770 5579; x_wconf 68' lang='lat' dir='ltr'>po-</span> 
     </span>
    </p>
   </div>
   <div class='ocr_carea' id='block_1_82' title="bbox 100 5569 1770 5640">
    <p class='ocr_par' dir='ltr' id='par_1_82' title="bbox 100 5569 1770 5640">
     <span class='ocr_line' id='line_1_83' title="bbox 100 5569 1770 5640; baseline 0 -17"><span class='ocrx_word' id='word_1_515' title='bbox 100 5569 365 5624; x_wconf 87' lang='lat' dir='ltr'>steritati</span> <span class='ocrx_word' id='word_1_516' title='bbox 400 5569 863 5640; x_wconf 86' lang='lat' dir='ltr'>transmiserunt</span> <span class='ocrx_word' id='word_1_517' title='bbox 894 5586 906 5623; x_wconf 89' lang='lat'>:</span> <span class='ocrx_word' id='word_1_518' title='bbox 941 5573 1007 5624; x_wconf 91' lang='lat' dir='ltr'>ut</span> <span class='ocrx_word' id='word_1_519' title='bbox 1035 5587 1103 5624; x_wconf 82' lang='lat' dir='ltr'>ex</span> <span class='ocrx_word' id='word_1_520' title='bbox 1136 5570 1225 5624; x_wconf 90' lang='lat' dir='ltr'>his</span> <span class='ocrx_word' id='word_1_521' title='bbox 1270 5569 1541 5639; x_wconf 84' lang='lat' dir='ltr'>capitulis</span> <span class='ocrx_word' id='word_1_522' title='bbox 1593 5574 1770 5640; x_wconf 79' lang='lat' dir='ltr'>patet,</span> 
     </span>
    </p>
   </div>
   <div class='ocr_carea' id='block_1_83' title="bbox 101 5638 1771 5713">
    <p class='ocr_par' dir='ltr' id='par_1_83' title="bbox 101 5638 1771 5713">
     <span class='ocr_line' id='line_1_84' title="bbox 101 5638 1771 5713; baseline -0.001 -18"><span class='ocrx_word' id='word_1_523' title='bbox 101 5657 232 5712; x_wconf 73' lang='lat' dir='ltr'>quae</span> <span class='ocrx_word' id='word_1_524' title='bbox 257 5656 409 5695; x_wconf 88' lang='lat' dir='ltr'>cum</span> <span class='ocrx_word' id='word_1_525' title='bbox 429 5638 563 5694; x_wconf 89' lang='lat' dir='ltr'>aliis</span> <span class='ocrx_word' id='word_1_526' title='bbox 584 5644 685 5694; x_wconf 84' lang='lat' dir='ltr'>aut</span> <span class='ocrx_word' id='word_1_527' title='bbox 705 5640 989 5697; x_wconf 89' lang='lat' dir='ltr'>committi</span> <span class='ocrx_word' id='word_1_528' title='bbox 1014 5644 1114 5695; x_wconf 88' lang='lat' dir='ltr'>aut</span> <span class='ocrx_word' id='word_1_529' title='bbox 1133 5638 1431 5713; x_wconf 72' lang='lat' dir='ltr'>conjungi,</span> <span class='ocrx_word' id='word_1_530' title='bbox 1450 5641 1547 5694; x_wconf 79' lang='lat' dir='ltr'>tibi</span> <span class='ocrx_word' id='word_1_531' title='bbox 1574 5638 1771 5707; x_wconf 61' lang='lat' dir='ltr'>1mm,</span> 
     </span>
    </p>
   </div>
   <div class='ocr_carea' id='block_1_84' title="bbox 1874 4643 3523 4713">
    <p class='ocr_par' dir='ltr' id='par_1_84' title="bbox 1874 4643 3523 4713">
     <span class='ocr_line' id='line_1_85' title="bbox 1874 4643 3523 4713; baseline 0.004 -14"><span class='ocrx_word' id='word_1_532' title='bbox 1874 4662 2043 4713; x_wconf 89' lang='lat' dir='ltr'>spero</span> <span class='ocrx_word' id='word_1_533' title='bbox 2071 4644 2459 4713; x_wconf 72' lang='lat' dir='ltr'>iniucundum</span> <span class='ocrx_word' id='word_1_534' title='bbox 2493 4660 2607 4698; x_wconf 90' lang='lat' dir='ltr'>non</span> <span class='ocrx_word' id='word_1_535' title='bbox 2640 4643 3017 4707; x_wconf 81' lang='lat' dir='ltr'>tore.Quibus</span> <span class='ocrx_word' id='word_1_536' title='bbox 3036 4645 3212 4702; x_wconf 89' lang='lat' dir='ltr'>etiam</span> <span class='ocrx_word' id='word_1_537' title='bbox 3234 4646 3523 4705; x_wconf 85' lang='lat' dir='ltr'>Theodul-</span> 
     </span>
    </p>
   </div>
   <div class='ocr_carea' id='block_1_85' title="bbox 1876 4662 3520 4792">
    <p class='ocr_par' dir='ltr' id='par_1_85' title="bbox 1876 4662 3520 4792">
     <span class='ocr_line' id='line_1_86' title="bbox 1876 4662 3520 4713; baseline 0.004 -14"><span class='ocrx_word' id='word_1_538' title='bbox 1876 4663 1902 4699; x_wconf 91' lang='lat' dir='ltr'>s</span> <span class='ocrx_word' id='word_1_539' title='bbox 1948 4662 2043 4699; x_wconf 89' lang='lat' dir='ltr'>ero</span> <span class='ocrx_word' id='word_1_540' title='bbox 2071 4662 2459 4713; x_wconf 70' lang='lat' dir='ltr'>mJucunaum</span> <span class='ocrx_word' id='word_1_541' title='bbox 2493 4662 2607 4698; x_wconf 91' lang='lat' dir='ltr'>non</span> <span class='ocrx_word' id='word_1_542' title='bbox 2640 4662 3017 4707; x_wconf 61' lang='lat' dir='ltr'>IOI‘BJJUIDUS</span> <span class='ocrx_word' id='word_1_543' title='bbox 3036 4662 3212 4702; x_wconf 77' lang='lat' dir='ltr'>etiam</span> <span class='ocrx_word' id='word_1_544' title='bbox 3235 4662 3520 4705; x_wconf 82' lang='lat' dir='ltr'>&#39;l&#39;neodul-</span> 
     </span>
     <span class='ocr_line' id='line_1_87' title="bbox 1876 4662 3520 4792; baseline 0.005 -23"><span class='ocrx_word' id='word_1_545' title='bbox 1876 4662 2436 4792; x_wconf 45' lang='lat' dir='ltr'>pbumpdjiciemus</span> <span class='ocrx_word' id='word_1_546' title='bbox 2465 4721 2520 4769; x_wconf 90' lang='lat' dir='ltr'>et</span> <span class='ocrx_word' id='word_1_547' title='bbox 2559 4716 2776 4792; x_wconf 35' lang='lat' dir='ltr'>ipsum.</span> <span class='ocrx_word' id='word_1_548' title='bbox 2802 4716 3300 4792; x_wconf 73' lang='lat' dir='ltr'>Aurelianenscm,</span> <span class='ocrx_word' id='word_1_549' title='bbox 3350 4721 3520 4792; x_wconf 89' lang='lat' dir='ltr'>cujus</span> 
     </span>
    </p>
   </div>
   <div class='ocr_carea' id='block_1_86' title="bbox 1875 4786 3523 4861">
    <p class='ocr_par' dir='ltr' id='par_1_86' title="bbox 1875 4786 3523 4861">
     <span class='ocr_line' id='line_1_88' title="bbox 1875 4786 3523 4861; baseline 0.002 -18"><span class='ocrx_word' id='word_1_550' title='bbox 1875 4786 2181 4861; x_wconf 78' lang='lat' dir='ltr'>epis‘olam</span> <span class='ocrx_word' id='word_1_551' title='bbox 2208 4788 2280 4861; x_wconf 80' lang='lat' dir='ltr'>ad</span> <span class='ocrx_word' id='word_1_552' title='bbox 2314 4786 2828 4861; x_wconf 55' lang='lat' dir='ltr'>clerum_Ecclesia§</span> <span class='ocrx_word' id='word_1_553' title='bbox 2861 4805 2979 4861; x_wconf 66' lang='lat' dir='ltr'>sua:</span> <span class='ocrx_word' id='word_1_554' title='bbox 3002 4786 3379 4861; x_wconf 30' lang='lat' dir='ltr'>scriptam&#39;ex</span> <span class='ocrx_word' id='word_1_555' title='bbox 3407 4786 3523 4847; x_wconf 75' lang='lat' dir='ltr'>edi-</span> 
     </span>
    </p>
   </div>
   <div class='ocr_carea' id='block_1_87' title="bbox 1880 4858 3522 4919">
    <p class='ocr_par' dir='ltr' id='par_1_87' title="bbox 1880 4858 3522 4919">
     <span class='ocr_line' id='line_1_89' title="bbox 1880 4858 3522 4919; baseline 0.004 -6"><span class='ocrx_word' id='word_1_556' title='bbox 1880 4863 2001 4913; x_wconf 87' lang='lat' dir='ltr'>tore</span> <span class='ocrx_word' id='word_1_557' title='bbox 2054 4858 2297 4912; x_wconf 86' lang='lat' dir='ltr'>Baronio</span> <span class='ocrx_word' id='word_1_558' title='bbox 2356 4875 2495 4912; x_wconf 84' lang='lat' dir='ltr'>suos</span> <span class='ocrx_word' id='word_1_559' title='bbox 2541 4858 2599 4911; x_wconf 88' lang='lat' dir='ltr'>in</span> <span class='ocrx_word' id='word_1_560' title='bbox 2647 4858 2898 4912; x_wconf 78' lang='lat' dir='ltr'>Annales</span> <span class='ocrx_word' id='word_1_561' title='bbox 2938 4858 3179 4916; x_wconf 82' lang='lat' dir='ltr'>Carolus</span> <span class='ocrx_word' id='word_1_562' title='bbox 3210 4862 3522 4919; x_wconf 88' lang='lat' dir='ltr'>Sausseius</span> 
     </span>
    </p>
   </div>
   <div class='ocr_carea' id='block_1_88' title="bbox 1878 4929 3520 5003">
    <p class='ocr_par' dir='ltr' id='par_1_88' title="bbox 1878 4929 3520 5003">
     <span class='ocr_line' id='line_1_90' title="bbox 1878 4929 3520 5003; baseline 0.003 -19"><span class='ocrx_word' id='word_1_563' title='bbox 1878 4929 2413 5003; x_wconf 78' lang='lat' dir='ltr'>transtulit(.—tnnat.</span> <span class='ocrx_word' id='word_1_564' title='bbox 2441 4930 2575 5003; x_wconf 68' lang='lat' dir='ltr'>ccci.</span> <span class='ocrx_word' id='word_1_565' title='bbox 2608 4930 2813 5003; x_wconf 39' lang='lat' dir='ltr'>Aurel”</span> <span class='ocrx_word' id='word_1_566' title='bbox 2840 4930 2875 4983; x_wconf 93' lang='lat' dir='ltr'>l.</span> <span class='ocrx_word' id='word_1_567' title='bbox 2898 4931 3006 5003; x_wconf 64' lang='lat' dir='ltr'>yi).</span> <span class='ocrx_word' id='word_1_568' title='bbox 3040 4932 3381 5003; x_wconf 87' lang='lat' dir='ltr'>Quanquam</span> <span class='ocrx_word' id='word_1_569' title='bbox 3414 4951 3520 4990; x_wconf 88' lang='lat' dir='ltr'>suo</span> 
     </span>
    </p>
   </div>
   <div class='ocr_carea' id='block_1_89' title="bbox 1877 5000 3519 5077">
    <p class='ocr_par' dir='ltr' id='par_1_89' title="bbox 1877 5000 3519 5077">
     <span class='ocr_line' id='line_1_91' title="bbox 1877 5000 3519 5077; baseline 0.002 -22"><span class='ocrx_word' id='word_1_570' title='bbox 1877 5005 2049 5077; x_wconf 78' lang='lat' dir='ltr'>antea</span> <span class='ocrx_word' id='word_1_571' title='bbox 2073 5000 2195 5055; x_wconf 82' lang='lat' dir='ltr'>loco</span> <span class='ocrx_word' id='word_1_572' title='bbox 2220 5018 2333 5055; x_wconf 91' lang='lat' dir='ltr'>non</span> <span class='ocrx_word' id='word_1_573' title='bbox 2356 5000 3129 5077; x_wconf 23' lang='lat' dir='ltr'>defueratSirmondus(t.AIl</span> <span class='ocrx_word' id='word_1_574' title='bbox 3163 5000 3320 5059; x_wconf 50' lang='lat' dir='ltr'>Co&#39;nc.</span> <span class='ocrx_word' id='word_1_575' title='bbox 3356 5006 3519 5077; x_wconf 76' lang='lat' dir='ltr'>Gali.)</span> 
     </span>
    </p>
   </div>
   <div class='ocr_carea' id='block_1_90' title="bbox 1947 5071 3525 5147">
    <p class='ocr_par' dir='ltr' id='par_1_90' title="bbox 1947 5071 3525 5147">
     <span class='ocr_line' id='line_1_92' title="bbox 1947 5071 3525 5147; baseline 0.004 -21"><span class='ocrx_word' id='word_1_576' title='bbox 1947 5072 2031 5126; x_wconf 88' lang='lat' dir='ltr'>Ad</span> <span class='ocrx_word' id='word_1_577' title='bbox 2063 5076 2296 5147; x_wconf 78' lang='lat' dir='ltr'>tempus</span> <span class='ocrx_word' id='word_1_578' title='bbox 2326 5071 2577 5147; x_wconf 68' lang='lat' dir='ltr'>collectae</span> <span class='ocrx_word' id='word_1_579' title='bbox 2608 5072 2943 5147; x_wconf 66' lang='lat' dir='ltr'>dimcesanae</span> <span class='ocrx_word' id='word_1_580' title='bbox 2985 5071 3161 5147; x_wconf 74' lang='lat' dir='ltr'>hujus</span> <span class='ocrx_word' id='word_1_581' title='bbox 3208 5076 3435 5147; x_wconf 75' lang='lat' dir='ltr'>synodi,</span> <span class='ocrx_word' id='word_1_582' title='bbox 3467 5071 3525 5132; x_wconf 82' lang='lat' dir='ltr'>et</span> 
     </span>
    </p>
   </div>
   <div class='ocr_carea' id='block_1_91' title="bbox 1881 5141 3521 5219">
    <p class='ocr_par' dir='ltr' id='par_1_91' title="bbox 1881 5141 3521 5219">
     <span class='ocr_line' id='line_1_93' title="bbox 1881 5141 3521 5219; baseline 0.003 -23"><span class='ocrx_word' id='word_1_583' title='bbox 1881 5142 2128 5197; x_wconf 88' lang='lat' dir='ltr'>latorum</span> <span class='ocrx_word' id='word_1_584' title='bbox 2152 5141 2711 5219; x_wconf 60' lang='lat' dir='ltr'>capitulorumquod</span> <span class='ocrx_word' id='word_1_585' title='bbox 2731 5143 2962 5219; x_wconf 76' lang='lat' dir='ltr'>attinet,</span> <span class='ocrx_word' id='word_1_586' title='bbox 2979 5141 3131 5219; x_wconf 68' lang='lat' dir='ltr'>nihil</span> <span class='ocrx_word' id='word_1_587' title='bbox 3144 5141 3367 5219; x_wconf 67' lang='lat' dir='ltr'>certum</span> <span class='ocrx_word' id='word_1_588' title='bbox 3389 5141 3521 5219; x_wconf 83' lang='lat' dir='ltr'>pos-</span> 
     </span>
    </p>
   </div>
   <div class='ocr_carea' id='block_1_92' title="bbox 1880 5212 3524 5275">
    <p class='ocr_par' dir='ltr' id='par_1_92' title="bbox 1880 5212 3524 5275">
     <span class='ocr_line' id='line_1_94' title="bbox 1880 5212 3524 5275; baseline 0.002 -6"><span class='ocrx_word' id='word_1_589' title='bbox 1880 5230 2085 5269; x_wconf 85' lang='lat' dir='ltr'>sumus</span> <span class='ocrx_word' id='word_1_590' title='bbox 2116 5212 2361 5275; x_wconf 74' lang='lat' dir='ltr'>ediéerc.</span> <span class='ocrx_word' id='word_1_591' title='bbox 2394 5212 2696 5267; x_wconf 79' lang='lat' dir='ltr'>deﬁciente</span> <span class='ocrx_word' id='word_1_592' title='bbox 2729 5212 2785 5267; x_wconf 91' lang='lat' dir='ltr'>in</span> <span class='ocrx_word' id='word_1_593' title='bbox 2816 5213 2984 5269; x_wconf 90' lang='lat' dir='ltr'>titulo</span> <span class='ocrx_word' id='word_1_594' title='bbox 3015 5222 3070 5269; x_wconf 92' lang='lat' dir='ltr'>et</span> <span class='ocrx_word' id='word_1_595' title='bbox 3099 5212 3409 5271; x_wconf 53' lang='lat' dir='ltr'>Dominica&#39;z</span> <span class='ocrx_word' id='word_1_596' title='bbox 3443 5217 3524 5274; x_wconf 88' lang='lat' dir='ltr'>in-</span> 
     </span>
    </p>
   </div>
   <div class='ocr_carea' id='block_1_93' title="bbox 1880 5283 3525 5369">
    <p class='ocr_par' dir='ltr' id='par_1_93' title="bbox 1880 5283 3525 5369">
     <span class='ocr_line' id='line_1_95' title="bbox 1880 5283 3525 5369; baseline 0.004 -30"><span class='ocrx_word' id='word_1_597' title='bbox 1880 5284 2253 5369; x_wconf 63' lang='lat' dir='ltr'>carnationis,</span> <span class='ocrx_word' id='word_1_598' title='bbox 2277 5289 2333 5338; x_wconf 89' lang='lat' dir='ltr'>et</span> <span class='ocrx_word' id='word_1_599' title='bbox 2364 5283 2699 5369; x_wconf 58' lang='lat' dir='ltr'>inndiclionis</span> <span class='ocrx_word' id='word_1_600' title='bbox 2723 5290 2877 5365; x_wconf 76' lang='lat' dir='ltr'>nota,</span> <span class='ocrx_word' id='word_1_601' title='bbox 2899 5287 3365 5369; x_wconf 77' lang='lat' dir='ltr'>quam_religios_e</span> <span class='ocrx_word' id='word_1_602' title='bbox 3386 5294 3525 5345; x_wconf 64' lang='lat' dir='ltr'>mtas</span> 
     </span>
    </p>
   </div>
   <div class='ocr_carea' id='block_1_94' title="bbox 1882 5354 3523 5426">
    <p class='ocr_par' dir='ltr' id='par_1_94' title="bbox 1882 5354 3523 5426">
     <span class='ocr_line' id='line_1_96' title="bbox 1882 5354 3523 5426; baseline 0.003 -16"><span class='ocrx_word' id='word_1_603' title='bbox 1882 5356 1981 5410; x_wconf 89' lang='lat' dir='ltr'>illa</span> <span class='ocrx_word' id='word_1_604' title='bbox 2012 5356 2282 5426; x_wconf 82' lang='lat' dir='ltr'>signavit.</span> <span class='ocrx_word' id='word_1_605' title='bbox 2305 5378 2331 5403; x_wconf 85' lang='grc'>‹‹</span> <span class='ocrx_word' id='word_1_606' title='bbox 2369 5354 2654 5421; x_wconf 90' lang='lat' dir='ltr'>Secundo,</span> <span class='ocrx_word' id='word_1_607' title='bbox 2691 5376 2718 5403; x_wconf 86' lang='grc'><strong>››</strong></span> <span class='ocrx_word' id='word_1_608' title='bbox 2751 5354 2959 5426; x_wconf 86' lang='lat' dir='ltr'>inquit,</span> <span class='ocrx_word' id='word_1_609' title='bbox 2994 5354 3375 5414; x_wconf 65' lang='lat' dir='ltr'>ordinationis</span> <span class='ocrx_word' id='word_1_610' title='bbox 3406 5378 3523 5415; x_wconf 64' lang='lat' dir='ltr'>sua:</span> 
     </span>
    </p>
   </div>
   <div class='ocr_carea' id='block_1_95' title="bbox 3287 5448 3524 5487">
    <p class='ocr_par' dir='ltr' id='par_1_95' title="bbox 3287 5448 3524 5487">
     <span class='ocr_line' id='line_1_97' title="bbox 3287 5448 3524 5487; baseline 0.004 -2"><span class='ocrx_word' id='word_1_611' title='bbox 3287 5448 3460 5487; x_wconf 89' lang='lat' dir='ltr'>anno.</span> <span class='ocrx_word' id='word_1_612' title='bbox 3497 5454 3524 5481; x_wconf 67' lang='grc' dir='ltr'>ι)</span> 
     </span>
    </p>
   </div>
   <div class='ocr_carea' id='block_1_96' title="bbox 1952 5528 3525 5699">
    <p class='ocr_par' dir='ltr' id='par_1_96' title="bbox 1952 5528 3525 5699">
     <span class='ocr_line' id='line_1_98' title="bbox 1952 5528 3525 5699; baseline 0.004 -78"><span class='ocrx_word' id='word_1_613' title='bbox 1952 5568 2026 5634; x_wconf 75' lang='lat' dir='ltr'>(bl</span> <span class='ocrx_word' id='word_1_614' title='bbox 2060 5569 2363 5623; x_wconf 73' lang='lat' dir='ltr'>Discutiunt</span> <span class='ocrx_word' id='word_1_615' title='bbox 2389 5528 2829 5639; x_wconf 49' lang='lat' dir='ltr'>presbyterorum</span> <span class='ocrx_word' id='word_1_616' title='bbox 2870 5569 3048 5640; x_wconf 78' lang='lat' dir='ltr'>ﬁdem.</span> <span class='ocrx_word' id='word_1_617' title='bbox 3101 5570 3224 5626; x_wconf 91' lang='lat' dir='ltr'>Non</span> <span class='ocrx_word' id='word_1_618' title='bbox 3258 5570 3525 5699; x_wconf 42' lang='lat' dir='ltr'>(inultng</span> 
     </span>
     <span class='ocr_line' id='line_1_99' title="bbox 3298 5660 3525 5699; baseline 0.009 -2"><span class='ocrx_word' id='word_1_619' title='bbox 3298 5660 3416 5699; x_wconf 78' lang='lat' dir='ltr'>isce</span> <span class='ocrx_word' id='word_1_620' title='bbox 3464 5662 3476 5698; x_wconf 84' lang='grc' dir='ltr'>ι</span> <span class='ocrx_word' id='word_1_621' title='bbox 3513 5686 3525 5699; x_wconf 94' lang='grc'><em>.</em></span> 
     </span>
    </p>
   </div>
   <div class='ocr_carea' id='block_1_97' title="bbox 3298 5660 3526 5701">
    <p class='ocr_par' dir='ltr' id='par_1_97' title="bbox 3298 5660 3526 5701">
     <span class='ocr_line' id='line_1_100' title="bbox 3298 5660 3526 5701; baseline 0.013 -3"><span class='ocrx_word' id='word_1_622' title='bbox 3298 5660 3526 5701; x_wconf 73' lang='grc' dir='ltr'>ιεθθαιι.</span> 
     </span>
    </p>
   </div>
  </div>
