3894 6204
406 325 518 382 747

1351 319 1699 380 ROTHADI
1743 320 1795 380 Π
1838 318 2446 382 SUESSIONENSIS
2492 318 2874 381 EPISCOPI.

3707 320 3820 382 ’148

403 453 600 533 ipsum
621 451 1138 533 archiepiscopum
1179 451 1440 533 scripsit,
1472 469 1717 533 monens
1748 451 1960 533 litteris
1992 454 2049 506 et
2077 452 2131 518 Α
2161 450 2271 533 fuit
2287 451 2566 533 adversus
2585 451 3083 533 Rotba‘dumjam‘
3108 450 3815 533 restitutum'cpiscoism

403 523 744 604 praecipiens
764 523 1186 604 ut’depositum
1217 523 1548 604 ltothadum
1577 524 1820 604 Romam
1845 523 2053 604 dirige.

405 594 515 662 ret,
546 594 678 651 cum
711 594 837 650 suis
883 594 1080 650 missis
1120 595 1477 650 audiendum
1515 611 1526 648 :
1559 597 1660 650 sed
1691 595 1956 649 veniente
1987 610 2052 648 eo

405 666 556 722 hanc
590 667 910 722 Romanam
944 666 1276 738 secundum,
1312 667 1654 721 mandatum
1690 667 1756 738 B.
1787 682 1945 738 papa:
1980 665 2051 720 ad

407 739 632 805 urbem,
663 743 721 794 et
752 753 854 808 per
891 753 1096 794 novem
1146 737 1374 792 circiter
1423 754 1654 792 menses
1684 737 1760 791 ibi
1792 737 2051 792 commo-

404 817 908 881 rante,nunquam
943 809 1175 880 penitus
1195 826 1263 863 ex
1278 809 1681 881 accusantium
1715 815 1872 881 parte
1895 809 2053 880 quis-

405 879 583 954 quam
615 879 820 954 adfuit,
856 879 958 954 qui
987 897 1207 954 coram,
1233 879 1882 954 sanctigaimoprzesule
1915 879 2048 954 cum

403 950 605 1008 eodem
651 950 916 1006 Rothad’o
965 953 1397 1007 contenderent.
1431 951 1591 1006 Tunc-
1621 950 1685 1022 in
1711 951 1801 1022 die
1827 950 2048 1022 vigilia-

403 1041 533 1079 rum
561 1022 888 1078 Nativitatis
919 1023 1148 1078 Domini
1182 1021 1362 1078 nostri
1393 1023 1532 1077 Jesu
1558 1021 1794 1085 Christi,
1827 1021 1927 1092 qui
1959 1039 2047 1076 se-

401 1095 660 1152 cundum
691 1095 972 1150 olitanam
1005 1093 1484 1150 consuetudinem
1515 1093 1693 1162 hujus
1712 1092 2046 1164 apostolica:

401 1167 558 1238 sedis
583 1165 972 1238 rprzesul,cum
1003 1165 1152 1222 clero
1185 1171 1241 1221 et
1261 1164 1546 1238 populoin
1578 1163 1818 1238 basilica
1839 1164 1937 1219 Dei
1957 1181 2050 1236 ge-

399 1235 627 1294 nitricis
645 1239 721 1319 ad
742 1239 1004 1319 PPtCSCPC
1037 1235 1355 1293 missarum
1385 1235 1576 1319 officia
1607 1235 1896 1319 celebrare
1917 1235 2049 1290 con-

399 1313 683 1374 sueverat,
717 1306 1064 1364 conveniens
1096 1326 1226 1364 cum
1269 1308 1542 1362 omnibus
1576 1323 1726 1378 papa
1755 1306 2045 1377 benignus

398 1379 608 1452 fecitin
625 1381 884 1452 amboue;
903 1379 1130 1452 publice
1161 1381 1230 1434 de
1264 1379 1391 1450 ipso
1425 1379 1684 1452 ltothado
1715 1395 2045 1452 sermonem

397 1451 736 1526 significans
755 1449 1006 1523 qualiter
1023 1453 1217 1506 sedem
1238 1449 1615 1522 apostolicam
1634 1449 1934 1574 appellans
1951 1450 2046 1504 de-

397 1523 624 1574 positus
655 1523 849 1574 fuerit.
883 1528 940 1574 et
969 1523 1027 1574 in
1057 1527 1372 1574 consnectu
1425 1537 1531 1574 suo
1583 1537 1658 1574 nu
1691 1521 1783 1574 lus
1831 1537 1932 1574 per
1960 1523 2045 1574 tot

397 1521 624 1595 positus
655 1521 849 1590 fuerit,
883 1528 940 1578 et
969 1523 1027 1576 in
1057 1521 1372 1594 conspeCtu
1425 1537 1531 1595 suo
1583 1521 1783 1595 nullus
1830 1537 1932 1591 per
1960 1523 2045 1576 tot

398 1591 631 1650 nienses
676 1599 1082 1649 accusatorum
1128 1591 1476 1650 occurreret.
1511 1591 1770 1664 Denique
1798 1608 2042 1664 conson-

396 1666 576 1721 tiente
605 1665 721 1738 sibi
747 1667 1666 1738 episcoporum,presbyterorum
1695 1668 1750 1716 et
1776 1663 2043 1738 diacono-

399 1753 550 1805 rum,
567 1735 830 1792 omnium
844 1735 1630 1806 conventu,decrevitutdign
1642 1751 1710 1789 us
1723 1739 1874 1790 esset
1888 1735 2040 1788 idem

398 1808 701 1889 Rothadus
719 1809 818 1893 in‘d
830 1810 887 1863 ui
910 1807 1370 1893 sacerdotalibus
1386 1806 1770 1893 indumentis,
1787 1806 1886 1893 qui
1903 1822 2043 1860 ane-
2072 1829 2119 1893 B

397 1880 554 1935 mine
584 1896 687 1951 per
715 1885 800 1934 tot
830 1896 1063 1934 menses
1093 1879 1498 1951 accusabatur,
1531 1883 1588 1931 et
1615 1879 1685 1931 ad
1718 1875 1874 1951 sedis
1907 1894 2042 1948 apo-

395 1948 918 2022 stolicazjudicium
946 1951 1438 2022 proclamabatme
1463 1950 1676 2022 honore
1699 1948 2040 2022 privaretur:

397 2021 502 2076 Ubi
535 2018 780 2078 vestitus
809 2018 1123 2093 episcopali
1159 2021 1458 2076 Rothadus
1493 2021 1856 2093 indumento,
1882 2018 2040 2073 omni

393 2096 653 2164 tempore
671 2111 734 2149 se
755 2091 1044 2165 pollicitus
1065 2098 1155 2148 est
1177 2093 1300 2148 suis
1315 2091 1771 2146 'infestatoribus
1804 2107 2040 2214 respon-

393 2181 596 2214 surum
610 2207 620 2214 .
638 2165 863 2214 Rursus
877 2165 1226 2214 exspectatis
1243 2163 1559 2214 alinuantis
1577 2162 1802 2214 diebus.
1821 2162 1899 2214 sci
1932 2163 2040 2214 icet

393 2162 620 2220 surum.
638 2162 863 2220 Rursus
877 2165 1226 2236 exspectatis
1243 2163 1559 2236 aliquantis
1577 2162 1802 2236 diebus,
1821 2162 2042 2236 scilicet

391 2237 656 2308 usquein
687 2237 842 2308 diem
876 2233 1162 2308 natalium
1195 2253 1370 2308 sacrae
1401 2233 1644 2308 virginis
1673 2233 2038 2308 Agnetis,qui

389 2303 586 2363 est—xu
619 2307 746 2363 Kal.
782 2307 1146 2374 Februarias,
1181 2307 1282 2362 sed
1314 2322 1419 2362 nec
1448 2303 1558 2360 sibi
1591 2303 1904 2376 quisquam
1937 2303 2037 2358 ad-

2162 521 2383 595 aliquid
2407 520 2713 595 altercans.
2739 520 3124 595 Conveniente
3144 539 3280 595 ergo
3303 520 3658 595 beatissimo
3682 520 3818 595 prm-

2163 593 2442 666 sulc__cum
2467 594 2742 666 omnibus
2756 593 2814 648 in
2829 593 3266 666 basilicaipsius
3279 593 3527 666 virginis
3541 593 3820 666 foris'mu-

2163 681 2256 719 ros
2279 663 2470 730 Urbis,
2486 665 2576 718 via
2597 665 2988 729 Numentana,
3003 663 3158 720 idem
3181 663 3486 720 Rothadus
3504 665 3819 736 episcopus

2161 736 2552 808 excusationis
2571 741 2628 791 et
2655 736 3063 808 promissionis
3093 753 3210 792 sua
3242 753 3359 808 qua
3389 735 3692 808 pollicitus
3711 735 3818 792 fuit

2161 823 2223 880 se
2234 807 2404 880 omni
2427 811 2684 879 tempore
2698 807 3134 880 accusatoribus
3159 807 3282 880 suis
3295 807 3582 880 responso
3593 825 3658 862 ru
3668 808 3820 880 m,li-

2161 877 2376 950 bellum
2405 877 2641 950 summo
2675 878 2934 950 pontifici
2961 878 3345 950 tradidit.Qui
3377 877 3575 934 coram
3609 879 3820 934 multis

2159 949 2532 1022 audientibus
2554 949 2727 1022 jussu
2764 949 3030 1022 praesulis
3059 949 3269 1022 eximii
3284 955 3373 1005 est
3401 950 3822 1014 recitatus,ubi

2159 1021 2334 1075 etiam
2369 1019 2913 1091 restitutionis'ejus
2964 1021 3152 1076 forma
3193 1019 3407 1092 relecta
3439 1027 3546 1076 est.
3583 1022 3653 1076 Et
3685 1028 3825 1092 post

2157 1093 2422 1148 omnium
2446 1109 2800 1148 consensum
2830 1093 2889 1148 in
2916 1092 3161 1148 ecclesia
3180 1097 3242 1148 B.
3266 1091 3826 1162 Constantiajdxta

2155 1164 2420 1236 eamdem
2439 1163 2646 1236 vairgi
2660 1165 2751 1236 nis
2768 1163 3334 1236 basilicam,decreto
3357 1163 3690 1236 beatissimi
3711 1163 3824 1218 hu-

2147 1235 2249 1304 jus
2262 1233 2526 1306 praesulis
2540 1233 2858 1306 supradicti
2875 1234 3320 1306 Ilothadus,jam
3337 1234 3649 1290 restitutus
3665 1237 3825 1306 epis-

2156 1305 2335 1377 copus
2368 1305 2682 1360 missarum
2714 1305 3000 1361 solemnia
3039 1305 3377 1362 solemniter
3407 1305 3750 1362 celebravit.
3793 1330 3820 1352 ιι

2155 1377 2360 1448 Totius
2379 1393 2548 1448 porro
2566 1377 2966 1432 controversiae
2991 1395 3108 1431 suze
3134 1393 3267 1448 cum
3290 1377 3602 1448 Hincmaro
3626 1377 3825 1432 series

2155 1447 2420 1503 disertim
2452 1449 2739 1520 expressit
2769 1448 3072 1504 ltothadus
3101 1447 3294 1504 libello
3326 1447 3825 1520 proclamationis

2153 1523 2508 1592 contentam,
2523 1536 2700 1592 quam
2720 1521 2912 1592 Romae
2932 1520 3157 1592 degens
3175 1520 3388 1574 obtulit
3412 1537 3655 1592 summo
3675 1538 3827 1592 pon-

2157 1590 2378 1662 tirlici,in
2395 1607 2510 1662 quo
2522 1590 2647 1645 vitm
2665 1591 2774 1661 ipsi
2787 1609 2853 1646 us
2867 1595 2995 1646 acta
3008 1590 3380 1646 continentur
3393 1593 3550 1646 tomo
3566 1591 3650 1646 ill
3665 1590 3824 1646 Con-

2153 1661 2420 1734 ciliorum
2445 1663 2912 1716 Sirmondi.Dein
2933 1661 3268 1734 apostolicis
3290 1662 3822 1724 litterismunitus,

2153 1733 2221 1786 ad
2241 1750 2408 1805 suam
2425 1735 2622 1805 sedem
2641 1750 2943 1804 regressus
2961 1733 3049 1788 est
3069 1751 3081 1788 :
3104 1751 3205 1805 pro
3221 1735 3425 1805 eodem
3443 1734 3729 1789 Nicolaus
3743 1736 3822 1789 ad

2151 1804 2418 1877 (Alarolum
2485 1804 2722 1877 Calvum
2793 1805 3074 1877 scripsit,
3107 1804 3174 1877 ut
3225 1804 3482 1877 legitime
3537 1805 3823 1860 restituto

2155 1875 2389 1948 faveret,
2451 1893 2660 1946 resque
2711 1875 3220 1948 ipsius'Ecclesia:
3279 1875 3442 1932 reddi
3499 1877 3822 1932 mandaret

2155 1963 2270 2018 qua
2292 1947 2609 2020 episcopus
2625 1972 2649 1995 ‹‹
2667 1947 3032 2020 conscientia
3045 1948 3706 2020 purus,conversatione
3731 1949 3821 2003 in-

2154 2017 2370 2100 nocens
2402 2017 3312 2100 columbarumsimplicitatemc
3345 2019 3674 2100 prudentia
3704 2037 3822 2075 ser-

2153 2090 2389 2160 pontis»
2414 2089 2661 2158 insignis
2684 2089 3049 2160 prmdicatur.
3068 2090 3200 2145 Post
3224 2089 3672 2145 restitutionem
3685 2108 3818 2147 vero

2151 2161 2336 2215 adfuit
2359 2161 2600 2216 concilio
2631 2162 3036 2216 Suessiouensi
3063 2181 3117 2216 ιιι
3143 2179 3294 2216 anno
3317 2163 3463 2224 866;
3498 2162 3648 2218 item
3685 2163 3818 2216 Tri-

2151 2233 2404 2306 cassino,
2424 2235 2546 2287 867.
2573 2232 2726 2287 Obiit
2749 2233 2923 2289 rebus
2949 2232 3130 2306 gestis
3158 2233 3212 2286 in
3237 2233 3582 2304 episcopatu
3617 2232 3816 2290 clarus

2150 2303 2380 2358 circiter
2407 2321 2560 2359 anno
2592 2306 2716 2359 868.

1268 2554 2053 2658 BOTHADI
2155 2553 2913 2658 EPISGOPI

773 2758 1656 2900 LIBELLUS
1789 2755 3448 2898 PROCLAMATIONIS-

2008 2996 2175 3050 QUEM

1049 3114 1302 3176 Nicolao
1332 3133 1510 3195 papae
1541 3133 1684 3177 cum
1715 3118 1929 3176 Romae
1959 3119 2202 3176 sextum
2226 3114 2362 3192 jam
2393 3132 2668 3176 mensem
2695 3120 3128 3195 exspectasset.

1545 3255 1738 3329 (Cone.
1773 3257 1937 3325 Gcn.,
1969 3260 2112 3314 tom.
2145 3255 2293 3325 VIII,
2328 3255 2435 3312 col.
2466 3257 2618 3329 785.)

451 3491 570 3562 Ego
600 3489 904 3546 Rothadus
935 3493 1220 3562 peccator,
1256 3488 1694 3545 Suessionensis
1733 3490 2026 3561 Ecclesiae,
2058 3493 2100 3558 ί]
2137 3490 2266 3546 iter.
2292 3490 2430 3545 Inde
2453 3505 2558 3562 ego
2588 3489 2860 3545 festinato
2893 3505 3069 3545 cursu
3102 3489 3174 3544 ad
3203 3492 3472 3544 nostram
3505 3488 3800 3544 civitatem

383 3579 578 3634 sedem
613 3577 913 3650 appellans
942 3576 1344 3649 apostolicam,
1377 3577 1772 3650 irregulariter
1803 3581 2026 3652 episco-

381 3670 523 3738 patu
554 3665 835 3738 privatus,
851 3664 1249 3728 calamitatum
1283 3683 1544 3722 mearum
1580 3684 1828 3742 suggero
1859 3667 2027 3742 lugu-

382 3754 544 3809 brem
575 3752 900 3822 historiam,
933 3771 1049 3810 non
1082 3755 1279 3811 omnia
1314 3773 1437 3828 quae
1470 3774 1682 3829 passus
1715 3775 1846 3814 sum
1880 3765 2022 3814 rete-

376 3850 542 3910 Xens,
574 3843 730 3914 quod
781 3843 1146 3917 impossibile
1192 3845 1434 3900 forsitan
1483 3851 1624 3912 erat,
1659 3852 1715 3902 et
1744 3865 1815 3902 ne
1845 3847 2023 3902 nimis

379 3931 684 3988 fastidiosa
733 3933 986 3989 narratio
1032 3933 1173 3998 tuis,
1204 3934 1467 4006 piissime
1517 3936 1750 4007 praesul,
1781 3937 2023 3994 auribus

380 4020 715 4094 importuna
745 4021 1056 4078 videretur.
1089 4023 1452 4080 Venerabilis
1481 4024 1664 4097 igitur
1687 4025 2020 4098 metrOpoli-

375 4113 551 4167 tanus
581 4111 950 4179 Hincmarus,
987 4117 1200 4168 sancta:
1241 4113 1586 4170 Rhemensis
1619 4114 1882 4171 Ecclesiae
1917 4134 2019 4172 an-

375 4199 564 4268 tistes,
600 4199 954 4270 quibusdam
987 4201 1393 4258 occasionibus
1445 4203 1682 4270 exortis,
1715 4204 1832 4260 acri
1865 4205 2022 4260 circa

375 4304 468 4343 me
496 4288 932 4345 infestinatione
963 4295 1212 4360 certans,
1245 4291 1341 4346 diu
1395 4291 1598 4349 multis
1635 4309 1700 4347 ac
1728 4293 1906 4349 variis
1935 4293 2017 4349 la-

373 4377 613 4432 boribus
667 4395 855 4434 meam
914 4381 1156 4436 vexabat
1201 4381 1598 4454 exiguitatem.
1632 4383 1748 4455 Ego
1797 4386 2015 4450 autem,

374 4472 660 4538 quantum
687 4473 967 4538 poteram,
991 4468 1160 4524 illum
1185 4469 1460 4536 tolerans,
1504 4469 1562 4522 in
1595 4469 1688 4524 his
1719 4470 1771 4524 ei
1797 4488 2016 4543 nequa-

373 4570 546 4626 quam
581 4573 685 4628 pro
717 4572 822 4612 suo
855 4557 1025 4612 libitu
1074 4557 1439 4628 acquiescere
1485 4555 1640 4611 volui
1679 4574 1806 4628 qua:
1835 4559 2016 4617 sacris

372 4645 798 4715 perpendebam
820 4646 1156 4700 auctoribus
1179 4663 1304 4700 esse
1325 4645 1634 4699 contraria.
1653 4645 1920 4718 Dumque
1941 4650 2014 4704 ad

371 4735 678 4804 synodum.
706 4735 880 4804 jussu
929 4733 1166 4806 gloriosi
1206 4732 1358 4804 regis
1389 4732 1596 4798 Caroli,
1631 4750 1734 4804 pro
1767 4735 2015 4793 utilitate

370 4825 582 4874 sanctae
633 4822 731 4875 Dei
781 4819 1051 4874 Ecclesiae
1097 4824 1490 4882 convocatam,
1522 4819 1776 4891 episcopi
1808 4840 2011 4880 conve-

370 4908 756 4977 nissemus,et
773 4909 896 4979 ipse
919 4905 1083 4978 quasi
1108 4905 1371 4962 omnium
1397 4907 1672 4962 dominus
1695 4911 2010 4980 praesidens

369 5013 435 5050 ac
462 4996 798 5067 praevalens,
832 4995 1182 5050 sententiam
1235 4995 1288 5048 in
1337 5011 1428 5050 me
1461 4997 1854 5054 damnationis
1886 4999 2010 5056 vio-

367 5082 553 5140 lenter
581 5101 646 5139 ac
694 5083 1127 5155 praecipitanter
1160 5082 1411 5152 jaculari
1462 5083 1826 5154 acceleraret,
1857 5087 2008 5146 hanc

365 5189 470 5244 ego
499 5172 876 5244 apostolicam
901 5171 1122 5239 sedem,
1156 5176 1329 5241 atque
1371 5173 1755 5244 apostolicum
1787 5195 2006 5249 pracsu-

363 5259 500 5325 lem,
547 5257 896 5314 universalis
944 5256 1209 5312 Ecclesiae
1267 5277 1565 5318 summum
1625 5265 2002 5337 provisorem,

361 5345 651 5419 appellare
683 5345 1264 5419 maturavi.Cumque
1291 5350 1430 5404 mihi
1457 5351 1560 5406 hoc
1577 5353 1862 5427 denegare
1888 5375 2002 5412 non

359 5437 760 5507 praesumeret,
793 5440 994 5490 sancta
1051 5438 1268 5507 synodo
1323 5439 1686 5508 decernente,
1720 5460 1868 5516 aegre
1916 5451 2001 5500 ta-

357 5537 494 5577 men
525 5519 702 5574 eundi
733 5521 1024 5591 przebebat
1071 5526 1397 5595 assensum,
1431 5532 1792 5587 constituens
1823 5534 1998 5588 dinu-

349 5609 616 5684 meratos
647 5606 771 5666 dies
803 5609 957 5672 ultra
1000 5630 1149 5688 quos
1191 5616 1428 5678 omnino
1479 5637 1592 5678 non
1643 5621 2000 5680 retardarem

2138 3596 2424 3646 reversus,
2455 3579 2526 3634 de
2558 3579 2797 3634 instanti
2849 3577 3054 3634 itinere
3101 3594 3296 3634 moras
3340 3595 3459 3633 non
3511 3577 3798 3649 patiebar,

2135 3686 2313 3740 quam
2347 3667 2532 3734 lzetus,
2563 3667 2610 3722 si
2643 3670 2715 3722 ad
2749 3666 3148 3739 apostolorum
3181 3666 3388 3722 limina
3437 3667 3798 3722 contendam

2135 3757 2504 3824 meruissem,
2531 3761 2594 3812 ut
2615 3757 2686 3811 ad
2707 3755 2929 3812 domini
2954 3755 3066 3811 mei
3087 3755 3235 3812 tanti
3259 3756 3562 3828 pontificis
3581 3761 3638 3811 et
3665 3757 3801 3828 piis-

2134 3845 2267 3902 simi
2287 3844 2768 3919 patris,cmnium
2802 3847 2872 3900 ad
2909 3862 2971 3901 se
3002 3846 3478 3918 conlugientium
3511 3842 3800 3900 tutissimi

2133 3934 2453 3991 defensoris
2483 3951 2549 3989 ac
2583 3933 2946 4007 protectoris,
2975 3951 3205 3990 sacram
3238 3934 3611 4006 pervenirem
3651 3951 3798 4006 pra:-

2132 4023 2402 4079 sentiam.
2427 4024 2826 4095 Cumquejam
2851 4041 2880 4078 e
2901 4024 3090 4078 vicino
3111 4023 3300 4096 parati
3324 4023 3560 4078 itineris
3591 4022 3796 4078 immi-

2131 4117 2293 4168 neret
2323 4130 2615 4186 egressus,
2639 4113 2861 4168 litteras
2919 4112 3155 4168 domino
3213 4128 3344 4168 meo
3387 4111 3536 4185 regi,
3571 4116 3631 4166 et
3670 4127 3796 4166 meo

2129 4201 2566 4274 archiepiscopo
2605 4201 2854 4274 dirigere
2886 4203 3104 4269 curavi,
3139 4207 3404 4257 nostram
3439 4199 3562 4256 illis
3594 4199 3794 4256 Eccle-

2129 4292 2278 4346 siam
2311 4291 2702 4357 committens,
2731 4290 3102 4363 multumque
3155 4289 3465 4362 postulans
3525 4295 3592 4344 ut
3619 4291 3796 4360 juxta

2127 4397 2302 4436 suum
2332 4385 2574 4452 uterque
2615 4379 2874 4436 ofﬁcium
2923 4396 3052 4436 eam
3094 4380 3347 4452 dirigere
3377 4383 3789 4452 procurarent,

2125 4469 2306 4525 donec
2325 4469 2392 4524 de
2416 4486 2507 4525 me
2529 4467 3053 4526 excellentissimus
3077 4469 3350 4524 Romanae
3375 4469 3544 4523 urbis
3576 4465 3789 4540 praesul

2125 4558 2302 4613 tinem
2351 4558 2765 4614 determinaret
2809 4557 3160 4630 legitimum.
3194 4557 3327 4614 Misi
3361 4562 3418 4612 et
3450 4556 3686 4613 litteras
3719 4555 3786 4610 ad

2125 4645 2292 4701 illum
2325 4646 2463 4701 olim
2494 4647 2916 4718 presbyterum,
2936 4663 3042 4718 pro
3068 4647 3239 4718 cujus
3269 4663 3376 4718 ego
3403 4645 3664 4718 regulari
3689 4645 3786 4700 de-

2124 4735 2432 4807 positione,
2481 4737 2581 4808 qui
2635 4737 2694 4791 in
2755 4740 2958 4808 stupro
3017 4737 3206 4791 fuerat
3263 4735 3704 4807 deprehensus,
3733 4737 3787 4788 et

2108 4824 2422 4891 abscissus
2443 4843 2476 4880 a
2498 4842 2626 4880 meo
2649 4825 2961 4896 judicabar
2983 4824 3542 4896 metropolitano,ut
3573 4835 3628 4880 et
3658 4824 3782 4896 ipse

2123 4931 2352 4970 mecum
2385 4913 2500 4970 huc
2529 4919 2664 4970 ante
2716 4919 2901 4982 tuam,
2935 4913 3170 4970 domine
3201 4931 3374 4986 papa,
3411 4913 3778 4968 audientiam

2119 5004 2544 5060 examinandas
2592 5003 2906 5059 adveniret.
2943 5005 3204 5068 Quarum
3253 5002 3616 5074 exemplaria
3659 5019 3778 5072 pra:

2119 5093 2394 5148 manibus
2407 5092 2685 5160 habeo,et
2707 5091 2755 5147 si
2779 5093 2944 5147 vobis
2974 5091 3182 5164 placet,
3208 5091 3566 5164 apostolatui
3587 5096 3776 5146 vestro

2117 5183 2377 5237 offeram.
2399 5182 2608 5255 Aliqua
2638 5198 2869 5254 quoque
2893 5181 3152 5254 capitula
3174 5181 3512 5252 conscripta
3541 5179 3771 5235 cuidam

2116 5275 2314 5326 nostro
2346 5270 2620 5326 confratri
2643 5275 2700 5326 et
2719 5271 3063 5344 coepiscopo
3083 5269 3409 5334 transmisi,
3433 5270 3546 5325 sub
3571 5267 3766 5323 eodem

2112 5359 2394 5430 temporis
2415 5357 2658 5415 articulo
2689 5375 2794 5432 per
2821 5359 3056 5414 easdem
3084 5375 3296 5414 manus
3327 5357 3614 5424 deferens,
3637 5370 3764 5425 qua:

2115 5450 2178 5500 ut
2202 5447 2570 5518 praemissum
2603 5453 2690 5503 est
2723 5452 3044 5503 memorato
3076 5447 3198 5520 regi
3228 5449 3285 5502 et
3313 5445 3566 5502 antistiti
3596 5439 3765 5498 desti-

2115 5536 2485 5591 naveramJn
2521 5537 2738 5608 quibus
2764 5553 2903 5592 sane
2935 5535 3208 5608 capitulis
3241 5551 3374 5590 mea
3404 5534 3538 5590 talis
3569 5535 3758 5604 postu-

2111 5621 2248 5680 latio
2270 5624 2698 5698 continebatur,
2714 5625 2846 5686 aliis
2869 5625 3160 5701 episcopis
3182 5623 3283 5701 qui
3307 5625 3369 5681 in
3390 5639 3579 5682 meam
3601 5621 3758 5678 dam-
