3894 6204
66 362 175 422 ’749

1190 365 1569 428 LIBELLUS
1614 366 2325 431 PROCLAMATIONIS.

3343 370 3465 431 750

65 494 347 551 nationem
384 494 736 569 participare
768 494 1045 551 nolebant
1084 495 1453 561 insinuanda,
1490 502 1555 553 ut
1588 498 1696 571 ipsi
1730 500 1782 566 Α
1814 516 2005 571 neque
2035 517 2139 573 ego
2172 500 2282 556 hoc
2316 499 2611 557 ullatenus
2631 501 3002 566 auderem,ut
3031 500 3086 557 in
3120 502 3460 575 praejudicio

63 584 239 656 parati
271 588 492 651 essent,
531 589 681 639 sicut
712 584 1096 640 fraternitatis
1128 590 1419 642 amatores
1446 593 1502 641 et
1522 591 1701 643 secta.

62 676 212 729 tores
238 672 565 740 charitatis,
589 673 761 744 juxta
788 673 1113 730 beatissimi
1166 674 1413 746 apostoli
1447 676 1702 731 sanctio-

62 778 190 815 nem
216 761 257 832 (1
280 762 415 818 Tim.
448 762 548 833 VI),
585 778 775 816 meam
807 762 1117 817 defendere
1147 779 1213 818 ac
1247 764 1395 818 tueri
1427 763 1701 819 salutem.

62 850 172 905 Sed
200 848 292 906 ille
324 868 494 906 meus
527 850 827 906 unanimis
850 852 1043 916 frater,
1067 851 1160 907 cui
1190 852 1340 907 hanc
1366 852 1477 907 mei
1501 870 1700 908 curam

62 939 515 1000 committebam,
537 944 679 995 tunc
710 939 1160 995 defuit.Hincms
1174 957 1274 996 rus
1305 946 1500 996 tamen
1525 941 1704 997 conti-

64 1045 178 1083 nuo
197 1046 432 1084 causam
466 1027 981 1100 persensit.Adhuc
1006 1029 1281 1085 dominus
1312 1035 1493 1094 rex,ct
1514 1030 1700 1086 isdem

61 1133 224 1173 meus
253 1116 545 1189 praelatus,
578 1116 638 1172 in
672 1117 876 1172 eodem
910 1117 1034 1174 loco
1094 1119 1430 1185 manebant,
1458 1119 1554 1174 ubi
1591 1120 1700 1175 sub

62 1223 177 1260 una
202 1206 520 1278 eademque
566 1222 729 1262 mora
777 1224 917 1261 meae
977 1207 1281 1278 parvitatis
1333 1207 1611 1280 epistolae,
1647 1211 1704 1263 et
1747 1190 1756 1199 ’

56 1294 158 1350 illa
212 1294 485 1367 capitula,
550 1295 631 1350 uti
693 1294 942 1350 relatum
999 1301 1109 1363 est,
1171 1297 1697 1369 prmsentabantur.

56 1384 301 1456 Moxque
330 1384 682 1440 Hincmarus
707 1384 831 1456 ipse
854 1383 1329 1457 archiepiscopus
1347 1384 1700 1457 scriptorum

55 1473 393 1545 portitorem
425 1473 737 1547 diligenter
775 1472 959 1545 jussit
1008 1473 1249 1546 inquiri,
1284 1491 1389 1530 cur
1437 1473 1553 1529 illis
1586 1491 1700 1530 non

52 1563 382 1618 ostenderet
412 1562 608 1635 apices
640 1579 789 1635 quos
811 1562 1112 1634 sigillatim
1129 1562 1701 1629 detulerat.Quicon-

54 1652 207 1706 Iiteri
239 1650 579 1724 compulsus
601 1652 1009 1724 respondendo
1038 1651 1373 1724 snbjunxit:
1409 1651 1551 1715 Quia
1582 1651 1698 1720 ille,

55 1740 351 1812 inquiens,
375 1741 446 1795 ad
478 1756 655 1812 quem
678 1739 821 1795 mibi
855 1740 1059 1796 crediti
1076 1745 1215 1796 sunt
1232 1741 1701 1812 perferendi,non

52 1829 149 1883 hic
182 1830 350 1885 modo
381 1829 761 1902 apparet.Nec
784 1828 1031 1885 cessavit
1055 1828 1173 1894 ille,
1207 1831 1389 1885 donec
1424 1846 1702 1902 persuaso

52 1935 190 1991 rege
222 1918 412 1974 subito
444 1917 613 1990 quasi
644 1917 884 1974 collecta
900 1919 1120 1991 synodo
1137 1917 1481 1990 exipsisqui
1503 1933 1702 1990 super-

50 2012 221 2063 erant
242 2007 531 2079 episcopis
543 2008 945 2080 presbyterum
971 2007 1259 2062 introduci
1279 2006 1696 2075 fecitinvitum,

51 2098 250 2168 ipsum
276 2095 542 2153 videlicet
570 2095 898 2152 litterarum
931 2095 1195 2151 latorem.
1224 2096 1533 2168 Coeperunt
1564 2095 1699 2151 hinc

51 2191 105 2240 et
138 2185 276 2240 inde
304 2185 361 2239 in
394 2185 584 2242 medio
616 2186 874 2257 positum
908 2201 1157 2251 movere,
1193 2186 1446 2257 pulsare,
1481 2189 1538 2240 et
1570 2202 1697 2256 pcr-

50 2291 278 2346 urgere,
312 2273 483 2331 sicuti
516 2274 621 2330 hoc
653 2273 858 2329 callide
889 2291 990 2346 per
1027 2273 1275 2329 insidias
1320 2279 1699 2346 argumenta-

50 2368 178 2419 tum
209 2368 349 2431 erat,
382 2368 447 2418 ut
477 2362 724 2430 litteras,
758 2380 906 2435 quas
936 2362 1237 2419 Rothadus
1276 2379 1379 2433 per
1424 2380 1558 2419 cum
1591 2380 1697 2419 suo

48 2453 121 2508 ad
156 2453 445 2525 synodum
502 2452 952 2525 metropolitano
1007 2451 1312 2518 direxerat,
1348 2452 1524 2507 citius
1558 2470 1698 2525 prac-

47 2547 325 2598 sentaret.
357 2542 558 2614 Neque
588 2543 660 2597 ad
684 2541 972 2614 synodum
996 2540 1214 2597 missus
1238 2540 1698 2613 sum,ait,neque

48 2650 80 2687 a
112 2631 378 2687 Rothado
410 2631 705 2704 episcopo,
738 2632 909 2703 cujus
940 2647 1044 2686 nec
1103 2647 1210 2702 ego
1261 2648 1392 2686 sum
1426 2630 1694 2697 clericus,

47 2722 278 2776 litteras
308 2720 503 2794 acccpi
538 2720 852 2777 Hincmaro
892 2720 1237 2776 reddendas.
1272 2720 1534 2792 Cumque
1566 2720 1695 2775 nul-

48 2811 287 2865 lomodo
317 2811 621 2883 presbyter
651 2809 779 2881 ipsa
807 2808 978 2865 vellet
1026 2808 1283 2880 capitula
1308 2810 1571 2881 prodere,
1597 2811 1695 2880 ju-

49 2901 227 2955 bente
260 2904 453 2954 tamen
488 2915 640 2971 rege,
676 2902 911 2953 coactus
943 2897 1197 2953 reddidit
1221 2914 1493 2969 :moxque
1525 2899 1696 2954 Hinc-

46 3006 256 3043 marus
289 3004 480 3061 regem
514 2986 830 3060 postulavit
850 2986 1208 3042 utTransulf
1209 3004 1305 3041 um
1329 2987 1601 3042 abbatem
1625 2988 1695 3043 ad

44 3096 141 3134 me
176 3076 494 3150 dirigeret:
525 3077 622 3149 qui
659 3077 730 3132 ad
780 3081 1041 3131 nostram
1073 3074 1362 3131 civitatem
1399 3076 1697 3132 celerrime

43 3166 417 3239 perveniens,
450 3182 544 3221 me
565 3166 689 3236 jam
723 3170 992 3238 paratum
1026 3168 1089 3219 ut
1120 3174 1382 3219 nostrum
1415 3163 1525 3218 iter
1554 3165 1696 3219 arri-

43 3273 252 3329 perem
283 3255 524 3311 invenit.
555 3256 718 3310 Tunc
759 3255 883 3327 ipse
915 3254 1098 3309 abbas
1131 3253 1188 3308 in
1238 3259 1314 3308 at:
1331 3252 1385 3308 io
1442 3252 1700 3310 ecclesiae
1727 3234 1770 3300 C

41 3346 361 3411 assistens,
394 3343 628 3417 publica
655 3360 791 3399 voce
822 3359 890 3398 ex
927 3342 1100 3398 verbo
1132 3342 1373 3414 regis,et
1403 3342 1699 3398 llincmari

40 3432 481 3505 archiepiscopi
537 3430 898 3497 auctoritate,
968 3429 1273 3502 prohibere
1332 3431 1574 3499 curavit,
1638 3435 1703 3486 ut

44 3521 258 3578 nullus
289 3520 529 3577 omnino
550 3520 623 3576 ab
656 3521 783 3591 ipsa
806 3519 1037 3575 civitate
1062 3535 1289 3575 mecum
1310 3521 1699 3592 egrederetur,

42 3629 109 3667 ac
144 3612 232 3667 ire
263 3610 550 3666 volentem
586 3611 827 3665 Romam
861 3626 952 3665 me
985 3609 1703 3681 prosequeretur.Nequa-

42 3717 234 3771 quam
270 3701 350 3755 ita
382 3699 611 3766 faciam,
646 3716 752 3772 ego
776 3697 1094 3754 subintuli:
1130 3698 1229 3752 sed
1262 3697 1415 3754 sicut
1446 3697 1703 3770 primum

44 3791 390 3845 Romanum
414 3788 701 3861 appellavi
752 3788 1107 3860 pontificem,
1171 3788 1279 3842 iter
1329 3787 1703 3859 dispositum,

41 3879 167 3934 Deo
200 3877 541 3944 auxiliante,
566 3877 809 3932 minime
834 3876 1270 3932 dilferam.Hinc
1292 3892 1397 3948 ego
1429 3877 1704 3945 mirabar,

41 3972 100 4022 et
133 3967 481 4039 stupebam,
516 3967 654 4038 quid
687 3965 800 4022 sibi
840 3965 1008 4021 vellet
1039 3964 1173 4020 talis
1232 3964 1582 4032 immutatio,
1607 3969 1710 4019 aut

40 4074 158 4111 cur
189 4072 287 4111 me
320 4073 355 4112 a
384 4072 514 4112 meo
550 4055 756 4111 itinere
779 4054 1280 4111 retardarent.Sed
1304 4052 1467 4126 prius
1488 4051 1713 4124 aliquot

40 4147 179 4201 dies
202 4145 369 4200 fama
387 4144 665 4217 vulgabat
685 4145 841 4218 quod
869 4143 1215 4199 llincmarus
1237 4141 1712 4214 archiepiscopus

39 4235 252 4290 dicere
283 4231 535 4302 volebat;
570 4232 741 4305 quasi
773 4249 879 4307 ego
910 4248 1015 4306 per
1045 4232 1245 4304 aliqua
1292 4230 1550 4303 capitula
1571 4228 1712 4285 scri-

42 4325 202 4379 bens
236 4321 505 4379 renovari
539 4322 682 4378 mihi
706 4322 1001 4393 judicium
1034 4319 1538 4394 petiveram.Quod
1562 4323 1715 4374 certe

42 4410 454 4468 falsissimum
486 4414 593 4479 est,
628 4427 760 4467 eum
796 4428 900 4467 nec
932 4410 1034 4466 illa
1063 4408 1320 4483 capitula
1351 4409 1422 4465 ad
1456 4425 1587 4464 eum
1623 4407 1717 4463 di-

43 4500 198 4566 rexi,
238 4517 435 4572 neque
465 4500 537 4556 de
568 4499 766 4572 aliquo
813 4499 914 4556 tali
958 4498 1183 4571 judicio
1244 4498 1325 4554 ibi
1357 4497 1717 4554 mentionem

1814 593 2028 643 sancta:
2088 589 2361 643 Romanis
2405 588 2691 656 Ecclesia),
2742 588 3006 644 omnium
3070 589 3457 648 Ecclesiarum

1812 675 2038 743 matris,
2074 677 2321 748 ejusque
2353 675 2826 732 excellentissimi
2876 677 3139 745 rectoris,
3172 678 3327 734 circa
3353 697 3456 752 po-

1813 764 1923 819 sito
1955 764 2284 836 cuicunque
2305 765 2590 836 prebeam
2614 765 2811 836 aliquo
2839 766 3011 821 modo
3034 769 3453 824 assensum.Ad

1812 852 1973 908 illam
2008 870 2301 908 summam
2328 855 2734 910 auctoritatem
2760 854 2886 910 sine
2908 855 3337 912 intermissione
3360 874 3457 929 ap-

1812 941 1985 1014 pello,
2020 941 2113 997 cui
2143 941 2341 997 nullus
2372 947 2563 1015 potest
2592 944 3455 1016 contradicere,quaaDomino

1811 1031 1952 1087 Jesu
1985 1031 2213 1087 Christo
2240 1049 2344 1103 per
2364 1032 2595 1087 beatum
2615 1032 2845 1088 Petrum
2879 1033 3204 1104 apostolum
3226 1038 3456 1089 tantum

1812 1121 2029 1176 meruit
2056 1121 2471 1193 principatum.
2494 1120 2791 1176 Judicium
2820 1138 2955 1194 ergo
2986 1121 3145 1179 illius
3175 1124 3244 1177 ad
3279 1140 3455 1195 quam

1811 1206 2164 1280 proclamavi
2200 1211 2424 1279 expeto,
2456 1224 2561 1263 nec
2611 1206 2749 1263 alibi
2806 1208 2919 1263 nisi
2965 1209 3159 1264 Romae
3199 1211 3455 1281 judicari

1811 1295 2132 1364 consentio,
2167 1294 2305 1368 quia
2334 1304 2720 1368 praeposterus
2737 1297 2877 1352 ordo
2900 1301 2990 1353 est
3012 1297 3339 1355 inferiorem
3362 1317 3457 1355 su-

1812 1384 2025 1457 periori
2054 1383 2460 1440 anteferri.His
2492 1383 2729 1452 auditis,
2766 1384 2864 1456 qui
2894 1384 3057 1441 missi
3091 1386 3320 1442 fuerant
3362 1403 3455 1459 sy-

1814 1474 1966 1529 nodo
1999 1472 2493 1529 renuntiaverunt.
2533 1474 2745 1529 Iterum
2786 1474 3045 1529 secundo
3076 1480 3133 1530 et
3162 1474 3332 1530 tertio
3364 1492 3456 1532 me

1811 1562 2202 1618 continuatim
2227 1561 2621 1628 invitantes,in
2640 1562 2841 1618 eadem
2865 1562 3213 1620 invenerunt
3233 1563 3455 1620 ratione

1813 1651 2147 1724 pen-istere.
2182 1650 2507 1707 Novissime
2550 1668 2683 1707 vero
2734 1650 3093 1708 industriose
3141 1653 3453 1725 persuade-

1814 1742 1974 1806 bant,
2008 1757 2178 1796 suam
2211 1742 2515 1795 offerentes
2547 1741 2744 1805 fidem,
2770 1740 2914 1795 nihil
2946 1740 3301 1797 incommodi
3331 1758 3457 1814 per-

1813 1845 2149 1901 pessurum,
2182 1834 2284 1884 aut
2314 1828 2523 1884 saltem
2555 1828 2793 1883 domino
2818 1828 2935 1901 regi
2955 1827 3013 1883 in
3046 1830 3308 1901 proximo
3330 1829 3454 1886 loco

1812 1918 2018 1991 synodi
2070 1917 2376 1973 locuturus
2419 1934 2806 1972 occurrerem.
2862 1918 3024 1983 Qnod
3081 1919 3258 1974 etiam
3312 1918 3457 1974 mihi

1810 2006 1996 2062 nostri
2032 2007 2239 2062 fratres
2270 2005 2535 2061 Ecclesiae
2567 2010 2775 2060 nostrae
2807 2004 2911 2059 ﬁlii
2922 2007 3046 2077 jam
3083 2006 3329 2063 suadere
3351 2024 3459 2063 ca:-

1770 2088 2045 2167 ‘perunt,
2077 2098 2144 2149 ut
2174 2093 2268 2167 pio
2301 2093 2550 2165 principi
2600 2109 2741 2148 meae
2792 2093 3097 2164 parvitatis
3127 2093 3462 2151 exhiberem

1809 2183 2202 2255 praesentiam.
2235 2182 2426 2237 Annui
2462 2198 2590 2254 ego,
2622 2187 2680 2236 et
2727 2181 2799 2236 ad
2846 2180 3039 2236 locum
3080 2198 3196 2253 quo
3226 2198 3320 2237 me
3351 2182 3458 2237 du-

1808 2272 2018 2328 cebant
2040 2270 2303 2338 transivi,
2319 2269 2780 2349 sacerdotalibus
2800 2269 3046 2325 vestitus
3069 2269 3455 2337 indumentis,

1808 2366 2079 2417 sanctum
2112 2358 2487 2433 Evangelium
2517 2363 2576 2414 et
2596 2358 2819 2431 lignum
2844 2362 3057 2414 sanctae
3086 2358 3277 2414 crucis
3300 2358 3454 2415 circa

1808 2467 1938 2507 mea
1969 2454 2201 2522 pectora
2231 2465 2461 2521 gerens.
2488 2448 2753 2519 Cumque
2784 2464 2878 2503 me
2928 2448 2987 2502 in
3028 2449 3325 2519 quoddam
3358 2449 3450 2504 di-

1802 2539 2126 2596 versorium
2161 2554 2263 2610 pro
2293 2536 2514 2592 foribus
2544 2536 2746 2609 synodi
2779 2553 2812 2592 a
2834 2536 3051 2593 nostris
3072 2536 3450 2595 omnibusse-

1807 2633 2080 2703 paratum
2110 2622 2593 2691 introduxissent,
2617 2624 2845 2680 obnixis
2867 2625 3140 2697 precibus
3162 2626 3450 2698 postulavi

1806 2734 1911 2792 per
1942 2716 2273 2772 Leudonem
2324 2714 2656 2780 diaconum,
2686 2718 2750 2768 ut
2792 2714 3069 2770 dominus
3112 2731 3209 2770 rex
3258 2714 3449 2772 locum

1808 2806 1950 2862 mihi
1981 2803 2310 2875 indulgeret
2341 2819 2540 2858 secum
2572 2801 2870 2874 loquendi.
2905 2802 3011 2868 Qui
3047 2819 3179 2858 mox
3209 2820 3312 2876 pro
3344 2821 3453 2860 sua

1807 2896 2019 2969 pietate
2042 2894 2113 2948 ad
2147 2908 2239 2947 me
2270 2891 2577 2963 indignum
2599 2890 2792 2945 venire
2821 2890 3099 2963 dignatus
3128 2894 3455 2963 est,meque

1808 2984 2057 3057 benigne
2089 2979 2329 3047 audivit,
2366 2980 2463 3035 sed
2497 2979 2768 3035 exaudire
2820 2996 2935 3034 non
2987 2984 3077 3035 est
3105 2980 3451 3051 permissus.

1808 3073 1950 3128 Nam
1985 3087 2120 3126 cum
2154 3068 2319 3124 illum
2366 3068 2532 3123 valde
2581 3067 2924 3141 suppliciter
2972 3068 3254 3140 anxieque
3284 3084 3452 3141 roga-

1813 3178 1955 3227 rem,
1992 3164 2055 3214 ut
2088 3158 2229 3214 mihi
2264 3158 2509 3213 Romam
2540 3157 2718 3212 eundi
2762 3156 3114 3224 libertatem,
3146 3157 3299 3212 sicut
3328 3157 3455 3229 ipse

1808 3252 2196 3313 concesserat,
2229 3263 2344 3302 non
2376 3246 2625 3313 tolleret,
2659 3249 3041 3317 sanctamque
3072 3244 3453 3318 apostolicam

1810 3339 2008 3395 sedem
2040 3337 2097 3392 in
2123 3335 2247 3392 suis
2279 3334 2595 3407 privilegiis
2646 3334 2978 3402 honoraret,
3004 3334 3303 3407 respondit
3346 3334 3456 3390 hoc

1810 3429 1883 3485 ad
1910 3444 2108 3483 meum
2135 3423 2463 3497 specialiier
2494 3423 3031 3496 metropolitanum,
3068 3428 3455 3495 sanctumque

1811 3517 2100 3591 pertinere
2120 3518 2469 3570 conventum
2495 3529 2576 3580 ;se
2590 3517 2817 3567 tantum
2838 3512 3022 3568 sacris
3050 3512 3456 3585 episcoporum

1813 3605 2055 3662 monitis
2106 3620 2171 3659 ac
2209 3601 2695 3674 dispositionibus
2745 3600 3048 3657 humiliter
3085 3601 3458 3658 obediturum

1814 3694 2233 3767 profitebatur:
2267 3695 2324 3746 et
2352 3690 2505 3746 illico
2538 3691 2813 3745 recedens
2864 3689 2923 3744 in
2972 3690 3259 3763 synodum
3292 3690 3458 3757 abiit,

1816 3783 2015 3856 ibique
2047 3781 2280 3837 resedit.
2316 3780 2544 3835 Rursus
2563 3784 2683 3834 tres
2705 3782 3130 3852 consequenter
3154 3779 3462 3851 episcopos

1816 3873 1885 3927 ad
1920 3888 2012 3926 me
2036 3870 2339 3935 miserunt,
2374 3867 2474 3940 qui
2508 3865 2765 3921 multum
2816 3865 3039 3922 fortiter
3068 3867 3139 3921 ad
3171 3867 3464 3939 synodum

1818 3964 1882 4015 ut
1911 3958 2209 4013 introirem
2234 3956 2641 4023 hortabantur,
2667 3970 2876 4026 meque
2898 3953 3464 4026 impellebant,nunc

1818 4045 2192 4112 blandiendo,
2217 4060 2373 4098 nunc
2405 4042 2805 4107 minando,me
2827 4042 3163 4097 subvertere
3183 4040 3463 4096 volentes.

1821 4137 1931 4193 Sed
1965 4150 2070 4207 ego
2084 4137 2202 4189 toto
2232 4131 2446 4187 annisu
2452 4132 2623 4202 juxta
2640 4135 2907 4185 votorum
2924 4145 3188 4185 meorum
3213 4127 3465 4201 primam

1821 4222 2205 4280 intentionem
2237 4235 2604 4293 perseverare
2651 4218 2944 4274 contendi.
2980 4222 3158 4274 Porro
3205 4234 3340 4274 cum
3374 4234 3469 4274 me

1824 4312 2221 4387 perspicerent
2243 4308 2368 4365 suis
2390 4306 2542 4364 nolle
2557 4306 2770 4363 studiis
2792 4307 3161 4378 acquiescere
3185 4306 3473 4363 obseratis

1827 4402 1993 4460 ostiis
2023 4402 2083 4457 in
2115 4400 2318 4457 eadem
2347 4415 2481 4454 sum
2514 4395 2660 4453 cella
2715 4395 2982 4452 inclusus
3008 4413 3022 4463 ;
3057 4412 3243 4468 neque
3273 4394 3471 4469 egredi

1828 4491 2067 4551 omnino
2115 4494 2397 4563 poteram,
2440 4487 2622 4543 donec
2671 4485 2742 4541 de
2798 4500 2891 4540 me
2937 4488 3258 4557 peccatore,
3318 4483 3474 4539 sicut

43 4589 167 4663 egi,
205 4606 319 4645 nec
341 4571 1296 4661 electorumjudicum,secuodum
1332 4604 1529 4644 sacros
1546 4604 1716 4643 cano-
1751 4603 1797 4669 Ι)
1829 4581 2186 4655 quibusdam
2210 4583 2351 4634 tunc
2382 4576 2621 4669 placuit,
2655 4573 3205 4669 difﬁnirent.-Meus
3256 4571 3473 4628 etenim

45 4697 181 4745 nes,
221 4683 335 4734 aut
366 4679 626 4747 nomina,
663 4683 761 4734 aut
792 4682 944 4735 certe
975 4692 1286 4734 numerum
1319 4677 1718 4751 expressi.Te-

45 4771 180 4824 stor
214 4768 381 4824 Deus
412 4773 735 4825 creatorem
769 4767 1058 4832 omnium,
1090 4766 1230 4839 quia
1280 4783 1384 4822 nec
1408 4767 1466 4821 in
1498 4767 1722 4840 cogita-

45 4856 218 4913 tione
255 4855 407 4912 mihi
441 4854 758 4929 subripuit,
793 4860 859 4912 ut
889 4855 1336 4929 appellationem
1369 4856 1549 4927 hujus
1579 4855 1722 4911 emi-

47 4944 434 5001 nentissima
457 4946 616 5002 sedis
646 4947 718 5001 ad
749 4945 924 5001 aliam
956 4944 1151 5017 aliquo
1211 4946 1383 5001 modo
1440 4944 1723 5000 rationem

47 5035 446 5090 diverterem.
482 5034 630 5091 Proh
672 5034 871 5091 dolorl
935 5033 1131 5089 ablata
1182 5038 1272 5090 est
1319 5033 1610 5107 migrandi
1642 5032 1726 5088 fa-

49 5123 281 5195 cultas,
313 5126 375 5178 et
405 5123 837 5196 circumseptus
870 5123 1138 5179 custodia
1158 5121 1219 5178 in
1251 5124 1453 5179 eadem
1489 5140 1622 5177 sum
1656 5121 1730 5178 ci-

49 5213 240 5268 vitate
277 5216 565 5269 retentus.
608 5212 976 5268 Acceleratur
1022 5212 1217 5285 itaque
1256 5212 1326 5268 de
1357 5212 1731 5267 convocanda

51 5301 294 5373 synodo
323 5318 465 5373 :qua
494 5301 555 5357 in
587 5299 869 5357 suburbio
900 5306 1111 5357 nostrae
1140 5300 1389 5355 civitatis
1421 5316 1732 5372 congrega-

51 5396 128 5457 ta,
169 5407 285 5446 rex
320 5389 579 5463 inclytus
609 5407 644 5446 a
672 5389 918 5445 concilio
965 5393 1056 5446 est
1087 5388 1388 5444 invitatus.
1422 5388 1583 5443 Tunc
1617 5393 1735 5445 tres

51 5478 435 5534 Hincmarus
466 5478 943 5551 archiepiscopus
984 5479 1288 5550 episcopos
1320 5478 1390 5532 ad
1425 5494 1518 5533 me
1549 5477 1733 5545 misit,

53 5567 376 5624 :nandans
406 5567 478 5623 ad
513 5568 803 5640 synodum
826 5568 1015 5640 ipsam
1035 5572 1098 5623 ut
1123 5567 1246 5623 sine
1273 5582 1436 5621 mora
1455 5564 1733 5622 venirem.

53 5658 301 5731 Quibus
338 5671 447 5732 ego
498 5658 769 5733 respondi
821 5658 974 5733 quod
1020 5673 1136 5716 non
1196 5653 1341 5715 mihi
1390 5655 1473 5714 ita
1518 5653 1735 5735 liceret,

1831 4670 2307 4743 archiepiscopus
2336 4664 2651 4722 voluntatis
2663 4682 2781 4721 suae
2794 4661 3475 4737 propositum,quantum

1832 4765 2076 4835 poterat,
2109 4756 2350 4831 implere
2380 4755 2639 4811 curavit:
2666 4754 2969 4826 factusque
2989 4756 3079 4809 est
3106 4751 3287 4825 gratis
3309 4766 3478 4805 meus

1833 4850 1959 4924 ipse
1990 4852 2314 4914 accusator,
2350 4846 2472 4918 ipse
2504 4844 2690 4912 testis,
2723 4843 2965 4915 ipseque
2987 4842 3205 4913 judex:
3239 4844 3295 4895 et
3327 4838 3482 4895 sicut

1837 4956 1930 4995 me
1962 4940 2261 4995 absentem
2293 4939 2467 5008 prout
2496 4932 2678 4989 voluit
2721 4932 3014 5005 culpabat,
3048 4930 3128 4987 sic
3160 4934 3219 4986 et
3264 4934 3481 4985 temere

1829 5029 2096 5102 judicare
2146 5042 2252 5082 nec
2308 5024 2526 5089 timuit,
2587 5039 2693 5077 nec
2752 5021 3101 5077 retractavit.
3162 5019 3273 5075 Sed
3334 5017 3487 5074 inter

1840 5118 1955 5175 alia
1984 5134 2111 5189 quae
2162 5113 2307 5169 mihi
2365 5111 2725 5168 mendaciter
2770 5108 3099 5180 objiciebat,
3140 5107 3251 5163 hoc
3297 5121 3485 5162 unum

1842 5205 2171 5280 specialiter
2197 5201 2464 5275 ingessit,
2499 5200 2653 5273 quod
2686 5198 3288 5271 presbyterum,cujus
3308 5212 3489 5268 supra

1844 5294 1952 5352 feci
1986 5292 2362 5356 mentionem,
2396 5290 2613 5360 injuste
2644 5286 3068 5360 deposuissem.
3093 5286 3255 5350 Quod
3286 5282 3489 5358 procul

1845 5383 2023 5441 dubio
2057 5380 2270 5437 falsum
2302 5383 2409 5449 est,
2444 5382 2507 5432 ut
2538 5374 2709 5432 multi
2740 5374 2934 5431 idonei
2964 5378 3144 5431 testes
3190 5378 3246 5429 et
3261 5373 3491 5445 episco-

1846 5488 2078 5548 porum,
2112 5474 2169 5525 et
2198 5471 2537 5523 caaterorum
2568 5464 2934 5531 clericorum,
2969 5464 3088 5520 sive
3116 5463 3495 5529 1aicorum,et

1847 5564 2135 5620 noverunt
2163 5561 2220 5614 et
2250 5560 2520 5613 noscunt.
2552 5557 2734 5623 Quem
2762 5558 2958 5610 tamen
3005 5555 3128 5627 ipse
3148 5556 3273 5626 jam
3303 5553 3494 5609 tribus

1848 5651 2020 5714 annis
2034 5646 2600 5725 transactis,absque
2615 5660 2744 5705 meo
2761 5660 3181 5719 consensu,seu
3202 5641 3495 5726 consultu,
