3894 6204
417 315 529 372 747

1363 310 1711 370 ROTHADI
1755 311 1806 371 ll
1850 309 2458 372 SUESSIONENSIS
2503 309 2885 372 EPISCOPI.

3687 316 3780 382 748

414 443 610 524 ipsum
633 441 1149 524 archiepiscopum
1189 441 1452 524 scripsit,
1484 459 1730 524 monens
1761 442 1972 524 litteris
2004 445 2061 497 et
2089 442 2142 508 Α
2174 441 2281 524 fuit
2299 441 2578 524 adversus
2597 442 3095 524 Rotha‘dumJam-
3121 443 3777 524 restitu_tum_ep_iscoi.un

415 512 755 594 praecipiens
774 512 1198 594 ut‘depositum
1227 512 1562 594 lto'thadum
1590 514 1834 594 Romam
1857 513 2064 594 dirige-

417 584 526 652 ret,
557 584 688 640 cum
723 584 848 640 suis
892 584 1091 639 missis
1131 585 1488 640 audiendum
1526 601 1538 638 :
1571 587 1671 640 sed
1703 584 2064 640 x'enie'nte‘eo

416 656 568 712 hanc
600 657 922 712 Romanam
955 655 1287 728 secundum,
1323 657 1666 711 mandatum
1701 657 1761 711 B.
1800 673 1957 728 papae
1992 657 2063 710 ad

417 729 643 795 urbem,
675 732 730 784 et
763 743 864 798 per
901 743 1107 783 novem
1157 727 1385 782 circiter
1435 745 1665 782 menses
1695 728 1772 782 ibi
1802 727 2063 782 commo-

414 806 600 871 rante,
617 815 920 882 nunquam
953 799 1186 882 penitus
1206 815 1274 853 ex
1289 799 1692 882 accusantium
1726 805 1884 882 parte
1907 799 2065 870 quis-

415 869 594 942 quam
626 869 830 942 adfuit,
867 869 971 942 qui
999 887 1194 926 coram
1244 869 1894 942 sanctissimopraesule
1926 869 2059 942 eum

413 941 616 998 eodem
663 941 926 1013 Rothad’o
975 943 1408 1013 contenderent.
1443 942 1602 996 Tunc
1632 941 1698 1013 in;
1723 941 1813 1013 die
1839 941 2060 1013 vigilia-

413 1031 543 1070 rum
571 1011 898 1068 Nativitatis
930 1012 1160 1068 Domini
1193 1012 1374 1068 nostri
1404 1013 1542 1068 Jesu
1569 1011 1804 1075 Christi,
1839 1011 1938 1083 qui
1971 1029 2058 1066 se-

411 1085 671 1140 cundum
701 1085 982 1140 olitanam
1015 1084 1496 1141 consuetudinem
1526 1083 1704 1153 hujus
1729 1083 2059 1154 apostolica:

411 1157 569 1228 sedis
594 1156 982 1228 praesuLcum
1013 1155 1164 1212 clero
1195 1161 1252 1212 et
1273 1155 1558 1228 pepuloin
1588 1154 1830 1228 basilica
1849 1155 1948 1210 Dei
1969 1171 2061 1228 ge-

410 1225 638 1283 nitricis
656 1229 731 1310 ad
753 1229 1014 1310 Prsesepc
1047 1225 1367 1284 missarum
1395 1225 1588 1310 officia
1619 1225 1906 1310 celebrare
1929 1225 2061 1281 cou-

409 1303 693 1364 sueverat,
728 1297 1075 1354 conveniens
1106 1317 1237 1354 cum
1280 1299 1553 1352 omnibus
1586 1314 1736 1368 papa
1766 1297 2056 1368 benignus

408 1369 618 1452 fecitoi’n
635 1370 1141 1452 ambone‘publice
1171 1372 1240 1426 de
1275 1369 1407 1452 ipso.
1435 1369 1695 1452 ltothado
1727 1385 2056 1452 sermonem

408 1441 747 1515 significans
767 1439 1016 1514 qualiter
1033 1443 1228 1498 sedem
1248 1439 1625 1512 apostolicam
1645 1439 1945 1566 appellans
1963 1441 2056 1494 de-

408 1513 635 1566 nositus
666 1514 860 1566 fuerit.
894 1519 951 1566 et
980 1513 1038 1566 in
1068 1519 1385 1566 consnectu
1436 1528 1542 1566 suo
1593 1529 1668 1565 nu
1704 1511 1794 1566 lus
1841 1527 1943 1566 Der
1971 1515 2056 1566 tot

407 1511 635 1585 pdsitus
666 1511 860 1580 fuerit,
894 1519 951 1568 et
980 1513 1038 1567 in
1068 1511 1385 1585 conspectu
1436 1528 1553 1586 suo,
1593 1511 1794 1586 nullus
1840 1527 1943 1582 per
1971 1515 2056 1566 tot

407 1583 642 1640 incuses
687 1590 1092 1639 accusatorum
1139 1583 1486 1640 occurreret.
1523 1583 1781 1654 Denique
1809 1599 2053 1654 consen-

407 1656 586 1711 tiente
616 1655 731 1728 sibi
757 1657 1184 1728 episcoporum,
1212 1657 1676 1728 presbyterorum
1696 1653 1760 1707 et
1787 1653 2054 1728 diacono-

409 1744 561 1796 rum,
577 1725 840 1782 omnium
855 1725 1640 1797 conventu,decrevitutdign
1653 1742 1720 1780 us
1733 1730 1885 1780 esset
1900 1725 2052 1778 idem

409 1797 711 1880 Rotbadus
729 1800 898 1884 indui
921 1798 1379 1884 sacerdotalibus
1396 1797 1781 1884 indumentis,
1797 1797 1896 1884 qui
1915 1813 2054 1852 ane-
2083 1821 2130 1884 B

408 1870 564 1925 mine
594 1887 698 1941 per
727 1875 811 1925 tot
841 1887 1073 1925 menses
1103 1870 1508 1933 accusabatur,
1541 1874 1598 1922 et
1625 1869 1695 1922 ad
1729 1867 1885 1941 sedis
1917 1885 2053 1939 apo-

406 1939 928 2012 stolicaejudicium
957 1941 1448 2012 proclamabat,ne
1474 1941 1687 2012 honore
1709 1939 2050 2012 privaretur.

409 2011 513 2067 Ubi
544 2009 790 2068 vestitus
820 2009 1134 2084 episcopali
1169 2012 1468 2066 Itothadus
1503 2009 1866 2084 indumento,
1892 2009 2050 2064 omni

403 2087 664 2155 tempore
682 2101 744 2139 se
763 2082 1054 2156 pollicitus
1075 2088 1166 2138 est
1187 2085 1310 2139 suis
1327 2082 1782 2137 'infestatoribus
1814 2097 2051 2206 respon-

404 2171 631 2206 surum.
651 2155 874 2206 Rursus
887 2155 1236 2206 exspectatis
1253 2155 1569 2206 aliquantis
1587 2153 1812 2206 diebus.
1831 2153 1909 2206 sci
1941 2153 2051 2206 icet

404 2153 631 2210 surum.
651 2153 874 2211 Rursus
887 2155 1236 2227 exspectatis
1253 2155 1569 2227 aliquantis
1587 2153 1812 2227 diebus,
1831 2153 2052 2227 scilicet

402 2227 667 2298 usquein
697 2227 852 2298 diem
885 2223 1172 2298 natalium
1205 2223 1380 2298 sacrae
1411 2224 1654 2298 virginis
1683 2223 2046 2298 Agnetis,qui

400 2295 598 2354 est'xu
629 2297 756 2354 Kal.
793 2297 1157 2363 Februarias,
1191 2297 1292 2353 sed
1324 2313 1428 2352 nec
1458 2297 1569 2352 sibi
1602 2295 1913 2368 quisquam
1947 2295 2048 2350 ad-

2174 511 2395 590 ali_quid
2419 511 2725 590 altercaps.
2751 511 3136 590 Conveni‘ente
3156 531 3292 590 ergo
3315 511 3650 590 beatissimo
3668 511 3780 590 pra:-

2175 583 2455 658 sulecum
2478 585 2753 658 omnibus
2767 585 2824 640 in
2839 583 3278 658 basilieaipsius
3291 585 3533 658 virginis
3547 583 3781 646 feriamu-

2173 673 2268 710 ros
2291 655 2482 729 Urbis,
2497 657 2588 729 via
2609 657 2999 729 Numentana,
3016 655 3169 712 idem
3192 655 3780 729 Rothadusepiscopus

2173 727 2562 800 excusationis
2583 732 2639 782 et
2667 727 3074 798 promissionis
3105 746 3221 784 suae
3254 745 3370 800 qua
3400 727 3779 800 pollicitusl'uit

2173 797 2416 872 seomni
2438 797 2696 870 tempore
2709 800 3146 872 accusatoribus
3170 797 3293 872 suis
3306 797 3782 872 responsurum“.

2172 868 2387 942 bellum
2415 868 2653 942 summo
2686 870 2946 942 pontiﬁci
2971 870 3356 942 tradidit.Qui
3388 868 3586 926 coram
3616 868 3782 930 multis

2171 940 2544 1013 audientibus
2565 940 2738 1013 jussu
2775 941 3040 1013 praesulis
3070 941 3278 1013 eximii!
3295 946 3384 997 est
3413 942 3782 1008 recitatus,ubi

2171 1011 2344 1086 etiam
2381 1011 2924 1086 restitutionis—ejus
2974 1014 3164 1086 forma
3203 1011 3418 1086 relecta
3451 1015 3656 1086 est.Et
3682 1023 3784 1086 post

2169 1083 2433 1156 omnium
2457 1100 2811 1156 consensum
2841 1084 2899 1139 in
2915 1084 3172 1156 ecclesia
3193 1089 3252 1139 Β.
3277 1083 3784 1156 Constantiaejuxta

2166 1155 2430 1226 eamdem
2449 1154 2760 1226 S.virginis
2783 1154 3344 1222 basilicam,decreto
3369 1154 3686 1211 beatissimi
3704 1157 3783 1214 hu-

2157 1225 2182 1296 ,ᾗ
2195 1243 2260 1280 us
2273 1225 2538 1298 praesulis
2551 1225 2868 1298 supradicti
2886 1227 3031 1298 Both
3041 1227 3108 1282 ad
3119 1227 3330 1298 us,jam
3348 1226 3655 1282 restitutus
3667 1231 3782 1298 epis-

2167 1312 2346 1368 copus
2379 1297 2694 1352 missarum
2725 1297 3012 1352 solemnia
3049 1297 3389 1353 solemniter
3419 1297 3733 1354 celebravit.
3761 1324 3780 1348 ιι

2165 1368 2370 1424 Totius
2389 1384 2560 1439 porro
2577 1369 2978 1424 controversiae
3002 1386 3119 1423 suae
3145 1385 3278 1423 cum
3300 1369 3616 1424 Hincmaro
3635 1372 3782 1427 series

2165 1439 2432 1494 disertim
2463 1439 2750 1511 expressit
2779 1439 3082 1496 Itothadus
3113 1439 3304 1496 libello
3338 1439 3782 1511 proclamationis

2165 1458 2432 1494 mserum
2463 1458 2750 1511 express“.
2779 1458 3082 1496 nomauus
3113 1458 3304 1496 uoeuo
3379 1458 3782 1498 rociamauoms

2164 1514 2710 1582 contentam,quam
2731 1512 2924 1566 Romae
2943 1512 3160 1584 degens
3187 1458 3399 1566 obtuiit
3424 1529 3660 1568 summo
3708 1531 3785 1567 on-

2168 1581 2202 1634 ti
2216 1581 2390 1638 ﬁci.in
2406 1599 2520 1638 quo
2534 1581 2658 1636 vita:
2677 1583 2864 1638 insius
2879 1582 3568 1638 actaeontinenturtomo
3583 1530 3783 1638 Ingen-

2168 1581 2390 1653 ti_ﬁci,in
2406 1599 2520 1652 quo
2534 1581 2658 1636 vita:
2677 1583 2784 1653 ipsi
2797 1600 2864 1638 us
2879 1587 3006 1638 acta
3019 1581 3391 1638 continentur
3404 1586 3568 1638 tomo
3583 1581 3783 1638 IllCon-

2163 1651 2437 1726 eilioruin
2456 1651 2923 1726 Sirmondi.Dein
2944 1654 3279 1726 apostolicis
3301 1655 3781 1716 litterismunitus,

2164 1724 2232 1778 ad
2251 1741 2418 1796 suam
2435 1725 2631 1796 sedem
2652 1742 2954 1796 regressus
2973 1724 3092 1780 est:
3113 1743 3216 1796 pro
3232 1726 3438 1780 eodem
3457 1725 3782 1782 Nicolausad

2162 1795 2428 1868 (larolum
2497 1795 2737 1868 Calvum
2805 1796 3085 1868 scripsit,
3117 1795 3184 1851 ut
3235 1796 3501 1868 legitime
3555 1798 3784 1853 restituto

2165 1867 2400 1932 faveret,
2461 1884 2670 1938 resque
2721 1867 3230 1939 ipsius’Ecclesize
3290 1867 3456 1922 reddi
3518 1868 3783 1924 mandamt

2165 1955 2280 2009 qua
2303 1939 2612 2010 episcopus
2635 1939 3033 2010 «conscientia
3056 1939 3700 2010 purus,conversatione
3718 1940 3784 1995 in.

2165 2009 2380 2090 nocens
2413 2009 3323 2092 columbarumsimplicitatemc
3356 2012 3672 2092 prudentia
3697 2029 3784 2066 ser-

2163 2081 2352 2151 pentis
2373 2102 2398 2129 ›ι
2424 2081 2671 2152 insignis
2694 2081 3059 2152 prmdicatur.
3078 2082 3210 2137 Post
3235 2081 3670 2137 restitutionem
3682 2099 3783 2138 vero

2161 2152 2347 2206 adfuit
2370 2153 2610 2207 concilio
2642 2153 3046 2208 Suessiouensi
3073 2172 3128 2208 ιιι
3153 2171 3306 2208 anno
3327 2155 3435 2207 866
3465 2173 3478 2220 ;
3517 2154 3652 2209 item
3680 2156 3783 2208 Tri-

2161 2223 2414 2298 eassino,
2434 2226 2557 2279 867.
2583 2224 2736 2279 Obiit
2760 2225 2934 2281 rebus
2959 2225 3140 2298 gestis
3167 2225 3223 2279 in
3247 2225 3592 2298 episcopatu
3626 2224 3782 2281 clarus

2161 2294 2390 2350 circiter
2418 2312 2570 2350 anno
2603 2299 2727 2350 868.

1279 2547 2062 2648 ιιοτιιωπ
2165 2545 2924 2650 ειηεαοιη

783 2749 1666 2892 LIBELLUS
1797 2747 3460 2890 PROCLAMATIONIS-

2018 2989 2184 3041 QUEN

1058 3105 1312 3166 Nicolao
1343 3124 1518 3186 papa:
1549 3124 1694 3168 eum
1725 3108 1938 3167 Romae
1969 3111 2211 3166 sextum
2235 3105 2372 3184 jam
2403 3124 2676 3168 mensem
2704 3112 3138 3186 exspectasset.

1554 3247 1746 3318 (Cone.
1782 3247 1946 3316 Gen.,
1979 3251 2122 3304 tom.
2154 3247 2302 3316 VIII,
2337 3247 2445 3304 col.
2475 3247 2627 3321 785.)

461 3481 580 3552 Ego
611 3480 914 3536 Rothadus
944 3484 1229 3552 peccator,
1265 3479 1703 3536 Suessionensis
1744 3482 2034 3550 Ecclesiae,
2067 3483 2110 3550 C
2145 3482 2275 3538 iter.
2301 3481 2440 3538 Inde
2463 3497 2567 3554 ego
2598 3481 2870 3537 festinato
2902 3498 3080 3538 cursu
3111 3481 3184 3536 ad
3213 3484 3481 3536 nostram
3516 3479 3778 3535 civitatem

391 3569 587 3624 sedem
621 3567 922 3640 appellans
953 3567 1354 3638 apostolicam,
1385 3567 1627 3640 irregult
1645 3569 1782 3625 riter
1811 3571 2035 3643 episco—

390 3659 532 3727 patu
563 3655 844 3726 privatus,
860 3654 1257 3716 calamitatum
1293 3673 1554 3712 mearum
1589 3675 1838 3732 suggero
1869 3659 2036 3732 lugu-

391 3744 552 3799 brem
584 3742 909 3812 historiam,
943 3761 1057 3800 non
1091 3745 1288 3801 omnia
1323 3763 1446 3818 quaa
1480 3764 1692 3818 passus
1723 3765 1855 3803 sum
1888 3755 2032 3804 rete-

385 3840 550 3899 Xens,
583 3833 739 3904 quod
790 3833 1154 3906 impossibile
1201 3835 1443 3891 forsitan
1493 3841 1634 3902 erat,
1668 3842 1724 3892 et
1753 3854 1824 3894 ne
1857 3839 2032 3893 nimis

387 3919 694 3976 fastidiosa
741 3922 995 3979 narratio
1041 3923 1182 3988 tuis,
1213 3923 1477 3996 piissime
1524 3927 1758 3998 praesul,
1790 3928 2032 3986 auribus

388 4009 723 4083 importuna
753 4012 1065 4068 videretur.
1097 4013 1460 4070 Venerabilis
1491 4014 1672 4088 igitur
1696 4017 2029 4090 metropoli-

383 4103 559 4156 tanus
589 4101 960 4169 Hincmarus,
995 4107 1208 4159 sanctae
1251 4103 1595 4160 Rhemensis
1627 4104 1891 4161 Ecclesiae
1926 4123 2029 4162 an-

383 4187 572 4257 tistes,
609 4189 962 4260 quibusdam
995 4191 1401 4248 occasionibus
1455 4195 1690 4260 exortis,
1723 4194 1842 4250 acri
1875 4195 2030 4250 circa

383 4293 477 4332 me
503 4277 940 4335 infestinatione
971 4285 1220 4350 certans,
1253 4281 1350 4336 diu
1403 4281 1607 4340 multis
1643 4300 1708 4338 ac
1737 4284 1914 4340 variis
1945 4283 2026 4340 la-

381 4365 622 4422 boribus
675 4385 863 4424 meam
922 4371 1164 4426 vexabat
1210 4371 1606 4444 exiguitatem.
1639 4372 1756 4444 Ego
1807 4377 2024 4440 autem,

382 4460 667 4526 quantum
694 4463 976 4528 poteram,
1000 4459 1168 4514 illum
1193 4459 1469 4527 tolerans,
1512 4459 1569 4514 in
1604 4459 1697 4515 his
1728 4460 1780 4514 ei
1805 4477 2025 4533 nequa-

380 4559 555 4614 quam
591 4562 693 4617 pro
725 4562 830 4602 suo
863 4546 1033 4602 libitu
1082 4547 1448 4618 acquiescere
1493 4545 1648 4601 volui
1687 4564 1814 4618 quae
1844 4550 2025 4608 sacris

379 4634 806 4704 perpendebam
828 4637 1165 4690 auctoribus
1187 4652 1312 4689 esse
1333 4635 1642 4690 contraria.
1663 4636 1929 4709 Dumque
1951 4641 2023 4695 ad

379 4724 686 4794 synodum.
714 4723 889 4794 jussu
937 4722 1172 4795 gloriosi
1214 4723 1366 4795 regis
1397 4722 1604 4788 Caroli,
1639 4740 1742 4795 pro
1775 4725 2022 4784 utilitate

378 4815 590 4864 sanctze
642 4810 738 4864 Dei
790 4809 1060 4864 Ecclesiae
1105 4814 1498 4873 convocatam,
1531 4810 1785 4882 episcopi
1817 4830 2020 4871 conve-

377 4897 904 4968 nissemus,etipse
927 4895 1090 4967 quasi
1115 4896 1378 4952 omnium
1405 4899 1680 4953 dominus
1704 4902 2019 4972 praesidens

376 5002 442 5040 ac
471 4985 806 5056 praevalens,
839 4985 1190 5039 sententiam
1243 4984 1296 5038 in
1346 5002 1436 5040 me
1469 4987 1863 5044 damnationis
1894 4991 2018 5046 vio-

374 5073 560 5129 lenter
589 5090 654 5128 ac
703 5073 1134 5144 praecipitanter
1168 5073 1416 5142 jaculari
1471 5075 1834 5145 acceleraret,
1865 5078 2015 5137 hanc

373 5179 478 5234 ego
507 5160 882 5232 apostolicam
909 5161 1130 5228 sedem,
1164 5165 1337 5232 atque
1379 5164 1764 5234 apostolicum
1797 5185 2014 5240 praesu-

370 5247 508 5316 lem,
555 5246 904 5302 universalis
951 5247 1217 5304 Ecclesiae
1275 5267 1574 5308 summum
1634 5257 2009 5328 provisorem,

369 5335 659 5408 appellare
691 5335 1272 5410 maturavi.Cumque
1299 5340 1438 5394 mihi
1465 5341 1568 5396 hoc
1585 5343 1870 5416 denegare
1896 5365 2011 5404 non

366 5424 768 5507 praesumeret,
800 5430 1001 5481 sancta
1058 5428 1276 5498 synodo
1331 5429 1694 5499 decernente,
1727 5451 1876 5507 zegre
1924 5442 2009 5492 ta-

365 5527 501 5566 men
533 5506 709 5563 eundi
741 5509 1031 5579 prazbebat
1077 5517 1404 5586 assensum,
1439 5506 1800 5578 constituens
1831 5525 2006 5579 dinu-

361 5599 622 5673 meratos
654 5594 778 5654 dies
810 5597 964 5662 ultra
1007 5621 1155 5680 quos
1199 5607 1436 5668 omnino
1485 5627 1601 5667 non
1651 5613 2007 5672 retardarem

2148 3588 2434 3638 reversus,
2465 3571 2534 3625 de
2567 3570 2807 3626 instanti
2859 3568 3063 3626 itinere
3109 3587 3304 3626 moras
3349 3587 3469 3626 non
3523 3569 3776 3642 patiebar,

2145 3677 2320 3732 quam
2355 3659 2542 3726 laetus,
2572 3659 2619 3714 si
2652 3661 2724 3714 ad
2757 3658 3156 3731 apostolorum
3191 3659 3398 3714 limina
3447 3659 3777 3715 contendere

2145 3749 2514 3816 meruissem,
2539 3752 2603 3804 ut
2623 3749 2694 3804 ad
2715 3747 2938 3803 domini
2962 3747 3072 3804 mei
3097 3748 3242 3804 tanti
3268 3749 3571 3820 pontiﬁcis
3592 3753 3645 3804 et.
3667 3746 3778 3819 piis-

2143 3837 2276 3892 simi
2296 3836 2778 3910 patris,omnium
2811 3838 2980 3894 ad'se
3011 3837 3490 3910 conlugientium
3521 3833 3778 3892 tutissimi

2141 3925 2462 3982 defensoris
2492 3943 2558 3981 ac
2590 3925 2954 3999 protectoris,
2984 3943 3213 3982 sacram
3247 3927 3622 3998 pervenirem
3656 3941 3777 3997 ιιι-ιε·
3846 3991 3847 4012 χ

2140 4015 2411 4070 sentiam.
2435 4015 2834 4087 Cumquejam
2861 4032 2890 4071 e
2911 4015 3098 4070 vicino
3120 4016 3307 4087 parati
3331 4016 3572 4072 itineris
3603 4011 3778 4069 immi-

2140 4109 2302 4160 neret
2332 4121 2624 4178 egressus,
2647 4104 2870 4160 litteras
2927 4104 3163 4160 domino
3221 4121 3352 4160 meo
3397 4104 3549 4178 regi,
3585 4108 3642 4158 et
3672 4117 3776 4156 meo

2137 4193 2574 4266 archiepiscopo
2614 4193 2863 4266 dirigere
2895 4194 3112 4262 curavi,
3149 4199 3415 4250 nostram
3449 4193 3576 4248 illis
3605 4189 3777 4248 Eccle-

2137 4283 2286 4337 siam
2318 4283 2710 4351 committens,
2739 4281 3111 4354 multumque
3163 4281 3476 4354 postulans
3539 4288 3604 4336 ut
3631 4283 3777 4352 juxta

2136 4388 2310 4426 suum
2340 4376 2582 4444 uterque
2623 4371 2882 4428 officium
2932 4389 3060 4427 eam
3102 4371 3356 4444 dirigere
3388 4371 3774 4444 procurarent,

2133 4459 2316 4516 donec
2333 4461 2401 4515 de
2425 4477 2516 4516 me
2538 4459 3062 4517 excellentissimus
3085 4461 3359 4516 Romanm
3384 4461 3556 4516 urbis
3587 4454 3776 4532 presul

2133 4548 2310 4604 ﬁnem
2359 4549 2774 4604 determinaret
2817 4548 3168 4621 legitimum.
3202 4549 3334 4605 Misi
3369 4553 3426 4605 et
3459 4549 3689 4604 litteras
3717 4544 3772 4599 ad

2133 4637 2300 4692 illum
2332 4638 2470 4692 olim
2502 4638 2924 4710 presbyterum,
2945 4655 3049 4711 pro
3075 4639 3246 4710 cujus
3277 4655 3384 4711 ego
3413 4638 3672 4711 regulari
3692 4635 3772 4690 de-

2133 4726 2441 4798 positione,
2489 4727 2590 4799 qui
2644 4727 2702 4782 in
2762 4731 2966 4800 stupro
3024 4728 3214 4783 fuerat
3271 4727 3704 4800 deprehensus,
3729 4725 3774 4778 et

2116 4816 2430 4882 abscissus
2451 4834 2484 4872 a
2506 4834 2634 4872 meo
2658 4815 2969 4888 judicabar
2991 4817 3550 4888 metropolitano,ut
3581 4825 3637 4872 et
3666 4816 3771 4887 ipse

2130 4923 2359 4962 meeum
2393 4905 2508 4960 huc
2537 4911 2672 4962 ante
2724 4911 2909 4974 tuam,
2943 4905 3178 4962 domine
3210 4923 3382 4978 papa,
3419 4904 3766 4961 audientiam

2127 4995 2552 5050 examinandus
2601 4995 2914 5051 adveniret.
2951 4997 3211 5062 Quarum
3260 4994 3626 5066 exemplaria
3669 5008 3767 5064 pra:

2126 5084 2402 5140 manibus
2414 5083 2694 5151 habeo,et
2715 5084 2763 5140 si
2787 5084 2952 5140 vobis
2983 5084 3190 5157 placet,
3215 5083 3575 5156 apostolatui
3597 5086 3766 5137 vestro

2125 5173 2385 5228 offeram.
2407 5173 2617 5246 Aliqua
2646 5190 2876 5246 quoque
2900 5173 3158 5246 capitula
3181 5173 3517 5245 conscripta
3549 5170 3762 5227 cuidam

2123 5265 2321 5318 nostro
2354 5262 2629 5317 eonfratri
2651 5267 2709 5317 et
2728 5263 3070 5336 coepiscopo
3089 5261 3417 5328 transmisi,
3440 5263 3554 5316 sub
3579 5259 3759 5315 eodem

2120 5349 2402 5422 temporis
2424 5349 2666 5406 articulo
2698 5367 2802 5424 per
2828 5351 3063 5406 easdem
3091 5367 3304 5406 manus
3335 5349 3628 5416 deferens,
3650 5359 3757 5416 quae

2122 5441 2185 5491 ut
2210 5439 2578 5510 prmmissum
2611 5444 2699 5494 est
2731 5443 3050 5496 memorato
3083 5439 3204 5512 regi
3235 5442 3292 5494 et
3320 5437 3574 5493 antistiti
3609 5428 3758 5490 desti-

2123 5527 2493 5582 naveram.ln
2530 5528 2747 5599 quibus
2773 5545 2911 5584 sane
2943 5526 3214 5599 capitulis
3246 5543 3380 5582 mea
3413 5526 3547 5581 talis
3580 5527 3752 5597 postu-

2119 5612 2256 5671 latio
2277 5615 2706 5690 continebatur,
2723 5616 2854 5678 aliis
2876 5617 3166 5693 episcopis
3188 5616 3289 5692 qui
3313 5617 3375 5674 in
3396 5631 3592 5674 meam
3615 5613 3754 5670 dam-
