3894 6204
83 382 185 442 749

1184 377 1563 441 LlBELLUS
1608 380 2320 447 PROCLAMATIONIS.

3338 391 3459 452 750

83 512 351 587 nationem
385 504 730 580 participare
762 506 1039 563 nolebant
1078 508 1447 576 insinuanda,
1484 516 1549 565 ut
1581 512 1689 584 ipsi
1724 514 1776 581 Α
1809 531 1998 586 neque
2029 532 2133 588 ego
2166 515 2276 571 hoc
2310 516 2605 574 ullatenus
2625 519 2996 585 auderem,ut
3025 520 3081 576 in
3114 522 3454 594 prmjudicio

81 599 245 676 parati
276 598 485 662 essent,
524 600 675 650 sicut
705 595 1089 653 fraternitatis
1121 603 1412 655 amatores
1439 606 1495 655 et
1515 605 1694 657 secta-

81 695 216 745 tores
243 683 558 750 charitatis,
583 683 755 754 juxta
782 684 1106 741 beatissimi
1158 687 1405 759 apostoli
1440 690 1695 745 sanctio-

81 792 193 832 nem
220 774 260 845 (I
282 775 410 829 Tim.
444 771 541 843 vn),
578 788 768 827 meam
800 773 1109 830 defendere
1140 792 1207 831 ac
1239 777 1387 831 tueri
1420 776 1694 833 salutem.

82 866 175 922 Sed
206 861 293 918 ille
325 877 487 916 meus
521 861 820 916 unanimis
842 863 1035 929 frater,
1059 864 1152 919 cui
1183 864 1332 920 hanc
1358 865 1470 921 mei
1493 883 1692 922 curam

82 950 507 1011 committebam.
531 953 671 1005 tunc
703 950 1266 1008 defuit.Hincmarus
1298 959 1493 1010 tamen
1517 955 1695 1010 conti-

84 1060 181 1099 nuo
200 1055 424 1096 causam
458 1038 973 1110 persensit.Adhuc
998 1041 1273 1097 dominus
1304 1049 1485 1108 rex,et
1506 1043 1692 1100 isdem

81 1147 223 1188 meus
251 1126 536 1200 przslatus,
571 1126 630 1182 in
664 1128 867 1183 eodem
902 1128 1025 1185 loco
1086 1132 1421 1199 manebant,
1449 1134 1545 1188 ubi
1582 1134 1691 1189 sub

82 1237 178 1275 una
202 1217 511 1288 eademque
556 1233 721 1272 mora
769 1235 908 1273 mets
967 1219 1272 1290 parvitatis
1325 1221 1602 1293 epistolae,
1638 1226 1694 1277 et
1738 1205 1747 1214 ’

78 1308 161 1364 illa
211 1304 475 1378 capitula,
540 1305 622 1360 uti
684 1304 933 1361 relatum
990 1312 1100 1376 est,
1162 1311 1688 1381 prmsentabantur.

77 1398 295 1468 Moxque
325 1394 673 1451 Hincmarus
698 1394 822 1467 ipse
844 1394 1319 1470 archiepiscopus
1338 1397 1691 1470 scriptorum

75 1485 383 1559 portitorem
414 1483 727 1556 diligenter
764 1484 949 1556 jussit
998 1485 1239 1558 inquiri,
1274 1504 1379 1542 cur
1428 1486 1544 1542 illis
1576 1505 1690 1544 non

73 1573 372 1631 ostenderet
401 1572 598 1644 apices
630 1590 779 1646 quos
801 1573 1101 1647 sigillatim
1118 1575 1691 1643 detulerat.Quicon-

74 1663 205 1718 titeri
234 1660 568 1733 compulsus
590 1663 998 1735 respondendo
1028 1664 1362 1737 subjunxit:
1398 1665 1540 1729 Quia
1570 1665 1687 1733 ille,

74 1751 340 1823 inquiens.
364 1750 433 1805 ad
466 1766 643 1822 quem
667 1750 810 1806 mihi
844 1752 1048 1807 crediti
1066 1758 1204 1808 sunt
1221 1755 1690 1825 perferendi,non

74 1841 153 1895 hic
181 1839 339 1895 modo
368 1840 750 1911 apparet.Nec
773 1840 1020 1896 cessavit
1045 1840 1161 1907 ille,
1196 1843 1378 1898 donec
1411 1860 1691 1915 persuaso

74 1945 187 2001 rege
216 1928 399 1984 subito
430 1928 601 2000 quasi
633 1928 872 1985 collecta
888 1931 1108 2002 synodo
1125 1948 1193 1985 ex
1212 1930 1469 2003 ipsisqui
1492 1947 1691 2004 super-

72 2022 215 2073 erant
235 2016 519 2089 episcopis
532 2018 933 2091 presbyterum
958 2019 1248 2075 introduci
1267 2020 1684 2090 fecitinvitum,

72 2108 241 2177 ipsum
265 2104 529 2162 videlicet
559 2105 886 2163 litterarum
919 2107 1183 2164 latorem.
1212 2109 1521 2181 Coeperunt
1552 2109 1687 2165 hinc

72 2201 117 2250 ct
145 2195 264 2249 inde
292 2194 348 2249 in
380 2194 572 2252 medio
603 2196 862 2267 positum
896 2213 1145 2265 movere,
1180 2200 1434 2270 pulsare,
1468 2203 1525 2254 et
1559 2217 1684 2271 pcr-

72 2300 266 2355 urgere,
299 2283 469 2340 sicuti
502 2283 609 2340 hoc
640 2284 845 2340 callide
875 2302 978 2358 per
1014 2285 1262 2343 insidias
1307 2294 1686 2360 argumenta-

71 2378 176 2427 tum
203 2377 335 2440 erat,
366 2377 431 2429 ut
462 2372 711 2441 litteras,
745 2392 892 2446 quas
924 2374 1223 2431 Rothadus
1263 2392 1366 2446 per
1411 2394 1544 2432 eum
1577 2394 1684 2433 suo

70 2462 129 2516 ad
158 2463 428 2533 synodum
488 2463 938 2536 metropolitano
994 2463 1299 2531 direxerat,
1334 2465 1511 2521 citius
1543 2484 1685 2539 pree-

69 2556 310 2608 sentaret.
342 2552 543 2624 Neque
574 2553 645 2607 ad
670 2553 958 2625 synodum
982 2553 1200 2609 missus
1224 2554 1683 2627 sum,ait,neque

70 2657 95 2694 a
121 2640 361 2697 Rothado
392 2640 691 2714 episcopo,
724 2643 896 2714 cujus
925 2659 1030 2697 nec
1089 2659 1196 2715 ego
1247 2661 1379 2699 sum
1412 2644 1680 2712 clericus,

70 2730 264 2785 litteras
293 2731 489 2804 acccpi
521 2731 838 2787 Hincmaro
877 2733 1223 2788 reddendas.
1258 2733 1519 2806 Cumque
1551 2734 1681 2789 nul-

70 2818 272 2873 lomodo
302 2820 606 2893 presbyter
636 2821 764 2892 ipsa
792 2819 964 2877 vellet
1012 2821 1268 2892 capitula
1294 2824 1555 2894 prodere,
1582 2824 1681 2894 ju-

71 2907 217 2962 bente
246 2912 434 2964 tamen
470 2926 625 2981 rege,
660 2914 896 2965 coactus
930 2910 1182 2965 reddidit
1206 2928 1478 2983 :moxque
1509 2913 1680 2968 Hinc-

68 3012 242 3051 marus
273 3014 461 3070 regem
497 2997 815 3070 postulavit
834 2998 1289 3053 utTransulfum
1314 3000 1585 3056 abbatem
1609 3003 1679 3057 ad

67 3102 144 3140 me
171 3085 475 3158 dirigeret:
509 3087 606 3160 qui
643 3088 714 3142 ad
766 3092 1026 3143 nostram
1058 3086 1346 3143 civitatem
1383 3089 1682 3147 celerrime

66 3174 396 3243 perveniens,
430 3192 528 3230 me
548 3176 673 3246 jam
707 3181 976 3248 paratum
1010 3180 1073 3231 ut
1104 3187 1367 3232 nostrum
1398 3177 1508 3232 iter
1538 3179 1680 3233 arri-

66 3279 236 3333 perem
266 3264 506 3320 invenit.
538 3266 702 3321 Tunc
744 3266 867 3338 ipse
898 3266 1081 3320 abbas
1115 3265 1171 3320 in
1221 3272 1297 3321 at:
1315 3266 1369 3322 io
1426 3265 1683 3323 ecclesias
1711 3248 1753 3314 ί]

65 3352 339 3420 assistens,
372 3353 611 3426 publica
638 3370 775 3409 voce
806 3370 873 3409 ex
911 3354 1083 3410 verbo
1116 3354 1356 3427 regis,et
1386 3355 1682 3412 Hincmari

64 3439 460 3515 archiepiscopi
520 3441 881 3509 auctoritate,
952 3442 1256 3514 prohibere
1315 3444 1557 3513 curavit,
1621 3449 1686 3500 ut

68 3527 241 3585 nullus
269 3530 511 3587 omnino
532 3531 605 3586 ab
638 3532 767 3602 ipsa
788 3530 1020 3587 civitate
1046 3548 1272 3587 mecum
1292 3535 1682 3605 egrederetur,

66 3633 117 3671 ac
144 3617 217 3673 ire
244 3619 534 3676 volentem
566 3621 809 3676 Romam
842 3638 935 3676 me
968 3622 1686 3695 prosequeretur.Nequa-

67 3721 219 3774 quam
249 3709 325 3764 ita
358 3709 594 3777 faciam,
629 3726 734 3782 ego
758 3709 1077 3765 subintuli:
1113 3711 1212 3765 sed
1245 3710 1396 3766 sicut
1429 3711 1685 3783 primum

68 3793 365 3854 Romanum
390 3798 683 3872 appellavi
734 3799 1089 3871 pontificem,
1152 3800 1261 3854 iter
1311 3800 1685 3873 dispositum,

65 3881 161 3939 Deo
190 3886 522 3955 auxiliante,
547 3888 790 3943 minime
816 3887 1251 3944 ditferamJlinc
1273 3905 1378 3962 ego
1411 3890 1685 3958 mirabar,

66 3974 111 4024 et
136 3976 458 4048 stupebam,
497 3976 636 4048 quid
669 3976 781 4033 sibi
820 3976 990 4033 vellet
1020 3976 1155 4033 talis
1214 3977 1563 4046 immutatio,
1588 3983 1692 4033 aut

65 4076 153 4114 cur
179 4079 265 4120 me
295 4082 328 4121 a
358 4082 494 4122 meo
530 4066 737 4122 itinere
759 4066 1261 4122 retardarent.Sed
1286 4065 1447 4138 prius
1469 4065 1694 4139 aliquot

66 4149 171 4205 dies
191 4152 342 4209 fama
361 4154 645 4227 vulgabat
666 4156 822 4229 quod
850 4155 1195 4211 lliucmarus
1218 4154 1693 4227 archiepiscopus

64 4238 231 4296 dicere
260 4241 515 4312 volebat;
551 4244 721 4316 quasi
753 4260 859 4318 ego
891 4259 995 4317 per
1026 4244 1225 4317 aliqua
1272 4244 1529 4316 capitula
1551 4243 1693 4299 scri-

67 4325 191 4383 bens
219 4331 483 4388 renovari
518 4332 662 4389 mihi
686 4333 981 4404 judicium
1013 4332 1518 4406 petiveram.Quod
1542 4337 1696 4388 certe

67 4414 428 4477 falsissimum
462 4425 573 4489 est,
608 4437 739 4478 eum
776 4439 880 4478 nec
912 4421 1014 4478 illa
1042 4420 1300 4495 capitula
1330 4422 1401 4477 ad
1436 4438 1566 4477 eum
1603 4421 1696 4477 di-

67 4506 188 4570 rexi,
220 4525 407 4582 neque
440 4510 516 4566 de
548 4509 745 4583 aliquo
791 4511 893 4567 tali
937 4511 1162 4583 judicio
1224 4511 1303 4567 ibi
1336 4511 1696 4567 mentionem

1808 608 2021 658 sanctae
2082 604 2354 659 Romana:
2398 604 2685 673 Ecclesiae,
2736 606 3000 663 omnium
3065 609 3451 667 Ecclesiarum

1805 690 2031 758 matris,
2067 693 2314 763 ejusque
2346 692 2819 750 excellentissimi
2870 696 3133 764 rectoris,
3165 697 3320 754 circa
3346 716 3450 772 po-

1805 778 1916 834 sito
1948 779 2277 852 cuicunque
2298 782 2583 853 praebeam
2608 782 2804 854 aliquo
2832 785 3004 840 modo
3027 789 3446 845 assensum.Ad

1804 866 1965 923 illam
2000 886 2294 924 summam
2320 872 2726 928 auctoritatem
2753 872 2879 927 sine
2901 873 3330 933 intermissione
3352 894 3450 949 ap-

1804 955 1976 1029 pello,
2012 956 2105 1014 cui
2135 957 2333 1013 nullus
2365 965 2554 1032 potest
2584 962 3448 1035 contradicere,quzeaDomino

1803 1046 1943 1102 Jesu
1977 1046 2204 1103 Christo
2232 1065 2336 1119 per
2355 1049 2586 1104 beatum
2606 1050 2837 1106 Petrum
2870 1052 3197 1123 apostolum
3217 1058 3448 1109 tantum

1804 1136 2021 1191 meruit
2048 1136 2463 1209 principatum.
2485 1138 2784 1194 Judicium
2811 1157 2946 1213 ergo
2978 1140 3137 1198 illius
3167 1143 3235 1197 ad
3271 1160 3447 1215 quam

1802 1221 2155 1295 proclamavi
2192 1227 2416 1295 expeto,
2447 1242 2552 1280 nec
2603 1224 2741 1280 alibi
2797 1227 2911 1282 nisi
2956 1228 3151 1283 Romae
3190 1230 3446 1300 judicari

1801 1311 2122 1379 consentio,
2158 1311 2296 1384 quia
2324 1322 2711 1385 przeposterus
2728 1316 2868 1371 ordo
2891 1321 2981 1371 est
3001 1316 3331 1374 inferiorem
3354 1337 3449 1376 su-

1803 1399 2015 1472 periori
2044 1400 2451 1457 anteferri.His
2482 1401 2719 1470 auditis,
2757 1403 2856 1475 qui
2884 1402 3049 1460 missi
3081 1405 3311 1462 fuerant
3353 1424 3446 1480 sy-

1804 1489 1955 1544 nodo
1987 1488 2484 1547 renuntiaverunt.
2523 1492 2735 1546 Iterum
2777 1493 3035 1548 secundo
3066 1498 3124 1549 et
3154 1494 3322 1549 tertio
3354 1512 3446 1552 me

1801 1578 2191 1634 continuatim
2216 1579 2610 1645 invitantes,in
2630 1581 2831 1636 eadem
2854 1582 3203 1640 invenerunt
3223 1583 3444 1641 ratione

1803 1666 2136 1739 pen-istere.
2170 1667 2496 1724 Novissime
2541 1685 2672 1725 vero
2724 1668 3082 1727 industriose
3131 1673 3443 1744 persuade-

1803 1757 1962 1819 bant,
1997 1773 2167 1811 suam
2200 1758 2505 1813 offerentes
2536 1758 2733 1823 ﬁdem,
2759 1758 2903 1813 nihil
2934 1758 3291 1816 incommodi
3321 1779 3447 1835 per-

1803 1860 2137 1916 pessurum,
2171 1850 2273 1900 aut
2303 1844 2511 1901 saltem
2544 1846 2782 1901 domino
2807 1847 2924 1919 regi
2945 1846 3002 1902 in
3034 1849 3297 1920 proximo
3319 1849 3443 1907 loco

1800 1933 2007 2006 synodi
2058 1933 2366 1990 locuturus
2408 1951 2794 1991 occurrerem.
2851 1937 3013 2001 Qnod
3070 1938 3246 1994 etiam
3301 1938 3446 1995 mihi

1798 2022 1985 2077 nostri
2020 2022 2228 2078 fratres
2258 2022 2524 2077 Ecclesiae
2556 2028 2764 2078 nostra:
2795 2022 2899 2078 filii
2910 2025 3034 2096 jam
3071 2026 3317 2084 suadere
3339 2044 3448 2083 cm-

1758 2104 2033 2182 ‘perunt,
2066 2114 2131 2165 ut
2161 2109 2255 2183 pio
2289 2110 2538 2183 principi
2589 2128 2729 2166 mea:
2780 2112 3085 2183 parvitatis
3114 2113 3450 2171 exhiberem

1796 2199 2190 2271 przesentiam.
2222 2198 2415 2253 Annui
2450 2215 2578 2271 ego,
2610 2204 2667 2254 et
2714 2200 2786 2255 ad
2835 2200 3027 2256 locum
3068 2218 3183 2273 quo
3214 2218 3308 2257 me
3339 2203 3445 2257 du-

1795 2288 2005 2343 cebant
2026 2287 2291 2355 transivi,
2306 2286 2767 2369 sacerdotalibus
2788 2288 3033 2344 vestitus
3056 2288 3442 2357 indumentis,

1794 2382 2065 2432 sanctum
2099 2376 2475 2450 Evangelium
2505 2381 2563 2431 et
2584 2376 2807 2449 lignum
2831 2381 3044 2433 sanctae
3073 2378 3264 2435 crucis
3287 2378 3441 2436 circa

1794 2483 1924 2521 mea
1955 2471 2189 2538 pectora
2218 2482 2448 2538 gerens.
2475 2465 2739 2537 Cumque
2770 2482 2864 2522 me
2914 2467 2972 2521 in
3014 2468 3311 2539 quoddam
3344 2469 3437 2524 di-

1788 2555 2113 2612 versorium
2148 2570 2250 2626 pro
2279 2553 2499 2610 foribus
2530 2554 2733 2627 synodi
2764 2572 2799 2610 a
2820 2555 3037 2612 nostris
3058 2556 3437 2615 omnibusse-

1792 2648 2066 2718 paratum
2096 2639 2579 2709 introduxissent,
2603 2642 2831 2698 obnixis
2854 2644 3126 2715 precibus
3148 2647 3435 2718 postulavi

1792 2750 1896 2807 per
1928 2731 2259 2788 Leudonem
2311 2731 2642 2798 diaconum,
2672 2736 2736 2787 ut
2778 2732 3054 2790 dominus
3098 2750 3195 2789 rex
3243 2734 3434 2792 locum

1794 2821 1935 2876 mihi
1966 2819 2296 2892 indulgeret
2327 2836 2526 2875 secum
2558 2819 2855 2892 loquendi.
2891 2822 2995 2887 Qui
3032 2838 3164 2877 mox
3194 2840 3297 2895 pro
3329 2842 3439 2880 sua

1793 2910 2004 2984 pietate
2027 2910 2099 2964 ad
2132 2925 2225 2964 me
2255 2908 2563 2980 indignum
2585 2908 2777 2964 venire
2806 2909 3083 2982 dignatus
3113 2915 3440 2984 est,meque

1793 3000 2043 3072 benigne
2074 2996 2314 3064 audivit,
2350 2997 2448 3053 sed
2482 2997 2753 3052 exaudire
2804 3015 2919 3052 non
2971 3004 3061 3054 est
3089 3000 3435 3071 permissus.

1792 3089 1935 3143 Nam
1970 3103 2104 3142 cum
2139 3084 2304 3140 illum
2351 3085 2516 3140 valde
2566 3085 2908 3158 suppliciter
2956 3087 3238 3159 anxieque
3268 3105 3436 3160 roga-

1797 3194 1939 3242 rem,
1976 3180 2040 3230 ut
2071 3174 2214 3229 mihi
2250 3175 2493 3229 Romam
2525 3174 2702 3230 eundi
2747 3174 3097 3243 libertatem,
3130 3176 3282 3231 sicut
3312 3177 3438 3250 ipse

1791 3268 2179 3329 concesserat,
2213 3279 2327 3318 non
2361 3262 2609 3331 tolleret,
2644 3268 3024 3336 sanctamque
3056 3264 3438 3337 apostolicam

1793 3354 1991 3410 sedem
2024 3353 2082 3408 in
2107 3351 2231 3409 suis
2262 3350 2578 3424 privilegiis
2629 3351 2961 3420 honoraret,
2987 3354 3287 3426 respondit
3328 3354 3439 3411 hoc

1793 3444 1866 3500 ad
1894 3460 2091 3499 meum
2118 3440 2447 3514 specialiier
2477 3441 3014 3513 metrOpolitanum,
3051 3448 3439 3515 sanctumque

1795 3532 2082 3605 pertinere
2103 3534 2451 3585 conventum
2478 3546 2559 3597 ;se
2574 3533 2801 3584 tantum
2821 3530 3005 3587 sacris
3033 3530 3439 3604 episcoporum

1796 3620 2038 3677 monitis
2088 3636 2153 3675 ac
2191 3618 2677 3690 dispositionibus
2727 3618 3030 3675 humiliter
3067 3620 3440 3677 obediturum

1796 3710 2215 3782 profitebatur:
2249 3712 2306 3763 et
2334 3707 2487 3763 illico
2520 3709 2796 3763 recedens
2847 3708 2905 3763 in
2954 3710 3241 3781 synodum
3274 3710 3440 3777 abiit,

1797 3798 1997 3871 ibique
2028 3797 2262 3853 resedit.
2299 3797 2525 3851 Rursus
2545 3801 2665 3852 tres
2687 3801 3112 3870 consequenter
3136 3799 3443 3871 episcopos

1798 3888 1867 3942 ad
1902 3903 1995 3942 me
2017 3886 2321 3952 miserunt,
2356 3884 2455 3956 qui
2490 3883 2746 3939 multum
2798 3884 3021 3941 fortiter
3049 3886 3121 3940 ad
3152 3887 3444 3959 synodum

1799 3978 1863 4029 ut
1893 3973 2191 4029 introirem
2215 3972 2621 4041 hortabantur,
2648 3988 2857 4043 meque
2879 3972 3445 4045 impellebant,nunc

1799 4061 2173 4128 blandiendo,
2198 4077 2355 4115 nunc
2386 4059 2786 4124 minando,me
2808 4060 3143 4115 subvertere
3164 4060 3443 4117 volentes.

1802 4152 1913 4208 Sed
1946 4166 2051 4223 ego
2064 4153 2183 4205 toto
2213 4148 2426 4204 annisu
2432 4149 2604 4219 juxta
2621 4152 2887 4203 votorum
2905 4163 3169 4203 meorum
3193 4147 3445 4221 primam

1802 4238 2185 4295 intentionem
2218 4252 2585 4310 perseverare
2631 4236 2925 4292 contendi.
2960 4240 3138 4293 Porro
3185 4253 3320 4293 cum
3353 4254 3449 4295 me

1804 4328 2201 4402 perspicerent
2223 4325 2347 4383 suis
2369 4323 2521 4380 nolle
2537 4325 2751 4381 studiis
2772 4325 3141 4397 acquiescere
3165 4326 3452 4384 obseratis

1806 4418 1973 4475 ostiis
2004 4418 2063 4472 in
2095 4417 2298 4473 eadem
2327 4432 2460 4471 sum
2493 4413 2640 4470 cella
2695 4413 2962 4471 inclusus
2988 4432 3002 4482 ;
3036 4432 3223 4487 neque
3252 4415 3450 4489 egredi

1807 4506 2046 4565 omnino
2096 4510 2376 4579 poteram,
2420 4504 2601 4560 donec
2651 4504 2721 4559 de
2777 4519 2870 4558 me
2915 4508 3237 4575 peccatore,
3298 4504 3452 4560 sicut

65 4593 161 4665 egi,
192 4613 291 4653 nec
312 4598 637 4655 electorum
648 4600 1274 4672 judieum,secundum
1311 4617 1508 4657 sacros
1525 4617 1696 4657 cano-
1730 4617 1775 4683 Ι)
1808 4597 2166 4669 quibusdam
2189 4599 2330 4650 tunc
2360 4593 2599 4683 placuit,
2634 4591 3185 4683 diffinirentsMeus
3235 4592 3451 4649 etenim

68 4698 175 4750 nes,
206 4692 308 4743 aut
337 4689 605 4758 nomina,
641 4694 740 4745 aut
770 4693 923 4746 certe
954 4705 1264 4745 numerum
1298 4689 1697 4764 expressi.’l‘e-

65 4772 173 4826 stor
200 4774 352 4833 Deus
384 4782 713 4835 creatorem
747 4778 1037 4844 omnium,
1068 4779 1208 4851 quia
1258 4796 1362 4835 nec
1387 4780 1445 4835 in
1477 4780 1701 4853 cogita-

66 4858 204 4917 tione
233 4865 380 4921 mihi
414 4865 736 4940 subripuit,
771 4871 837 4923 ut
867 4867 1314 4940 appellationem
1348 4869 1527 4940 hujus
1558 4869 1700 4923 emi-

66 4951 407 5010 nentissimis
431 4956 593 5012 sedis
624 4957 696 5012 ad
727 4956 902 5012 aliam
934 4956 1129 5029 aliquo
1189 4958 1361 5014 modo
1418 4957 1700 5013 rationem

66 5036 420 5100 diverterem.
458 5044 607 5101 Proh
649 5044 848 5101 dolori
913 5044 1109 5102 ablata
1160 5050 1249 5102 est
1297 5045 1587 5119 migrandi
1620 5045 1703 5101 fa-

67 5125 259 5202 cultas,
288 5136 345 5187 et
377 5133 815 5207 circumseptus
848 5135 1116 5191 custodia
1136 5134 1196 5190 in
1228 5136 1430 5191 eadem
1466 5152 1599 5190 sum
1632 5134 1707 5191 ci-

67 5215 224 5273 vitate
255 5225 542 5279 retentus.
585 5223 953 5279 Acceleratur
998 5224 1193 5296 itaque
1232 5224 1303 5281 de
1334 5225 1707 5280 convocanda

67 5307 271 5374 synodo
297 5326 440 5383 :qua
473 5311 531 5366 in
563 5310 845 5368 suburbio
877 5316 1087 5368 nostra:
1116 5311 1365 5367 civitatis
1397 5328 1709 5385 congrega-

69 5395 135 5457 ta,
168 5412 264 5451 rex
294 5399 555 5472 inclytus
585 5417 619 5456 a
648 5400 894 5456 concilio
942 5404 1032 5457 est
1063 5400 1364 5456 invitatus.
1398 5401 1559 5457 Tunc
1592 5405 1710 5459 tres

70 5479 408 5542 Hincmarus
442 5488 920 5562 archiepiscopus
959 5490 1263 5562 episcopos
1296 5490 1367 5545 ad
1401 5507 1494 5546 me
1526 5491 1708 5557 misit,

69 5572 347 5631 mandans
379 5577 456 5632 ad
490 5579 778 5650 synodum
802 5578 991 5651 ipsam
1011 5583 1073 5633 ut
1098 5578 1222 5635 sine
1248 5595 1412 5634 mora
1430 5577 1708 5635 venirem.

71 5658 280 5730 Quibus
310 5679 420 5741 ego
476 5668 743 5744 respondi
796 5669 949 5744 quod
997 5684 1111 5727 non
1171 5666 1317 5727 mihi
1366 5668 1447 5727 ita
1493 5666 1710 5747 liceret,

1810 4685 2286 4759 archiepiscopus
2314 4682 2629 4739 voluntatis
2643 4700 2760 4738 suae
2774 4680 3453 4755 propositum,quantum

1810 4780 2054 4849 poterat,
2088 4773 2328 4847 implere
2359 4772 2617 4828 curavit:
2644 4772 2948 4845 factusque
2968 4775 3058 4827 est
3085 4770 3266 4845 gratis
3288 4787 3456 4826 meus

1811 4865 1937 4938 ipse
1968 4868 2292 4931 accusator,
2327 4861 2450 4934 ipse
2482 4861 2668 4929 testis,
2702 4860 2943 4933 ipseque
2966 4860 3184 4931 judex:
3218 4863 3274 4915 et
3305 4858 3459 4915 sicut

1814 4971 1907 5009 me
1939 4954 2239 5009 absentem
2271 4955 2446 5024 prout
2473 4950 2655 5007 voluit
2699 4950 2993 5023 culpabat,
3026 4948 3107 5005 sic
3139 4954 3197 5006 et
3243 4954 3459 5005 temere

1807 5043 2074 5116 judicare
2125 5059 2230 5098 nec
2285 5040 2504 5106 timuit,
2565 5056 2671 5095 nec
2730 5038 3080 5095 retractavit.
3141 5038 3251 5094 Sed
3312 5037 3464 5094 inter

1817 5132 1932 5189 alia
1961 5149 2088 5204 quae
2140 5130 2284 5185 mihi
2342 5129 2703 5185 mendaciter
2747 5127 3077 5198 objiciebat,
3118 5126 3229 5183 hoc
3275 5141 3462 5181 unum

1818 5220 2148 5294 specialiter
2174 5217 2442 5291 ingessit,
2476 5218 2631 5290 quod
2663 5217 3265 5289 presbyterum,cujus
3286 5232 3466 5288 supra

1820 5309 1929 5366 feci
1962 5308 2339 5373 mentionem,
2374 5306 2589 5377 injuste
2621 5305 3046 5378 deposuissem.
3070 5305 3232 5370 Quod
3263 5304 3465 5378 procul

1821 5398 1999 5455 dubio
2032 5396 2246 5453 falsum
2278 5400 2386 5466 est,
2420 5400 2484 5449 ut
2514 5393 2686 5450 multi
2717 5393 2911 5450 idonei
2942 5397 3121 5450 testes
3166 5398 3222 5449 et
3237 5394 3467 5466 episco-

1822 5503 2054 5561 porum,
2087 5490 2145 5541 et
2174 5488 2513 5539 caaterorum
2545 5482 2911 5550 clericorum,
2946 5483 3065 5539 sive
3092 5482 3471 5550 laicorum,et

1823 5580 2110 5634 noverunt
2139 5577 2195 5630 et
2225 5576 2496 5630 noscunt.
2528 5574 2710 5640 Quem
2739 5576 2934 5628 tamen
2981 5573 3103 5646 ipse
3124 5574 3249 5645 jam
3280 5573 3470 5629 tribus

1823 5666 1995 5728 annis
2008 5662 2576 5742 transactis,absque
2591 5677 2720 5723 meo
2738 5678 3157 5737 consensu,seu
3178 5661 3471 5747 consultu,
