3894 6204
421 297 531 354 751
1010 296 1357 356 ROTHADI
1399 296 1451 355 II
1497 295 1764 357 SUESS.
1812 296 2059 356 EPISC.
2105 293 2479 355 LIBELLUS
2526 293 3231 354 PROCLAMATIONIS.
3758 303 3785 358 ἢ

422 428 484 484 in
510 444 678 483 suam
707 431 1001 500 receperat
1016 427 1511 493 communionem,
1532 428 1699 500 eique
1723 426 2066 483 sacerdotali
2099 428 2147 494 Α
2179 443 2283 499 ego
2316 426 2375 481 in
2408 430 2562 481 terra
2592 425 2932 499 provolutus
2971 426 3231 495 orabam,
3265 432 3319 482 et
3349 427 3691 499 adjurabam

425 516 636 584 ofﬁcio,
658 533 774 589 quo
805 533 938 572 cum
967 516 1208 589 triginta
1229 517 1406 572 trium
1425 516 2071 590 episcoporumjudieio
2182 533 2393 570 nomen
2428 516 2625 571 zeterni
2657 515 2779 581 Dei,
2813 520 2878 570 ut
2909 515 2979 571 ab
3007 515 3120 571 isto
3144 516 3365 587 judicio
3400 522 3704 589 cessarent,
3768 519 3795 577 ἱ·

428 604 695 678 legaliter
740 605 1002 677 privatus
1058 610 1199 674 erat,
1254 613 1457 661 contra
1515 624 1804 662 canonum
1855 610 2074 662 statuta
2182 604 2381 676 hique,
2415 608 2478 659 ut
2509 606 2743 661 assidue
2777 605 3068 676 petebam,
3123 606 3368 661 Romam
3427 608 3790 678 proﬁciscendi

430 695 595 767 fungi
628 694 937 767 prmcepit:
974 693 1139 750 illum
1170 713 1303 750 vero
1348 696 1772 769 presbyterum,
1808 713 1978 767 quem
2015 696 2072 750 in
2183 692 2479 749 licentiam
2511 712 2625 750 non
2656 695 2998 749 adimerent.
3033 695 3195 750 Tune
3218 712 3246 749 e
3277 696 3787 771 vestigio,tanquam

433 783 627 840 locum
662 785 922 839 damnati
950 802 1051 857 per
1073 788 1188 840 tres
1218 786 1394 840 etiam
1433 786 1662 841 circiter
1714 804 1900 840 annos
1933 787 2074 839 sub-
2184 783 2241 837 in
2275 784 2579 852 latronem,
2607 802 2765 839 more
2798 784 3115 839 satellitum
3140 784 3483 839 hominesin
3507 804 3597 841 me
3623 805 3791 847 manus

435 875 705 930 stitutum
733 873 1042 937 habebam,
1076 892 1178 946 per
1216 875 1570 941 violentiam,
1607 892 1697 929 me
1752 875 2073 947 ignorante,
2187 873 2532 943 injecerunt,
2569 890 2777 945 meque
2810 873 3095 945 rapaciter
3124 874 3197 928 ad
3237 874 3590 930 carceralem
3620 878 3791 935 duxere

438 964 547 1019 sibi
574 962 707 1018 fecit
726 964 957 1018 adduci.
981 963 1125 1018 Nam
1152 981 1284 1018 eum
1310 964 1366 1017 in
1387 964 1813 1019 dominicorum
1838 966 1928 1019 die
1957 965 2077 1037 ipse
2187 964 2533 1017 custodiam.
2569 962 2811 1029 Quantis
2843 968 3045 1035 postea
3076 964 3190 1018 sim
3222 965 3471 1019 affectus
3502 964 3731 1036 injuriis,
3746 987 3790 1023 ac

436 1052 738 1125 presbyter
768 1057 1005 1124 paratus
1025 1053 1251 1109 essetin
1270 1053 1840 1109 ecclesiamissarum
1866 1053 2076 1108 solem-
2189 1069 2290 1124 per
2320 1052 2547 1107 diversa
2576 1051 2705 1106 loca
2755 1052 3092 1119 distractus,
3127 1059 3345 1124 quanto
3400 1054 3609 1110 fuerim
3637 1055 3791 1113 labore

438 1142 534 1196 nia
563 1141 778 1214 populo
801 1141 2077 1216 celebrare,jussuarchiepisc0pirepenteibi
2189 1140 2486 1213 fatigatus,
2540 1142 2711 1195 tiedet
2763 1158 2874 1209 me,
2934 1142 3234 1213 pudetque
3294 1143 3533 1198 referre.
3585 1146 3661 1199 Ad
3714 1146 3793 1201 hoc

437 1230 705 1286 homines
726 1231 2078 1305 adfuerunt,quipresbyterumextraliasilicam
2191 1246 2443 1302 namque
2492 1236 2784 1285 coarctare
2842 1231 3209 1303 satagebant,
3258 1231 3558 1286 interdum
3612 1233 3794 1305 aliquos

440 1318 571 1376 dolo
610 1320 922 1377 educentes
972 1321 1167 1376 subito
1227 1326 1567 1394 rapuerunt,
1629 1325 1684 1376 et
1734 1320 2081 1393 infatigabili
2192 1319 2461 1387 honores,
2497 1319 2551 1373 id
2602 1324 2708 1387 est,
2762 1336 2942 1374 unam
2999 1319 3297 1375 abbatiam
3372 1321 3794 1391 repromittcntcs

441 1426 614 1465 cursu
645 1408 819 1465 citius
833 1411 902 1465 ad
918 1411 1045 1482 ejus
1069 1408 1438 1482 prazsentiam
1466 1412 2081 1483 pertraxerunt.Quem
2192 1412 2365 1480 atque
2383 1408 2757 1480 spondentes,
2783 1412 3011 1463 tantum
3036 1412 3099 1464 ut
3116 1407 3172 1464 in
3190 1425 3382 1463 meam
3407 1409 3795 1466 damnationem

440 1499 567 1572 ipse
598 1516 730 1554 mox
782 1500 1349 1554 excommunicatum
1400 1499 1459 1554 in
1513 1516 1801 1555 carcerem
1862 1498 2082 1554 retrudi
2193 1512 2298 1568 ego
2331 1494 2781 1551 subscriberem.
2814 1496 3038 1550 Interea
3087 1495 3399 1550 ordinatur
3450 1496 3734 1568 episcopus
3758 1500 3795 1551 in

434 1587 637 1660 jussit,
671 1587 957 1661 illumque.
989 1588 1319 1661 depositum
1364 1587 1718 1661 genitalibus
1750 1592 2082 1643 truncatum
2195 1584 2469 1639 cathedra
2495 1584 2756 1652 viventis,
2793 1584 3063 1657 quamvis
3097 1601 3168 1640 ne
3198 1601 3466 1656 unquam
3498 1591 3624 1656 post
3650 1587 3797 1657 appel-

441 1677 501 1733 in
536 1694 675 1733 mem
709 1677 969 1750 parmcite
1001 1677 1243 1734 ecclesia
1264 1677 1692 1733 restituit.lline
1714 1695 1947 1749 quoque
1980 1677 2085 1731 mI-
2196 1672 2469 1729 lationem
2496 1673 2739 1730 Romani
2773 1673 3063 1745 pontiﬁcis
3096 1673 3204 1729 hoc
3257 1674 3378 1741 ﬁat,
3415 1672 3563 1729 sacri
3595 1692 3795 1730 canones

444 1765 503 1821 hi
536 1766 918 1822 contumaciae
952 1771 1008 1822 et
1037 1766 1446 1824 obstinationis
1478 1766 1807 1839 imputabat
1837 1770 2083 1834 reatum,
2120 1802 2166 1866 B
2197 1762 2491 1817 evidenter
2518 1768 2712 1818 vetare
2764 1766 3099 1817 noscantur.
3151 1762 3352 1835 Neque
3412 1763 3590 1828 enim,
3645 1774 3795 1819 sancte

446 1855 723 1928 quoniam
755 1855 865 1911 sibi
897 1856 956 1910 in
984 1855 1202 1911 talibus
1231 1854 1573 1912 inobediens
1612 1856 1916 1911 existerem
1944 1872 1955 1910 :
1984 1855 2090 1911 hoc
2120 1851 2166 1866 ⁴¹
2198 1855 2380 1923 pater,
2416 1856 2515 1907 tua
2546 1852 2821 1906 mandata
2845 1869 2946 1924 per
2966 1851 3318 1923 apostolicae
3349 1851 3623 1924 epistolas
3646 1853 3793 1908 debita

445 1963 478 2001 a
509 1962 601 2002 me
624 1946 849 2019 exigere
877 1945 1096 2012 volens,
1131 1950 1196 2000 ut
1226 1963 1338 2001 non
1373 1944 1539 2018 quasi
1572 1947 1862 2001 confratcr
1881 1950 1939 2001 et
1964 1962 2092 2001 coe-
2199 1940 2536 2007 reverentia,
2570 1957 2846 2008 moreque
2878 1940 3148 2009 solemni,
3180 1940 3299 1996 sive
3331 1941 3540 1995 auditu
3570 1958 3792 2014 congruo.

447 2034 743 2108 piscopus,
777 2035 877 2092 sed
913 2039 975 2090 ut
1004 2035 1276 2108 proprius
1306 2035 1571 2101 clericus,
1605 2036 1677 2090 ad
1710 2052 1816 2091 sua
1844 2040 1975 2091 vota
2007 2035 2092 2090 fa-
2201 2029 2435 2085 fuerunt
2464 2030 2788 2085 observata.
2814 2030 3075 2101 Denique
3126 2030 3427 2102 requirere
3458 2030 3707 2102 dignetur
3730 2049 3791 2086 ve-

450 2123 727 2179 mularer.
763 2124 1044 2179 Similiter
1074 2124 1231 2195 quod
1270 2128 1508 2197 propter
1539 2124 1857 2178 indebitam
1892 2123 2089 2196 appel-
2201 2123 2325 2175 stra
2350 2124 2552 2175 saneta
2584 2118 2896 2191 pastoralis
2936 2119 3269 2174 sollicitudo
3320 2124 3501 2191 atque
3530 2120 3794 2193 diligentia,

452 2213 727 2269 lationem
759 2214 829 2269 ad
863 2213 1240 2286 apostolicam
1273 2214 1467 2269 sedem
1520 2214 1643 2268 suis
1693 2214 2093 2285 obtemperare
2202 2208 2373 2280 quale
2407 2207 2548 2262 mihi
2584 2208 2874 2263 immerito
2900 2208 3303 2264 testimonium
3331 2213 3531 2263 nostra
3563 2208 3792 2281 perhibuit

454 2303 726 2376 precibus
766 2307 1194 2358 contemnerem
1224 2322 1237 2371 ;
1269 2303 1405 2369 imo,
1457 2303 1610 2374 quod
1669 2320 1774 2375 ego
1827 2320 1938 2356 non
1970 2302 2092 2375 epi-
2203 2297 2478 2366 lirelesia,
2511 2299 2745 2369 quando
2776 2298 2986 2353 vestris
3016 2297 3460 2353 venerabilibus
3488 2297 3694 2369 legatis,
3722 2300 3792 2351 Ba-

455 2393 658 2461 nabar,
693 2392 990 2448 canonicis
1038 2391 1507 2447 institutionibus
1561 2391 1930 2447 contraircm.
1966 2392 2094 2447 llazc
2204 2387 2414 2441 doaldo
2433 2390 2607 2459 atque
2627 2386 3789 2452 Joanni.obviafuitturbacivitatisnostra,

450 2485 645 2537 autem
674 2485 730 2537 et
778 2480 893 2537 alia
938 2480 1081 2536 mihi
1132 2480 1256 2551 pari
1306 2481 1478 2536 modo
1538 2479 1685 2535 falsa
1743 2480 2090 2547 ascribelmt,
2204 2493 2268 2531 ac
2302 2475 2768 2547 circumjacentis
2800 2476 3090 2549 regionis;
3124 2477 3347 2548 etquid
3377 2477 3451 2531 ab
3480 2476 3560 2533 eis
3591 2482 3791 2548 expetere

448 2588 595 2643 quae,
631 2570 823 2626 divina
856 2570 1077 2626 favente
1103 2570 1312 2642 gratia,
1345 2574 1401 2623 et
1458 2568 1860 2624 misericordia
1908 2570 2095 2640 opitu-
2204 2566 2435 2637 magnis
2468 2564 2844 2634 clamoribus,
2865 2564 3477 2638 multisqueprecibus
3511 2565 3649 2620 circa
3666 2582 3790 2621 suum

446 2659 623 2728 laute,
658 2660 831 2732 quaai
859 2659 1055 2715 favilla
1085 2661 1153 2714 ad
1183 2658 1426 2713 nihilum
1462 2658 1817 2729 redigentur,
1837 2661 1893 2712 et
1925 2659 2093 2729 quasi
2204 2657 2499 2724 pastorem
2533 2654 2914 2725 satagebant;
2944 2653 3075 2709 licet
3107 2655 3180 2708 ab
3203 2655 3538 2710 Erchanrao
3562 2654 3788 2726 episcopo,

450 2750 1092 2816 fumusevaneseent,te
1120 2747 1621 2820 quidem,domine
1638 2745 2096 2802 clementissime
2206 2761 2333 2797 meo
2366 2743 2827 2807 conditecesano,
2854 2743 3085 2815 magnis
3116 2742 3294 2798 minis
3328 2748 3504 2814 atque
3537 2742 3790 2814 percussit»

449 2841 506 2892 et
537 2837 864 2909 coangelice
896 2854 1066 2910 papa,
1101 2854 1233 2892 cum
1270 2835 1665 2908 apostolorum
1718 2835 1940 2891 meritis
1966 2852 2095 2890 coo-
2205 2831 2379 2887 nibus
2411 2833 2726 2888 admodum
2760 2831 3225 2905 prohiberentur,
3251 2833 3410 2905 regis
3442 2837 3613 2904 atque
3630 2832 3788 2886 archic-

450 2932 687 2999 perante
719 2944 783 2982 ac
815 2926 1193 2999 suffragante.
1228 2926 1351 2980 Non
1384 2925 1538 2979 enim
1573 2924 1862 2995 meipsum
1898 2942 1929 2979 a
1954 2924 2099 2979 mul-
2205 2921 2425 2993 piscopi
2459 2922 2570 2977 mei
2622 2921 3028 2977 interdictione
3080 2921 3453 2987 denuntiata,
3488 2939 3556 2977 ne
3606 2921 3784 2976 omnino

451 3016 524 3071 tis
556 3016 702 3071 meis
724 3032 934 3070 excuso
966 3013 1237 3087 peccatis,
1272 3017 1373 3068 aut
1394 3014 1463 3068 de
1493 3014 1661 3069 bonis
1683 3013 2095 3083 justiﬁcocum
2205 3009 2424 3081 aliquid
2460 3011 2800 3081 hujusmodi
2833 3010 3085 3066 clamare
3128 3015 3568 3082 prmsumerent.
3599 3011 3657 3064 Et
3678 3026 3783 3063 nunc

453 3104 632 3160 sciam
666 3105 821 3177 quod
853 3104 1161 3158 innumera
1193 3104 1262 3157 de
1294 3120 1386 3156 me
1404 3102 1513 3157 dici
1540 3102 1766 3173 possint
1789 3120 1899 3157 non
1922 3102 2093 3157 bona.
2140 3175 2151 3177 Α
2205 3116 2309 3171 ego
2341 3099 3024 3172 omniumepiscoporum
3040 3099 3660 3172 minimus,quitamen
3679 3097 3784 3169 apud

450 3194 865 3249 Verumtamen
914 3191 1035 3258 illa,
1063 3209 1188 3263 quae
1240 3190 1527 3245 malitiose
1578 3192 1649 3245 ad
1710 3208 1897 3245 meam
1931 3191 2094 3245 video
2126 3175 2167 3240 C
2208 3190 2495 3260 quosdam
2530 3207 2643 3244 non
2676 3190 3005 3261 episcopus,
3041 3191 3141 3245 sed
3166 3190 3340 3260 juxta
3371 3188 3782 3261 paternitatisve-

452 3282 888 3340 damnationem
920 3297 1046 3335 esse
1077 3283 1322 3350 reperta,
1357 3280 1471 3333 Deo
1504 3283 1646 3334 teste
1668 3284 1721 3333 et
1744 3280 1963 3350 judice,
1993 3281 2094 3352 qui
2206 3283 2336 3333 stra:
2360 3279 2777 3334 beatitudinem
2802 3280 3111 3351 episcopus
3131 3296 3322 3347 vocor,
3346 3279 3406 3333 in
3428 3276 3785 3334 Dominovalde

443 3373 822 3444 judicaturus
869 3374 959 3425 est
1006 3369 1164 3424 vivos
1195 3373 1251 3423 et
1308 3372 1588 3434 mortuos,
1625 3386 1739 3423 non
1797 3385 1930 3424 vera
1968 3387 2094 3425 esse
2206 3368 2525 3435 conﬁdens,
2562 3369 2632 3423 ad
2666 3367 3114 3440 praecellentiam
3136 3368 3311 3424 vestri
3339 3365 3784 3440 przesulatus,piis-

451 3460 787 3534 pronuntio.
822 3457 1080 3537 Denique
1112 3456 1419 3529 saipefatus
1438 3457 1911 3530 archiepiscopus
1928 3475 2094 3513 meus
2206 3456 2352 3512 sime
2383 3457 2635 3525 domine,
2672 3458 2983 3530 confugere
3013 3457 3180 3529 elegi,
3218 3462 3275 3512 et
3296 3458 3374 3512 de
3406 3453 3785 3529 magniﬁcentia

452 3552 509 3606 in
541 3550 744 3605 eodem
776 3546 1021 3604 concilio
1054 3550 1332 3618 tanquam
1366 3546 1679 3617 imperator
1702 3546 2091 3618 triumphans,
2205 3545 2355 3601 sima
2386 3546 2642 3602 bonitate
2672 3551 2866 3602 vestra
2896 3545 3181 3602 auxillum
3218 3563 3489 3618 sperans,
3522 3546 3585 3600 ad
3617 3548 3784 3599 sancto-

448 3643 505 3693 et
541 3642 821 3709 tanquam
856 3652 1127 3691 summus
1172 3634 1426 3690 ecclesia:
1467 3635 1720 3707 pontifex
1751 3636 2090 3703 decernens,
2206 3651 2332 3689 rum
2368 3634 2765 3706 apostolorum
2799 3632 3199 3689 sacratissima
3227 3629 3786 3704 limina,openisutlm-

450 3727 767 3798 subjugata
783 3742 889 3780 suo
908 3724 1317 3796 potentatui,et
1337 3741 1615 3797 oppressa
1639 3724 1883 3779 fratrum
1907 3724 2096 3779 humi-
2203 3723 2457 3795 gaminis
2488 3723 2931 3795 impetraturus,
2966 3723 3239 3777 decenter
3286 3722 3528 3778 accessi.
3562 3722 3684 3775 Ecce
3699 3719 3782 3789 jam

451 3815 614 3870 litate
637 3815 761 3886 jam
795 3812 938 3869 mihi
971 3812 1433 3885 intrepide,et,ut
1463 3813 2095 3885 reorimpie,judicium
2205 3829 2308 3883 per
2338 3811 2647 3867 dimidium
2682 3829 2904 3868 annum
2937 3816 3071 3867 ante
3094 3813 3349 3882 januam
3381 3809 3687 3883 apostolica:
3704 3807 3783 3877 pie-

453 3902 1702 3976 depositionisemisit:parvipendensquod
1728 3901 2096 3959 ulliulterius
2203 3901 2339 3956 tatis
2374 3900 2618 3973 pulsans
2650 3901 2884 3971 assisto,
2931 3901 3215 3957 rationem
3271 3901 3344 3957 de
3406 3900 3679 3963 omnibus,
3699 3912 3782 3966 qna

452 3993 586 4048 inde
617 3996 771 4049 esset
796 3993 1080 4047 rationem
1115 3991 1474 4057 redditurus,
1511 3995 1568 4045 et
1613 3991 1775 4063 quasi
1810 3991 1919 4046 hoc
1948 3990 2093 4046 nulli
2205 3990 2349 4045 mihi
2378 3989 2522 4046 falso
2554 3994 2610 4046 et
2637 3990 2855 4063 injuste
2887 3994 3025 4045 sunt
3054 3990 3302 4061 objecta,
3330 3990 3780 4060 reddereparatus:

451 4083 708 4150 deberet,
740 4082 798 4136 in
831 4081 1023 4154 seipse
1057 4081 1355 4137 conﬁdens
1380 4084 1455 4136 :et
1483 4079 1626 4135 illud
1651 4079 1794 4135 satis
1816 4080 2091 4148 innotuit,
2205 4078 2522 4151 nullusque
2554 4080 2762 4152 estqui
2795 4079 2852 4134 in
2877 4080 3148 4151 praesenti
3173 4079 3437 4151 aliquam
3462 4078 3707 4133 adversus
3724 4086 3781 4125 me

452 4171 687 4243 quando
719 4187 831 4239 me,
866 4171 1006 4243 quia
1036 4171 1231 4243 ipsum
1264 4170 1455 4225 solum
1489 4169 2095 4240 offenderam,nullius
2202 4185 2400 4223 vocem
2436 4169 2689 4240 proferat
2731 4168 3139 4225 accusationis.
3176 4169 3244 4222 Et
3291 4168 3566 4239 quoniam
3590 4168 3699 4220 ante
3720 4176 3780 4214 ve-

450 4277 623 4332 posse
653 4258 892 4315 alterius
924 4259 1212 4315 sublevari
1261 4259 1474 4314 auxilio
1518 4260 1889 4315 demonstare
1921 4277 2094 4315 eona-
2206 4262 2387 4312 stram
2436 4256 2854 4330 dignationem,
2900 4274 3088 4330 neque
3138 4274 3230 4312 me
3291 4257 3508 4312 falsum
3558 4251 3779 4311 exhibere,

449 4348 641 4416 batur,
676 4349 1567 4421 totumquemihinoceret,quod
1601 4348 1760 4403 aliud
1785 4349 2094 4420 sperabam
2204 4363 2393 4418 neqne
2442 4347 2659 4418 negotii
2720 4347 2831 4401 mei
2882 4364 3090 4402 causas
3145 4364 3456 4418 exponere,
3511 4344 3588 4399 vel
3639 4352 3781 4414 preces

448 4438 714 4510 petebam
746 4439 1104 4511 praesidium.
1160 4440 1231 4493 Et
1270 4455 1400 4494 ecce
1449 4442 1567 4492 tres
1624 4436 1900 4511 episcopi,
1945 4456 2093 4509 quos
2207 4452 2387 4502 meas,
2422 4440 2485 4490 ut
2517 4437 2812 4507 decuerat,
2846 4436 2964 4492 scio
2997 4452 3303 4508 perorare:
3339 4438 3517 4492 restat
3547 4429 3714 4502 utipsi
3736 4427 3779 4480 de

447 4526 798 4582 Hincmarus
827 4526 1167 4598 bujusmodi
1217 4525 1612 4597 simplicitatis
1667 4508 1793 4579 esse
1837 4531 2091 4595 noverat,
2125 4547 2173 4611 Ι)
2206 4543 2318 4594 me,
2351 4526 2676 4581 secundum
2706 4525 3053 4597 sapientiam
3083 4524 3313 4581 emlitus
3354 4524 3517 4581 vobis
3544 4522 3776 4577 donatam.

448 4615 737 4672 sententia
775 4613 1418 4679 excommunicationis,
1474 4614 1587 4668 imo
1644 4613 2092 4683 conspirationis
2125 4605 2164 4611 ”
2205 4613 2660 4670 misericorditer
2688 4614 2842 4686 quod
2894 4613 3150 4687 ecepistis
3201 4614 3537 4686 perﬁciatis,
3575 4626 3637 4664 ne
3662 4605 3778 4673 seja-

447 4704 519 4759 ab
550 4705 675 4777 ipso
710 4721 837 4760 meo
870 4704 1210 4759 damnatore
1262 4705 1517 4772 accepta,
1553 4702 1625 4755 ad
1675 4716 1766 4755 me
1812 4701 2094 4759 violenter
2204 4705 2408 4759 ctitent
2438 4708 2838 4772 temeratores,
2872 4707 3108 4776 propter
3140 4720 3335 4758 meam
3366 4702 3631 4757 vilitatem
3655 4701 3697 4751 et
3720 4692 3775 4746 inv

448 4792 742 4848 inclusum
778 4792 1183 4865 properabant,
1217 4794 1273 4844 et
1303 4788 1592 4843 sicutillis
1626 4789 1948 4860 injunetum
1975 4793 2094 4848 fue-
2204 4793 2571 4865 dignitatem,
2606 4792 3077 4865 apostolicajura
3099 4797 3154 4848 et
3176 4792 3461 4848 canonica
3481 4782 3778 4863 przevaluissc

450 4887 562 4948 rat,
595 4882 939 4955 lacrymosis
991 4876 1263 4951 suspiriis
1318 4877 1461 4932 mihi
1520 4877 1925 4950 propinabant.
1964 4880 2094 4939 Mox
2204 4881 2501 4939 inﬁrmare
2535 4885 2771 4941 statuta
