  <div class='ocr_page' id='page_1' title='image "/cluster/home/n/w/nwhite01/storage/ocr_20150623/119/uva.x000827049/400.png"; bbox 0 0 3894 6204; ppageno 0'>
   <div class='ocr_carea' id='block_1_1' title="bbox 155 328 287 393">
    <p class='ocr_par' dir='ltr' id='par_1_1' title="bbox 155 328 287 393">
     <span class='ocr_line' id='line_1_1' title="bbox 155 328 287 393; baseline 0.03 -3"><span class='ocrx_word' id='word_1_1' title='bbox 155 328 287 393; x_wconf 76' lang='lat'><strong>769</strong></span> 
     </span>
    </p>
   </div>
   <div class='ocr_carea' id='block_1_2' title="bbox 1390 334 2369 405">
    <p class='ocr_par' dir='ltr' id='par_1_2' title="bbox 1390 334 2369 405">
     <span class='ocr_line' id='line_1_2' title="bbox 1390 334 2369 405; baseline 0.012 -11"><span class='ocrx_word' id='word_1_2' title='bbox 1390 334 1799 397; x_wconf 68' lang='lat' dir='ltr'>EPISTOLJE</span> <span class='ocrx_word' id='word_1_3' title='bbox 1842 337 1943 399; x_wconf 84' lang='lat' dir='ltr'>ET</span> <span class='ocrx_word' id='word_1_4' title='bbox 1986 339 2369 405; x_wconf 78' lang='lat' dir='ltr'>DECRETA.</span> 
     </span>
    </p>
   </div>
   <div class='ocr_carea' id='block_1_3' title="bbox 3462 358 3583 418">
    <p class='ocr_par' dir='ltr' id='par_1_3' title="bbox 3462 358 3583 418">
     <span class='ocr_line' id='line_1_3' title="bbox 3462 358 3583 418; baseline 0.017 -2"><span class='ocrx_word' id='word_1_5' title='bbox 3462 358 3583 418; x_wconf 88' lang='lat'>770</span> 
     </span>
    </p>
   </div>
   <div class='ocr_carea' id='block_1_4' title="bbox 260 469 3050 502">
    <p class='ocr_par' dir='ltr' id='par_1_4' title="bbox 260 469 3050 502">
     <span class='ocr_line' id='line_1_4' title="bbox 260 469 3050 502; baseline 0.005 -26"><span class='ocrx_word' id='word_1_6' title='bbox 260 469 3050 502; x_wconf 51' lang='grc' dir='ltr'><em>Ἣ</em></span> 
     </span>
    </p>
   </div>
   <div class='ocr_carea' id='block_1_5' title="bbox 1160 582 2591 722">
    <p class='ocr_par' dir='ltr' id='par_1_5' title="bbox 1160 582 2591 722">
     <span class='ocr_line' id='line_1_5' title="bbox 1160 582 2591 722; baseline 0.008 -38"><span class='ocrx_word' id='word_1_7' title='bbox 1160 582 1857 722; x_wconf 68' lang='lat' dir='ltr'>NIGOLAI</span> <span class='ocrx_word' id='word_1_8' title='bbox 1946 589 2443 695; x_wconf 59' lang='lat' dir='ltr'>er}:</span> <span class='ocrx_word' id='word_1_9' title='bbox 2530 597 2591 695; x_wconf 80' lang='grc' dir='ltr'><strong>ι</strong></span> 
     </span>
    </p>
   </div>
   <div class='ocr_carea' id='block_1_6' title="bbox 892 764 2866 912">
    <p class='ocr_par' dir='ltr' id='par_1_6' title="bbox 892 764 2866 912">
     <span class='ocr_line' id='line_1_6' title="bbox 892 764 2866 912; baseline 0.011 -20"><span class='ocrx_word' id='word_1_10' title='bbox 892 764 1734 899; x_wconf 76' lang='lat' dir='ltr'>EPISTOL/E</span> <span class='ocrx_word' id='word_1_11' title='bbox 1828 775 2032 902; x_wconf 84' lang='lat' dir='ltr'>ET</span> <span class='ocrx_word' id='word_1_12' title='bbox 2121 779 2866 912; x_wconf 75' lang='lat' dir='ltr'>DECRETA</span> 
     </span>
    </p>
   </div>
   <div class='ocr_carea' id='block_1_7' title="bbox 1282 966 2492 1033">
    <p class='ocr_par' dir='ltr' id='par_1_7' title="bbox 1282 966 2492 1033">
     <span class='ocr_line' id='line_1_7' title="bbox 1282 966 2492 1033; baseline 0.012 -13"><span class='ocrx_word' id='word_1_13' title='bbox 1282 966 1555 1022; x_wconf 83' lang='lat' dir='ltr'>ORDINE</span> <span class='ocrx_word' id='word_1_14' title='bbox 1589 968 2141 1031; x_wconf 77' lang='lat' dir='ltr'>CHRONOLOGICO</span> <span class='ocrx_word' id='word_1_15' title='bbox 2184 976 2492 1033; x_wconf 86' lang='lat' dir='ltr'>DIGESTA</span> 
     </span>
    </p>
   </div>
   <div class='ocr_carea' id='block_1_8' title="bbox 983 1172 1025 1228">
    <p class='ocr_par' dir='ltr' id='par_1_8' title="bbox 983 1172 1025 1228">
     <span class='ocr_line' id='line_1_8' title="bbox 983 1172 1025 1228; baseline -0.024 0"><span class='ocrx_word' id='word_1_16' title='bbox 983 1172 1025 1228; x_wconf 92' lang='grc' dir='ltr'><strong>Ι.</strong></span> 
     </span>
    </p>
   </div>
   <div class='ocr_carea' id='block_1_9' title="bbox 204 1285 1792 1337">
    <p class='ocr_par' dir='ltr' id='par_1_9' title="bbox 204 1285 1792 1337">
     <span class='ocr_line' id='line_1_9' title="bbox 204 1285 1792 1337; baseline 0.009 -15"><span class='ocrx_word' id='word_1_17' title='bbox 204 1285 482 1324; x_wconf 62' lang='lat' dir='ltr'>EPISTOLA</span> <span class='ocrx_word' id='word_1_18' title='bbox 522 1286 746 1325; x_wconf 77' lang='lat' dir='ltr'>NICOLAI</span> <span class='ocrx_word' id='word_1_19' title='bbox 785 1287 858 1324; x_wconf 76' lang='lat' dir='ltr'>AD</span> <span class='ocrx_word' id='word_1_20' title='bbox 896 1288 1247 1328; x_wconf 74' lang='lat' dir='ltr'>WENILONEM</span> <span class='ocrx_word' id='word_1_21' title='bbox 1294 1293 1792 1337; x_wconf 75' lang='lat' dir='ltr'>ARCHIEPISCOPUM</span> 
     </span>
    </p>
   </div>
   <div class='ocr_carea' id='block_1_10' title="bbox 465 1357 1545 1413">
    <p class='ocr_par' dir='ltr' id='par_1_10' title="bbox 465 1357 1545 1413">
     <span class='ocr_line' id='line_1_10' title="bbox 465 1357 1545 1413; baseline 0.008 -17"><span class='ocrx_word' id='word_1_22' title='bbox 465 1357 837 1397; x_wconf 71' lang='lat' dir='ltr'>SENONENSEM</span> <span class='ocrx_word' id='word_1_23' title='bbox 877 1360 943 1397; x_wconf 81' lang='grc' dir='ltr'>ΕΤ</span> <span class='ocrx_word' id='word_1_24' title='bbox 982 1359 1353 1402; x_wconf 81' lang='lat' dir='ltr'>COEPISCOPOS</span> <span class='ocrx_word' id='word_1_25' title='bbox 1390 1365 1545 1413; x_wconf 85' lang='lat' dir='ltr'>EJUS,</span> 
     </span>
    </p>
   </div>
   <div class='ocr_carea' id='block_1_11' title="bbox 825 1440 1189 1513">
    <p class='ocr_par' dir='ltr' id='par_1_11' title="bbox 825 1440 1189 1513">
     <span class='ocr_line' id='line_1_11' title="bbox 825 1440 1189 1513; baseline 0.011 -20"><span class='ocrx_word' id='word_1_26' title='bbox 825 1440 1012 1510; x_wconf 81' lang='lat' dir='ltr'>(Anno</span> <span class='ocrx_word' id='word_1_27' title='bbox 1039 1442 1189 1513; x_wconf 84' lang='lat'>858.)</span> 
     </span>
    </p>
   </div>
   <div class='ocr_carea' id='block_1_12' title="bbox 278 1529 1731 1607">
    <p class='ocr_par' dir='ltr' id='par_1_12' title="bbox 278 1529 1731 1607">
     <span class='ocr_line' id='line_1_12' title="bbox 278 1529 1731 1607; baseline 0.008 -24"><span class='ocrx_word' id='word_1_28' title='bbox 278 1533 365 1584; x_wconf 82' lang='lat' dir='ltr'>De</span> <span class='ocrx_word' id='word_1_29' title='bbox 390 1529 717 1584; x_wconf 69' lang='lat' dir='ltr'>Herimanni</span> <span class='ocrx_word' id='word_1_30' title='bbox 740 1530 979 1600; x_wconf 77' lang='lat' dir='ltr'>episcopi</span> <span class='ocrx_word' id='word_1_31' title='bbox 1002 1532 1358 1590; x_wconf 76' lang='lat' dir='ltr'>Nivemensis</span> <span class='ocrx_word' id='word_1_32' title='bbox 1391 1538 1731 1607; x_wconf 76' lang='lat' dir='ltr'>inﬁmitate.</span> 
     </span>
    </p>
   </div>
   <div class='ocr_carea' id='block_1_13' title="bbox 525 1619 1497 1697">
    <p class='ocr_par' dir='ltr' id='par_1_13' title="bbox 525 1619 1497 1697">
     <span class='ocr_line' id='line_1_13' title="bbox 525 1619 1497 1697; baseline 0.008 -24"><span class='ocrx_word' id='word_1_33' title='bbox 525 1619 711 1690; x_wconf 71' lang='lat' dir='ltr'>{Apud</span> <span class='ocrx_word' id='word_1_34' title='bbox 744 1619 952 1686; x_wconf 88' lang='lat' dir='ltr'>Mansi,</span> <span class='ocrx_word' id='word_1_35' title='bbox 984 1623 1147 1678; x_wconf 80' lang='lat' dir='ltr'>Cone.</span> <span class='ocrx_word' id='word_1_36' title='bbox 1182 1626 1324 1679; x_wconf 91' lang='lat' dir='ltr'>tom.</span> <span class='ocrx_word' id='word_1_37' title='bbox 1358 1624 1497 1697; x_wconf 85' lang='lat' dir='ltr'>XV.]</span> 
     </span>
    </p>
   </div>
   <div class='ocr_carea' id='block_1_14' title="bbox 251 1723 1838 1802">
    <p class='ocr_par' dir='ltr' id='par_1_14' title="bbox 251 1723 1838 1802">
     <span class='ocr_line' id='line_1_14' title="bbox 251 1723 1838 1802; baseline 0.009 -25"><span class='ocrx_word' id='word_1_38' title='bbox 251 1723 542 1780; x_wconf 71' lang='lat' dir='ltr'>Nzconws</span> <span class='ocrx_word' id='word_1_39' title='bbox 572 1724 903 1797; x_wconf 89' lang='lat' dir='ltr'>episcopus,</span> <span class='ocrx_word' id='word_1_40' title='bbox 937 1744 1139 1784; x_wconf 91' lang='lat' dir='ltr'>servus</span> <span class='ocrx_word' id='word_1_41' title='bbox 1179 1746 1477 1788; x_wconf 89' lang='lat' dir='ltr'>servorum</span> <span class='ocrx_word' id='word_1_42' title='bbox 1529 1734 1650 1802; x_wconf 93' lang='lat' dir='ltr'>Dei,</span> <span class='ocrx_word' id='word_1_43' title='bbox 1686 1754 1838 1801; x_wconf 86' lang='lat' dir='ltr'>reve-</span> 
     </span>
    </p>
   </div>
   <div class='ocr_carea' id='block_1_15' title="bbox 176 1813 1841 1893">
    <p class='ocr_par' dir='ltr' id='par_1_15' title="bbox 176 1813 1841 1893">
     <span class='ocr_line' id='line_1_15' title="bbox 176 1813 1841 1893; baseline 0.009 -25"><span class='ocrx_word' id='word_1_44' title='bbox 176 1813 545 1870; x_wconf 85' lang='lat' dir='ltr'>rentissimis</span> <span class='ocrx_word' id='word_1_45' title='bbox 563 1830 628 1868; x_wconf 91' lang='lat' dir='ltr'>ac</span> <span class='ocrx_word' id='word_1_46' title='bbox 646 1815 1037 1873; x_wconf 78' lang='lat' dir='ltr'>sanctissimis</span> <span class='ocrx_word' id='word_1_47' title='bbox 1057 1820 1447 1877; x_wconf 79' lang='lat' dir='ltr'>confratribus</span> <span class='ocrx_word' id='word_1_48' title='bbox 1472 1825 1841 1893; x_wconf 76' lang='lat' dir='ltr'>nostris,W1-J-</span> 
     </span>
    </p>
   </div>
   <div class='ocr_carea' id='block_1_16' title="bbox 182 1903 1835 1986">
    <p class='ocr_par' dir='ltr' id='par_1_16' title="bbox 182 1903 1835 1986">
     <span class='ocr_line' id='line_1_16' title="bbox 182 1903 1835 1986; baseline 0.008 -29"><span class='ocrx_word' id='word_1_49' title='bbox 182 1920 385 1958; x_wconf 63' lang='lat' dir='ltr'>meum</span> <span class='ocrx_word' id='word_1_50' title='bbox 419 1903 739 1959; x_wconf 89' lang='lat' dir='ltr'>Senonensi</span> <span class='ocrx_word' id='word_1_51' title='bbox 770 1904 1290 1979; x_wconf 87' lang='lat' dir='ltr'>archiepiscopo,et</span> <span class='ocrx_word' id='word_1_52' title='bbox 1307 1911 1665 1985; x_wconf 85' lang='lat' dir='ltr'>coepiscopis</span> <span class='ocrx_word' id='word_1_53' title='bbox 1688 1916 1835 1986; x_wconf 89' lang='lat' dir='ltr'>ejus.</span> 
     </span>
    </p>
   </div>
   <div class='ocr_carea' id='block_1_17' title="bbox 261 1992 1838 2072">
    <p class='ocr_par' dir='ltr' id='par_1_17' title="bbox 261 1992 1838 2072">
     <span class='ocr_line' id='line_1_17' title="bbox 261 1992 1838 2072; baseline 0.009 -26"><span class='ocrx_word' id='word_1_54' title='bbox 261 1992 583 2064; x_wconf 85' lang='lat' dir='ltr'>Epistolam</span> <span class='ocrx_word' id='word_1_55' title='bbox 616 1994 946 2050; x_wconf 79' lang='lat' dir='ltr'>sanctitatis</span> <span class='ocrx_word' id='word_1_56' title='bbox 973 1999 1321 2069; x_wconf 71' lang='lat' dir='ltr'>vestras,qua</span> <span class='ocrx_word' id='word_1_57' title='bbox 1350 2001 1714 2072; x_wconf 80' lang='lat' dir='ltr'>apostolatus</span> <span class='ocrx_word' id='word_1_58' title='bbox 1738 2021 1838 2060; x_wconf 90' lang='lat' dir='ltr'>no-</span> 
     </span>
    </p>
   </div>
   <div class='ocr_carea' id='block_1_18' title="bbox 183 2081 1839 2159">
    <p class='ocr_par' dir='ltr' id='par_1_18' title="bbox 183 2081 1839 2159">
     <span class='ocr_line' id='line_1_18' title="bbox 183 2081 1839 2159; baseline 0.007 -24"><span class='ocrx_word' id='word_1_59' title='bbox 183 2081 300 2135; x_wconf 86' lang='lat' dir='ltr'>stri</span> <span class='ocrx_word' id='word_1_60' title='bbox 332 2097 509 2152; x_wconf 96' lang='lat' dir='ltr'>super</span> <span class='ocrx_word' id='word_1_61' title='bbox 539 2097 717 2136; x_wconf 87' lang='lat' dir='ltr'>causa</span> <span class='ocrx_word' id='word_1_62' title='bbox 746 2082 1084 2138; x_wconf 89' lang='lat' dir='ltr'>Herimanni</span> <span class='ocrx_word' id='word_1_63' title='bbox 1116 2086 1375 2159; x_wconf 90' lang='lat' dir='ltr'>episcopi</span> <span class='ocrx_word' id='word_1_64' title='bbox 1408 2106 1522 2144; x_wconf 89' lang='lat' dir='ltr'>non</span> <span class='ocrx_word' id='word_1_65' title='bbox 1545 2089 1839 2148; x_wconf 87' lang='lat' dir='ltr'>immerito</span> 
     </span>
    </p>
   </div>
   <div class='ocr_carea' id='block_1_19' title="bbox 185 2169 1840 2249">
    <p class='ocr_par' dir='ltr' id='par_1_19' title="bbox 185 2169 1840 2249">
     <span class='ocr_line' id='line_1_19' title="bbox 185 2169 1840 2249; baseline 0.007 -26"><span class='ocrx_word' id='word_1_66' title='bbox 185 2174 458 2241; x_wconf 82' lang='lat' dir='ltr'>expetere</span> <span class='ocrx_word' id='word_1_67' title='bbox 491 2169 808 2225; x_wconf 87' lang='lat' dir='ltr'>studuistis</span> <span class='ocrx_word' id='word_1_68' title='bbox 842 2187 1210 2244; x_wconf 81' lang='lat' dir='ltr'>responsum,</span> <span class='ocrx_word' id='word_1_69' title='bbox 1246 2175 1331 2231; x_wconf 95' lang='lat' dir='ltr'>vel</span> <span class='ocrx_word' id='word_1_70' title='bbox 1370 2194 1486 2249; x_wconf 89' lang='lat' dir='ltr'>qua</span> <span class='ocrx_word' id='word_1_71' title='bbox 1517 2196 1679 2234; x_wconf 86' lang='lat' dir='ltr'>more</span> <span class='ocrx_word' id='word_1_72' title='bbox 1713 2180 1840 2235; x_wconf 88' lang='lat' dir='ltr'>uni-</span> 
     </span>
    </p>
   </div>
   <div class='ocr_carea' id='block_1_20' title="bbox 188 2258 1843 2339">
    <p class='ocr_par' dir='ltr' id='par_1_20' title="bbox 188 2258 1843 2339">
     <span class='ocr_line' id='line_1_20' title="bbox 188 2258 1843 2339; baseline 0.008 -27"><span class='ocrx_word' id='word_1_73' title='bbox 188 2258 440 2314; x_wconf 86' lang='lat' dir='ltr'>versalis</span> <span class='ocrx_word' id='word_1_74' title='bbox 470 2258 734 2314; x_wconf 66' lang='lat' dir='ltr'>Ecclesiae</span> <span class='ocrx_word' id='word_1_75' title='bbox 765 2261 1129 2317; x_wconf 81' lang='lat' dir='ltr'>auctoritatis</span> <span class='ocrx_word' id='word_1_76' title='bbox 1161 2268 1369 2320; x_wconf 74' lang='lat' dir='ltr'>nostrae</span> <span class='ocrx_word' id='word_1_77' title='bbox 1401 2267 1722 2339; x_wconf 70' lang='lat' dir='ltr'>efﬂagitare</span> <span class='ocrx_word' id='word_1_78' title='bbox 1756 2271 1843 2325; x_wconf 93' lang='lat' dir='ltr'>in-</span> 
     </span>
    </p>
   </div>
   <div class='ocr_carea' id='block_1_21' title="bbox 189 2348 1840 2429">
    <p class='ocr_par' dir='ltr' id='par_1_21' title="bbox 189 2348 1840 2429">
     <span class='ocr_line' id='line_1_21' title="bbox 189 2348 1840 2429; baseline 0.008 -27"><span class='ocrx_word' id='word_1_79' title='bbox 189 2348 579 2403; x_wconf 86' lang='lat' dir='ltr'>structionem</span> <span class='ocrx_word' id='word_1_80' title='bbox 612 2349 881 2417; x_wconf 73' lang='lat' dir='ltr'>curastis,</span> <span class='ocrx_word' id='word_1_81' title='bbox 912 2351 1253 2424; x_wconf 85' lang='lat' dir='ltr'>accipimus.</span> <span class='ocrx_word' id='word_1_82' title='bbox 1290 2354 1401 2409; x_wconf 87' lang='lat' dir='ltr'>Sed</span> <span class='ocrx_word' id='word_1_83' title='bbox 1433 2361 1747 2429; x_wconf 83' lang='lat' dir='ltr'>antequam</span> <span class='ocrx_word' id='word_1_84' title='bbox 1772 2362 1840 2415; x_wconf 89' lang='lat' dir='ltr'>ad</span> 
     </span>
    </p>
   </div>
   <div class='ocr_carea' id='block_1_22' title="bbox 190 2437 1845 2521">
    <p class='ocr_par' dir='ltr' id='par_1_22' title="bbox 190 2437 1845 2521">
     <span class='ocr_line' id='line_1_22' title="bbox 190 2437 1845 2521; baseline 0.008 -31"><span class='ocrx_word' id='word_1_85' title='bbox 190 2437 464 2492; x_wconf 88' lang='lat' dir='ltr'>consulta</span> <span class='ocrx_word' id='word_1_86' title='bbox 517 2440 711 2492; x_wconf 89' lang='lat' dir='ltr'>vestra</span> <span class='ocrx_word' id='word_1_87' title='bbox 768 2440 979 2494; x_wconf 87' lang='lat' dir='ltr'>mentis</span> <span class='ocrx_word' id='word_1_88' title='bbox 1036 2441 1270 2497; x_wconf 90' lang='lat' dir='ltr'>oculum</span> <span class='ocrx_word' id='word_1_89' title='bbox 1330 2442 1701 2515; x_wconf 90' lang='lat' dir='ltr'>inclinemus,</span> <span class='ocrx_word' id='word_1_90' title='bbox 1744 2466 1845 2521; x_wconf 86' lang='lat' dir='ltr'>pa-</span> 
     </span>
    </p>
   </div>
   <div class='ocr_carea' id='block_1_23' title="bbox 1857 1186 3591 1273">
    <p class='ocr_par' dir='ltr' id='par_1_23' title="bbox 1857 1186 3591 1273">
     <span class='ocr_line' id='line_1_23' title="bbox 1857 1186 3591 1273; baseline 0.009 -33"><span class='ocrx_word' id='word_1_91' title='bbox 1857 1188 1911 1253; x_wconf 89' lang='grc' dir='ltr'><strong>Α</strong></span> <span class='ocrx_word' id='word_1_92' title='bbox 1943 1186 2191 1243; x_wconf 87' lang='lat' dir='ltr'>millima</span> <span class='ocrx_word' id='word_1_93' title='bbox 2222 1188 2781 1263; x_wconf 84' lang='lat' dir='ltr'>admittebat.Atque</span> <span class='ocrx_word' id='word_1_94' title='bbox 2812 1194 3151 1251; x_wconf 87' lang='lat' dir='ltr'>subint&#39;ertis</span> <span class='ocrx_word' id='word_1_95' title='bbox 3184 1198 3338 1269; x_wconf 82' lang='lat' dir='ltr'>quod</span> <span class='ocrx_word' id='word_1_96' title='bbox 3372 1199 3442 1254; x_wconf 87' lang='lat' dir='ltr'>ad</span> <span class='ocrx_word' id='word_1_97' title='bbox 3466 1217 3591 1273; x_wconf 85' lang='lat' dir='ltr'>pro-</span> 
     </span>
    </p>
   </div>
   <div class='ocr_carea' id='block_1_24' title="bbox 1941 1276 3591 1350">
    <p class='ocr_par' dir='ltr' id='par_1_24' title="bbox 1941 1276 3591 1350">
     <span class='ocr_line' id='line_1_24' title="bbox 1941 1276 3591 1350; baseline 0.007 -20"><span class='ocrx_word' id='word_1_98' title='bbox 1941 1276 2222 1333; x_wconf 65' lang='lat' dir='ltr'>vinciales</span> <span class='ocrx_word' id='word_1_99' title='bbox 2264 1280 2520 1350; x_wconf 81' lang='lat' dir='ltr'>synodos</span> <span class='ocrx_word' id='word_1_100' title='bbox 2567 1285 2838 1337; x_wconf 82' lang='lat' dir='ltr'>evocatus</span> <span class='ocrx_word' id='word_1_101' title='bbox 2886 1284 3079 1340; x_wconf 89' lang='lat' dir='ltr'>venire</span> <span class='ocrx_word' id='word_1_102' title='bbox 3133 1286 3446 1343; x_wconf 81' lang='lat' dir='ltr'>distulerit.</span> <span class='ocrx_word' id='word_1_103' title='bbox 3482 1288 3591 1344; x_wconf 91' lang='lat' dir='ltr'>Ubi</span> 
     </span>
    </p>
   </div>
   <div class='ocr_carea' id='block_1_25' title="bbox 1944 1368 3590 1450">
    <p class='ocr_par' dir='ltr' id='par_1_25' title="bbox 1944 1368 3590 1450">
     <span class='ocr_line' id='line_1_25' title="bbox 1944 1368 3590 1450; baseline 0.007 -30"><span class='ocrx_word' id='word_1_104' title='bbox 1944 1370 2166 1422; x_wconf 78' lang='lat' dir='ltr'>attente</span> <span class='ocrx_word' id='word_1_105' title='bbox 2197 1368 2691 1424; x_wconf 88' lang='lat' dir='ltr'>considerandum</span> <span class='ocrx_word' id='word_1_106' title='bbox 2713 1373 3106 1443; x_wconf 86' lang='lat' dir='ltr'>est,quoniam</span> <span class='ocrx_word' id='word_1_107' title='bbox 3129 1375 3237 1432; x_wconf 91' lang='lat' dir='ltr'>hoc</span> <span class='ocrx_word' id='word_1_108' title='bbox 3257 1375 3451 1449; x_wconf 89' lang='lat' dir='ltr'>ipsum</span> <span class='ocrx_word' id='word_1_109' title='bbox 3476 1395 3590 1450; x_wconf 92' lang='lat' dir='ltr'>quo</span> 
     </span>
    </p>
   </div>
   <div class='ocr_carea' id='block_1_26' title="bbox 1941 1456 3594 1530">
    <p class='ocr_par' dir='ltr' id='par_1_26' title="bbox 1941 1456 3594 1530">
     <span class='ocr_line' id='line_1_26' title="bbox 1941 1456 3594 1530; baseline 0.008 -22"><span class='ocrx_word' id='word_1_110' title='bbox 1941 1456 2173 1511; x_wconf 77' lang='lat' dir='ltr'>venitur</span> <span class='ocrx_word' id='word_1_111' title='bbox 2201 1457 2273 1512; x_wconf 88' lang='lat' dir='ltr'>ad</span> <span class='ocrx_word' id='word_1_112' title='bbox 2309 1458 2619 1530; x_wconf 76' lang='lat' dir='ltr'>synodum,</span> <span class='ocrx_word' id='word_1_113' title='bbox 2656 1462 3014 1518; x_wconf 80' lang='lat' dir='ltr'>sacerdotale</span> <span class='ocrx_word' id='word_1_114' title='bbox 3062 1464 3320 1521; x_wconf 82' lang='lat' dir='ltr'>officium</span> <span class='ocrx_word' id='word_1_115' title='bbox 3370 1471 3457 1522; x_wconf 91' lang='lat' dir='ltr'>est</span> <span class='ocrx_word' id='word_1_116' title='bbox 3490 1484 3502 1520; x_wconf 92' lang='lat'>:</span> <span class='ocrx_word' id='word_1_117' title='bbox 3538 1471 3594 1521; x_wconf 90' lang='lat' dir='ltr'>et</span> 
     </span>
    </p>
   </div>
   <div class='ocr_carea' id='block_1_27' title="bbox 1873 1545 3594 1629">
    <p class='ocr_par' dir='ltr' id='par_1_27' title="bbox 1873 1545 3594 1629">
     <span class='ocr_line' id='line_1_27' title="bbox 1873 1545 3594 1629; baseline 0.008 -31"><span class='ocrx_word' id='word_1_118' title='bbox 1873 1590 1885 1600; x_wconf 89' lang='lat'>.</span> <span class='ocrx_word' id='word_1_119' title='bbox 1945 1561 2078 1600; x_wconf 87' lang='lat' dir='ltr'>cum</span> <span class='ocrx_word' id='word_1_120' title='bbox 2098 1545 2359 1601; x_wconf 83' lang='lat' dir='ltr'>dixeritis</span> <span class='ocrx_word' id='word_1_121' title='bbox 2376 1546 2544 1602; x_wconf 89' lang='lat' dir='ltr'>illum</span> <span class='ocrx_word' id='word_1_122' title='bbox 2564 1550 2923 1606; x_wconf 85' lang='lat' dir='ltr'>sacerdotale</span> <span class='ocrx_word' id='word_1_123' title='bbox 2943 1569 3056 1608; x_wconf 91' lang='lat' dir='ltr'>non</span> <span class='ocrx_word' id='word_1_124' title='bbox 3076 1554 3333 1625; x_wconf 89' lang='lat' dir='ltr'>potuisse</span> <span class='ocrx_word' id='word_1_125' title='bbox 3352 1554 3594 1629; x_wconf 89' lang='lat' dir='ltr'>implere</span> 
     </span>
    </p>
   </div>
   <div class='ocr_carea' id='block_1_28' title="bbox 1946 1635 3593 1712">
    <p class='ocr_par' dir='ltr' id='par_1_28' title="bbox 1946 1635 3593 1712">
     <span class='ocr_line' id='line_1_28' title="bbox 1946 1635 3593 1712; baseline 0.008 -24"><span class='ocrx_word' id='word_1_126' title='bbox 1946 1639 2099 1689; x_wconf 70' lang='lat' dir='ltr'>recte</span> <span class='ocrx_word' id='word_1_127' title='bbox 2157 1635 2437 1702; x_wconf 80' lang='lat' dir='ltr'>ofﬁcium,</span> <span class='ocrx_word' id='word_1_128' title='bbox 2473 1653 2799 1710; x_wconf 87' lang='lat' dir='ltr'>sensusque</span> <span class='ocrx_word' id='word_1_129' title='bbox 2848 1639 3243 1712; x_wconf 85' lang='lat' dir='ltr'>integritatem</span> <span class='ocrx_word' id='word_1_130' title='bbox 3302 1645 3593 1712; x_wconf 88' lang='lat' dir='ltr'>amisisse,</span> 
     </span>
    </p>
   </div>
   <div class='ocr_carea' id='block_1_29' title="bbox 1948 1723 3597 1804">
    <p class='ocr_par' dir='ltr' id='par_1_29' title="bbox 1948 1723 3597 1804">
     <span class='ocr_line' id='line_1_29' title="bbox 1948 1723 3597 1804; baseline 0.008 -29"><span class='ocrx_word' id='word_1_131' title='bbox 1948 1723 2237 1778; x_wconf 81' lang='lat' dir='ltr'>miramur</span> <span class='ocrx_word' id='word_1_132' title='bbox 2268 1725 2648 1781; x_wconf 84' lang='lat' dir='ltr'>reverentiam</span> <span class='ocrx_word' id='word_1_133' title='bbox 2681 1731 2933 1784; x_wconf 81' lang='lat' dir='ltr'>vestram</span> <span class='ocrx_word' id='word_1_134' title='bbox 2967 1746 3098 1787; x_wconf 89' lang='lat' dir='ltr'>eum</span> <span class='ocrx_word' id='word_1_135' title='bbox 3123 1732 3315 1787; x_wconf 88' lang='lat' dir='ltr'>venire</span> <span class='ocrx_word' id='word_1_136' title='bbox 3337 1732 3409 1787; x_wconf 90' lang='lat' dir='ltr'>ad</span> <span class='ocrx_word' id='word_1_137' title='bbox 3433 1750 3597 1804; x_wconf 76' lang='lat' dir='ltr'>syno-</span> 
     </span>
    </p>
   </div>
   <div class='ocr_carea' id='block_1_30' title="bbox 1948 1812 3598 1890">
    <p class='ocr_par' dir='ltr' id='par_1_30' title="bbox 1948 1812 3598 1890">
     <span class='ocr_line' id='line_1_30' title="bbox 1948 1812 3598 1890; baseline 0.007 -25"><span class='ocrx_word' id='word_1_138' title='bbox 1948 1812 2089 1866; x_wconf 74' lang='lat' dir='ltr'>duzn</span> <span class='ocrx_word' id='word_1_139' title='bbox 2112 1812 2372 1884; x_wconf 82' lang='lat' dir='ltr'>coegisse</span> <span class='ocrx_word' id='word_1_140' title='bbox 2396 1830 2408 1867; x_wconf 91' lang='lat'>:</span> <span class='ocrx_word' id='word_1_141' title='bbox 2438 1816 2758 1886; x_wconf 67' lang='lat' dir='ltr'>prmsertim</span> <span class='ocrx_word' id='word_1_142' title='bbox 2784 1834 2916 1872; x_wconf 90' lang='lat' dir='ltr'>cum</span> <span class='ocrx_word' id='word_1_143' title='bbox 2940 1816 3051 1890; x_wconf 87' lang='lat' dir='ltr'>ipsi</span> <span class='ocrx_word' id='word_1_144' title='bbox 3075 1820 3368 1875; x_wconf 83' lang='lat' dir='ltr'>testemini</span> <span class='ocrx_word' id='word_1_145' title='bbox 3392 1821 3598 1877; x_wconf 88' lang='lat' dir='ltr'>insano</span> 
     </span>
    </p>
   </div>
   <div class='ocr_carea' id='block_1_31' title="bbox 1949 1900 3601 1969">
    <p class='ocr_par' dir='ltr' id='par_1_31' title="bbox 1949 1900 3601 1969">
     <span class='ocr_line' id='line_1_31' title="bbox 1949 1900 3601 1969; baseline 0.008 -16"><span class='ocrx_word' id='word_1_146' title='bbox 1949 1900 2105 1955; x_wconf 90' lang='lat' dir='ltr'>hunc</span> <span class='ocrx_word' id='word_1_147' title='bbox 2137 1901 2412 1969; x_wconf 87' lang='lat' dir='ltr'>similem,</span> <span class='ocrx_word' id='word_1_148' title='bbox 2447 1907 2504 1958; x_wconf 92' lang='lat' dir='ltr'>et</span> <span class='ocrx_word' id='word_1_149' title='bbox 2534 1903 2593 1958; x_wconf 91' lang='lat' dir='ltr'>in</span> <span class='ocrx_word' id='word_1_150' title='bbox 2625 1905 2828 1960; x_wconf 90' lang='lat' dir='ltr'>eadem</span> <span class='ocrx_word' id='word_1_151' title='bbox 2861 1907 3052 1962; x_wconf 86' lang='lat' dir='ltr'>adhuc</span> <span class='ocrx_word' id='word_1_152' title='bbox 3093 1907 3431 1965; x_wconf 76' lang='lat' dir='ltr'>infirmitate</span> <span class='ocrx_word' id='word_1_153' title='bbox 3482 1927 3601 1965; x_wconf 88' lang='lat' dir='ltr'>ma-</span> 
     </span>
    </p>
   </div>
   <div class='ocr_carea' id='block_1_32' title="bbox 1952 1990 3599 2067">
    <p class='ocr_par' dir='ltr' id='par_1_32' title="bbox 1952 1990 3599 2067">
     <span class='ocr_line' id='line_1_32' title="bbox 1952 1990 3599 2067; baseline 0.007 -24"><span class='ocrx_word' id='word_1_154' title='bbox 1952 2005 2087 2044; x_wconf 86' lang='lat' dir='ltr'>nere</span> <span class='ocrx_word' id='word_1_155' title='bbox 2121 2007 2133 2044; x_wconf 95' lang='lat'>:</span> <span class='ocrx_word' id='word_1_156' title='bbox 2168 2005 2364 2061; x_wconf 92' lang='lat' dir='ltr'>quem,</span> <span class='ocrx_word' id='word_1_157' title='bbox 2390 1992 2437 2045; x_wconf 89' lang='lat' dir='ltr'>si</span> <span class='ocrx_word' id='word_1_158' title='bbox 2471 1990 2551 2046; x_wconf 89' lang='lat' dir='ltr'>ita</span> <span class='ocrx_word' id='word_1_159' title='bbox 2580 1996 3072 2067; x_wconf 83' lang='lat' dir='ltr'>gravatur,magis</span> <span class='ocrx_word' id='word_1_160' title='bbox 3100 2002 3443 2054; x_wconf 85' lang='lat' dir='ltr'>convenerat</span> <span class='ocrx_word' id='word_1_161' title='bbox 3465 2016 3599 2054; x_wconf 91' lang='lat' dir='ltr'>san-</span> 
     </span>
    </p>
   </div>
   <div class='ocr_carea' id='block_1_33' title="bbox 1950 2077 3602 2159">
    <p class='ocr_par' dir='ltr' id='par_1_33' title="bbox 1950 2077 3602 2159">
     <span class='ocr_line' id='line_1_33' title="bbox 1950 2077 3602 2159; baseline 0.005 -27"><span class='ocrx_word' id='word_1_162' title='bbox 1950 2077 2295 2133; x_wconf 81' lang='lat' dir='ltr'>ctimonium</span> <span class='ocrx_word' id='word_1_163' title='bbox 2329 2084 2591 2135; x_wconf 86' lang='lat' dir='ltr'>vestrum</span> <span class='ocrx_word' id='word_1_164' title='bbox 2621 2081 2946 2152; x_wconf 88' lang='lat' dir='ltr'>sublevare,</span> <span class='ocrx_word' id='word_1_165' title='bbox 2982 2100 3159 2155; x_wconf 91' lang='lat' dir='ltr'>quam</span> <span class='ocrx_word' id='word_1_166' title='bbox 3204 2087 3434 2158; x_wconf 90' lang='lat' dir='ltr'>pondus</span> <span class='ocrx_word' id='word_1_167' title='bbox 3473 2088 3602 2159; x_wconf 84' lang='lat' dir='ltr'>ejus</span> 
     </span>
    </p>
   </div>
   <div class='ocr_carea' id='block_1_34' title="bbox 1953 2167 3603 2244">
    <p class='ocr_par' dir='ltr' id='par_1_34' title="bbox 1953 2167 3603 2244">
     <span class='ocr_line' id='line_1_34' title="bbox 1953 2167 3603 2244; baseline 0.006 -25"><span class='ocrx_word' id='word_1_168' title='bbox 1953 2167 2193 2237; x_wconf 57' lang='lat' dir='ltr'>panderi</span> <span class='ocrx_word' id='word_1_169' title='bbox 2243 2169 2653 2239; x_wconf 88' lang='lat' dir='ltr'>superaddere,</span> <span class='ocrx_word' id='word_1_170' title='bbox 2688 2170 3152 2244; x_wconf 84' lang='lat' dir='ltr'>charitatemque</span> <span class='ocrx_word' id='word_1_171' title='bbox 3203 2174 3260 2229; x_wconf 92' lang='lat' dir='ltr'>in</span> <span class='ocrx_word' id='word_1_172' title='bbox 3295 2192 3360 2230; x_wconf 87' lang='lat' dir='ltr'>eo</span> <span class='ocrx_word' id='word_1_173' title='bbox 3391 2176 3603 2230; x_wconf 81' lang='lat' dir='ltr'>conﬁr-</span> 
     </span>
    </p>
   </div>
   <div class='ocr_carea' id='block_1_35' title="bbox 1954 2256 3599 2331">
    <p class='ocr_par' dir='ltr' id='par_1_35' title="bbox 1954 2256 3599 2331">
     <span class='ocr_line' id='line_1_35' title="bbox 1954 2256 3599 2331; baseline 0.007 -23"><span class='ocrx_word' id='word_1_174' title='bbox 1954 2271 2114 2310; x_wconf 82' lang='lat' dir='ltr'>mare</span> <span class='ocrx_word' id='word_1_175' title='bbox 2147 2256 2359 2326; x_wconf 88' lang='lat' dir='ltr'>potius,</span> <span class='ocrx_word' id='word_1_176' title='bbox 2398 2274 2575 2329; x_wconf 88' lang='lat' dir='ltr'>quam</span> <span class='ocrx_word' id='word_1_177' title='bbox 2634 2260 2684 2314; x_wconf 91' lang='lat' dir='ltr'>ei</span> <span class='ocrx_word' id='word_1_178' title='bbox 2744 2260 2978 2331; x_wconf 85' lang='lat' dir='ltr'>pietatis</span> <span class='ocrx_word' id='word_1_179' title='bbox 3032 2263 3251 2318; x_wconf 88' lang='lat' dir='ltr'>viscera</span> <span class='ocrx_word' id='word_1_180' title='bbox 3308 2264 3599 2319; x_wconf 90' lang='lat' dir='ltr'>obserare.</span> 
     </span>
    </p>
   </div>
   <div class='ocr_carea' id='block_1_36' title="bbox 1955 2344 3607 2421">
    <p class='ocr_par' dir='ltr' id='par_1_36' title="bbox 1955 2344 3607 2421">
     <span class='ocr_line' id='line_1_36' title="bbox 1955 2344 3607 2421; baseline 0.006 -23"><span class='ocrx_word' id='word_1_181' title='bbox 1955 2344 2231 2400; x_wconf 84' lang='lat' dir='ltr'>lndicatis</span> <span class='ocrx_word' id='word_1_182' title='bbox 2263 2350 2457 2401; x_wconf 88' lang='lat' dir='ltr'>autem</span> <span class='ocrx_word' id='word_1_183' title='bbox 2491 2346 2656 2402; x_wconf 91' lang='lat' dir='ltr'>illum</span> <span class='ocrx_word' id='word_1_184' title='bbox 2686 2364 2864 2421; x_wconf 77' lang='lat' dir='ltr'>super</span> <span class='ocrx_word' id='word_1_185' title='bbox 2891 2350 3250 2421; x_wconf 85' lang='lat' dir='ltr'>quibusdam</span> <span class='ocrx_word' id='word_1_186' title='bbox 3271 2353 3607 2408; x_wconf 83' lang='lat' dir='ltr'>excessibus</span> 
     </span>
    </p>
   </div>
   <div class='ocr_carea' id='block_1_37' title="bbox 1955 2432 3609 2513">
    <p class='ocr_par' dir='ltr' id='par_1_37' title="bbox 1955 2432 3609 2513">
     <span class='ocr_line' id='line_1_37' title="bbox 1955 2432 3609 2513; baseline 0.007 -26"><span class='ocrx_word' id='word_1_187' title='bbox 1955 2432 2138 2489; x_wconf 86' lang='lat' dir='ltr'>luisse</span> <span class='ocrx_word' id='word_1_188' title='bbox 2170 2435 2499 2507; x_wconf 85' lang='lat' dir='ltr'>frequenter</span> <span class='ocrx_word' id='word_1_189' title='bbox 2549 2442 2912 2493; x_wconf 87' lang='lat' dir='ltr'>accusatum.</span> <span class='ocrx_word' id='word_1_190' title='bbox 2950 2440 3053 2495; x_wconf 87' lang='lat' dir='ltr'>Pro</span> <span class='ocrx_word' id='word_1_191' title='bbox 3101 2440 3338 2513; x_wconf 90' lang='lat' dir='ltr'>quibus,</span> <span class='ocrx_word' id='word_1_192' title='bbox 3372 2443 3510 2513; x_wconf 89' lang='lat' dir='ltr'>quia</span> <span class='ocrx_word' id='word_1_193' title='bbox 3541 2458 3609 2497; x_wconf 85' lang='lat' dir='ltr'>ex</span> 
     </span>
    </p>
   </div>
   <div class='ocr_carea' id='block_1_38' title="bbox 194 2522 3611 2632">
    <p class='ocr_par' dir='ltr' id='par_1_38' title="bbox 194 2522 3611 2632">
     <span class='ocr_line' id='line_1_38' title="bbox 194 2522 3611 2632; baseline 0.002 -54"><span class='ocrx_word' id='word_1_194' title='bbox 194 2542 440 2597; x_wconf 90' lang='lat' dir='ltr'>rumpcr</span> <span class='ocrx_word' id='word_1_195' title='bbox 469 2526 523 2578; x_wconf 92' lang='lat' dir='ltr'>in</span> <span class='ocrx_word' id='word_1_196' title='bbox 556 2524 833 2581; x_wconf 86' lang='lat' dir='ltr'>laudibus</span> <span class='ocrx_word' id='word_1_197' title='bbox 864 2528 1069 2584; x_wconf 87' lang='lat' dir='ltr'>vestris</span> <span class='ocrx_word' id='word_1_198' title='bbox 1101 2529 1318 2603; x_wconf 83' lang='lat' dir='ltr'>stylum</span> <span class='ocrx_word' id='word_1_199' title='bbox 1360 2550 1544 2605; x_wconf 70' lang='lat' dir='ltr'>operm</span> <span class='ocrx_word' id='word_1_200' title='bbox 1594 2537 1846 2608; x_wconf 69' lang='lat' dir='ltr'>pretium</span> <span class='ocrx_word' id='word_1_201' title='bbox 1880 2568 1927 2632; x_wconf 80' lang='grc' dir='ltr'><strong>Β</strong></span> <span class='ocrx_word' id='word_1_202' title='bbox 1958 2528 2121 2593; x_wconf 75' lang='lat' dir='ltr'>parte</span> <span class='ocrx_word' id='word_1_203' title='bbox 2152 2522 2338 2595; x_wconf 75' lang='lat' dir='ltr'>ipsius</span> <span class='ocrx_word' id='word_1_204' title='bbox 2373 2542 2621 2596; x_wconf 85' lang='lat' dir='ltr'>persona</span> <span class='ocrx_word' id='word_1_205' title='bbox 2651 2527 2949 2594; x_wconf 84' lang='lat' dir='ltr'>deest,nos</span> <span class='ocrx_word' id='word_1_206' title='bbox 2982 2530 3080 2584; x_wconf 90' lang='lat' dir='ltr'>uni</span> <span class='ocrx_word' id='word_1_207' title='bbox 3106 2530 3253 2602; x_wconf 89' lang='lat' dir='ltr'>parti</span> <span class='ocrx_word' id='word_1_208' title='bbox 3276 2532 3344 2585; x_wconf 91' lang='lat' dir='ltr'>ad</span> <span class='ocrx_word' id='word_1_209' title='bbox 3372 2531 3611 2587; x_wconf 88' lang='lat' dir='ltr'>alterius</span> 
     </span>
    </p>
   </div>
   <div class='ocr_carea' id='block_1_39' title="bbox 196 2614 1848 2692">
    <p class='ocr_par' dir='ltr' id='par_1_39' title="bbox 196 2614 1848 2692">
     <span class='ocr_line' id='line_1_39' title="bbox 196 2614 1848 2692; baseline 0.008 -23"><span class='ocrx_word' id='word_1_210' title='bbox 196 2614 479 2670; x_wconf 77' lang='lat' dir='ltr'>duximus</span> <span class='ocrx_word' id='word_1_211' title='bbox 510 2615 942 2672; x_wconf 88' lang='lat' dir='ltr'>immorandum</span> <span class='ocrx_word' id='word_1_212' title='bbox 980 2635 991 2672; x_wconf 92' lang='lat'>:</span> <span class='ocrx_word' id='word_1_213' title='bbox 1025 2619 1123 2692; x_wconf 88' lang='lat' dir='ltr'>qui</span> <span class='ocrx_word' id='word_1_214' title='bbox 1158 2637 1306 2691; x_wconf 88' lang='lat' dir='ltr'>quos</span> <span class='ocrx_word' id='word_1_215' title='bbox 1349 2623 1512 2679; x_wconf 88' lang='lat' dir='ltr'>vobis</span> <span class='ocrx_word' id='word_1_216' title='bbox 1563 2627 1848 2692; x_wconf 89' lang='lat' dir='ltr'>eundum,</span> 
     </span>
    </p>
   </div>
   <div class='ocr_carea' id='block_1_40' title="bbox 197 2703 1851 2784">
    <p class='ocr_par' dir='ltr' id='par_1_40' title="bbox 197 2703 1851 2784">
     <span class='ocr_line' id='line_1_40' title="bbox 197 2703 1851 2784; baseline 0.009 -29"><span class='ocrx_word' id='word_1_217' title='bbox 197 2718 390 2774; x_wconf 87' lang='lat' dir='ltr'>quove</span> <span class='ocrx_word' id='word_1_218' title='bbox 423 2703 479 2758; x_wconf 89' lang='lat' dir='ltr'>in</span> <span class='ocrx_word' id='word_1_219' title='bbox 512 2704 684 2759; x_wconf 87' lang='lat' dir='ltr'>rebus</span> <span class='ocrx_word' id='word_1_220' title='bbox 716 2704 931 2773; x_wconf 89' lang='lat' dir='ltr'>dubiis,</span> <span class='ocrx_word' id='word_1_221' title='bbox 966 2710 1143 2779; x_wconf 78' lang='lat' dir='ltr'>atque</span> <span class='ocrx_word' id='word_1_222' title='bbox 1164 2707 1223 2763; x_wconf 90' lang='lat' dir='ltr'>in</span> <span class='ocrx_word' id='word_1_223' title='bbox 1247 2712 1477 2784; x_wconf 84' lang='lat' dir='ltr'>magnis</span> <span class='ocrx_word' id='word_1_224' title='bbox 1500 2713 1851 2771; x_wconf 86' lang='lat' dir='ltr'>ecclesiasti-</span> 
     </span>
    </p>
   </div>
   <div class='ocr_carea' id='block_1_41' title="bbox 201 2792 1853 2864">
    <p class='ocr_par' dir='ltr' id='par_1_41' title="bbox 201 2792 1853 2864">
     <span class='ocr_line' id='line_1_41' title="bbox 201 2792 1853 2864; baseline 0.009 -19"><span class='ocrx_word' id='word_1_225' title='bbox 201 2792 292 2846; x_wconf 87' lang='lat' dir='ltr'>cis</span> <span class='ocrx_word' id='word_1_226' title='bbox 324 2792 569 2863; x_wconf 78' lang='lat' dir='ltr'>negotiis</span> <span class='ocrx_word' id='word_1_227' title='bbox 599 2798 754 2848; x_wconf 87' lang='lat' dir='ltr'>esset</span> <span class='ocrx_word' id='word_1_228' title='bbox 783 2794 1247 2864; x_wconf 79' lang='lat' dir='ltr'>accelerandum,</span> <span class='ocrx_word' id='word_1_229' title='bbox 1272 2801 1603 2858; x_wconf 88' lang='lat' dir='ltr'>serenitatis</span> <span class='ocrx_word' id='word_1_230' title='bbox 1631 2803 1853 2860; x_wconf 66' lang='lat' dir='ltr'>visibus</span> 
     </span>
    </p>
   </div>
   <div class='ocr_carea' id='block_1_42' title="bbox 203 2881 1857 2963">
    <p class='ocr_par' dir='ltr' id='par_1_42' title="bbox 203 2881 1857 2963">
     <span class='ocr_line' id='line_1_42' title="bbox 203 2881 1857 2963; baseline 0.007 -29"><span class='ocrx_word' id='word_1_231' title='bbox 203 2881 574 2954; x_wconf 69' lang='lat' dir='ltr'>przevidistis,</span> <span class='ocrx_word' id='word_1_232' title='bbox 609 2882 1051 2953; x_wconf 87' lang='lat' dir='ltr'>humilibusque</span> <span class='ocrx_word' id='word_1_233' title='bbox 1086 2886 1408 2944; x_wconf 88' lang='lat' dir='ltr'>devotionis</span> <span class='ocrx_word' id='word_1_234' title='bbox 1438 2894 1639 2945; x_wconf 66' lang='lat' dir='ltr'>vestra:</span> <span class='ocrx_word' id='word_1_235' title='bbox 1674 2893 1857 2963; x_wconf 88' lang='lat' dir='ltr'>passi-</span> 
     </span>
    </p>
   </div>
   <div class='ocr_carea' id='block_1_43' title="bbox 202 2971 1854 3051">
    <p class='ocr_par' dir='ltr' id='par_1_43' title="bbox 202 2971 1854 3051">
     <span class='ocr_line' id='line_1_43' title="bbox 202 2971 1854 3051; baseline 0.007 -25"><span class='ocrx_word' id='word_1_236' title='bbox 202 2972 320 3027; x_wconf 87' lang='lat' dir='ltr'>bus</span> <span class='ocrx_word' id='word_1_237' title='bbox 351 2972 717 3027; x_wconf 87' lang='lat' dir='ltr'>cucurristis.</span> <span class='ocrx_word' id='word_1_238' title='bbox 750 2971 963 3027; x_wconf 88' lang='lat' dir='ltr'>Contra</span> <span class='ocrx_word' id='word_1_239' title='bbox 994 2972 1124 3029; x_wconf 92' lang='lat' dir='ltr'>illos</span> <span class='ocrx_word' id='word_1_240' title='bbox 1157 2975 1458 3046; x_wconf 89' lang='lat' dir='ltr'>nimirum,</span> <span class='ocrx_word' id='word_1_241' title='bbox 1494 2981 1596 3051; x_wconf 91' lang='lat' dir='ltr'>qui</span> <span class='ocrx_word' id='word_1_242' title='bbox 1642 2980 1854 3036; x_wconf 86' lang='lat' dir='ltr'>beatis-</span> 
     </span>
    </p>
   </div>
   <div class='ocr_carea' id='block_1_44' title="bbox 205 3060 1859 3141">
    <p class='ocr_par' dir='ltr' id='par_1_44' title="bbox 205 3060 1859 3141">
     <span class='ocr_line' id='line_1_44' title="bbox 205 3060 1859 3141; baseline 0.007 -26"><span class='ocrx_word' id='word_1_243' title='bbox 205 3060 346 3115; x_wconf 87' lang='lat' dir='ltr'>simi</span> <span class='ocrx_word' id='word_1_244' title='bbox 380 3060 776 3133; x_wconf 86' lang='lat' dir='ltr'>apostolorum</span> <span class='ocrx_word' id='word_1_245' title='bbox 810 3061 1090 3134; x_wconf 90' lang='lat' dir='ltr'>principis</span> <span class='ocrx_word' id='word_1_246' title='bbox 1122 3064 1271 3120; x_wconf 89' lang='lat' dir='ltr'>Petri</span> <span class='ocrx_word' id='word_1_247' title='bbox 1298 3067 1540 3141; x_wconf 87' lang='lat' dir='ltr'>ejusque</span> <span class='ocrx_word' id='word_1_248' title='bbox 1563 3086 1859 3125; x_wconf 90' lang='lat' dir='ltr'>successo-</span> 
     </span>
    </p>
   </div>
   <div class='ocr_carea' id='block_1_45' title="bbox 211 3149 1858 3230">
    <p class='ocr_par' dir='ltr' id='par_1_45' title="bbox 211 3149 1858 3230">
     <span class='ocr_line' id='line_1_45' title="bbox 211 3149 1858 3230; baseline 0.007 -27"><span class='ocrx_word' id='word_1_249' title='bbox 211 3168 349 3204; x_wconf 86' lang='lat' dir='ltr'>rum</span> <span class='ocrx_word' id='word_1_250' title='bbox 384 3149 910 3206; x_wconf 82' lang='lat' dir='ltr'>luculentissimain</span> <span class='ocrx_word' id='word_1_251' title='bbox 956 3153 1280 3209; x_wconf 87' lang='lat' dir='ltr'>doctrinam</span> <span class='ocrx_word' id='word_1_252' title='bbox 1333 3158 1647 3230; x_wconf 88' lang='lat' dir='ltr'>sedemque</span> <span class='ocrx_word' id='word_1_253' title='bbox 1697 3177 1858 3230; x_wconf 86' lang='lat' dir='ltr'>sper-</span> 
     </span>
    </p>
   </div>
   <div class='ocr_carea' id='block_1_46' title="bbox 212 3238 1860 3313">
    <p class='ocr_par' dir='ltr' id='par_1_46' title="bbox 212 3238 1860 3313">
     <span class='ocr_line' id='line_1_46' title="bbox 212 3238 1860 3313; baseline 0.004 -18"><span class='ocrx_word' id='word_1_254' title='bbox 212 3244 621 3310; x_wconf 76' lang='lat' dir='ltr'>nentes,quein</span> <span class='ocrx_word' id='word_1_255' title='bbox 653 3239 754 3294; x_wconf 89' lang='lat' dir='ltr'>Dei</span> <span class='ocrx_word' id='word_1_256' title='bbox 788 3238 968 3295; x_wconf 88' lang='lat' dir='ltr'>Filius</span> <span class='ocrx_word' id='word_1_257' title='bbox 998 3241 1057 3295; x_wconf 91' lang='lat' dir='ltr'>in</span> <span class='ocrx_word' id='word_1_258' title='bbox 1089 3247 1290 3298; x_wconf 88' lang='lat' dir='ltr'>sancta</span> <span class='ocrx_word' id='word_1_259' title='bbox 1320 3244 1577 3301; x_wconf 85' lang='lat' dir='ltr'>Ecclesia</span> <span class='ocrx_word' id='word_1_260' title='bbox 1597 3252 1860 3313; x_wconf 86' lang='lat' dir='ltr'>sua,tan-</span> 
     </span>
    </p>
   </div>
   <div class='ocr_carea' id='block_1_47' title="bbox 212 3328 1858 3403">
    <p class='ocr_par' dir='ltr' id='par_1_47' title="bbox 212 3328 1858 3403">
     <span class='ocr_line' id='line_1_47' title="bbox 212 3328 1858 3403; baseline 0.005 -21"><span class='ocrx_word' id='word_1_261' title='bbox 212 3344 395 3401; x_wconf 87' lang='lat' dir='ltr'>quam</span> <span class='ocrx_word' id='word_1_262' title='bbox 446 3328 735 3384; x_wconf 87' lang='lat' dir='ltr'>luminare</span> <span class='ocrx_word' id='word_1_263' title='bbox 785 3330 978 3400; x_wconf 83' lang='lat' dir='ltr'>majus</span> <span class='ocrx_word' id='word_1_264' title='bbox 1026 3330 1083 3385; x_wconf 91' lang='lat' dir='ltr'>in</span> <span class='ocrx_word' id='word_1_265' title='bbox 1132 3331 1273 3387; x_wconf 72' lang='lat' dir='ltr'>cmlo</span> <span class='ocrx_word' id='word_1_266' title='bbox 1324 3335 1645 3403; x_wconf 87' lang='lat' dir='ltr'>constituit,</span> <span class='ocrx_word' id='word_1_267' title='bbox 1678 3336 1858 3391; x_wconf 89' lang='lat' dir='ltr'>veluti</span> 
     </span>
    </p>
   </div>
   <div class='ocr_carea' id='block_1_48' title="bbox 212 3417 1865 3494">
    <p class='ocr_par' dir='ltr' id='par_1_48' title="bbox 212 3417 1865 3494">
     <span class='ocr_line' id='line_1_48' title="bbox 212 3417 1865 3494; baseline 0.007 -23"><span class='ocrx_word' id='word_1_268' title='bbox 212 3418 457 3490; x_wconf 87' lang='lat' dir='ltr'>quidam</span> <span class='ocrx_word' id='word_1_269' title='bbox 491 3417 824 3489; x_wconf 89' lang='lat' dir='ltr'>scorpiones</span> <span class='ocrx_word' id='word_1_270' title='bbox 856 3418 1120 3490; x_wconf 88' lang='lat' dir='ltr'>palantes</span> <span class='ocrx_word' id='word_1_271' title='bbox 1144 3420 1489 3477; x_wconf 90' lang='lat' dir='ltr'>inceduntin</span> <span class='ocrx_word' id='word_1_272' title='bbox 1512 3425 1773 3494; x_wconf 88' lang='lat' dir='ltr'>meridie,</span> <span class='ocrx_word' id='word_1_273' title='bbox 1807 3431 1865 3482; x_wconf 88' lang='lat' dir='ltr'>et</span> 
     </span>
    </p>
   </div>
   <div class='ocr_carea' id='block_1_49' title="bbox 213 3505 1865 3575">
    <p class='ocr_par' dir='ltr' id='par_1_49' title="bbox 213 3505 1865 3575">
     <span class='ocr_line' id='line_1_49' title="bbox 213 3505 1865 3575; baseline 0.005 -14"><span class='ocrx_word' id='word_1_274' title='bbox 213 3524 353 3562; x_wconf 89' lang='lat' dir='ltr'>cum</span> <span class='ocrx_word' id='word_1_275' title='bbox 404 3507 595 3561; x_wconf 87' lang='lat' dir='ltr'>adhuc</span> <span class='ocrx_word' id='word_1_276' title='bbox 637 3505 760 3562; x_wconf 90' lang='lat' dir='ltr'>dies</span> <span class='ocrx_word' id='word_1_277' title='bbox 809 3511 917 3575; x_wconf 87' lang='lat' dir='ltr'>est,</span> <span class='ocrx_word' id='word_1_278' title='bbox 954 3509 1165 3564; x_wconf 88' lang='lat' dir='ltr'>occidit</span> <span class='ocrx_word' id='word_1_279' title='bbox 1213 3511 1296 3566; x_wconf 90' lang='lat' dir='ltr'>eis</span> <span class='ocrx_word' id='word_1_280' title='bbox 1345 3511 1450 3567; x_wconf 91' lang='lat' dir='ltr'>sol.</span> <span class='ocrx_word' id='word_1_281' title='bbox 1489 3514 1705 3569; x_wconf 77' lang='lat' dir='ltr'>Revera</span> <span class='ocrx_word' id='word_1_282' title='bbox 1735 3515 1774 3569; x_wconf 92' lang='lat' dir='ltr'>ii</span> <span class='ocrx_word' id='word_1_283' title='bbox 1807 3520 1865 3570; x_wconf 91' lang='lat' dir='ltr'>et</span> 
     </span>
    </p>
   </div>
   <div class='ocr_carea' id='block_1_50' title="bbox 216 3596 1865 3673">
    <p class='ocr_par' dir='ltr' id='par_1_50' title="bbox 216 3596 1865 3673">
     <span class='ocr_line' id='line_1_50' title="bbox 216 3596 1865 3673; baseline 0.007 -25"><span class='ocrx_word' id='word_1_284' title='bbox 216 3614 323 3668; x_wconf 78' lang='lat' dir='ltr'>per</span> <span class='ocrx_word' id='word_1_285' title='bbox 370 3596 671 3651; x_wconf 81' lang='lat' dir='ltr'>scientiam</span> <span class='ocrx_word' id='word_1_286' title='bbox 724 3596 822 3651; x_wconf 91' lang='lat' dir='ltr'>Dei</span> <span class='ocrx_word' id='word_1_287' title='bbox 870 3614 1027 3653; x_wconf 89' lang='lat' dir='ltr'>more</span> <span class='ocrx_word' id='word_1_288' title='bbox 1076 3598 1311 3654; x_wconf 86' lang='lat' dir='ltr'>Balaam</span> <span class='ocrx_word' id='word_1_289' title='bbox 1361 3608 1591 3673; x_wconf 83' lang='lat' dir='ltr'>apertos</span> <span class='ocrx_word' id='word_1_290' title='bbox 1649 3603 1865 3659; x_wconf 85' lang='lat' dir='ltr'>habent</span> 
     </span>
    </p>
   </div>
   <div class='ocr_carea' id='block_1_51' title="bbox 213 3685 1865 3765">
    <p class='ocr_par' dir='ltr' id='par_1_51' title="bbox 213 3685 1865 3765">
     <span class='ocr_line' id='line_1_51' title="bbox 213 3685 1865 3765; baseline 0.004 -24"><span class='ocrx_word' id='word_1_291' title='bbox 213 3685 419 3741; x_wconf 87' lang='lat' dir='ltr'>oculos</span> <span class='ocrx_word' id='word_1_292' title='bbox 451 3702 464 3739; x_wconf 90' lang='lat'>:</span> <span class='ocrx_word' id='word_1_293' title='bbox 501 3685 716 3739; x_wconf 89' lang='lat' dir='ltr'>cadunt</span> <span class='ocrx_word' id='word_1_294' title='bbox 744 3689 963 3751; x_wconf 85' lang='lat' dir='ltr'>tamen,</span> <span class='ocrx_word' id='word_1_295' title='bbox 997 3688 1135 3758; x_wconf 81' lang='lat' dir='ltr'>quia</span> <span class='ocrx_word' id='word_1_296' title='bbox 1162 3689 1430 3744; x_wconf 68' lang='lat' dir='ltr'>obcaecati</span> <span class='ocrx_word' id='word_1_297' title='bbox 1466 3691 1652 3746; x_wconf 87' lang='lat' dir='ltr'>instar</span> <span class='ocrx_word' id='word_1_298' title='bbox 1680 3693 1865 3765; x_wconf 89' lang='lat' dir='ltr'>ipsius</span> 
     </span>
    </p>
   </div>
   <div class='ocr_carea' id='block_1_52' title="bbox 214 3774 1865 3851">
    <p class='ocr_par' dir='ltr' id='par_1_52' title="bbox 214 3774 1865 3851">
     <span class='ocr_line' id='line_1_52' title="bbox 214 3774 1865 3851; baseline 0.004 -20"><span class='ocrx_word' id='word_1_299' title='bbox 214 3774 480 3841; x_wconf 86' lang='lat' dir='ltr'>avaritia,</span> <span class='ocrx_word' id='word_1_300' title='bbox 514 3791 628 3846; x_wconf 87' lang='lat' dir='ltr'>quo</span> <span class='ocrx_word' id='word_1_301' title='bbox 659 3791 928 3846; x_wconf 84' lang='lat' dir='ltr'>gressum</span> <span class='ocrx_word' id='word_1_302' title='bbox 956 3776 1188 3832; x_wconf 82' lang='lat' dir='ltr'>tendere</span> <span class='ocrx_word' id='word_1_303' title='bbox 1219 3779 1443 3849; x_wconf 89' lang='lat' dir='ltr'>possint</span> <span class='ocrx_word' id='word_1_304' title='bbox 1473 3781 1716 3851; x_wconf 78' lang='lat' dir='ltr'>justitiae</span> <span class='ocrx_word' id='word_1_305' title='bbox 1751 3800 1865 3837; x_wconf 91' lang='lat' dir='ltr'>non</span> 
     </span>
    </p>
   </div>
   <div class='ocr_carea' id='block_1_53' title="bbox 214 3863 1866 3939">
    <p class='ocr_par' dir='ltr' id='par_1_53' title="bbox 214 3863 1866 3939">
     <span class='ocr_line' id='line_1_53' title="bbox 214 3863 1866 3939; baseline 0.004 -19"><span class='ocrx_word' id='word_1_306' title='bbox 214 3863 516 3935; x_wconf 88' lang='lat' dir='ltr'>aspiciunt</span> <span class='ocrx_word' id='word_1_307' title='bbox 547 3880 557 3917; x_wconf 93' lang='lat'>:</span> <span class='ocrx_word' id='word_1_308' title='bbox 584 3864 683 3918; x_wconf 87' lang='lat' dir='ltr'>sed</span> <span class='ocrx_word' id='word_1_309' title='bbox 717 3880 819 3935; x_wconf 90' lang='lat' dir='ltr'>per</span> <span class='ocrx_word' id='word_1_310' title='bbox 848 3864 1095 3936; x_wconf 86' lang='lat' dir='ltr'>abrupta</span> <span class='ocrx_word' id='word_1_311' title='bbox 1126 3870 1183 3920; x_wconf 89' lang='lat' dir='ltr'>et</span> <span class='ocrx_word' id='word_1_312' title='bbox 1213 3867 1337 3921; x_wconf 88' lang='lat' dir='ltr'>avia</span> <span class='ocrx_word' id='word_1_313' title='bbox 1366 3868 1866 3939; x_wconf 88' lang='lat' dir='ltr'>inccdentes,dum</span> 
     </span>
    </p>
   </div>
   <div class='ocr_carea' id='block_1_54' title="bbox 1964 2612 3609 2691">
    <p class='ocr_par' dir='ltr' id='par_1_54' title="bbox 1964 2612 3609 2691">
     <span class='ocr_line' id='line_1_54' title="bbox 1964 2612 3609 2691; baseline 0.007 -26"><span class='ocrx_word' id='word_1_314' title='bbox 1964 2612 2280 2666; x_wconf 88' lang='lat' dir='ltr'>discrimen</span> <span class='ocrx_word' id='word_1_315' title='bbox 2334 2615 2567 2669; x_wconf 89' lang='lat' dir='ltr'>credere</span> <span class='ocrx_word' id='word_1_316' title='bbox 2626 2615 2827 2685; x_wconf 90' lang='lat' dir='ltr'>procul</span> <span class='ocrx_word' id='word_1_317' title='bbox 2881 2617 3058 2673; x_wconf 90' lang='lat' dir='ltr'>dubio</span> <span class='ocrx_word' id='word_1_318' title='bbox 3110 2636 3223 2673; x_wconf 88' lang='lat' dir='ltr'>non</span> <span class='ocrx_word' id='word_1_319' title='bbox 3272 2636 3609 2691; x_wconf 88' lang='lat' dir='ltr'>possumus,</span> 
     </span>
    </p>
   </div>
   <div class='ocr_carea' id='block_1_55' title="bbox 1963 2701 3612 2777">
    <p class='ocr_par' dir='ltr' id='par_1_55' title="bbox 1963 2701 3612 2777">
     <span class='ocr_line' id='line_1_55' title="bbox 1963 2701 3612 2777; baseline 0.006 -23"><span class='ocrx_word' id='word_1_320' title='bbox 1963 2701 2230 2771; x_wconf 85' lang='lat' dir='ltr'>quamvis</span> <span class='ocrx_word' id='word_1_321' title='bbox 2263 2717 2366 2755; x_wconf 90' lang='lat' dir='ltr'>nec</span> <span class='ocrx_word' id='word_1_322' title='bbox 2397 2719 2585 2773; x_wconf 89' lang='lat' dir='ltr'>usque</span> <span class='ocrx_word' id='word_1_323' title='bbox 2613 2704 2805 2759; x_wconf 88' lang='lat' dir='ltr'>adhuc</span> <span class='ocrx_word' id='word_1_324' title='bbox 2837 2705 2936 2777; x_wconf 90' lang='lat' dir='ltr'>qui</span> <span class='ocrx_word' id='word_1_325' title='bbox 2968 2706 3185 2761; x_wconf 86' lang='lat' dir='ltr'>fuerint</span> <span class='ocrx_word' id='word_1_326' title='bbox 3214 2706 3299 2761; x_wconf 89' lang='lat' dir='ltr'>illi</span> <span class='ocrx_word' id='word_1_327' title='bbox 3338 2724 3612 2764; x_wconf 78' lang='lat' dir='ltr'>excessus</span> 
     </span>
    </p>
   </div>
   <div class='ocr_carea' id='block_1_56' title="bbox 1964 2788 3609 2864">
    <p class='ocr_par' dir='ltr' id='par_1_56' title="bbox 1964 2788 3609 2864">
     <span class='ocr_line' id='line_1_56' title="bbox 1964 2788 3609 2864; baseline 0.005 -22"><span class='ocrx_word' id='word_1_328' title='bbox 1964 2788 2246 2855; x_wconf 83' lang='lat' dir='ltr'>dixeritis,</span> <span class='ocrx_word' id='word_1_329' title='bbox 2265 2806 2368 2845; x_wconf 88' lang='lat' dir='ltr'>nec</span> <span class='ocrx_word' id='word_1_330' title='bbox 2399 2795 2595 2845; x_wconf 86' lang='lat' dir='ltr'>utrum</span> <span class='ocrx_word' id='word_1_331' title='bbox 2628 2809 2771 2847; x_wconf 89' lang='lat' dir='ltr'>sana</span> <span class='ocrx_word' id='word_1_332' title='bbox 2800 2798 2923 2848; x_wconf 89' lang='lat' dir='ltr'>erat</span> <span class='ocrx_word' id='word_1_333' title='bbox 2955 2799 3145 2851; x_wconf 91' lang='lat' dir='ltr'>mente</span> <span class='ocrx_word' id='word_1_334' title='bbox 3169 2795 3321 2851; x_wconf 90' lang='lat' dir='ltr'>idem</span> <span class='ocrx_word' id='word_1_335' title='bbox 3344 2796 3609 2864; x_wconf 88' lang='lat' dir='ltr'>antistes,</span> 
     </span>
    </p>
   </div>
   <div class='ocr_carea' id='block_1_57' title="bbox 1966 2878 3615 2956">
    <p class='ocr_par' dir='ltr' id='par_1_57' title="bbox 1966 2878 3615 2956">
     <span class='ocr_line' id='line_1_57' title="bbox 1966 2878 3615 2956; baseline 0.007 -26"><span class='ocrx_word' id='word_1_336' title='bbox 1966 2894 2166 2943; x_wconf 80' lang='lat' dir='ltr'>necne,</span> <span class='ocrx_word' id='word_1_337' title='bbox 2200 2895 2333 2933; x_wconf 89' lang='lat' dir='ltr'>cum</span> <span class='ocrx_word' id='word_1_338' title='bbox 2366 2878 2524 2947; x_wconf 90' lang='lat' dir='ltr'>ipsos</span> <span class='ocrx_word' id='word_1_339' title='bbox 2573 2897 2846 2937; x_wconf 76' lang='lat' dir='ltr'>exceSSLs</span> <span class='ocrx_word' id='word_1_340' title='bbox 2893 2885 3264 2956; x_wconf 86' lang='lat' dir='ltr'>perpetrabat</span> <span class='ocrx_word' id='word_1_341' title='bbox 3320 2886 3615 2941; x_wconf 88' lang='lat' dir='ltr'>evidenter</span> 
     </span>
    </p>
   </div>
   <div class='ocr_carea' id='block_1_58' title="bbox 1967 2966 3613 3045">
    <p class='ocr_par' dir='ltr' id='par_1_58' title="bbox 1967 2966 3613 3045">
     <span class='ocr_line' id='line_1_58' title="bbox 1967 2966 3613 3045; baseline 0.004 -24"><span class='ocrx_word' id='word_1_342' title='bbox 1967 2966 2338 3021; x_wconf 88' lang='lat' dir='ltr'>ostenderitis</span> <span class='ocrx_word' id='word_1_343' title='bbox 2363 2984 2375 3020; x_wconf 86' lang='lat'><strong>:</strong></span> <span class='ocrx_word' id='word_1_344' title='bbox 2410 2968 2711 3041; x_wconf 87' lang='lat' dir='ltr'>satiusque</span> <span class='ocrx_word' id='word_1_345' title='bbox 2742 2971 3446 3045; x_wconf 87' lang='lat' dir='ltr'>arbitramur,quamlibet</span> <span class='ocrx_word' id='word_1_346' title='bbox 3466 2974 3613 3028; x_wconf 89' lang='lat' dir='ltr'>inte-</span> 
     </span>
    </p>
   </div>
   <div class='ocr_carea' id='block_1_59' title="bbox 1968 3055 3615 3134">
    <p class='ocr_par' dir='ltr' id='par_1_59' title="bbox 1968 3055 3615 3134">
     <span class='ocr_line' id='line_1_59' title="bbox 1968 3055 3615 3134; baseline 0.005 -25"><span class='ocrx_word' id='word_1_347' title='bbox 1968 3055 2077 3110; x_wconf 90' lang='lat' dir='ltr'>rim</span> <span class='ocrx_word' id='word_1_348' title='bbox 2101 3056 2502 3110; x_wconf 76' lang='lat' dir='ltr'>inﬁrmitatem</span> <span class='ocrx_word' id='word_1_349' title='bbox 2532 3058 2603 3112; x_wconf 89' lang='lat' dir='ltr'>ad</span> <span class='ocrx_word' id='word_1_350' title='bbox 2628 3075 2859 3129; x_wconf 73' lang='lat' dir='ltr'>prenam</span> <span class='ocrx_word' id='word_1_351' title='bbox 2882 3061 3307 3133; x_wconf 88' lang='lat' dir='ltr'>peccati,quam</span> <span class='ocrx_word' id='word_1_352' title='bbox 3328 3062 3399 3116; x_wconf 91' lang='lat' dir='ltr'>ad</span> <span class='ocrx_word' id='word_1_353' title='bbox 3421 3062 3615 3134; x_wconf 89' lang='lat' dir='ltr'>ipsum</span> 
     </span>
    </p>
   </div>
   <div class='ocr_carea' id='block_1_60' title="bbox 1969 3144 3619 3223">
    <p class='ocr_par' dir='ltr' id='par_1_60' title="bbox 1969 3144 3619 3223">
     <span class='ocr_line' id='line_1_60' title="bbox 1969 3144 3619 3223; baseline 0.004 -24"><span class='ocrx_word' id='word_1_354' title='bbox 1969 3144 2255 3217; x_wconf 81' lang='lat' dir='ltr'>pertinere</span> <span class='ocrx_word' id='word_1_355' title='bbox 2288 3147 2713 3216; x_wconf 83' lang='lat' dir='ltr'>peccatum,cui</span> <span class='ocrx_word' id='word_1_356' title='bbox 2745 3149 2933 3223; x_wconf 81' lang='lat' dir='ltr'>magis</span> <span class='ocrx_word' id='word_1_357' title='bbox 2965 3148 3388 3205; x_wconf 86' lang='lat' dir='ltr'>consulendum</span> <span class='ocrx_word' id='word_1_358' title='bbox 3431 3152 3528 3217; x_wconf 90' lang='lat' dir='ltr'>sit,</span> <span class='ocrx_word' id='word_1_359' title='bbox 3562 3155 3619 3206; x_wconf 87' lang='lat' dir='ltr'>et</span> 
     </span>
    </p>
   </div>
   <div class='ocr_carea' id='block_1_61' title="bbox 1971 3234 3617 3311">
    <p class='ocr_par' dir='ltr' id='par_1_61' title="bbox 1971 3234 3617 3311">
     <span class='ocr_line' id='line_1_61' title="bbox 1971 3234 3617 3311; baseline 0.004 -24"><span class='ocrx_word' id='word_1_360' title='bbox 1971 3234 2468 3304; x_wconf 87' lang='lat' dir='ltr'>compatiendum,</span> <span class='ocrx_word' id='word_1_361' title='bbox 2502 3253 2678 3307; x_wconf 89' lang='lat' dir='ltr'>quam</span> <span class='ocrx_word' id='word_1_362' title='bbox 2710 3237 3092 3308; x_wconf 89' lang='lat' dir='ltr'>puniendum,</span> <span class='ocrx_word' id='word_1_363' title='bbox 3117 3238 3204 3293; x_wconf 87' lang='lat' dir='ltr'>vel</span> <span class='ocrx_word' id='word_1_364' title='bbox 3227 3237 3421 3311; x_wconf 88' lang='lat' dir='ltr'>aliquo</span> <span class='ocrx_word' id='word_1_365' title='bbox 3445 3240 3617 3295; x_wconf 91' lang='lat' dir='ltr'>modo</span> 
     </span>
    </p>
   </div>
   <div class='ocr_carea' id='block_1_62' title="bbox 1972 3323 3619 3397">
    <p class='ocr_par' dir='ltr' id='par_1_62' title="bbox 1972 3323 3619 3397">
     <span class='ocr_line' id='line_1_62' title="bbox 1972 3323 3619 3397; baseline 0.004 -21"><span class='ocrx_word' id='word_1_366' title='bbox 1972 3323 2667 3379; x_wconf 85' lang='lat' dir='ltr'>feriendum.Admonitio</span> <span class='ocrx_word' id='word_1_367' title='bbox 2701 3331 2999 3397; x_wconf 68' lang='lat' dir='ltr'>praeterea,</span> <span class='ocrx_word' id='word_1_368' title='bbox 3030 3327 3117 3382; x_wconf 90' lang='lat' dir='ltr'>vel</span> <span class='ocrx_word' id='word_1_369' title='bbox 3150 3328 3450 3384; x_wconf 86' lang='lat' dir='ltr'>conventio</span> <span class='ocrx_word' id='word_1_370' title='bbox 3481 3329 3619 3383; x_wconf 87' lang='lat' dir='ltr'>bea-</span> 
     </span>
    </p>
   </div>
   <div class='ocr_carea' id='block_1_63' title="bbox 1972 3411 3616 3489">
    <p class='ocr_par' dir='ltr' id='par_1_63' title="bbox 1972 3411 3616 3489">
     <span class='ocr_line' id='line_1_63' title="bbox 1972 3411 3616 3489; baseline 0.004 -23"><span class='ocrx_word' id='word_1_371' title='bbox 1972 3411 2241 3468; x_wconf 89' lang='lat' dir='ltr'>titudinis</span> <span class='ocrx_word' id='word_1_372' title='bbox 2297 3416 2519 3479; x_wconf 72' lang='lat' dir='ltr'>vestrae,</span> <span class='ocrx_word' id='word_1_373' title='bbox 2555 3430 2732 3484; x_wconf 87' lang='lat' dir='ltr'>quam</span> <span class='ocrx_word' id='word_1_374' title='bbox 2765 3414 2815 3470; x_wconf 91' lang='lat' dir='ltr'>ei</span> <span class='ocrx_word' id='word_1_375' title='bbox 2868 3415 3074 3471; x_wconf 85' lang='lat' dir='ltr'>fecisse</span> <span class='ocrx_word' id='word_1_376' title='bbox 3126 3433 3224 3472; x_wconf 92' lang='lat' dir='ltr'>vos</span> <span class='ocrx_word' id='word_1_377' title='bbox 3278 3417 3616 3489; x_wconf 88' lang='lat' dir='ltr'>perhibetis,</span> 
     </span>
    </p>
   </div>
   <div class='ocr_carea' id='block_1_64' title="bbox 1972 3499 3620 3574">
    <p class='ocr_par' dir='ltr' id='par_1_64' title="bbox 1972 3499 3620 3574">
     <span class='ocr_line' id='line_1_64' title="bbox 1972 3499 3620 3574; baseline 0.004 -20"><span class='ocrx_word' id='word_1_378' title='bbox 1972 3499 2138 3555; x_wconf 89' lang='lat' dir='ltr'>valde</span> <span class='ocrx_word' id='word_1_379' title='bbox 2171 3500 2358 3572; x_wconf 86' lang='lat' dir='ltr'>placet</span> <span class='ocrx_word' id='word_1_380' title='bbox 2389 3518 2402 3556; x_wconf 87' lang='lat'>:</span> <span class='ocrx_word' id='word_1_381' title='bbox 2438 3501 2485 3556; x_wconf 91' lang='lat' dir='ltr'>si</span> <span class='ocrx_word' id='word_1_382' title='bbox 2514 3504 2708 3557; x_wconf 89' lang='lat' dir='ltr'>tamen</span> <span class='ocrx_word' id='word_1_383' title='bbox 2742 3520 2809 3558; x_wconf 85' lang='lat' dir='ltr'>ex</span> <span class='ocrx_word' id='word_1_384' title='bbox 2840 3503 3121 3559; x_wconf 87' lang='lat' dir='ltr'>charitate</span> <span class='ocrx_word' id='word_1_385' title='bbox 3164 3523 3279 3561; x_wconf 89' lang='lat' dir='ltr'>non</span> <span class='ocrx_word' id='word_1_386' title='bbox 3329 3506 3484 3574; x_wconf 80' lang='lat' dir='ltr'>ﬁcta,</span> <span class='ocrx_word' id='word_1_387' title='bbox 3519 3506 3620 3561; x_wconf 90' lang='lat' dir='ltr'>sed</span> 
     </span>
    </p>
   </div>
   <div class='ocr_carea' id='block_1_65' title="bbox 1974 3588 3623 3666">
    <p class='ocr_par' dir='ltr' id='par_1_65' title="bbox 1974 3588 3623 3666">
     <span class='ocr_line' id='line_1_65' title="bbox 1974 3588 3623 3666; baseline 0.004 -23"><span class='ocrx_word' id='word_1_388' title='bbox 1974 3605 2041 3643; x_wconf 80' lang='lat' dir='ltr'>ex</span> <span class='ocrx_word' id='word_1_389' title='bbox 2073 3588 2324 3661; x_wconf 89' lang='lat' dir='ltr'>simplici</span> <span class='ocrx_word' id='word_1_390' title='bbox 2360 3591 2571 3646; x_wconf 87' lang='lat' dir='ltr'>mentis</span> <span class='ocrx_word' id='word_1_391' title='bbox 2601 3592 2767 3646; x_wconf 90' lang='lat' dir='ltr'>oculo</span> <span class='ocrx_word' id='word_1_392' title='bbox 2800 3592 3013 3664; x_wconf 86' lang='lat' dir='ltr'>prodiit</span> <span class='ocrx_word' id='word_1_393' title='bbox 3053 3593 3108 3648; x_wconf 91' lang='lat' dir='ltr'>id</span> <span class='ocrx_word' id='word_1_394' title='bbox 3159 3595 3313 3666; x_wconf 90' lang='lat' dir='ltr'>quod</span> <span class='ocrx_word' id='word_1_395' title='bbox 3363 3612 3537 3649; x_wconf 88' lang='lat' dir='ltr'>suave</span> <span class='ocrx_word' id='word_1_396' title='bbox 3567 3598 3623 3649; x_wconf 86' lang='lat' dir='ltr'>et</span> 
     </span>
    </p>
   </div>
   <div class='ocr_carea' id='block_1_66' title="bbox 1976 3677 3623 3739">
    <p class='ocr_par' dir='ltr' id='par_1_66' title="bbox 1976 3677 3623 3739">
     <span class='ocr_line' id='line_1_66' title="bbox 1976 3677 3623 3739; baseline 0.004 -7"><span class='ocrx_word' id='word_1_397' title='bbox 1976 3677 2144 3733; x_wconf 88' lang='lat' dir='ltr'>dulce</span> <span class='ocrx_word' id='word_1_398' title='bbox 2176 3678 2233 3732; x_wconf 89' lang='lat' dir='ltr'>in</span> <span class='ocrx_word' id='word_1_399' title='bbox 2267 3681 2508 3734; x_wconf 88' lang='lat' dir='ltr'>auribus</span> <span class='ocrx_word' id='word_1_400' title='bbox 2540 3682 2755 3736; x_wconf 89' lang='lat' dir='ltr'>nostris</span> <span class='ocrx_word' id='word_1_401' title='bbox 2787 3682 2983 3737; x_wconf 88' lang='lat' dir='ltr'>sonuit</span> <span class='ocrx_word' id='word_1_402' title='bbox 3009 3700 3021 3737; x_wconf 95' lang='lat'>:</span> <span class='ocrx_word' id='word_1_403' title='bbox 3046 3682 3132 3737; x_wconf 88' lang='lat' dir='ltr'>vel</span> <span class='ocrx_word' id='word_1_404' title='bbox 3157 3683 3205 3737; x_wconf 90' lang='lat' dir='ltr'>si</span> <span class='ocrx_word' id='word_1_405' title='bbox 3237 3701 3428 3739; x_wconf 87' lang='lat' dir='ltr'>coram</span> <span class='ocrx_word' id='word_1_406' title='bbox 3462 3701 3623 3739; x_wconf 81' lang='lat' dir='ltr'>sum—</span> 
     </span>
    </p>
   </div>
   <div class='ocr_carea' id='block_1_67' title="bbox 1978 3767 3624 3843">
    <p class='ocr_par' dir='ltr' id='par_1_67' title="bbox 1978 3767 3624 3843">
     <span class='ocr_line' id='line_1_67' title="bbox 1978 3767 3624 3843; baseline 0.005 -24"><span class='ocrx_word' id='word_1_407' title='bbox 1978 3767 2059 3820; x_wconf 90' lang='lat' dir='ltr'>mi</span> <span class='ocrx_word' id='word_1_408' title='bbox 2090 3767 2293 3821; x_wconf 88' lang='lat' dir='ltr'>arbitri</span> <span class='ocrx_word' id='word_1_409' title='bbox 2326 3767 2510 3823; x_wconf 87' lang='lat' dir='ltr'>oculis</span> <span class='ocrx_word' id='word_1_410' title='bbox 2544 3770 2625 3824; x_wconf 89' lang='lat' dir='ltr'>ita</span> <span class='ocrx_word' id='word_1_411' title='bbox 2667 3769 2905 3841; x_wconf 89' lang='lat' dir='ltr'>placuit,</span> <span class='ocrx_word' id='word_1_412' title='bbox 2942 3772 3443 3843; x_wconf 86' lang='lat' dir='ltr'>quemadmodum</span> <span class='ocrx_word' id='word_1_413' title='bbox 3491 3776 3624 3828; x_wconf 89' lang='lat' dir='ltr'>ante</span> 
     </span>
    </p>
   </div>
   <div class='ocr_carea' id='block_1_68' title="bbox 1979 3855 3627 3934">
    <p class='ocr_par' dir='ltr' id='par_1_68' title="bbox 1979 3855 3627 3934">
     <span class='ocr_line' id='line_1_68' title="bbox 1979 3855 3627 3934; baseline 0.005 -25"><span class='ocrx_word' id='word_1_414' title='bbox 1979 3855 2284 3910; x_wconf 90' lang='lat' dir='ltr'>hominum</span> <span class='ocrx_word' id='word_1_415' title='bbox 2316 3856 2495 3924; x_wconf 90' lang='lat' dir='ltr'>visus,</span> <span class='ocrx_word' id='word_1_416' title='bbox 2531 3859 2685 3929; x_wconf 88' lang='lat' dir='ltr'>quod</span> <span class='ocrx_word' id='word_1_417' title='bbox 2717 3858 2944 3929; x_wconf 86' lang='lat' dir='ltr'>placere</span> <span class='ocrx_word' id='word_1_418' title='bbox 2972 3861 3049 3914; x_wconf 90' lang='lat' dir='ltr'>sit</span> <span class='ocrx_word' id='word_1_419' title='bbox 3088 3862 3230 3916; x_wconf 88' lang='lat' dir='ltr'>satis</span> <span class='ocrx_word' id='word_1_420' title='bbox 3279 3862 3627 3934; x_wconf 89' lang='lat' dir='ltr'>abundeque</span> 
     </span>
    </p>
   </div>
   <div class='ocr_carea' id='block_1_69' title="bbox 216 3937 3627 4029">
    <p class='ocr_par' dir='ltr' id='par_1_69' title="bbox 216 3937 3627 4029">
     <span class='ocr_line' id='line_1_69' title="bbox 216 3937 3627 4029; baseline 0 -25"><span class='ocrx_word' id='word_1_421' title='bbox 216 3957 398 4024; x_wconf 80' lang='lat' dir='ltr'>caput</span> <span class='ocrx_word' id='word_1_422' title='bbox 428 3951 591 4023; x_wconf 81' lang='lat' dir='ltr'>sequi</span> <span class='ocrx_word' id='word_1_423' title='bbox 620 3953 937 4025; x_wconf 75' lang='lat' dir='ltr'>refugiunt,</span> <span class='ocrx_word' id='word_1_424' title='bbox 970 3952 1029 4008; x_wconf 92' lang='lat' dir='ltr'>in</span> <span class='ocrx_word' id='word_1_425' title='bbox 1064 3961 1228 4011; x_wconf 84' lang='lat' dir='ltr'>vasta</span> <span class='ocrx_word' id='word_1_426' title='bbox 1278 3958 1597 4029; x_wconf 74' lang='lat' dir='ltr'>praecipitia</span> <span class='ocrx_word' id='word_1_427' title='bbox 1643 3960 1868 4014; x_wconf 86' lang='lat' dir='ltr'>demer-</span> <span class='ocrx_word' id='word_1_428' title='bbox 1902 3937 1943 4003; x_wconf 92' lang='lat' dir='ltr'>C</span> <span class='ocrx_word' id='word_1_429' title='bbox 1983 3944 2653 4017; x_wconf 86' lang='lat' dir='ltr'>conspicitur.0ptamus</span> <span class='ocrx_word' id='word_1_430' title='bbox 2683 3949 3055 4003; x_wconf 86' lang='lat' dir='ltr'>sanctitatem</span> <span class='ocrx_word' id='word_1_431' title='bbox 3088 3955 3339 4004; x_wconf 83' lang='lat' dir='ltr'>vestram</span> <span class='ocrx_word' id='word_1_432' title='bbox 3370 3950 3425 4004; x_wconf 90' lang='lat' dir='ltr'>in</span> <span class='ocrx_word' id='word_1_433' title='bbox 3462 3950 3627 4006; x_wconf 81' lang='lat' dir='ltr'>Chri-</span> 
     </span>
    </p>
   </div>
   <div class='ocr_carea' id='block_1_70' title="bbox 218 4041 1867 4116">
    <p class='ocr_par' dir='ltr' id='par_1_70' title="bbox 218 4041 1867 4116">
     <span class='ocr_line' id='line_1_70' title="bbox 218 4041 1867 4116; baseline 0.005 -22"><span class='ocrx_word' id='word_1_434' title='bbox 218 4045 462 4113; x_wconf 76' lang='lat' dir='ltr'>guntur.</span> <span class='ocrx_word' id='word_1_435' title='bbox 496 4041 612 4095; x_wconf 84' lang='lat' dir='ltr'>Vos</span> <span class='ocrx_word' id='word_1_436' title='bbox 642 4046 858 4109; x_wconf 80' lang='lat' dir='ltr'>autem,</span> <span class='ocrx_word' id='word_1_437' title='bbox 892 4042 1096 4097; x_wconf 84' lang='lat' dir='ltr'>fratres</span> <span class='ocrx_word' id='word_1_438' title='bbox 1122 4043 1479 4111; x_wconf 88' lang='lat' dir='ltr'>charissimi,</span> <span class='ocrx_word' id='word_1_439' title='bbox 1515 4047 1615 4116; x_wconf 88' lang='lat' dir='ltr'>qui</span> <span class='ocrx_word' id='word_1_440' title='bbox 1665 4052 1867 4102; x_wconf 90' lang='lat' dir='ltr'>sancto</span> 
     </span>
    </p>
   </div>
   <div class='ocr_carea' id='block_1_71' title="bbox 222 4130 1870 4205">
    <p class='ocr_par' dir='ltr' id='par_1_71' title="bbox 222 4130 1870 4205">
     <span class='ocr_line' id='line_1_71' title="bbox 222 4130 1870 4205; baseline 0.002 -19"><span class='ocrx_word' id='word_1_441' title='bbox 222 4131 428 4201; x_wconf 86' lang='lat' dir='ltr'>utique</span> <span class='ocrx_word' id='word_1_442' title='bbox 458 4130 678 4203; x_wconf 88' lang='lat' dir='ltr'>Spiritu</span> <span class='ocrx_word' id='word_1_443' title='bbox 710 4130 1017 4200; x_wconf 89' lang='lat' dir='ltr'>revelante,</span> <span class='ocrx_word' id='word_1_444' title='bbox 1053 4133 1381 4205; x_wconf 68' lang='lat' dir='ltr'>apostolicae</span> <span class='ocrx_word' id='word_1_445' title='bbox 1433 4134 1589 4190; x_wconf 85' lang='lat' dir='ltr'>sedis</span> <span class='ocrx_word' id='word_1_446' title='bbox 1619 4135 1870 4191; x_wconf 89' lang='lat' dir='ltr'>auctori-</span> 
     </span>
    </p>
   </div>
   <div class='ocr_carea' id='block_1_72' title="bbox 222 4222 1870 4297">
    <p class='ocr_par' dir='ltr' id='par_1_72' title="bbox 222 4222 1870 4297">
     <span class='ocr_line' id='line_1_72' title="bbox 222 4222 1870 4297; baseline 0.002 -21"><span class='ocrx_word' id='word_1_447' title='bbox 222 4225 409 4276; x_wconf 88' lang='lat' dir='ltr'>tatem</span> <span class='ocrx_word' id='word_1_448' title='bbox 443 4237 618 4276; x_wconf 85' lang='lat' dir='ltr'>sensu</span> <span class='ocrx_word' id='word_1_449' title='bbox 650 4224 947 4293; x_wconf 88' lang='lat' dir='ltr'>capere,et</span> <span class='ocrx_word' id='word_1_450' title='bbox 968 4223 1039 4277; x_wconf 89' lang='lat' dir='ltr'>ad</span> <span class='ocrx_word' id='word_1_451' title='bbox 1064 4222 1444 4294; x_wconf 87' lang='lat' dir='ltr'>splendorum</span> <span class='ocrx_word' id='word_1_452' title='bbox 1480 4224 1720 4280; x_wconf 89' lang='lat' dir='ltr'>luminis</span> <span class='ocrx_word' id='word_1_453' title='bbox 1742 4225 1870 4297; x_wconf 74' lang='lat' dir='ltr'>eius</span> 
     </span>
    </p>
   </div>
   <div class='ocr_carea' id='block_1_73' title="bbox 215 4309 1873 4386">
    <p class='ocr_par' dir='ltr' id='par_1_73' title="bbox 215 4309 1873 4386">
     <span class='ocr_line' id='line_1_73' title="bbox 215 4309 1873 4386; baseline 0.004 -23"><span class='ocrx_word' id='word_1_454' title='bbox 215 4313 345 4382; x_wconf 83' lang='lat' dir='ltr'>jam</span> <span class='ocrx_word' id='word_1_455' title='bbox 381 4309 647 4365; x_wconf 89' lang='lat' dir='ltr'>incedere</span> <span class='ocrx_word' id='word_1_456' title='bbox 666 4309 1041 4366; x_wconf 84' lang='lat' dir='ltr'>laudabiliter</span> <span class='ocrx_word' id='word_1_457' title='bbox 1060 4311 1542 4381; x_wconf 87' lang='lat' dir='ltr'>inchoastis,cum</span> <span class='ocrx_word' id='word_1_458' title='bbox 1566 4313 1667 4369; x_wconf 90' lang='lat' dir='ltr'>illa</span> <span class='ocrx_word' id='word_1_459' title='bbox 1687 4332 1873 4386; x_wconf 87' lang='lat' dir='ltr'>usque</span> 
     </span>
    </p>
   </div>
   <div class='ocr_carea' id='block_1_74' title="bbox 224 4398 1871 4472">
    <p class='ocr_par' dir='ltr' id='par_1_74' title="bbox 224 4398 1871 4472">
     <span class='ocr_line' id='line_1_74' title="bbox 224 4398 1871 4472; baseline 0.003 -18"><span class='ocrx_word' id='word_1_460' title='bbox 224 4400 285 4454; x_wconf 91' lang='lat' dir='ltr'>in</span> <span class='ocrx_word' id='word_1_461' title='bbox 320 4399 497 4453; x_wconf 74' lang='lat' dir='ltr'>finem</span> <span class='ocrx_word' id='word_1_462' title='bbox 533 4415 894 4470; x_wconf 89' lang='lat' dir='ltr'>sapere,cum</span> <span class='ocrx_word' id='word_1_463' title='bbox 922 4398 1021 4455; x_wconf 89' lang='lat' dir='ltr'>illa</span> <span class='ocrx_word' id='word_1_464' title='bbox 1042 4417 1271 4472; x_wconf 86' lang='lat' dir='ltr'>semper</span> <span class='ocrx_word' id='word_1_465' title='bbox 1292 4402 1592 4458; x_wconf 88' lang='lat' dir='ltr'>ambulare</span> <span class='ocrx_word' id='word_1_466' title='bbox 1624 4405 1871 4471; x_wconf 87' lang='lat' dir='ltr'>studete,</span> 
     </span>
    </p>
   </div>
   <div class='ocr_carea' id='block_1_75' title="bbox 226 4486 1877 4565">
    <p class='ocr_par' dir='ltr' id='par_1_75' title="bbox 226 4486 1877 4565">
     <span class='ocr_line' id='line_1_75' title="bbox 226 4486 1877 4565; baseline 0.002 -23"><span class='ocrx_word' id='word_1_467' title='bbox 226 4489 301 4542; x_wconf 88' lang='lat' dir='ltr'>ab</span> <span class='ocrx_word' id='word_1_468' title='bbox 334 4486 436 4542; x_wconf 86' lang='lat' dir='ltr'>illa</span> <span class='ocrx_word' id='word_1_469' title='bbox 466 4487 693 4543; x_wconf 89' lang='lat' dir='ltr'>deviare</span> <span class='ocrx_word' id='word_1_470' title='bbox 735 4488 897 4543; x_wconf 84' lang='lat' dir='ltr'>nefas</span> <span class='ocrx_word' id='word_1_471' title='bbox 939 4488 1200 4559; x_wconf 84' lang='lat' dir='ltr'>judicate</span> <span class='ocrx_word' id='word_1_472' title='bbox 1249 4491 1320 4545; x_wconf 86' lang='lat' dir='ltr'>ab</span> <span class='ocrx_word' id='word_1_473' title='bbox 1369 4492 1497 4561; x_wconf 90' lang='lat' dir='ltr'>ejus</span> <span class='ocrx_word' id='word_1_474' title='bbox 1547 4492 1877 4565; x_wconf 89' lang='lat' dir='ltr'>discrepare</span> 
     </span>
    </p>
   </div>
   <div class='ocr_carea' id='block_1_76' title="bbox 226 4576 1880 4649">
    <p class='ocr_par' dir='ltr' id='par_1_76' title="bbox 226 4576 1880 4649">
     <span class='ocr_line' id='line_1_76' title="bbox 226 4576 1880 4649; baseline 0.002 -17"><span class='ocrx_word' id='word_1_475' title='bbox 226 4592 407 4632; x_wconf 88' lang='lat' dir='ltr'>sensu</span> <span class='ocrx_word' id='word_1_476' title='bbox 442 4591 512 4631; x_wconf 92' lang='lat' dir='ltr'>ne</span> <span class='ocrx_word' id='word_1_477' title='bbox 542 4577 614 4632; x_wconf 89' lang='lat' dir='ltr'>ad</span> <span class='ocrx_word' id='word_1_478' title='bbox 648 4576 943 4632; x_wconf 90' lang='lat' dir='ltr'>modicum</span> <span class='ocrx_word' id='word_1_479' title='bbox 976 4578 1211 4649; x_wconf 90' lang='lat' dir='ltr'>quidem</span> <span class='ocrx_word' id='word_1_480' title='bbox 1246 4585 1610 4636; x_wconf 88' lang='lat' dir='ltr'>momentum</span> <span class='ocrx_word' id='word_1_481' title='bbox 1643 4599 1880 4637; x_wconf 84' lang='lat' dir='ltr'>consen-</span> 
     </span>
    </p>
   </div>
   <div class='ocr_carea' id='block_1_77' title="bbox 226 4665 1882 4742">
    <p class='ocr_par' dir='ltr' id='par_1_77' title="bbox 226 4665 1882 4742">
     <span class='ocr_line' id='line_1_77' title="bbox 226 4665 1882 4742; baseline 0.003 -22"><span class='ocrx_word' id='word_1_482' title='bbox 226 4666 411 4721; x_wconf 89' lang='lat' dir='ltr'>tiatis.</span> <span class='ocrx_word' id='word_1_483' title='bbox 450 4665 606 4728; x_wconf 88' lang='lat' dir='ltr'>Quos</span> <span class='ocrx_word' id='word_1_484' title='bbox 637 4665 736 4721; x_wconf 88' lang='lat' dir='ltr'>illa</span> <span class='ocrx_word' id='word_1_485' title='bbox 766 4665 969 4738; x_wconf 86' lang='lat' dir='ltr'>recipit</span> <span class='ocrx_word' id='word_1_486' title='bbox 997 4670 1053 4722; x_wconf 90' lang='lat' dir='ltr'>et</span> <span class='ocrx_word' id='word_1_487' title='bbox 1098 4684 1199 4722; x_wconf 89' lang='lat' dir='ltr'>vos</span> <span class='ocrx_word' id='word_1_488' title='bbox 1248 4685 1481 4741; x_wconf 90' lang='lat' dir='ltr'>quoque</span> <span class='ocrx_word' id='word_1_489' title='bbox 1532 4670 1789 4742; x_wconf 88' lang='lat' dir='ltr'>recipite,</span> <span class='ocrx_word' id='word_1_490' title='bbox 1825 4673 1882 4726; x_wconf 89' lang='lat' dir='ltr'>et</span> 
     </span>
    </p>
   </div>
   <div class='ocr_carea' id='block_1_78' title="bbox 228 4752 1877 4830">
    <p class='ocr_par' dir='ltr' id='par_1_78' title="bbox 228 4752 1877 4830">
     <span class='ocr_line' id='line_1_78' title="bbox 228 4752 1877 4830; baseline 0.003 -22"><span class='ocrx_word' id='word_1_491' title='bbox 228 4771 380 4826; x_wconf 88' lang='lat' dir='ltr'>quos</span> <span class='ocrx_word' id='word_1_492' title='bbox 414 4752 515 4808; x_wconf 89' lang='lat' dir='ltr'>illa</span> <span class='ocrx_word' id='word_1_493' title='bbox 545 4753 1026 4827; x_wconf 85' lang='lat' dir='ltr'>respuit,abigere</span> <span class='ocrx_word' id='word_1_494' title='bbox 1056 4754 1169 4827; x_wconf 91' lang='lat' dir='ltr'>ipsi</span> <span class='ocrx_word' id='word_1_495' title='bbox 1193 4756 1347 4811; x_wconf 88' lang='lat' dir='ltr'>sicut</span> <span class='ocrx_word' id='word_1_496' title='bbox 1368 4757 1478 4830; x_wconf 89' lang='lat' dir='ltr'>ipsi</span> <span class='ocrx_word' id='word_1_497' title='bbox 1504 4762 1877 4815; x_wconf 89' lang='lat' dir='ltr'>mementote.</span> 
     </span>
    </p>
   </div>
   <div class='ocr_carea' id='block_1_79' title="bbox 228 4841 1881 4919">
    <p class='ocr_par' dir='ltr' id='par_1_79' title="bbox 228 4841 1881 4919">
     <span class='ocr_line' id='line_1_79' title="bbox 228 4841 1881 4919; baseline 0.003 -22"><span class='ocrx_word' id='word_1_498' title='bbox 228 4844 356 4898; x_wconf 88' lang='lat' dir='ltr'>Non</span> <span class='ocrx_word' id='word_1_499' title='bbox 388 4843 544 4898; x_wconf 90' lang='lat' dir='ltr'>enim</span> <span class='ocrx_word' id='word_1_500' title='bbox 576 4841 678 4897; x_wconf 88' lang='lat' dir='ltr'>illa</span> <span class='ocrx_word' id='word_1_501' title='bbox 706 4843 929 4915; x_wconf 90' lang='lat' dir='ltr'>respuit</span> <span class='ocrx_word' id='word_1_502' title='bbox 960 4842 1072 4899; x_wconf 90' lang='lat' dir='ltr'>nisi</span> <span class='ocrx_word' id='word_1_503' title='bbox 1114 4846 1381 4902; x_wconf 87' lang='lat' dir='ltr'>membra</span> <span class='ocrx_word' id='word_1_504' title='bbox 1429 4864 1555 4919; x_wconf 67' lang='lat' dir='ltr'>qua:</span> <span class='ocrx_word' id='word_1_505' title='bbox 1605 4847 1714 4903; x_wconf 90' lang='lat' dir='ltr'>sibi</span> <span class='ocrx_word' id='word_1_506' title='bbox 1766 4865 1881 4903; x_wconf 91' lang='lat' dir='ltr'>non</span> 
     </span>
    </p>
   </div>
   <div class='ocr_carea' id='block_1_80' title="bbox 230 4933 1881 5007">
    <p class='ocr_par' dir='ltr' id='par_1_80' title="bbox 230 4933 1881 5007">
     <span class='ocr_line' id='line_1_80' title="bbox 230 4933 1881 5007; baseline 0.002 -20"><span class='ocrx_word' id='word_1_507' title='bbox 230 4933 475 4999; x_wconf 74' lang='lat' dir='ltr'>haerent,</span> <span class='ocrx_word' id='word_1_508' title='bbox 510 4948 616 4988; x_wconf 91' lang='lat' dir='ltr'>nec</span> <span class='ocrx_word' id='word_1_509' title='bbox 646 4950 679 4987; x_wconf 87' lang='lat' dir='ltr'>a</span> <span class='ocrx_word' id='word_1_510' title='bbox 709 4949 771 4987; x_wconf 89' lang='lat' dir='ltr'>se</span> <span class='ocrx_word' id='word_1_511' title='bbox 820 4933 1025 4988; x_wconf 87' lang='lat' dir='ltr'>recidit</span> <span class='ocrx_word' id='word_1_512' title='bbox 1072 4933 1185 4989; x_wconf 89' lang='lat' dir='ltr'>nisi</span> <span class='ocrx_word' id='word_1_513' title='bbox 1235 4952 1383 5007; x_wconf 92' lang='lat' dir='ltr'>quos</span> <span class='ocrx_word' id='word_1_514' title='bbox 1432 4936 1491 4991; x_wconf 90' lang='lat' dir='ltr'>in</span> <span class='ocrx_word' id='word_1_515' title='bbox 1538 4935 1881 4992; x_wconf 88' lang='lat' dir='ltr'>scandalum</span> 
     </span>
    </p>
   </div>
   <div class='ocr_carea' id='block_1_81' title="bbox 230 5021 1888 5096">
    <p class='ocr_par' dir='ltr' id='par_1_81' title="bbox 230 5021 1888 5096">
     <span class='ocr_line' id='line_1_81' title="bbox 230 5021 1888 5096; baseline 0.002 -19"><span class='ocrx_word' id='word_1_516' title='bbox 230 5021 440 5077; x_wconf 87' lang='lat' dir='ltr'>multis</span> <span class='ocrx_word' id='word_1_517' title='bbox 466 5021 685 5094; x_wconf 89' lang='lat' dir='ltr'>positos</span> <span class='ocrx_word' id='word_1_518' title='bbox 716 5023 1177 5095; x_wconf 88' lang='lat' dir='ltr'>comprehendit.</span> <span class='ocrx_word' id='word_1_519' title='bbox 1211 5025 1361 5093; x_wconf 89' lang='lat' dir='ltr'>Non,</span> <span class='ocrx_word' id='word_1_520' title='bbox 1391 5024 1655 5096; x_wconf 88' lang='lat' dir='ltr'>inquam,</span> <span class='ocrx_word' id='word_1_521' title='bbox 1683 5025 1888 5080; x_wconf 86' lang='lat' dir='ltr'>recidit</span> 
     </span>
    </p>
   </div>
   <div class='ocr_carea' id='block_1_82' title="bbox 227 5111 1886 5185">
    <p class='ocr_par' dir='ltr' id='par_1_82' title="bbox 227 5111 1886 5185">
     <span class='ocr_line' id='line_1_82' title="bbox 227 5111 1886 5185; baseline 0.002 -20"><span class='ocrx_word' id='word_1_522' title='bbox 227 5111 322 5166; x_wconf 90' lang='lat' dir='ltr'>vel</span> <span class='ocrx_word' id='word_1_523' title='bbox 354 5111 507 5166; x_wconf 91' lang='lat' dir='ltr'>eruit</span> <span class='ocrx_word' id='word_1_524' title='bbox 537 5129 569 5166; x_wconf 92' lang='lat' dir='ltr'>a</span> <span class='ocrx_word' id='word_1_525' title='bbox 601 5127 684 5183; x_wconf 85' lang='lat' dir='ltr'>se,</span> <span class='ocrx_word' id='word_1_526' title='bbox 711 5111 824 5167; x_wconf 91' lang='lat' dir='ltr'>nisi</span> <span class='ocrx_word' id='word_1_527' title='bbox 858 5113 1188 5168; x_wconf 90' lang='lat' dir='ltr'>membrum</span> <span class='ocrx_word' id='word_1_528' title='bbox 1222 5114 1375 5185; x_wconf 91' lang='lat' dir='ltr'>quod</span> <span class='ocrx_word' id='word_1_529' title='bbox 1405 5114 1565 5169; x_wconf 87' lang='lat' dir='ltr'>sanis</span> <span class='ocrx_word' id='word_1_530' title='bbox 1605 5114 1886 5170; x_wconf 87' lang='lat' dir='ltr'>membris</span> 
     </span>
    </p>
   </div>
   <div class='ocr_carea' id='block_1_83' title="bbox 230 5199 1883 5274">
    <p class='ocr_par' dir='ltr' id='par_1_83' title="bbox 230 5199 1883 5274">
     <span class='ocr_line' id='line_1_83' title="bbox 230 5199 1883 5274; baseline 0.001 -19"><span class='ocrx_word' id='word_1_531' title='bbox 230 5201 294 5255; x_wconf 87' lang='lat' dir='ltr'>in</span> <span class='ocrx_word' id='word_1_532' title='bbox 345 5200 729 5256; x_wconf 74' lang='lat' dir='ltr'>offensionem</span> <span class='ocrx_word' id='word_1_533' title='bbox 779 5204 836 5256; x_wconf 90' lang='lat' dir='ltr'>et</span> <span class='ocrx_word' id='word_1_534' title='bbox 881 5201 1199 5274; x_wconf 88' lang='lat' dir='ltr'>perniciem</span> <span class='ocrx_word' id='word_1_535' title='bbox 1254 5199 1516 5257; x_wconf 88' lang='lat' dir='ltr'>noscitur</span> <span class='ocrx_word' id='word_1_536' title='bbox 1572 5201 1883 5257; x_wconf 83' lang='lat' dir='ltr'>exstitisse.</span> 
     </span>
    </p>
   </div>
   <div class='ocr_carea' id='block_1_84' title="bbox 1978 4033 2479 4089">
    <p class='ocr_par' dir='ltr' id='par_1_84' title="bbox 1978 4033 2479 4089">
     <span class='ocr_line' id='line_1_84' title="bbox 1978 4033 2479 4089; baseline 0 0"><span class='ocrx_word' id='word_1_537' title='bbox 1978 4037 2067 4089; x_wconf 88' lang='lat' dir='ltr'>sto</span> <span class='ocrx_word' id='word_1_538' title='bbox 2098 4034 2244 4088; x_wconf 86' lang='lat' dir='ltr'>bene</span> <span class='ocrx_word' id='word_1_539' title='bbox 2273 4033 2479 4089; x_wconf 83' lang='lat' dir='ltr'>valere.</span> 
     </span>
    </p>
   </div>
   <div class='ocr_carea' id='block_1_85' title="bbox 2140 4227 3466 4271">
    <p class='ocr_par' dir='ltr' id='par_1_85' title="bbox 2140 4227 3466 4271">
     <span class='ocr_line' id='line_1_85' title="bbox 2140 4227 3466 4271; baseline 0.006 -8"><span class='ocrx_word' id='word_1_540' title='bbox 2140 4227 2320 4264; x_wconf 81' lang='lat' dir='ltr'><strong>BULLA</strong></span> <span class='ocrx_word' id='word_1_541' title='bbox 2361 4227 2578 4266; x_wconf 75' lang='lat' dir='ltr'>NICOLAI</span> <span class='ocrx_word' id='word_1_542' title='bbox 2622 4229 2731 4266; x_wconf 81' lang='lat' dir='ltr'>PRO</span> <span class='ocrx_word' id='word_1_543' title='bbox 2773 4230 3126 4270; x_wconf 73' lang='lat' dir='ltr'>MONASTERIO</span> <span class='ocrx_word' id='word_1_544' title='bbox 3168 4231 3466 4271; x_wconf 81' lang='lat' dir='ltr'>FULDENSI.</span> 
     </span>
    </p>
   </div>
   <div class='ocr_carea' id='block_1_86' title="bbox 2621 4301 2993 4373">
    <p class='ocr_par' dir='ltr' id='par_1_86' title="bbox 2621 4301 2993 4373">
     <span class='ocr_line' id='line_1_86' title="bbox 2621 4301 2993 4373; baseline 0.005 -18"><span class='ocrx_word' id='word_1_545' title='bbox 2621 4301 2804 4373; x_wconf 76' lang='lat' dir='ltr'>(Anno</span> <span class='ocrx_word' id='word_1_546' title='bbox 2845 4302 2993 4373; x_wconf 83' lang='lat'>859.)</span> 
     </span>
    </p>
   </div>
   <div class='ocr_carea' id='block_1_87' title="bbox 1983 4389 3634 4517">
    <p class='ocr_par' dir='ltr' id='par_1_87' title="bbox 1983 4389 3634 4517">
     <span class='ocr_line' id='line_1_87' title="bbox 1983 4389 3634 4517; baseline 0.004 -74"><span class='ocrx_word' id='word_1_547' title='bbox 1983 4389 2057 4444; x_wconf 87' lang='lat' dir='ltr'>De</span> <span class='ocrx_word' id='word_1_548' title='bbox 2087 4389 2248 4460; x_wconf 81' lang='lat' dir='ltr'>hujus</span> <span class='ocrx_word' id='word_1_549' title='bbox 2294 4391 2616 4445; x_wconf 77' lang='lat' dir='ltr'>monasterii</span> <span class='ocrx_word' id='word_1_550' title='bbox 2652 4395 2815 4516; x_wconf 35' lang='lat' dir='ltr'>(ist/tatu</span> <span class='ocrx_word' id='word_1_551' title='bbox 2862 4391 2972 4517; x_wconf 70' lang='grc' dir='ltr'>,ςίὶἇὶ</span> <span class='ocrx_word' id='word_1_552' title='bbox 3018 4393 3319 4450; x_wconf 78' lang='lat' dir='ltr'>identidem</span> <span class='ocrx_word' id='word_1_553' title='bbox 3366 4397 3634 4451; x_wconf 78' lang='lat' dir='ltr'>rationem</span> 
     </span>
     <span class='ocr_line' id='line_1_88' title="bbox 2590 4464 3027 4517; baseline 0.005 -2"><span class='ocrx_word' id='word_1_554' title='bbox 2590 4477 2648 4516; x_wconf 90' lang='lat' dir='ltr'>re</span> <span class='ocrx_word' id='word_1_555' title='bbox 2726 4464 2747 4516; x_wconf 81' lang='grc' dir='ltr'><strong><em>ἰ</em></strong></span> <span class='ocrx_word' id='word_1_556' title='bbox 2783 4480 2913 4517; x_wconf 89' lang='lat' dir='ltr'>man</span> <span class='ocrx_word' id='word_1_557' title='bbox 2954 4470 3027 4517; x_wconf 85' lang='lat' dir='ltr'>at.</span> 
     </span>
    </p>
   </div>
   <div class='ocr_carea' id='block_1_88' title="bbox 2590 4464 3027 4518">
    <p class='ocr_par' dir='ltr' id='par_1_88' title="bbox 2590 4464 3027 4518">
     <span class='ocr_line' id='line_1_89' title="bbox 2590 4464 3027 4518; baseline 0.007 -3"><span class='ocrx_word' id='word_1_558' title='bbox 2590 4464 2747 4516; x_wconf 86' lang='lat' dir='ltr'>reddi</span> <span class='ocrx_word' id='word_1_559' title='bbox 2783 4464 3027 4518; x_wconf 83' lang='lat' dir='ltr'>mandat.</span> 
     </span>
    </p>
   </div>
   <div class='ocr_carea' id='block_1_89' title="bbox 2166 4548 3454 4626">
    <p class='ocr_par' dir='ltr' id='par_1_89' title="bbox 2166 4548 3454 4626">
     <span class='ocr_line' id='line_1_90' title="bbox 2166 4548 3454 4626; baseline 0.003 -22"><span class='ocrx_word' id='word_1_560' title='bbox 2166 4548 2354 4623; x_wconf 88' lang='lat' dir='ltr'>[Apud</span> <span class='ocrx_word' id='word_1_561' title='bbox 2387 4550 2708 4619; x_wconf 87' lang='lat' dir='ltr'>Schannat,</span> <span class='ocrx_word' id='word_1_562' title='bbox 2743 4553 2875 4609; x_wconf 79' lang='lat' dir='ltr'>Hist.</span> <span class='ocrx_word' id='word_1_563' title='bbox 2916 4553 3103 4619; x_wconf 81' lang='lat' dir='ltr'>Fuld.,</span> <span class='ocrx_word' id='word_1_564' title='bbox 3137 4570 3266 4626; x_wconf 85' lang='lat' dir='ltr'>pag.</span> <span class='ocrx_word' id='word_1_565' title='bbox 3310 4554 3454 4623; x_wconf 80' lang='lat'>130.]</span> 
     </span>
    </p>
   </div>
   <div class='ocr_carea' id='block_1_90' title="bbox 2060 4656 3635 4731">
    <p class='ocr_par' dir='ltr' id='par_1_90' title="bbox 2060 4656 3635 4731">
     <span class='ocr_line' id='line_1_91' title="bbox 2060 4656 3635 4731; baseline 0.001 -20"><span class='ocrx_word' id='word_1_566' title='bbox 2060 4656 2339 4712; x_wconf 61' lang='grc' dir='ltr'>Νῐυοωυδ</span> <span class='ocrx_word' id='word_1_567' title='bbox 2372 4657 2680 4731; x_wconf 90' lang='lat' dir='ltr'>episcopus</span> <span class='ocrx_word' id='word_1_568' title='bbox 2721 4676 2921 4714; x_wconf 89' lang='lat' dir='ltr'>servus</span> <span class='ocrx_word' id='word_1_569' title='bbox 2962 4676 3259 4715; x_wconf 89' lang='lat' dir='ltr'>servorum</span> <span class='ocrx_word' id='word_1_570' title='bbox 3298 4659 3415 4725; x_wconf 90' lang='lat' dir='ltr'>Dei,</span> <span class='ocrx_word' id='word_1_571' title='bbox 3450 4659 3635 4714; x_wconf 78' lang='lat' dir='ltr'>THEO-</span> 
     </span>
    </p>
   </div>
   <div class='ocr_carea' id='block_1_91' title="bbox 1992 4745 3638 4818">
    <p class='ocr_par' dir='ltr' id='par_1_91' title="bbox 1992 4745 3638 4818">
     <span class='ocr_line' id='line_1_92' title="bbox 1992 4745 3638 4818; baseline 0 -18"><span class='ocrx_word' id='word_1_572' title='bbox 1992 4762 2122 4800; x_wconf 82' lang='lat' dir='ltr'>TONI</span> <span class='ocrx_word' id='word_1_573' title='bbox 2154 4745 2421 4818; x_wconf 84' lang='lat' dir='ltr'>religioso</span> <span class='ocrx_word' id='word_1_574' title='bbox 2453 4746 2649 4801; x_wconf 84' lang='lat' dir='ltr'>abbati</span> <span class='ocrx_word' id='word_1_575' title='bbox 2680 4747 3022 4803; x_wconf 89' lang='lat' dir='ltr'>venerabilis</span> <span class='ocrx_word' id='word_1_576' title='bbox 3046 4747 3383 4803; x_wconf 89' lang='lat' dir='ltr'>monasterii</span> <span class='ocrx_word' id='word_1_577' title='bbox 3406 4746 3638 4802; x_wconf 89' lang='lat' dir='ltr'>Domini</span> 
     </span>
    </p>
   </div>
   <div class='ocr_carea' id='block_1_92' title="bbox 1996 4834 3637 4907">
    <p class='ocr_par' dir='ltr' id='par_1_92' title="bbox 1996 4834 3637 4907">
     <span class='ocr_line' id='line_1_93' title="bbox 1996 4834 3637 4907; baseline 0 -17"><span class='ocrx_word' id='word_1_578' title='bbox 1996 4834 2330 4901; x_wconf 86' lang='lat' dir='ltr'>Salvatoris,</span> <span class='ocrx_word' id='word_1_579' title='bbox 2364 4840 2421 4890; x_wconf 90' lang='lat' dir='ltr'>et</span> <span class='ocrx_word' id='word_1_580' title='bbox 2450 4853 2551 4907; x_wconf 91' lang='lat' dir='ltr'>per</span> <span class='ocrx_word' id='word_1_581' title='bbox 2580 4841 2634 4892; x_wconf 88' lang='lat' dir='ltr'>te</span> <span class='ocrx_word' id='word_1_582' title='bbox 2663 4835 2721 4891; x_wconf 90' lang='lat' dir='ltr'>in</span> <span class='ocrx_word' id='word_1_583' title='bbox 2754 4837 2956 4892; x_wconf 91' lang='lat' dir='ltr'>eodem</span> <span class='ocrx_word' id='word_1_584' title='bbox 2986 4836 3300 4893; x_wconf 88' lang='lat' dir='ltr'>venerabili</span> <span class='ocrx_word' id='word_1_585' title='bbox 3348 4841 3637 4891; x_wconf 89' lang='lat' dir='ltr'>monaste-</span> 
     </span>
    </p>
   </div>
   <div class='ocr_carea' id='block_1_93' title="bbox 1996 4922 3041 4997">
    <p class='ocr_par' dir='ltr' id='par_1_93' title="bbox 1996 4922 3041 4997">
     <span class='ocr_line' id='line_1_94' title="bbox 1996 4922 3041 4997; baseline 0.003 -20"><span class='ocrx_word' id='word_1_586' title='bbox 1996 4922 2081 4978; x_wconf 91' lang='lat' dir='ltr'>rio</span> <span class='ocrx_word' id='word_1_587' title='bbox 2112 4922 2549 4980; x_wconf 89' lang='lat' dir='ltr'>successoribus</span> <span class='ocrx_word' id='word_1_588' title='bbox 2582 4924 2640 4978; x_wconf 90' lang='lat' dir='ltr'>in</span> <span class='ocrx_word' id='word_1_589' title='bbox 2673 4930 3041 4997; x_wconf 88' lang='lat' dir='ltr'>perpetuum.</span> 
     </span>
    </p>
   </div>
   <div class='ocr_carea' id='block_1_94' title="bbox 2068 5011 3643 5086">
    <p class='ocr_par' dir='ltr' id='par_1_94' title="bbox 2068 5011 3643 5086">
     <span class='ocr_line' id='line_1_95' title="bbox 2068 5011 3643 5086; baseline -0.001 -18"><span class='ocrx_word' id='word_1_590' title='bbox 2068 5012 2353 5076; x_wconf 89' lang='lat' dir='ltr'>Quoniam</span> <span class='ocrx_word' id='word_1_591' title='bbox 2387 5014 2618 5085; x_wconf 82' lang='lat' dir='ltr'>semper</span> <span class='ocrx_word' id='word_1_592' title='bbox 2643 5020 2780 5069; x_wconf 89' lang='lat' dir='ltr'>sunt</span> <span class='ocrx_word' id='word_1_593' title='bbox 2810 5014 3178 5071; x_wconf 87' lang='lat' dir='ltr'>concedenda</span> <span class='ocrx_word' id='word_1_594' title='bbox 3209 5031 3335 5086; x_wconf 68' lang='lat' dir='ltr'>quas</span> <span class='ocrx_word' id='word_1_595' title='bbox 3387 5011 3643 5067; x_wconf 89' lang='lat' dir='ltr'>rationa-</span> 
     </span>
    </p>
   </div>
   <div class='ocr_carea' id='block_1_95' title="bbox 1997 5100 3643 5176">
    <p class='ocr_par' dir='ltr' id='par_1_95' title="bbox 1997 5100 3643 5176">
     <span class='ocr_line' id='line_1_96' title="bbox 1997 5100 3643 5176; baseline -0.002 -18"><span class='ocrx_word' id='word_1_596' title='bbox 1997 5102 2216 5158; x_wconf 89' lang='lat' dir='ltr'>bilibus</span> <span class='ocrx_word' id='word_1_597' title='bbox 2246 5107 2578 5174; x_wconf 85' lang='lat' dir='ltr'>congruunt</span> <span class='ocrx_word' id='word_1_598' title='bbox 2608 5103 2933 5174; x_wconf 89' lang='lat' dir='ltr'>desideriis,</span> <span class='ocrx_word' id='word_1_599' title='bbox 2967 5107 3193 5176; x_wconf 90' lang='lat' dir='ltr'>oportet</span> <span class='ocrx_word' id='word_1_600' title='bbox 3242 5108 3307 5158; x_wconf 92' lang='lat' dir='ltr'>ut</span> <span class='ocrx_word' id='word_1_601' title='bbox 3355 5100 3643 5158; x_wconf 90' lang='lat' dir='ltr'>devotioni</span> 
     </span>
    </p>
   </div>
   <div class='ocr_carea' id='block_1_96' title="bbox 1999 5189 3646 5264">
    <p class='ocr_par' dir='ltr' id='par_1_96' title="bbox 1999 5189 3646 5264">
     <span class='ocr_line' id='line_1_97' title="bbox 1999 5189 3646 5264; baseline -0.002 -17"><span class='ocrx_word' id='word_1_602' title='bbox 1999 5191 2315 5247; x_wconf 88' lang='lat' dir='ltr'>conditoris</span> <span class='ocrx_word' id='word_1_603' title='bbox 2342 5191 2449 5262; x_wconf 58' lang='lat' dir='ltr'>pia</span> <span class='ocrx_word' id='word_1_604' title='bbox 2482 5192 2935 5248; x_wconf 86' lang='lat' dir='ltr'>constructionis</span> <span class='ocrx_word' id='word_1_605' title='bbox 2980 5192 3297 5248; x_wconf 89' lang='lat' dir='ltr'>auctoritas</span> <span class='ocrx_word' id='word_1_606' title='bbox 3328 5192 3387 5246; x_wconf 90' lang='lat' dir='ltr'>in</span> <span class='ocrx_word' id='word_1_607' title='bbox 3420 5189 3646 5264; x_wconf 85' lang='lat' dir='ltr'>privile-</span> 
     </span>
    </p>
   </div>
   <div class='ocr_carea' id='block_1_97' title="bbox 230 5278 1822 5373">
    <p class='ocr_par' dir='ltr' id='par_1_97' title="bbox 230 5289 1820 5363">
     <span class='ocr_line' id='line_1_98' title="bbox 230 5289 1820 5363; baseline 0.003 -22"><span class='ocrx_word' id='word_1_608' title='bbox 230 5289 454 5345; x_wconf 84' lang='lat' dir='ltr'>Verum</span> <span class='ocrx_word' id='word_1_609' title='bbox 485 5289 557 5345; x_wconf 87' lang='lat' dir='ltr'>ad</span> <span class='ocrx_word' id='word_1_610' title='bbox 582 5290 949 5363; x_wconf 87' lang='lat' dir='ltr'>propositum</span> <span class='ocrx_word' id='word_1_611' title='bbox 972 5290 1581 5363; x_wconf 84' lang='lat' dir='ltr'>redeamus.Suggerit</span> <span class='ocrx_word' id='word_1_612' title='bbox 1605 5290 1820 5347; x_wconf 88' lang='lat' dir='ltr'>sanctit</span> 
     </span>
    </p>
   </div>
   <div class='ocr_carea' id='block_1_98' title="bbox 2064 5278 3642 5373">
    <p class='ocr_par' dir='ltr' id='par_1_98' title="bbox 2064 5278 3642 5355">
     <span class='ocr_line' id='line_1_99' title="bbox 2064 5278 3642 5355; baseline 0 -21"><span class='ocrx_word' id='word_1_613' title='bbox 2064 5281 2109 5335; x_wconf 92' lang='lat' dir='ltr'>is</span> <span class='ocrx_word' id='word_1_614' title='bbox 2139 5278 2488 5352; x_wconf 69' lang='lat' dir='ltr'>prazstandis</span> <span class='ocrx_word' id='word_1_615' title='bbox 2515 5280 2757 5336; x_wconf 91' lang='lat' dir='ltr'>minime</span> <span class='ocrx_word' id='word_1_616' title='bbox 2780 5282 3114 5354; x_wconf 85' lang='lat' dir='ltr'>denegetur.</span> <span class='ocrx_word' id='word_1_617' title='bbox 3136 5281 3338 5355; x_wconf 86' lang='lat' dir='ltr'>Igitur,</span> <span class='ocrx_word' id='word_1_618' title='bbox 3372 5280 3511 5353; x_wconf 85' lang='lat' dir='ltr'>quia</span> <span class='ocrx_word' id='word_1_619' title='bbox 3539 5296 3642 5352; x_wconf 90' lang='lat' dir='ltr'>po-</span> 
     </span>
    </p>
   </div>
   <div class='ocr_carea' id='block_1_99' title="bbox 230 5378 1889 5452">
    <p class='ocr_par' dir='ltr' id='par_1_99' title="bbox 230 5378 1889 5452">
     <span class='ocr_line' id='line_1_100' title="bbox 230 5378 1889 5452; baseline -0.001 -17"><span class='ocrx_word' id='word_1_620' title='bbox 230 5384 428 5435; x_wconf 85' lang='lat' dir='ltr'>vestra</span> <span class='ocrx_word' id='word_1_621' title='bbox 461 5378 885 5435; x_wconf 77' lang='lat' dir='ltr'>Herimannum</span> <span class='ocrx_word' id='word_1_622' title='bbox 902 5380 1242 5452; x_wconf 89' lang='lat' dir='ltr'>episcopum</span> <span class='ocrx_word' id='word_1_623' title='bbox 1261 5379 1532 5444; x_wconf 83' lang='lat' dir='ltr'>morbum</span> <span class='ocrx_word' id='word_1_624' title='bbox 1551 5378 1889 5446; x_wconf 89' lang='lat' dir='ltr'>incurrisse,</span> 
     </span>
    </p>
   </div>
   <div class='ocr_carea' id='block_1_100' title="bbox 235 5467 1895 5541">
    <p class='ocr_par' dir='ltr' id='par_1_100' title="bbox 235 5467 1895 5541">
     <span class='ocr_line' id='line_1_101' title="bbox 235 5467 1895 5541; baseline -0.001 -17"><span class='ocrx_word' id='word_1_625' title='bbox 235 5485 351 5540; x_wconf 91' lang='lat' dir='ltr'>quo</span> <span class='ocrx_word' id='word_1_626' title='bbox 383 5469 485 5524; x_wconf 88' lang='lat' dir='ltr'>diu</span> <span class='ocrx_word' id='word_1_627' title='bbox 519 5467 841 5541; x_wconf 87' lang='lat' dir='ltr'>impeditus</span> <span class='ocrx_word' id='word_1_628' title='bbox 870 5474 959 5525; x_wconf 87' lang='lat' dir='ltr'>est</span> <span class='ocrx_word' id='word_1_629' title='bbox 987 5467 1314 5541; x_wconf 89' lang='lat' dir='ltr'>episcopale</span> <span class='ocrx_word' id='word_1_630' title='bbox 1332 5472 1487 5523; x_wconf 89' lang='lat' dir='ltr'>recte</span> <span class='ocrx_word' id='word_1_631' title='bbox 1508 5467 1751 5541; x_wconf 88' lang='lat' dir='ltr'>implere</span> <span class='ocrx_word' id='word_1_632' title='bbox 1773 5468 1895 5523; x_wconf 82' lang='lat' dir='ltr'>ofﬁ-</span> 
     </span>
    </p>
   </div>
   <div class='ocr_carea' id='block_1_101' title="bbox 229 5557 1890 5631">
    <p class='ocr_par' dir='ltr' id='par_1_101' title="bbox 229 5557 1890 5631">
     <span class='ocr_line' id='line_1_102' title="bbox 229 5557 1890 5631; baseline -0.004 -14"><span class='ocrx_word' id='word_1_633' title='bbox 229 5560 413 5617; x_wconf 84' lang='lat' dir='ltr'>cium.</span> <span class='ocrx_word' id='word_1_634' title='bbox 450 5560 676 5616; x_wconf 89' lang='lat' dir='ltr'>Sensus</span> <span class='ocrx_word' id='word_1_635' title='bbox 706 5557 883 5628; x_wconf 90' lang='lat' dir='ltr'>enim,</span> <span class='ocrx_word' id='word_1_636' title='bbox 903 5563 967 5615; x_wconf 89' lang='lat' dir='ltr'>ut</span> <span class='ocrx_word' id='word_1_637' title='bbox 997 5562 1191 5614; x_wconf 90' lang='lat' dir='ltr'>vestra</span> <span class='ocrx_word' id='word_1_638' title='bbox 1218 5557 1349 5631; x_wconf 89' lang='lat' dir='ltr'>ipsa</span> <span class='ocrx_word' id='word_1_639' title='bbox 1376 5557 1551 5612; x_wconf 90' lang='lat' dir='ltr'>verba</span> <span class='ocrx_word' id='word_1_640' title='bbox 1579 5573 1890 5630; x_wconf 89' lang='lat' dir='ltr'>ponamus,</span> 
     </span>
    </p>
   </div>
   <div class='ocr_carea' id='block_1_102' title="bbox 231 5645 1893 5726">
    <p class='ocr_par' dir='ltr' id='par_1_102' title="bbox 231 5645 1893 5726">
     <span class='ocr_line' id='line_1_103' title="bbox 231 5645 1893 5726; baseline -0.003 -19"><span class='ocrx_word' id='word_1_641' title='bbox 231 5648 551 5725; x_wconf 83' lang='lat' dir='ltr'>aliquoties</span> <span class='ocrx_word' id='word_1_642' title='bbox 583 5648 915 5724; x_wconf 76' lang='lat' dir='ltr'>integritate</span> <span class='ocrx_word' id='word_1_643' title='bbox 945 5646 1229 5726; x_wconf 86' lang='lat' dir='ltr'>privatus,</span> <span class='ocrx_word' id='word_1_644' title='bbox 1262 5645 1531 5724; x_wconf 71' lang='lat' dir='ltr'>quazdam</span> <span class='ocrx_word' id='word_1_645' title='bbox 1571 5645 1782 5705; x_wconf 86' lang='lat' dir='ltr'>insano</span> <span class='ocrx_word' id='word_1_646' title='bbox 1814 5645 1893 5704; x_wconf 88' lang='lat' dir='ltr'>si-</span> 
     </span>
    </p>
   </div>
   <div class='ocr_carea' id='block_1_103' title="bbox 2002 5367 3647 5440">
    <p class='ocr_par' dir='ltr' id='par_1_103' title="bbox 2002 5367 3647 5440">
     <span class='ocr_line' id='line_1_104' title="bbox 2002 5367 3647 5440; baseline -0.002 -15"><span class='ocrx_word' id='word_1_647' title='bbox 2002 5368 2238 5425; x_wconf 90' lang='lat' dir='ltr'>stulasti</span> <span class='ocrx_word' id='word_1_648' title='bbox 2270 5385 2304 5425; x_wconf 89' lang='lat' dir='ltr'>a</span> <span class='ocrx_word' id='word_1_649' title='bbox 2333 5367 2501 5423; x_wconf 87' lang='lat' dir='ltr'>nobis</span> <span class='ocrx_word' id='word_1_650' title='bbox 2532 5372 2824 5440; x_wconf 86' lang='lat' dir='ltr'>quatenus</span> <span class='ocrx_word' id='word_1_651' title='bbox 2856 5370 3279 5426; x_wconf 87' lang='lat' dir='ltr'>monasterium</span> <span class='ocrx_word' id='word_1_652' title='bbox 3331 5367 3647 5425; x_wconf 89' lang='lat' dir='ltr'>Salvatoris</span> 
     </span>
    </p>
   </div>
   <div class='ocr_carea' id='block_1_104' title="bbox 2002 5456 3647 5532">
    <p class='ocr_par' dir='ltr' id='par_1_104' title="bbox 2002 5456 3647 5532">
     <span class='ocr_line' id='line_1_105' title="bbox 2002 5456 3647 5532; baseline -0.002 -19"><span class='ocrx_word' id='word_1_653' title='bbox 2002 5476 2036 5513; x_wconf 90' lang='lat' dir='ltr'>a</span> <span class='ocrx_word' id='word_1_654' title='bbox 2066 5460 2125 5513; x_wconf 90' lang='lat' dir='ltr'>S.</span> <span class='ocrx_word' id='word_1_655' title='bbox 2162 5457 2456 5513; x_wconf 84' lang='lat' dir='ltr'>Bonifacio</span> <span class='ocrx_word' id='word_1_656' title='bbox 2507 5456 2943 5532; x_wconf 89' lang='lat' dir='ltr'>archiepiscopo</span> <span class='ocrx_word' id='word_1_657' title='bbox 2996 5463 3399 5515; x_wconf 81' lang='lat' dir='ltr'>constructum</span> <span class='ocrx_word' id='word_1_658' title='bbox 3432 5457 3489 5512; x_wconf 92' lang='lat' dir='ltr'>in</span> <span class='ocrx_word' id='word_1_659' title='bbox 3521 5456 3647 5511; x_wconf 92' lang='lat' dir='ltr'>loco</span> 
     </span>
    </p>
   </div>
   <div class='ocr_carea' id='block_1_105' title="bbox 2002 5545 3651 5622">
    <p class='ocr_par' dir='ltr' id='par_1_105' title="bbox 2002 5545 3651 5622">
     <span class='ocr_line' id='line_1_106' title="bbox 2002 5545 3651 5622; baseline -0.001 -20"><span class='ocrx_word' id='word_1_660' title='bbox 2002 5547 2102 5620; x_wconf 90' lang='lat' dir='ltr'>qui</span> <span class='ocrx_word' id='word_1_661' title='bbox 2136 5550 2375 5602; x_wconf 86' lang='lat' dir='ltr'>vocatur</span> <span class='ocrx_word' id='word_1_662' title='bbox 2406 5546 2675 5613; x_wconf 89' lang='lat' dir='ltr'>Boconia,</span> <span class='ocrx_word' id='word_1_663' title='bbox 2707 5563 2845 5621; x_wconf 80' lang='lat' dir='ltr'>erga</span> <span class='ocrx_word' id='word_1_664' title='bbox 2870 5548 3057 5622; x_wconf 89' lang='lat' dir='ltr'>ripam</span> <span class='ocrx_word' id='word_1_665' title='bbox 3092 5548 3354 5605; x_wconf 89' lang='lat' dir='ltr'>ﬂuminis</span> <span class='ocrx_word' id='word_1_666' title='bbox 3390 5545 3651 5603; x_wconf 82' lang='lat' dir='ltr'>Fuldaha</span> 
     </span>
    </p>
   </div>
   <div class='ocr_carea' id='block_1_106' title="bbox 2003 5635 3653 5714">
    <p class='ocr_par' dir='ltr' id='par_1_106' title="bbox 2003 5635 3653 5714">
     <span class='ocr_line' id='line_1_107' title="bbox 2003 5635 3653 5714; baseline 0.001 -19"><span class='ocrx_word' id='word_1_667' title='bbox 2003 5635 2288 5714; x_wconf 82' lang='lat' dir='ltr'>privilegii</span> <span class='ocrx_word' id='word_1_668' title='bbox 2318 5636 2475 5694; x_wconf 86' lang='lat' dir='ltr'>sedis</span> <span class='ocrx_word' id='word_1_669' title='bbox 2509 5635 2839 5714; x_wconf 69' lang='lat' dir='ltr'>apostolicae</span> <span class='ocrx_word' id='word_1_670' title='bbox 2871 5638 3244 5701; x_wconf 86' lang='lat' dir='ltr'>adminiculis</span> <span class='ocrx_word' id='word_1_671' title='bbox 3265 5638 3653 5707; x_wconf 80' lang='lat' dir='ltr'>decoretur,et</span> 
     </span>
    </p>
   </div>
  </div>
