3894 6204
302 275 413 335 7'71

1677 270 1990 332 NICOLAI
2037 270 2262 331 PAPAﬂ
2305 271 2352 331 Ι.

3611 266 3729 329 772

304 412 368 461 ut
399 407 506 462 sub
521 405 936 478 jurisdictione
963 408 1176 461 sanctae
1199 406 1411 459 nostrae
1434 403 1670 470 cui,Deo
1693 406 1947 469 auctore,
1981 403 2034 470 Α
2067 418 2139 458 ne
2169 402 2225 456 in
2260 402 2353 458 die
2383 402 2563 457 divini
2596 400 2880 458 examinis
2911 417 3013 474 pro
3060 405 3259 458 nostra
3308 400 3550 457 desidia
3594 404 3726 455 ante

306 495 667 552 descrvimus
688 493 934 550 ecelesia
952 490 1588 559 constitutum,nullius
1611 490 1849 547 alterius
1871 508 1955 545 ec-

305 585 491 640 clesiae
533 583 1047 655 jurisdictionibus
1098 581 1512 648 submittatur;
1546 598 1649 653 pro
1693 597 1809 651 qua
1840 578 1952 651 piis

303 672 609 728 desideriis
650 673 923 736 faventes,
958 670 1066 726 hac
1100 674 1300 725 nostra
1331 669 1675 724 auctoritate
1706 669 1763 723 id
1795 668 1949 739 quod

302 761 631 834 exposcitur
660 760 888 815 effectui
922 759 1419 830 mancipamus,et
1452 757 1578 812 ideo
1601 773 1836 812 omnem
1860 773 1953 810 cu-

292 838 541 920 juslibet
570 848 825 904 ecelesiaa
859 848 1217 904 sacerdotem
1240 846 1299 901 in
1332 847 1567 918 praefato
1600 844 1951 901 monasterio

301 939 613 994 dictionem
646 937 969 1009 quamlibet
1000 936 1212 991 habere
1242 940 1298 990 et
1319 935 1723 991 auctoritatem
1748 939 1954 1006 printer

301 1029 499 1084 sedem
533 1026 911 1100 apostolicam
938 1025 1338 1098 prohibemus,
1372 1024 1453 1078 ita
1481 1028 1566 1091 ut,
1601 1023 1714 1078 nisi
1747 1024 1817 1077 ab
1850 1024 1950 1078 ab-

230 1136 239 1141 ‘
301 1119 433 1173 bate
465 1116 802 1172 monasterii
837 1114 1011 1170 fuerit
1040 1114 1452 1182 invitatus,nec
1485 1112 1802 1167 missarum
1838 1111 1951 1167 ibi-

302 1207 435 1261 dem
467 1204 897 1262 solemnitatem
930 1202 1224 1277 quispiam
1256 1207 1572 1274 praesumat
1604 1201 1842 1256 omnino
1866 1217 1951 1255 ce-

301 1295 546 1361 lebrare,
580 1298 644 1350 ut
674 1294 951 1366 profecto,
974 1294 1145 1364 juxta
1177 1291 1231 1346 id
1265 1291 1419 1363 quod
1448 1291 1779 1360 subjectum
1812 1306 1948 1361 apo-

302 1384 517 1440 stolicae
548 1382 821 1439 firmitate
850 1380 1134 1454 privilegii
1165 1378 1432 1436 consistit
1469 1378 1816 1435 inconcusse
1847 1379 1950 1433 do-

302 1478 490 1528 tatum
523 1480 882 1544 permaneat,
918 1470 1060 1526 locis
1092 1474 1150 1524 et
1180 1469 1354 1524 rebus
1386 1472 1505 1522 tam
1539 1467 1622 1522 eis
1654 1483 1802 1538 quas
1833 1483 1953 1522 mo-

301 1564 479 1617 derno
510 1566 770 1633 tempore
803 1565 961 1615 tenet
989 1559 1075 1614 vel
1102 1558 1562 1630 possidet,quam
1595 1573 1722 1627 quae
1755 1556 1952 1612 divina

300 1651 486 1723 pietas
532 1650 779 1705 voluerit
827 1664 1039 1722 augere
1083 1664 1151 1702 ex
1199 1646 1389 1712 donis,
1420 1649 1476 1701 et
1531 1645 1946 1713 oblationibus,

301 1738 662 1811 decimisque
694 1737 1205 1807 ﬁdelium,absque
1238 1734 1416 1791 ullius
1446 1751 1705 1807 personae
1728 1738 1951 1789 contra-

299 1828 572 1895 dictione,
607 1827 881 1882 tirmitate
936 1828 1220 1896 perpetua
1277 1824 1628 1895 perfruatur.
1662 1823 1946 1878 Caeterum

297 1916 575 1983 vero,hoe
607 1915 1018 1977 deliberantes,
1052 1912 1367 1967 statuimus
1399 1916 1465 1966 ut
1494 1910 1768 1984 congruis
1800 1916 1944 1967 tem-

298 2005 542 2078 poribus
560 2010 769 2059 nostra:
788 2000 1169 2059 sollicitudini
1190 2000 1592 2055 ecclesiastica).
1618 2000 1942 2069 intimetur,

299 2093 549 2165 qualiter
567 2091 766 2163 religio
791 2090 1114 2146 monastica
1138 2089 1387 2163 regulari
1411 2089 1613 2143 habitu
1637 2088 1943 2160 dirigatur,

297 2182 721 2252 concordiaque
747 2180 1107 2236 convenienti
1141 2178 1533 2234 ecclesiastico
1562 2177 1754 2233 studio
1778 2195 1946 2233 man-

296 2271 540 2343 cipetur,
575 2287 646 2324 ne
681 2270 846 2338 forte,
876 2269 1030 2341 quod
1064 2268 1238 2335 absit,
1273 2267 1383 2321 sub
1432 2266 1612 2337 hujus
1660 2265 1942 2339 privilegii

296 2360 538 2415 obtentu
576 2359 813 2415 animus
863 2374 1216 2431 gressusque
1264 2355 1633 2411 rectitudinis
1680 2360 1881 2412 vestrae
1911 2373 1947 2412 a

296 2465 503 2504 norma
522 2447 766 2521 justitiae
799 2447 992 2519 aliquo
1039 2446 1210 2501 modo
1257 2449 1696 2516 retorquentur;
1729 2444 1945 2500 consti-

295 2537 520 2594 tuimus
553 2553 788 2610 quoque
818 2554 921 2609 per
950 2536 1129 2606 hujus
1161 2534 1375 2590 decreti
1410 2534 1591 2590 nostri
1643 2533 1938 2606 paginam,

295 2634 360 2682 ut
389 2627 727 2700 quicunque
757 2625 1070 2698 cujuslibet
1106 2622 1360 2680 ecclesiae
1409 2621 1643 2695 praesul,
1676 2622 1763 2678 vel
1796 2640 1939 2694 qua-

293 2733 525 2789 cunque
556 2716 839 2788 dignitate
869 2713 1098 2787 prodita
1116 2711 1542 2785 persona,hanc
1570 2712 1749 2766 nostri
1773 2710 1943 2782 privi-

292 2805 426 2878 legii
458 2806 926 2877 chartam,quam
960 2801 1305 2858 auctoritate
1330 2800 1615 2873 principis
1644 2800 1940 2872 apostolo-

293 2913 423 2950 rum
455 2896 781 2961 ﬁrmamus,
814 2897 1099 2948 temerare
1141 2889 1471 2957 tentaverit,
1503 2888 1819 2945 anathema
1841 2891 1934 2960 sit,

291 2985 349 3037 et
374 2982 518 3037 iram
552 2981 653 3036 Dei
688 2982 1009 3048 incurrens,
1045 2998 1078 3033 a
1107 2983 1255 3034 ccetu
1288 2977 1552 3033 omnium
1601 2983 1939 3035 sanctorum

292 3070 534 3126 extorris
566 3070 794 3137 existat,
824 3074 880 3124 et
910 3066 1296 3123 nihilominus
1345 3067 1565 3138 praefati
1598 3068 1935 3123 monasterii

293 3160 551 3231 dignitas
581 3176 614 3214 a
645 3160 814 3214 nobis
835 3157 1065 3212 indulta
1088 3155 1501 3228 perpetualiter
1520 3156 1794 3211 inviolata
1815 3174 1940 3229 per-
1968 3142 2008 3209 C

294 3254 527 3303 maneat
557 3246 876 3319 apostolica
906 3244 1247 3300 auctoritate
1278 3244 1545 3300 subnixa.

358 3337 651 3408 Scriptum
684 3352 786 3408 per
815 3350 1056 3389 manum
1090 3332 1237 3388 Petri
1270 3332 1773 3400 notarii,scrinarii
1804 3353 1938 3391 san-

290 3427 392 3479 ctae
428 3426 701 3480 Romanae
734 3422 1021 3488 Ecclesiae,
1054 3421 1111 3476 in
1147 3438 1346 3477 mense
1374 3422 1570 3491 Junio,
1604 3423 1804 3479 indict.
1838 3442 1936 3493 vn,

292 3513 441 3568 Bene
472 3512 674 3567 valete.

360 3601 575 3655 Datum
608 3600 660 3655 ll
703 3600 839 3655 ldus
866 3599 1073 3654 Junias
1106 3616 1208 3670 per
1237 3616 1479 3653 manum
1501 3599 1713 3654 Tiberii
1743 3600 1941 3674 primi-

289 3688 425 3744 cerii
446 3694 657 3744 sanctae
682 3689 837 3743 sedis
860 3687 1548 3759 apostolicaeJmperante
1571 3690 1785 3744 domno
1802 3689 1938 3761 piis-

288 3777 440 3832 simo
468 3778 732 3849 Augusto
764 3776 1052 3832 Ludovico
1080 3792 1115 3831 a
1145 3777 1259 3831 Deo
1291 3782 1936 3851 coronato,magno,pa—

288 3867 452 3922 cifico
486 3869 855 3939 imperatore,
888 3866 1226 3922 inductione
1257 3865 1524 3938 septima.
1558 3869 1762 3924 Amen.

1060 3973 1157 4029 III.

334 4063 403 4101 AD
442 4062 812 4103 ADELOVINUM
851 4061 1334 4102 SALZBURGENSEM
1374 4062 1884 4102 ARCHIEPISCOPUM.

925 4136 1111 4202 (Anno
1143 4134 1292 4206 860.)

770 4223 950 4279 Pollii
976 4241 1142 4279 usum
1181 4224 1440 4280 concedit.

286 4310 475 4382 [Apud
506 4310 938 4384 Kleinmayern,
973 4311 1335 4368 Nachrz'chten
1376 4330 1496 4368 vom
1540 4313 1808 4369 Zustande
1836 4312 1936 4370 der

455 4400 728 4473 Gegenden
758 4401 872 4456 und
900 4402 1055 4458 Stadt
1092 4403 1343 4457 Juvavia.
1376 4401 1627 4474 Anhang
1647 4403 1762 4471 92.]

2060 508 2360 546 summum
2390 495 2683 563 pastorem
2736 490 3099 563 negligentia
3149 495 3351 547 reatus
3401 489 3724 553 excruciet,

2060 580 2214 635 unde
2260 581 2430 635 modo
2479 579 2718 636 honoris
2766 580 3085 635 reverentia
3136 578 3525 635 sublimiores
3577 576 3727 631 inter

2059 672 2296 725 caeteros
2319 669 2682 740 judicamur.
2710 668 2956 724 Pallium
2989 675 3183 724 autem
3216 666 3580 723 fraternitati
3615 672 3723 720 tum

2060 758 2133 812 ad
2188 757 2505 813 missarum
2565 758 2848 815 solemnia
2906 756 3255 813 celebranda
3308 756 3721 812 concedimus.

2059 846 2220 909 Quod
2246 844 2447 901 tamen
2483 864 2595 901 non
2630 846 2797 901 aliter
2826 845 3092 901 Ecclesia:
3134 851 3247 900 tua;
3296 845 3634 918 privilegiis
3666 844 3723 898 in

2060 951 2164 990 suo
2198 940 2353 989 statu
2384 936 2759 991 manentibus
2782 935 2864 989 uti
2892 934 3313 1007 largimur,nisi
3340 933 3723 989 solummodo

2060 1022 2117 1077 in
2150 1023 2243 1078 die
2276 1029 2487 1079 sanctae
2520 1042 2586 1079 ac
2616 1024 2939 1080 reverendae
2985 1023 3431 1079 resurrectionis
3481 1021 3722 1078 Domini

2060 1113 2242 1167 nostri
2275 1113 2415 1168 Jesu
2449 1112 2795 1180 Christi,seu
2821 1113 2880 1167 in
2902 1110 3183 1168 natalitiis
3215 1117 3559 1168 sanctorum
3586 1128 3723 1183 apo-

2058 1200 2546 1273 stolorum,atque
2578 1201 2731 1257 beati
2762 1202 3036 1273 Baptista
3066 1200 3331 1269 Joannis,
3364 1217 3477 1257 nec
3504 1217 3626 1256 non
3660 1200 3721 1255 in

2058 1289 2459 1362 assumptione
2484 1291 2663 1346 beatae
2694 1291 2792 1346 Dei
2826 1289 3123 1365 genitricis
3173 1290 3388 1355 Marias,
3422 1289 3607 1345 simul
3658 1290 3722 1343 in

2058 1378 2369 1434 Dominicae
2402 1379 2673 1435 navitatis
2706 1379 2937 1435 Domini
2969 1379 3074 1435 Dei
3102 1378 3285 1435 nostri
3319 1379 3434 1445 die,
3468 1379 3722 1451 pariter-

2059 1484 2171 1538 que
2202 1467 2258 1522 in
2293 1467 2685 1524 solemnitatis
2724 1468 2978 1524 ecclesiae
3007 1474 3118 1523 tuae
3150 1469 3265 1536 die,
3297 1485 3501 1524 verum
3530 1468 3723 1523 etiam

2057 1555 2201 1611 etin
2250 1556 2635 1612 ordinationis
2692 1562 2802 1612 tuae
2858 1556 3122 1613 natalitio
3179 1557 3561 1613 concedimus
3596 1557 3719 1622 die,

2058 1645 2213 1701 sicut
2242 1662 2277 1699 a
2306 1646 2473 1701 beato
2496 1646 2918 1718 przedecessore
2939 1651 3137 1702 nostro
3160 1647 3405 1702 Domino
3426 1645 3720 1719 Gregorio

2059 1733 2238 1805 hujus
2270 1734 2436 1791 alma:
2467 1736 2622 1790 sedis
2643 1735 2891 1806 przesule
2912 1735 3201 1791 sancitum
3252 1739 3359 1790 est.
3377 1735 3437 1790 In
3464 1739 3722 1790 secreta-

2057 1824 2211 1879 rium
2241 1841 2373 1880 vero
2405 1825 2647 1881 induere
2668 1829 2768 1880 tua
2796 1825 3129 1881 fraternitas
3152 1823 3393 1896 pallium
3415 1824 3723 1888 debeat,et

2056 1913 2139 1969 sic
2172 1915 2240 1968 ad
2275 1913 2588 1969 missarum
2623 1914 2908 1969 solemnia
2952 1913 3277 1986 proficisci;
3309 1916 3366 1968 et
3397 1912 3541 1967 nihil
3599 1912 3718 1967 sibi

2056 2002 2313 2073 amplius
2344 2020 2491 2057 ausu
2522 2002 2842 2058 temerariae
2888 2001 3365 2074 praesumptionis
3410 2017 3717 2073 arrogare,

2055 2107 2127 2147 ne
2158 2090 2296 2146 dum
2332 2093 2389 2147 in
2421 2092 2689 2148 exteriori
2721 2091 2923 2147 habitu
2950 2092 3278 2147 inordinate
3310 2090 3535 2162 aliquid
3569 2090 3721 2146 arri-

2056 2180 2535 2251 piatur,ordinate
2566 2181 2740 2237 etiam
2772 2198 2898 2253 qua:
2929 2180 3103 2236 licere
3134 2185 3401 2253 poterant
3429 2179 3718 2234 amittan-

2052 2275 2168 2324 tur.
2201 2268 2382 2341 Cujus
2412 2271 2693 2342 quoniam
2726 2270 3055 2325 indumenti
3082 2269 3269 2325 honor
3316 2269 3587 2324 modesta
3611 2286 3716 2323 ae-

2052 2362 2219 2412 tuum
2269 2359 2574 2414 vivacitate
2632 2359 2954 2414 servandus
3011 2358 3470 2423 est,,hortamur
3528 2360 3596 2412 ut
3657 2362 3715 2411 et

2052 2451 2263 2503 cuncta
2317 2453 2663 2503 ornamenta
2718 2448 3084 2515 conveniant,
3117 2450 3407 2519 quatenus
3467 2450 3714 2502 auctore

2052 2538 2167 2593 Deo
2200 2543 2386 2594 rector
2414 2537 2632 2608 ubique
2664 2537 2855 2608 possis
2884 2553 3012 2592 esse
3040 2536 3412 2608 conspicuus.

2122 2628 2324 2699 Itaque
2354 2626 2470 2683 vita
2500 2630 2601 2681 tua
2625 2626 2761 2681 filiis
2789 2626 2905 2681 tuis
2936 2627 3014 2680 sit
3045 2625 3336 2699 regula.ln
3363 2625 3492 2697 ipsa
3516 2625 3563 2679 si
3589 2642 3712 2697 qua

2050 2715 2326 2771 fortitudo
2371 2715 2487 2770 illis
2535 2716 2749 2788 injecta
2791 2719 2898 2783 est,
2934 2714 3282 2788 dirigantur,
3318 2715 3378 2769 in
3425 2731 3497 2769 ea
3546 2716 3708 2787 quod

2051 2805 2352 2860 imitentur
2372 2806 2660 2877 aspiciant
2682 2824 2696 2873 ;
2716 2806 2775 2861 in
2794 2804 2923 2878 ipsa
2939 2822 3000 2860 se
3027 2821 3257 2876 semper
3271 2804 3706 2860 considerando

2049 2895 2377 2966 proficiant,
2412 2899 2477 2949 ut
2505 2898 2698 2960 tuum,
2731 2898 2865 2965 post
2893 2894 3367 2962 Deum,videatur
3387 2909 3521 2948 esse
3542 2895 3701 2965 quod

2049 2985 2194 3039 bene
2222 2983 2602 3039 vixerint.Cor
2630 3000 2766 3057 ergo
2798 2999 2985 3055 neque
3016 2999 3293 3056 prospera
3322 2998 3452 3054 quae
3480 2987 3705 3054 tempo-

2048 3072 2246 3128 raliter
2272 3070 2675 3139 blandiuntur,
2708 3071 3008 3137 extollant,
3042 3089 3230 3145 neque
3259 3073 3505 3127 adversa
3553 3071 3702 3140 deji-

2047 3160 2237 3226 ciant;
2272 3162 2371 3217 sed
2403 3160 2687 3233 quidquid
2727 3160 2873 3216 illud
2921 3161 3112 3227 fuerit,
3144 3160 3354 3216 virtute
3404 3160 3703 3231 patientiae

2049 3250 2407 3306 devincatur.
2440 3249 2677 3305 Nullum
2710 3250 2866 3322 apud
2897 3254 2954 3305 te
2984 3250 3175 3306 locum
3206 3250 3433 3316 odium,
3467 3247 3702 3303 nullum

2050 3338 2210 3393 favor
2238 3336 2589 3393 indiscretus
2636 3336 2914 3391 inveniat.
2947 3335 3289 3392 Distrietum
3338 3339 3395 3391 te
3434 3334 3573 3391 mali
3602 3349 3705 3388 co-

2048 3430 2367 3499 gnoscant;
2402 3426 2693 3481 insontem
2729 3425 2884 3498 apud
2917 3429 2971 3480 te
3000 3424 3354 3497 culpabilem
3399 3424 3703 3497 suggestio

2050 3515 2205 3571 mala
2253 3533 2368 3571 non
2418 3516 2621 3581 faciat;
2656 3518 2959 3570 nocentem
3006 3514 3193 3588 gratia
3242 3530 3355 3568 non
3413 3516 3699 3568 excuset:

2050 3604 2362 3660 remissum
2396 3608 2450 3660 te
2482 3604 2962 3676 delinquentibus
2993 3620 3109 3658 non
3131 3603 3519 3668 ostendas,ne
3542 3601 3703 3674 quod

2047 3692 2207 3749 ultus
2239 3711 2353 3749 non
2388 3692 2586 3761 fueris,
2621 3692 2935 3765 perpetrari
2988 3690 3310 3764 permittas.
3344 3691 3434 3746 Sil.
3465 3691 3525 3744 in
3558 3697 3614 3745 te
3645 3695 3704 3744 et

2047 3782 2184 3838 boni
2208 3783 2460 3855 pastoris
2481 3781 2833 3850 dulcedo,sit
2853 3785 2910 3837 et
2921 3781 3144 3852 judicis
3164 3798 3365 3836 severa
3385 3778 3700 3845 districtio,

2048 3888 2234 3928 unum
2267 3872 2420 3945 quod
2452 3871 2791 3927 innocenter
2818 3870 3074 3926 viventes
3108 3870 3312 3937 foveat,
3346 3869 3507 3925 aliud
3542 3869 3698 3941 quod

2045 3960 2341 4033 inquietos
2373 3960 2663 4017 feriendos
2694 3977 2729 4015 a
2759 3958 3036 4032 pravitate
3058 3958 3532 4031 compescat.Sed
3557 3974 3702 4029 quo-

2045 4050 2203 4106 niam
2235 4065 2660 4121 nonnunquam
2684 4045 3129 4120 praepositurum
3149 4046 3312 4103 zelus
3332 4048 3477 4103 dum
3500 4046 3699 4102 distri-

2046 4143 2174 4195 ctus
2206 4138 2495 4195 malorum
2528 4137 2654 4193 vult
2679 4137 2890 4193 vindex
2910 4135 3398 4204 existere,transit
3414 4135 3479 4191 in
3500 4136 3702 4191 crude-

2046 4226 2269 4283 litatem
2305 4225 2610 4298 correptio,
2646 4225 2794 4281 iram
2831 4223 3057 4296 judicio
3085 4224 3333 4295 refrena,
3365 4226 3425 4280 et
3452 4239 3701 4280 censura

2043 4312 2364 4385 disciplinae
2396 4312 2481 4368 sic
2512 4316 2697 4380 utere,
2724 4316 2789 4367 ut
2817 4315 2874 4368 et
2902 4309 3106 4384 culpas
3140 4312 3335 4379 ferias,
3366 4315 3424 4366 et
3456 4328 3491 4366 a
3521 4311 3701 4367 dilec-

2042 4403 2199 4459 tione
2230 4418 2613 4474 personarum
2647 4418 2796 4474 quas
2826 4400 3071 4473 corrigis
3101 4418 3219 4456 non
3252 4400 3699 4456 recedas.Mise-

352 4489 638 4545 NICOLAUS
667 4489 998 4562 episcopus,
1033 4507 1235 4545 servus
1283 4506 1583 4545 servorum
1615 4490 1739 4555 Dei,
1772 4507 1931 4545 reve-
1965 4510 2009 4573 Ι)
2042 4490 2328 4547 ricordem
2370 4494 2448 4561 te,
2482 4495 2655 4562 prout
2700 4489 2887 4546 virtus
2932 4489 3173 4563 patitur,
3206 4488 3572 4561 pauperibus
3603 4505 3700 4544 ex-

282 4579 618 4635 rentissimo
648 4582 706 4634 et
735 4578 1108 4634 sanctissimo
1140 4578 1417 4633 confratri
1465 4583 1663 4633 nostro
1711 4580 1927 4634 ADELO-

279 4684 409 4722 νιΝο
441 4668 712 4740 episcopo
744 4672 957 4723 sanctae
988 4666 1333 4723 Juvavensis
1356 4665 1642 4721 Ecclesiae.

351 4756 568 4813 Diebus
599 4757 727 4813 vitae
759 4774 877 4811 suae
910 4756 1317 4810 tantummodo
1349 4753 1530 4809 solem
1553 4752 1803 4826 geluque
1825 4773 1928 4827 pro

280 4846 472 4919 gregis
505 4846 596 4902 sui
628 4846 894 4901 custodia
925 4844 1018 4898 die
1049 4860 1114 4898 ac
1149 4847 1314 4897 nocte
1346 4842 1494 4897 ferre
1515 4843 1769 4899 contenti
1791 4849 1931 4900 sunt

280 4935 450 5004 (a),ut
480 4951 667 5006 neque
692 4951 760 4989 ex
780 4933 863 4989 eis
886 4937 987 4988 aut
1010 4932 1256 4987 errando
1280 4935 1605 5002 pereat,aut
1626 4932 1831 4988 ferinis
1853 4934 1929 4990 la-

279 5021 437 5077 niata
462 5023 757 5078 morsibus
788 5022 1052 5094 rapiatur
1077 5019 1261 5074 oculis
1291 5036 1525 5091 semper
1552 5019 1927 5093 vigilantibus

277 5110 1015 5182 circumspectant,quanto
1048 5108 1260 5164 sudore
1291 5113 1626 5181 quantaque
1656 5127 1795 5167 cura
1824 5113 1928 5169 de-

278 5198 483 5254 bemus
516 5215 644 5253 esse
673 5197 1002 5270 pervigiles,
1037 5212 1145 5251 nos
1171 5197 1271 5266 qui
1302 5201 1564 5268 pastores
1595 5199 1925 5257 animarum

276 5286 928 5351 dicimur,attendamus
947 5289 1004 5339 et
1021 5288 1359 5356 susceptum
1377 5285 1635 5353 ofﬁcium
1655 5288 1926 5346 exhibere

275 5390 412 5447 erga
440 5372 763 5428 custodiam
790 5370 1225 5429 Dominicarum
1248 5372 1438 5430 ovium
1464 5393 1577 5433 non
1600 5394 1920 5447 cessemus,

2039 4580 2207 4650 hibe;
2240 4579 2536 4652 oppressis
2568 4580 2826 4635 defensio
2860 4583 2963 4633 tua
2993 4577 3334 4645 subveniat;
3359 4577 3700 4650 opprimen-

2038 4669 2195 4725 tibus
2254 4669 2518 4725 modesta
2568 4667 2714 4723 ratio
2772 4667 3165 4735 contradicat;
3202 4664 3431 4722 nullius
3494 4666 3697 4722 faciem

2039 4763 2242 4813 contra
2253 4757 2550 4829 justitiam
2575 4756 2827 4829 accipias
2847 4754 3143 4829 [aspicias]
3163 4773 3179 4824 ;
3200 4753 3432 4810 nullum
3455 4772 3698 4827 queren-

2038 4851 2157 4902 tem
2181 4848 2347 4917 justa
2377 4845 2690 4918 despicias.
2714 4845 2992 4901 Custodia
3020 4844 3078 4899 in
3112 4848 3167 4899 te
3195 4843 3495 4916 aequitatis
3517 4842 3694 4899 excel-

2038 4935 2139 5001 lat,
2172 4940 2238 4991 ut
2270 4952 2373 4991 nec
2422 4934 2658 4991 divitem
2712 4933 2972 5007 potentia
3011 4950 3120 4989 sua
3151 4932 3374 5004 aliquid
3410 4933 3571 5004 apud
3602 4948 3695 4988 vos

2036 5042 2105 5081 ex
2135 5024 2294 5080 rabie
2327 5027 2512 5096 [extra
2548 5023 2724 5094 viam]
2774 5023 2982 5079 suadet
3029 5022 3272 5078 rationis
3321 5021 3562 5087 audere,
3598 5036 3693 5076 nec

2037 5129 2354 5186 pauperem
2382 5114 2453 5169 de
2491 5130 2552 5169 se
2600 5130 2707 5169 sua
2753 5111 3060 5167 humilitas
3107 5111 3282 5167 faciat
3331 5110 3690 5182 desperare:

2036 5206 2327 5273 quatenus
2352 5207 2461 5258 Deo
2494 5202 2813 5259 miserante
2845 5199 3007 5256 utilis
3039 5199 3230 5272 possis
3256 5197 3529 5265 existere,
3559 5214 3692 5270 qua-

2036 5290 2148 5346 lem
2181 5307 2347 5347 sacra
2376 5291 2547 5347 lectio
2578 5289 2852 5363 praecepit
2881 5288 3081 5344 dicens
3105 5305 3118 5343 :
3147 5287 3365 5360 Oportet
3384 5289 3687 5358 episcopum

2036 5381 2572 5450 inreprehensibilem
2595 5395 2724 5435 esse.
2755 5378 2866 5434 Sed
2896 5378 2987 5433 his
3018 5377 3297 5433 omnibus
3328 5375 3416 5431 uti
3449 5373 3684 5432 salubri-

347 5483 424 5547 (a)
455 5473 1114 5562 Degstali‘qui‘dﬁlpist.
1148 5482 1235 5562 87,
1270 5482 1340 5562 ad
1377 5483 1754 5542 Rembertum
1783 5502 1795 5543 :
1825 5487 1889 5544 Si
1900 5494 2139 5561 pastores
2164 5489 2348 5545 ovium
2377 5488 2546 5546 solem
2591 5488 2823 5562 geluque
2854 5502 2957 5562 pro
3002 5487 3184 5558 gregis
3211 5485 3303 5545 sui
3332 5481 3575 5542 custodia
3602 5480 3694 5561 die

275 5565 339 5607 ac
358 5545 510 5607 necte
533 5545 687 5618 ferre
716 5551 955 5606 contenti
979 5545 1131 5622 'sunt,
1164 5545 1240 5613 ui.
1275 5558 1384 5613 etc.
