3894 6204
152 364 259 425 7'77

1346 347 1749 409 EPISTOLE
1792 346 1894 407 ET
1936 346 2293 408 DECRETA
2310 392 2323 406 .

3426 348 3544 424 778

152 497 282 553 dum
323 489 413 551 sit,
445 482 758 558 apostolica
801 483 1103 540 sanctione
1143 481 1542 539 difﬁniemus:
1577 483 1642 535 ut
1685 496 1780 534 ve-
1809 479 1862 565 Α
1895 480 2288 549 crederentur,
2322 481 2575 553 profecto
2606 485 2661 537 et
2692 481 2952 554 ipsarum
2983 479 3262 555 reliquiis,
3294 497 3545 553 quorum

149 589 260 639 stra
277 574 527 635 Ecclesia
556 590 680 645 quae
712 571 893 626 tantis
939 568 1197 643 quotidie
1229 569 1496 641 quatitur
1525 567 1782 624 anxieta-

148 671 314 733 tibus,
352 660 703 720 inviolabilis
743 659 1017 732 deinceps
1061 662 1117 715 et
1163 658 1513 715 inconcussa
1553 673 1782 729 perma-

152 761 297 815 neat.

212 846 285 901 De
332 838 684 914 imaginibus
733 842 952 903 autem,
994 852 1312 908 earumque
1363 833 1782 891 observationi-

149 937 270 1000 bus,
296 930 426 986 licet
463 926 625 983 nulla
669 926 987 983 necessitas
1017 930 1170 982 esset
1201 924 1474 991 scribere,
1508 940 1574 979 eo
1623 922 1782 995 quod

148 1026 466 1079 nostrorum
499 1020 939 1072 antecessorum
976 1012 1401 1071 venerabilium
1437 1011 1779 1084 pontiﬁcum

140 1116 329 1168 sancta
375 1105 703 1163 sollicitudo
754 1102 1048 1161 catholico
1089 1102 1293 1158 ardore
1324 1118 1593 1163 succusa,
1628 1098 1782 1155 mul-

142 1206 195 1255 ta
220 1201 275 1253 et
301 1195 463 1252 valde
491 1194 659 1249 utilia
690 1192 955 1249 Ecclesiae
1001 1191 1104 1247 Dei
1144 1191 1449 1263 profutura
1477 1188 1733 1249 instituit
1763 1207 1780 1243 :

136 1294 318 1343 tamen
362 1283 502 1357 quia
550 1283 824 1355 frequens
881 1280 1111 1337 iteratio
1171 1278 1603 1335 informationis
1634 1276 1782 1334 solet

130 1371 594 1430 venerabiliorem
646 1367 1029 1425 intentionem
1065 1367 1306 1424 reddere
1355 1366 1616 1430 audienti
1650 1383 1663 1420 :
1699 1366 1781 1421 id-

128 1479 301 1536 eoque
330 1462 401 1518 de
430 1460 650 1517 eisdem
700 1476 803 1532 pro
834 1458 1236 1515 conservanda
1290 1456 1517 1515 unitate
1564 1454 1780 1528 populo

128 1552 221 1609 Dei
266 1549 490 1622 aliquid
550 1564 834 1620 exponere
863 1564 1160 1603 curamus.
1197 1545 1521 1602 Pristinam
1582 1544 1781 1616 itaque

127 1646 452 1697 sanctorum
486 1637 725 1699 Patrum
756 1635 1152 1701 traditionem,
1184 1651 1371 1707 quam
1402 1651 1435 1690 a
1466 1624 1780 1706 praedeces-

128 1729 349 1786 soribus
384 1726 604 1783 nostris
635 1724 995 1782 beatissimis
1028 1728 1085 1779 et
1112 1722 1451 1781 orthodoxis
1486 1720 1777 1793 pontiﬁci-

132 1821 257 1883 bus,
292 1816 393 1889 qui
438 1820 574 1919 post
620 1814 856 1919 beatum
891 1813 1125 1919 Petrum
1176 1812 1237 1919 in
1286 1812 1414 1882 ejus
1464 1808 1781 1909 apostolica
1810 1849 1858 1919 Β

125 1908 257 1964 sede
288 1904 660 1971 resederunt,
694 1901 864 1958 nobis
917 1900 1340 1957 observandam
1386 1899 1777 1970 suscepimus,

125 2001 178 2052 et
206 1995 491 2051 hactenus
534 1991 951 2048 immutilatam
994 1989 1115 2046 haec
1164 1993 1366 2045 sancta
1408 1985 1695 2043 catholica
1724 1990 1782 2042 et

126 2082 440 2157 apostolica
472 2085 633 2138 tenet
662 2097 728 2136 ac
770 2079 1031 2139 defendit
1068 2077 1343 2134 Ecclesia.
1377 2076 1615 2148 Oportet
1645 2091 1780 2147 ergo

127 2178 242 2229 tota
272 2171 493 2228 mentis
538 2168 881 2235 intentione,
906 2167 1242 2238 summique
1290 2164 1564 2221 desiderii
1614 2180 1783 2220 cona-

122 2262 274 2319 mine
305 2259 675 2319 venerandas
708 2262 828 2317 tam
877 2255 1109 2313 Domini
1144 2254 1331 2310 nostri
1368 2254 1506 2310 Jesu
1540 2251 1779 2318 Christi,

122 2367 292 2423 quam
350 2365 473 2406 suae
537 2346 923 2404 sanctissime
982 2343 1303 2417 genitricis,
1364 2347 1420 2398 et
1475 2342 1780 2397 beatorum

121 2437 551 2511 apostolorum,
583 2440 759 2508 atque
809 2432 1073 2491 omnium
1113 2437 1451 2497 sanctorum
1494 2429 1780 2503 imagines

119 2527 380 2601 venerari
414 2530 474 2581 et
500 2524 691 2581 colere
723 2542 735 2579 :
770 2526 836 2579 ut
866 2540 931 2579 eo
964 2539 1078 2595 quo
1109 2520 1372 2578 valemus
1402 2519 1616 2574 annixu
1650 2535 1782 2574 con-

123 2624 207 2674 tra
238 2615 656 2672 haereticorum
694 2612 1014 2680 vesaniam,
1039 2611 1138 2683 qui
1188 2610 1260 2666 ab
1310 2626 1511 2665 earum
1542 2623 1779 2664 venera-

121 2707 273 2762 tione
303 2703 601 2779 populum
633 2701 961 2775 prohibent,
996 2699 1264 2756 resistere
1294 2699 1658 2754 studeamus.

187 2796 335 2851 Nam
368 2794 433 2849 in
466 2809 612 2866 pace
642 2790 910 2849 Ecclesia:
933 2789 1289 2846 constitutus
1318 2786 1400 2842 nil
1423 2784 1780 2842 contrarium

119 2901 244 2940 esse
275 2886 501 2955 potest,
537 2881 587 2938 si
618 2884 953 2937 sanctorum
992 2877 1216 2950 efﬁgies
1265 2875 1511 2950 propriae
1542 2873 1781 2947 depictas

118 2972 394 3030 ﬁdelibus
474 2974 733 3044 augeant
802 2967 1147 3024 incrementi
1217 2981 1496 3022 amorem.
1568 2965 1785 3019 Revera

111 3059 245 3132 quia
277 3060 427 3116 dum
485 3076 692 3116 eorum
720 3056 919 3114 vultus
965 3057 1265 3129 aspicitur,
1300 3060 1357 3111 et
1395 3054 1589 3126 operis
1633 3051 1781 3109 actio

111 3148 414 3215 recolitur,
441 3148 624 3214 Deus,
648 3135 816 3218 cujus
864 3145 1149 3202 habitatio
1189 3145 1247 3198 in
1280 3142 1364 3200 eis
1413 3159 1541 3199 esse
1572 3141 1781 3213 digno-

1848 572 2027 624 ’caro
2074 569 2506 640 corruptionem
2555 570 2739 626 sensit
2785 570 2845 625 in
2897 569 3126 626 tumulo
3186 587 3290 643 pro
3340 558 3547 641 neutro

1895 657 2071 729 (quod
2105 657 2277 729 absit)
2323 657 2521 713 haberi
2553 658 2921 715 deberentur.
2945 659 3359 729 Verumtamen
3394 659 3444 727 si
3473 658 3547 725 ad

1894 762 2096 802 eorum
2119 747 2479 803 consortium
2502 747 2697 803 venire
2723 753 3019 823 optamus,
3037 748 3296 819 profecto
3318 746 3411 803 hic
3432 763 3552 803 om-

1895 833 1993 889 nia
2024 835 2082 891 in
2115 835 2331 892 bonore
2363 841 2724 907 sanctorum,
2752 836 2807 891 id
2841 841 2931 893 est
2967 842 3088 895 tam
3123 834 3402 909 reliquias
3432 853 3548 907 non

1894 923 2087 979 solum
2117 941 2451 997 corporum,
2477 926 2578 981 sed
2608 930 2666 980 et
2704 925 3207 999 vestimentorum,
3234 942 3337 997 seu
3371 924 3547 995 etiam

1892 1011 2181 1086 imagines
2212 1014 2406 1069 vultus
2439 1012 2671 1070 illorum
2702 1013 2763 1069 in
2797 1014 3056 1087 quolibet
3098 1013 3223 1070 loco
3263 1014 3544 1086 depictas,

1892 1100 2270 1159 celeberrimo
2302 1103 2520 1159 honore
2550 1104 2811 1160 venerari
2840 1104 3140 1172 debemus,
3167 1102 3544 1161 reminiscen-

1891 1194 1977 1247 tes
2009 1189 2178 1258 illud,
2202 1192 2355 1264 quod
2379 1192 2561 1250 Isaias
2590 1193 2842 1266 speciem
2867 1190 3144 1265 subjectae
3175 1196 3450 1265 creatura:
3483 1207 3546 1253 se

1888 1279 2105 1336 vidisse
2137 1285 2406 1349 testatur,
2430 1281 2628 1337 dicens
2669 1299 2682 1337 :
2728 1282 2849 1339 Vidi
2877 1283 3169 1349 Dominum
3212 1281 3431 1353 sabaei}:
3468 1297 3546 1360 se-

1889 1368 2100 1425 dentem
2153 1386 2318 1441 super
2360 1371 2557 1426 solium
2600 1372 2896 1437 excelsum,
2921 1378 2973 1427 et
2998 1386 3063 1427 ea
3093 1385 3219 1446 quae
3271 1370 3371 1427 sub
3430 1372 3544 1443 ipsa

1889 1465 2049 1513 erant
2075 1459 2372 1530 implebant
2401 1460 2660 1532 templum
2690 1461 2813 1533 (Isa.
2848 1462 2950 1528 v1),
2982 1463 3089 1515 etc.

1962 1547 2194 1603 Accedit
2223 1546 2418 1620 itaque
2450 1549 2640 1606 Moses
2668 1552 2724 1604 et
2764 1550 2978 1616 Aaron,
3006 1552 3071 1604 ut
3099 1548 3361 1623 viderent
3389 1547 3544 1615 thro-

1889 1653 2030 1691 num
2064 1635 2163 1691 ubi
2196 1640 2433 1695 steterat
2478 1637 2651 1706 Deus,
2685 1640 2743 1693 et
2789 1641 2913 1695 erat
2960 1637 3070 1693 sub
3100 1637 3368 1713 pedibus
3413 1638 3541 1709 ejus

1888 1729 2170 1798 tanquam
2203 1742 2350 1798 opus
2381 1725 2595 1798 lapidis
2627 1726 2912 1799 sapphiri,
2938 1731 2996 1782 et
3025 1725 3181 1799 velut
3212 1726 3544 1795 ﬁrmamen-

1888 1818 2015 1869 tum
2045 1813 2174 1869 εαξΙί
2205 1814 2262 1870 in
2296 1814 2557 1871 claritate
2588 1815 2850 1889 fulgoris,
2883 1821 2939 1871 et
2967 1816 3204 1890 stabant
3234 1815 3539 1883 cherubim

1891 1921 1959 1958 ex
1988 1919 2128 1958 auro
2160 1904 2402 1959 mundo.
2427 1905 2559 1970 Quae
2593 1903 2812 1970 omnia,
2844 1905 3167 1960 secundum
3199 1906 3354 1977 quod
3385 1903 3543 1960 Salo-

1892 2008 2027 2046 mon
2060 1995 2259 2064 postea
2291 1991 2348 2046 in
2377 1991 2597 2064 templo
2628 1992 2924 2061 instruxit,
2948 1992 3008 2048 in
3039 1996 3235 2049 monte
3268 2011 3401 2049 cum
3433 1993 3541 2063 Do-

1891 2079 2050 2136 mino
2083 2078 2350 2152 loquens,
2377 2080 2696 2154 imaginata
2728 2085 2785 2137 et
2814 2081 3168 2157 praesignata
3197 2081 3363 2141 vidit.

1961 2169 2090 2224 Haec
2122 2175 2179 2223 et
2222 2169 2314 2224 his
2347 2168 2564 2225 similia
2595 2170 2986 2243 praecedentes
3035 2172 3236 2227 Patres
3282 2171 3539 2240 sciendo,

1892 2258 2089 2314 icouas
2123 2256 2440 2314 Salvatoris
2480 2258 2663 2313 nostri
2693 2259 2832 2314 Jcsu
2865 2258 3096 2326 Christi,
3120 2260 3365 2333 ejusque
3407 2276 3542 2327 san-

1891 2347 2164 2403 ctissimae
2183 2346 2489 2402 Genitricis
2512 2364 2860 2420 semperque
2875 2347 3544 2422 Virginis,omniumque

1890 2441 2227 2492 sanctorum
2276 2436 2334 2491 in
2384 2435 2704 2508 parietibus
2754 2436 3156 2506 ecclesiarum,
3217 2438 3543 2507 secundum

1891 2525 2045 2596 quod
2078 2529 2311 2596 tempus
2342 2524 2513 2580 hodie
2540 2525 2766 2597 probat,
2792 2526 3195 2597 depinxerunt,
3219 2530 3277 2596 et
3307 2526 3545 2600 pingere

1892 2629 1995 2679 pro
2017 2613 2291 2686 congruis
2313 2611 2456 2669 locis
2478 2614 2637 2668 omni
2666 2613 2973 2670 dilectione
2995 2631 3183 2688 usque
3204 2616 3263 2670 in
3286 2632 3542 2688 praesens

1892 2719 2007 2758 non
2032 2701 2479 2774 prohibuerunt.
2503 2701 2648 2765 Quid
2672 2702 3002 2758 Christiano
3021 2704 3328 2760 verissimo
3352 2709 3539 2773 nocet,

1893 2790 1941 2844 si
1976 2789 2130 2861 quod
2162 2792 2319 2844 amat
2339 2794 2395 2843 et
2425 2789 2637 2863 diligit,
2658 2807 2772 2845 non
2805 2791 2876 2846 ad
2903 2791 3267 2849 adorandum
3287 2792 3537 2860 deiﬁcet,

1892 2878 1994 2935 sed
2025 2878 2097 2932 ad
2132 2879 2504 2933 tremendum
2536 2877 2892 2947 terribiliter,
2926 2878 2984 2933 in
3016 2879 3235 2951 pariete
3264 2879 3352 2936 vel
3380 2880 3538 2953 ligno

1891 2966 2199 3039 depingit?

1962 3055 2200 3122 Verum,
2225 3055 2364 3128 quid
2395 3055 2598 3127 ofﬁcit,
2621 3055 2669 3112 si
2701 3055 3019 3130 aspicimus
3056 3056 3346 3130 imagines
3376 3056 3538 3114 Chri-

1895 3145 1970 3201 sti
2003 3145 2062 3200 in
2094 3144 2311 3216 templo
2342 3143 2628 3213 Ecclesiae,
2649 3149 2707 3201 et
2732 3145 2793 3200 in
2833 3162 3044 3202 arcano
3075 3146 3269 3203 cordis
3296 3163 3540 3219 praeme-

108 3238 314 3303 scitur,
370 3236 637 3309 perfecte
685 3234 980 3290 laudatur.
1014 3233 1178 3288 Certe
1236 3232 1284 3289 si
1345 3236 1518 3297 Deus,
1552 3229 1652 3303 qui
1695 3237 1784 3285 est
1814 3215 1856 3281 (ἶ
1896 3234 2155 3289 ditamur
2175 3215 2308 3289 eum
2332 3235 2850 3307 venturum,cujus
2880 3234 3196 3309 imaginem
3224 3215 3540 3309 cernimus,

107 3325 431 3382 invisibilis
465 3330 532 3382 et
572 3325 967 3396 incorporeus,
1001 3340 1114 3380 non
1166 3338 1269 3394 per
1317 3319 1612 3394 propriam
1646 3319 1784 3375 sub-

104 3414 396 3471 stantiam
464 3412 727 3479 deitatis,
752 3413 853 3468 sed
914 3429 1017 3485 per
1073 3411 1400 3482 subjectam
1457 3412 1783 3464 creaturam

105 3503 459 3560 mortalium
494 3501 767 3575 apparuit
791 3500 979 3557 oculis
1000 3505 1058 3557 et
1078 3499 1451 3556 credentibus
1481 3512 1784 3552 summum

103 3596 263 3649 esset
310 3592 569 3649 culmen
618 3590 904 3647 honoris:
940 3605 1120 3662 quare
1163 3588 1371 3643 anima:
1421 3589 1782 3652 sanctorum,

105 3700 233 3754 qua
278 3685 610 3739 manentes
668 3680 726 3734 in
775 3695 1015 3752 corpore
1072 3676 1268 3733 vultus
1315 3676 1786 3746 uniuscujusque

102 3771 401 3828 habuisse
447 3773 799 3835 noscuntur,
824 3767 1148 3824 secundum
1190 3763 1636 3837 dispositionem
1690 3761 1785 3818 Dei

1892 3321 2067 3378 citius
2089 3321 2352 3376 vivorum
2375 3326 2432 3377 et
2452 3327 2814 3378 mortuorum
2830 3324 3093 3395 judicem
3115 3324 3544 3381 adventurum?

1893 3411 2043 3477 Quid
2078 3410 2211 3466 ﬁdei
2262 3415 2472 3466 nostrae
2514 3412 2880 3482 contradicit,
2909 3414 3064 3487 quod
3110 3413 3170 3469 in
3216 3418 3413 3470 centro
3443 3430 3544 3481 caf

1895 3517 2065 3556 merae
2096 3516 2272 3572 super
2320 3498 2524 3567 altare,
2547 3501 2676 3572 ejus
2718 3502 2968 3575 ﬁguram
3009 3502 3164 3576 quod
3194 3502 3382 3558 Verbo
3411 3518 3543 3571 caro

1893 3589 2113 3645 factum
2146 3594 2253 3657 est,
2288 3594 2347 3645 et
2387 3589 2673 3646 habitavit
2727 3591 2787 3646 in
2846 3591 3034 3660 nobis,
3068 3592 3275 3648 animae
3332 3594 3543 3648 nostra:

1894 3679 2218 3735 affectando
2248 3678 2603 3746 desiderant,
2622 3680 2792 3752 cujus
2813 3680 3006 3755 imago
3028 3681 3284 3737 nominis
3303 3679 3543 3749 titulum

1894 3771 2161 3835 retentat,
2196 3771 2253 3823 et
2282 3768 2421 3839 quia
2478 3784 2582 3840 per
2629 3774 2900 3825 naturam
2935 3769 3148 3827 Filium
3204 3770 3542 3837 adoramus,

99 3860 244 3916 dicit
277 3860 405 3934 ipsi
440 3858 740 3932 placentia
765 3861 1035 3929 Operatas
1064 3872 1212 3921 esse,
1240 3871 1351 3909 non
1382 3857 1733 3923 venerentur
1753 3869 1787 3906 a

99 3948 274 4005 nobis
308 3965 548 4022 magno
579 3947 836 4003 honore?
865 3945 979 4001 Cur
1024 3961 1226 4000 eorum
1274 3958 1641 4012 exsecrcmur
1670 3940 1788 3995 efﬁ-

95 4040 245 4111 gies,
282 4056 402 4111 per
438 4054 597 4110 quos
623 4035 971 4110 agnovimus
998 4033 1135 4090 ﬁdei
1164 4031 1503 4088 veritatem?
1571 4037 1575 4041 '

166 4126 489 4201 Apparuit
547 4142 759 4198 nempe
815 4124 970 4181 Deus
1035 4121 1279 4178 Abrahae
1346 4118 1496 4192 patri
1564 4124 1784 4188 nostro,

90 4235 209 4272 non
246 4217 314 4272 in
351 4231 567 4284 carne,
596 4230 789 4286 neque
817 4212 878 4268 in
910 4211 1127 4279 anima,
1162 4209 1261 4265 sed
1295 4208 1353 4263 in
1384 4207 1576 4281 specie
1607 4208 1787 4263 trium

90 4307 372 4362 virorum
414 4322 429 4360 :
473 4305 694 4378 quibus
744 4301 842 4358 ille
880 4301 1037 4357 aliud
1072 4315 1337 4366 cernens,
1369 4301 1424 4353 et
1472 4296 1630 4353 aliud
1661 4312 1789 4352 esse
1896 4297 2229 4370 pavimenta
2276 4297 2582 4354 adornant.
2616 4297 2761 4364 Quia
2791 4314 2923 4354 vero
2968 4302 3262 4355 sacratum
3308 4302 3398 4369 est
3441 4299 3543 4366 Dei

84 4394 490 4469 intelligens,
556 4408 775 4465 pronus
828 4390 890 4445 in
943 4394 1100 4445 terra
1154 4386 1437 4454 adoravit,
1484 4388 1541 4441 et
1595 4384 1784 4441 dixit:
1898 4385 2208 4459 adjutorio,
2232 4385 2768 4442 etbenedictionem
2790 4386 3068 4459 suscepit,
3093 4388 3249 4445 unde
3269 4392 3547 4457 etmensa

89 4486 362 4552 Domine,
401 4485 466 4539 si
516 4482 706 4537 inveni
759 4482 1001 4550 gratiam
1059 4480 1121 4533 in
1176 4476 1348 4533 oculis
1402 4477 1532 4542 tuis,
1564 4474 1793 4546 amaram
1900 4480 2102 4532 sancta
2132 4474 2404 4540 efﬁcitur,
2436 4475 2607 4547 panis
2656 4476 2889 4552 iterum,
2922 4476 3023 4548 qui
3075 4493 3252 4548 super
3292 4492 3426 4541 eum
3459 4475 3544 4543 of-

83 4548 357 4645 aquam,’
393 4579 469 4629 ut
520 4548 776 4627 laventur
806 4568 967 4642 pedes
1010 4567 1179 4623 vestri
1207 4564 1357 4638 (Gen.
1386 4563 1500 4636 xv).
1534 4563 1794 4618 Credidit
1820 4586 1868 4645 Β
1899 4558 2100 4632 fertur,
2132 4564 2304 4637 panis
2332 4568 2421 4622 est
2470 4564 2709 4636 quidem
2757 4548 3123 4635 communis;
3155 4566 3258 4635 sed
3310 4565 3545 4638 quando

86 4662 253 4718 illico
278 4660 609 4716 Abraham
642 4658 781 4724 Deo,
812 4662 869 4712 et
907 4659 1243 4729 reputatum
1273 4658 1362 4709 est
1397 4651 1481 4707 illi
1514 4653 1587 4708 ad
1611 4650 1788 4724 justi-
1817 4650 1855 4683 υ
1897 4654 2022 4726 ipse
2069 4658 2435 4710 sacramento
2464 4658 2727 4711 sacratus
2755 4654 2951 4722 fuerit,
2977 4671 3190 4729 corpus
3240 4654 3456 4712 Christi
3484 4656 3545 4713 in

82 4750 348 4820 tiam,et
396 4747 640 4804 amicus
669 4746 769 4803 Dei
802 4744 1129 4819 appellatus
1160 4746 1267 4799 est.
1297 4741 1584 4814 Apparuit
1630 4740 1792 4796 deni-
1898 4743 2139 4800 veritate
2188 4743 2272 4812 ﬁt,
2297 4748 2355 4800 et
2401 4743 2635 4799 dicitur.
2660 4744 2755 4801 Sic
2785 4749 2841 4802 et
2870 4745 3072 4800 vinum
3120 4743 3416 4800 modicum
3448 4742 3549 4805 ali—

83 4856 207 4911 que
240 4838 459 4895 Jacob
495 4852 597 4909 per
628 4835 902 4906 subjectae
932 4836 1207 4889 creature
1250 4826 1524 4903 speciem,
1558 4829 1709 4885 unde
1738 4833 1795 4885 et
1901 4831 2043 4905 quid
2075 4831 2253 4913 digna
2299 4833 2605 4889 existentia
2651 4838 2785 4890 ante
2834 4835 3294 4905 benedictionem
3312 4834 3392 4905 (α)
3416 4838 3549 4907 post

77 4928 240 4984 dixit
267 4945 284 4983 :
325 4926 484 4982 Vidi
530 4926 833 4981 Dominum
861 4924 1005 4996 facie
1032 4922 1108 4977 ad
1129 4922 1346 4995 faciem,
1375 4928 1425 4976 et
1468 4921 1620 4974 salva
1647 4921 1794 4990 facta
1887 4920 2421 4978 ,sanctiﬁcationem
2454 4921 2730 4996 Spiritus,
2757 4923 2999 4998 sanguis
3030 4923 3243 4980 Christi
3272 4924 3544 4981 efﬁcitur.

78 5025 161 5073 est
194 5020 429 5073 anima
466 5030 587 5070 mea
626 5014 778 5083 (Gen.
810 5012 1173 5085 xxxu).Ecce
1221 5009 1598 5081 incorporeus
1640 5007 1795 5063 Deus
1904 5012 2038 5083 lpsa
2066 5010 2220 5066 enim
2261 5011 2450 5068 crucis
2498 5011 2690 5086 imago
2721 5017 3038 5085 antequam
3087 5013 3375 5086 suscipiat
3419 5015 3548 5087 ejus

77 5111 139 5163 et
172 5102 544 5162 invisibilis
576 5119 679 5175 per
721 5101 975 5175 speciem
1017 5099 1290 5170 subjectae
1322 5100 1598 5152 creaturae
1628 5095 1709 5151 ita
1733 5113 1794 5152 se
1902 5099 2101 5155 formae
2133 5099 2406 5172 ﬁguram,
2435 5099 2661 5172 lignum
2692 5102 2765 5157 ab
2795 5102 3071 5159 omnibus
3100 5119 3414 5161 commune
3439 5109 3548 5162 est.

76 5194 482 5251 mortalium
511 5190 694 5248 voluit
720 5190 902 5246 videri
953 5189 1275 5253 obtutibus,
1310 5189 1372 5240 ut
1422 5185 1795 5242 credentibus
1903 5187 2241 5260 Suscipiens
2271 5193 2466 5244 autem
2496 5189 2833 5246 omnimodo
2860 5193 3251 5249 venerandam
3282 5193 3555 5251 similitu-

74 5287 252 5340 esset
279 5284 366 5338 ad
396 5280 663 5355 gratiam
689 5295 702 5335 :
727 5295 832 5334 cur
862 5277 1031 5334 nobis
1055 5279 1394 5332 sanctorum
1425 5273 1797 5346 icones,quos
1906 5277 2126 5344 dinem,
2153 5292 2319 5332 sacra
2358 5280 2463 5345 est,
2488 5282 2546 5333 et
2575 5278 2939 5336 daemonibus
2984 5281 3283 5352 terribilis,
3316 5288 3553 5357 propter

72 5386 449 5445 corporeus
487 5373 544 5424 et
589 5367 849 5424 visibiles
894 5365 1074 5422 fuisse
1122 5363 1437 5430 credimus,
1474 5362 1521 5417 si
1556 5362 1686 5418 illos
1736 5367 1802 5418 ut
1909 5365 2062 5437 quod
2094 5364 2154 5419 in
2184 5381 2252 5419 ea
2279 5365 2568 5438 ﬁguratus
2598 5371 2687 5422 est
2715 5368 3006 5426 Christus.

67 5478 223 5517 vere
274 5456 534 5514 Christi
582 5472 926 5514 veneremur
974 5453 1214 5518 amicos,
1249 5455 1523 5524 poterunt
1569 5467 1698 5506 esse
1728 5452 1799 5507 ad
1979 5454 2110 5508 Haec
2139 5453 2295 5508 brevi
2327 5453 2474 5526 stylo
2508 5458 2993 5527 transcurrentes,
3027 5476 3162 5516 cum
3193 5460 3380 5519 multa
3406 5461 3558 5519 dice-

68 5547 408 5624 eulpam?
450 5546 601 5602 Nam
634 5545 684 5601 si
718 5561 920 5601 eorum
971 5541 1192 5618 efﬁgies
1241 5537 1623 5597 exsecrabiles
1673 5556 1803 5602 esse
1912 5560 1972 5603 re
2006 5538 2645 5618 quivissemus,vestrw
2698 5545 2996 5605 serenitati
3039 5550 3552 5626 transcripsimus;

148 5640 244 5717 (α)
283 5638 518 5696 Locus
547 5633 889 5692 mendosus.

465 5761 737 5826 Parnm"
783 5760 982 5827 CXIX.
1647 5758 1651 5762 ’

3160 5771 3235 5835 25

1895 3873 2074 3929 quare
2105 3873 2207 3928 per
2236 3856 2611 3928 adoptionem
2653 3874 2866 3913 nomen
2908 3875 3123 3915 novum
3162 3858 3450 3931 scriptum
3481 3858 3542 3914 in

1894 3943 2138 4011 calculo,
2160 3944 2247 4000 vel
2292 3944 2542 4017 gemmis
2573 3962 2688 4001 non
2720 3947 3074 4002 adoremus?
3100 3946 3296 4002 Altare
3345 3948 3544 4018 itaque

1895 4038 2187 4099 sanctum,
2208 4033 2266 4088 in
2290 4049 2404 4106 quo
2435 4039 2546 4090 Dco
2568 4034 2951 4106 omnipotenti
2972 4034 3392 4091 sacriﬁciorum
3412 4039 3545 4093 vota

1895 4119 2307 4196 persolvimus,
2330 4121 2512 4194 lapsis
2534 4125 2622 4176 est
2649 4121 2994 4178 naturaliter
3023 4122 3373 4191 communis,
3396 4119 3545 4181 nihil

1896 4208 2170 4264 differens
2203 4209 2274 4265 ab
2305 4207 2436 4265 aliis
2484 4207 2722 4277 tabulis,
2750 4225 2877 4281 quae
2907 4209 3162 4282 parietes
3208 4215 3439 4267 nostros
3487 4212 3547 4277 et
