3894 6204
374 355 489 417 779

1746 354 2056 420 NICOLAI
2100 354 2329 418 ΡΑΡᾹΞ
2370 356 2417 415 I.

3666 349 3767 408 780

375 488 517 560 quia
546 487 837 546 Adrianus
868 490 1282 546 sanctissimus
1316 488 1527 563 praesul
1560 494 1892 547 antecessor
1918 507 2024 546 no-
2050 491 2108 559 Α
2207 489 2448 561 Explicit
2473 487 2701 560 cpistola
2731 487 2799 541 ab
2828 485 3123 559 apostolica
3156 482 3277 540 sede
3304 480 3373 537 ad
3406 482 3763 553 imperatorer:

375 580 499 632 ster
529 577 717 633 multa
746 580 817 633 de
847 579 940 635 his
985 579 1044 634 in
1076 578 1362 652 epistolis,
1390 597 1517 651 quae
1548 579 1833 636 hactenus
1881 580 2035 651 apud

376 664 1087 739 Constantinopolitanam
1109 669 1404 724 habentur
1421 668 1759 737 Ecclesiam,
1775 670 2038 725 scribens

376 754 752 824 contradidit,
784 756 841 812 in
877 758 1101 829 quibus
1133 757 1421 830 quidquid
1456 757 1636 830 hujus
1666 758 1747 813 rei
1781 758 2042 815 necessi-

380 846 473 899 tas
522 844 795 917 coegerit,
828 846 1086 903 invenire
1138 846 1421 920 poteritis.
1456 847 1697 919 Oportet
1745 847 1900 902 enim
1948 864 2040 902 ve-

380 935 570 989 strum
605 934 910 1006 imperiale
940 936 1139 1002 decus,
1172 936 1329 1008 quod
1365 935 1423 991 in
1456 936 1734 992 omnibus
1768 936 2039 991 ecclesia-

382 1020 543 1077 sticis
592 1022 951 1080 utilitatibus
979 1024 1173 1097 vigere
1224 1024 1578 1093 audivimus,
1611 1029 1675 1079 ut
1729 1024 2039 1097 antiquum

382 1127 628 1177 morem,
662 1129 835 1185 quem
868 1118 1069 1170 nostra
1106 1112 1365 1169 Ecclesia
1402 1113 1631 1180 habuit,
1662 1114 1869 1169 vestris
1901 1119 2042 1169 tem-

386 1200 629 1273 poribus
687 1206 1015 1259 restaurare
1074 1202 1421 1276 dignemini,
1482 1207 1773 1274 quatenus
1832 1202 2041 1270 vicem,

384 1305 562 1360 quam
597 1295 797 1346 nostra
843 1291 1012 1347 sedes
1044 1308 1146 1363 per
1174 1292 1479 1363 episcopos
1526 1290 1738 1346 vestris
1771 1291 1827 1345 in
1861 1291 2042 1363 parti-

384 1377 498 1433 bus
546 1379 894 1435 constitutos
954 1379 1182 1451 habuit,
1233 1379 1501 1435 videlicet
1550 1379 2041 1435 Thessalonicen-

388 1483 536 1536 sem,
569 1467 670 1538 qui
702 1468 976 1523 Romanre
1026 1468 1183 1525 sedis
1229 1469 1417 1524 vicem
1466 1485 1570 1541 per
1616 1468 1853 1541 Epirum
1888 1472 2039 1523 vete-

385 1571 531 1623 rem,
580 1555 936 1629 Epirumque
994 1575 1226 1627 novam,
1280 1563 1455 1629 atque
1516 1557 1817 1625 Illiricum,
1854 1558 2042 1614 Mace-

387 1642 644 1713 doniam,
678 1645 1069 1712 Thessaliam,
1098 1646 1397 1714 Achaiam,
1443 1647 1679 1703 Daciam
1725 1647 2038 1719 ripensem,

387 1732 743 1805 Daciamque
788 1734 1296 1801 mediterraneam,
1333 1735 1617 1803 Mcrsiam,
1661 1736 2036 1803 Dardaniam,

389 1821 709 1892 Praevalim,
746 1828 809 1878 Β.
837 1824 1001 1879 Petro
1033 1823 1431 1897 apostolorum
1465 1824 1713 1897 principi
1748 1824 2038 1880 contradi-

389 1926 515 1966 cere
556 1910 754 1967 nullus
804 1917 1148 1983 praesumat;
1184 1930 1309 1985 qua:
1343 1917 1781 1969 antecessorum
1814 1916 2039 1968 nostro-

389 2016 520 2055 rum
543 1999 1165 2071 temporibus,scilicet
1188 2000 1441 2068 Damasi,
1461 2001 1673 2072 Siricii,
1699 2000 2039 2068 Innocentii,

390 2087 1021 2156 Bonifacii,leestini,
1047 2089 1213 2159 Sixti,
1238 2091 1467 2155 Leonis,
1494 2090 1715 2157 Hilarii,
1736 2088 2040 2162 Simplicii,

390 2176 615 2243 Felicis,
644 2182 817 2249 atque
845 2177 1167 2234 Ilormisdze
1199 2185 1535 2235 sanctorum
1570 2180 1934 2252 pontificum,
1959 2196 2045 2233 sa-

389 2265 504 2321 cris
535 2265 1018 2338 dispositionibus
1047 2268 1650 2341 augebatur.Quorum
1674 2268 1923 2339 denique
1956 2268 2041 2321 in-

391 2354 730 2411 stitutiones
759 2356 832 2411 ab
882 2356 968 2412 eis
1016 2355 1133 2412 illis
1166 2357 1222 2411 in
1257 2357 1524 2430 partibus
1571 2357 1894 2413 destinatas
1943 2373 2046 2428 per

392 2447 625 2499 nostros
646 2444 880 2512 missos,
906 2449 969 2500 ut
995 2445 1075 2500 rei
1100 2446 1399 2502 veritatem
1424 2464 1770 2519 cognoscere
1792 2445 2041 2518 queatis,

390 2535 593 2587 vestra:
626 2532 921 2605 Augustali
960 2534 1231 2606 potentia:
1264 2535 1514 2607 dirigere
1545 2535 1899 2590 curavimus.

464 2624 745 2677 Prmterea
760 2620 1193 2677 Calabritanum
1218 2624 1663 2695 patrimonium,
1679 2628 1735 2678 et
1756 2621 2043 2686 Siculum,

394 2726 639 2782 quaeque
693 2713 903 2765 nostrae
960 2711 1229 2768 Ecclesiae
1278 2730 1557 2769 concessa
1608 2714 1860 2779 fuerunt,
1893 2717 1949 2767 et
1981 2728 2048 2766 ea

392 2798 745 2871 possidenda
768 2799 1041 2867 obtinuit,
1058 2805 1113 2854 et
1134 2802 1499 2872 disponendo
1524 2818 1625 2873 per
1646 2819 1783 2856 suos
1809 2800 2050 2856 familia-

393 2904 486 2943 res
517 2904 713 2960 regere
759 2888 1007 2954 studuit,
1032 2889 1239 2945 vestris
1271 2891 1747 2946 concessionibus
1798 2890 2050 2944 reddan-

393 2981 510 3043 tur,
532 2976 811 3049 quoniam
850 2978 1246 3034 irrationabilc
1279 2985 1367 3035 est
1401 2985 1463 3035 ut
1493 2979 1888 3036 ecclesiastica
1913 2996 2045 3051 pos-

393 3066 598 3135 sessio,
627 3067 782 3123 unde
823 3066 1139 3123 luminaria
1177 3073 1233 3123 et
1272 3068 1748 3124 concinnationes
1779 3068 2046 3124 Ecclesiae

397 3155 492 3211 Dei
524 3156 647 3210 fieri
670 3156 1149 3222 debent,terrena
1168 3157 1373 3228 quavis
1397 3162 1682 3228 potestate
1706 3155 2051 3213 subtrahan-

2144 577 2455 634 Michaclcm
2483 594 2581 649 per
2628 575 3021 644 Rhadoatdum,
3053 583 3102 630 ct
3152 572 3485 628 Zachariam
3531 573 3768 643 epz's:.,:=s

2146 683 2334 723 7722880.

2935 753 3004 808 V.

2776 862 2850 899 AD
2892 859 3169 899 PIIOTIUM.

2790 935 2976 1004 (Anno
3008 931 3156 1001 860.)

2151 1034 2402 1089 Iteservat
2430 1040 2597 1087 totam
2620 1048 2843 1086 causam
2866 1031 3055 1085 Photii
3074 1031 3133 1084 in
3152 1027 3448 1083 adventum
3473 1028 3773 1095 legatorum;

2218 1112 2402 1176 estque
2430 1103 2653 1176 cpistola
2694 1104 2879 1175 prima
2907 1101 2978 1157 ad
3005 1101 3261 1176 Ptiotium
3286 1116 3387 1176 per
3430 1097 3771 1176 Ιίζιςιάοίιζᾱυῃι

2219 1184 2269 1231 et
2300 1170 2650 1293 I'Zach'ariam
2694 1170 2985 1246 episcopos
3040 1170 3579 1241 Constantinopolim
3641 1170 3775 1225 decli-

2222 1265 2294 1301 na
2323 1265 2376 1302 a.

2506 1335 2693 1406 [Apud
2728 1333 2936 1401 Mansi,
2966 1333 3125 1399 ibid.,
3151 1331 3262 1388 col.
3296 1328 3450 1403 468.]

2222 1442 2425 1499 Omnis
2457 1440 2681 1497 utilitas
2715 1444 2771 1495 et
2816 1440 3110 1512 profectus
3153 1438 3497 1494 animarum
3530 1435 3778 1491 catholica

2150 1532 2264 1588 ﬁde
2295 1532 2561 1586 munitur
2602 1534 2659 1585 et
2706 1528 3016 1585 dilectione
3046 1525 3347 1599 Evangelii
3396 1529 3605 1581 tuetur
3633 1544 3646 1581 :
3676 1543 3775 1597 qua

2151 1637 2354 1677 omnes
2389 1620 2541 1675 intra
2574 1636 2637 1675 se
2668 1618 2976 1674 conclusos
3003 1616 3187 1672 salvat
3216 1620 3274 1671 et
3301 1620 3470 1671 extra
3501 1631 3565 1670 se
3593 1614 3778 1687 positos

2151 1727 2289 1766 suos
2321 1727 2435 1764 non
2486 1708 2803 1765 existimat.
2830 1706 2992 1761 Unde
3022 1703 3364 1760 directionis
3393 1708 3603 1759 vestrae
3647 1721 3777 1759 sum-

2150 1800 2266 1870 ptis
2296 1798 2563 1871 apicibus
2593 1794 2865 1851 lmtiﬁcati
2899 1812 3129 1860 sumus,
3153 1793 3294 1866 quia
3318 1810 3425 1849 vos
3457 1791 3777 1848 catholicum

2152 1889 2210 1944 in
2242 1889 2326 1943 eis
2361 1885 2760 1959 cognovimus.
2786 1884 2931 1939 Nam
2964 1884 3043 1939 ibi
3077 1883 3402 1955 prudentia:
3431 1886 3635 1938 vestrae
3660 1882 3780 1937 utili-

2152 1981 2329 2032 tatem
2372 1974 2789 2040 intelleximus,
2842 1972 3090 2044 ideoque
3138 1971 3359 2027 multas
3418 1971 3640 2044 gratias
3692 1971 3777 2026 Deo

2152 2064 2535 2136 omnipotenti
2590 2062 2921 2125 retulimus,
2952 2061 3090 2133 quia
3121 2065 3383 2116 vestrum
3439 2059 3591 2115 scire
3620 2059 3683 2114 de
3708 2076 3777 2114 ca-

2153 2154 2368 2209 tholico
2399 2153 2557 2207 fonte
2585 2167 2821 2206 manare
2843 2151 3060 2223 experti
3085 2150 3442 2205 sumus.Sed
3471 2153 3683 2204 rectum
3703 2166 3777 2203 vos

2153 2244 2415 2299 ordinem
2470 2240 2710 2296 minime
2741 2239 3102 2296 continuisse
3150 2239 3504 2295 doluimus:
3540 2255 3604 2294 eo
3656 2239 3775 2310 quod

2155 2350 2267 2388 non
2292 2349 2393 2404 per
2412 2332 2629 2405 gradus
2652 2329 2920 2386 Ecclesia;
2945 2330 3156 2384 ductus
3176 2330 3247 2384 ad
3271 2332 3515 2384 tantum
3538 2327 3775 2382 honorem

2155 2423 2226 2477 de
2258 2420 2387 2477 laici
2439 2420 2588 2493 [cdit.
2622 2425 2773 2475 Rom.
2802 2417 3019 2491 laicali]
3061 2418 3263 2473 habitu
3295 2435 3403 2473 vos
3436 2415 3775 2489 prosiluistis,

2155 2527 2290 2566 cum
2330 2513 2620 2582 oporteret
2664 2514 2921 2564 vestram
2974 2507 3346 2578 prudentiam
3411 2506 3494 2560 ita
3543 2506 3776 2562 canonice

2153 2600 2363 2655 vixisse
2392 2600 2451 2654 in
2492 2598 2743 2655 clericali
2794 2597 3019 2666 ordine,
3054 2601 3119 2651 ut
3150 2595 3295 2651 nihil
3326 2601 3497 2651 extra
3542 2595 3777 2650 canonica

2157 2689 2425 2744 instituta
2442 2693 2699 2761 agentes,
2716 2692 2975 2759 tempore
2993 2702 3273 2758 congruo,
3287 2703 3542 2741 ascensu
3559 2684 3775 2757 legitimo

2156 2777 2594 2833 constituereris
2626 2777 2892 2832 Ecclesia:
2925 2779 3141 2847 pastor.
3164 2775 3280 2830 Vos
3312 2775 3521 2846 itaque
3552 2774 3652 2829 hoc
3686 2790 3776 2845 per-

2157 2869 2458 2922 mittentes
2518 2866 3002 2938 [przemittentes},
3036 2868 3238 2919 contra
3294 2868 3525 2919 statuta
3584 2864 3774 2919 Patrum

2156 2956 2345 3029 egisse
2374 2954 2753 3011 manifestum
2798 2954 3012 3009 existit.
3046 2955 3192 3009 Nam
3242 2953 3597 3008 Sardiceuse
3626 2950 3773 3006 conci-

2156 3045 2302 3101 lium
2334 3062 2433 3118 per
2466 3044 2663 3100 omnia
2694 3047 2867 3099 tanta:
2902 3042 3248 3099 temeritatis
3290 3040 3772 3114 prazsumptionem

2155 3135 2337 3190 vetuit
2376 3136 2518 3207 (can.
2550 3134 2659 3205 43),
2694 3132 2910 3206 pariter
2956 3137 3013 3188 et
3070 3137 3411 3189 sanctorum
3473 3130 3773 3204 pontificum
3848 3122 3849 3175 ἒ

393 3249 521 3312 tur;
554 3244 653 3299 sed
713 3216 916 3299 domui
958 3244 1053 3299 Dei
1098 3216 1371 3300 restituta
1397 3216 1674 3300 meritum
1733 3244 2045 3301 redditoris
2076 3230 2119 3298 (ξ’.
2159 3225 2430 3312 Romani?
2463 3223 2641 3291 sedis,
2678 3221 2971 3312 (ῙσῗῙθδίίηί
3023 3222 3277 3277 ἀοθίονίε
3324 3220 3573 3312 egregii;
3608 3216 3774 3312 Leoni-5

395 3331 805 3404 multiplicent,
830 3336 887 3387 et
908 3332 1287 3405 suscipientis
1307 3338 1505 3389 votum
1528 3333 1806 3406 spiritalis
1828 3334 2050 3389 deside-

397 3420 469 3476 rii
511 3420 693 3476 lucris
741 3424 1092 3477 exerceatur.
1128 3422 1285 3477 Inter
1316 3421 1450 3489 ista,
1484 3427 1541 3478 et
1571 3421 1845 3495 superius
1892 3423 2050 3478 dicta

394 3508 667 3564 volumus
714 3513 779 3564 ut
819 3510 1176 3565 consecratio
1218 3510 1582 3583 Syracusano
1614 3511 2048 3583 archiepiscopo

398 3602 598 3652 nostra
630 3614 663 3651 a
694 3598 832 3653 sede
875 3597 1267 3669 impendatur,
1303 3604 1367 3654 ut
1395 3600 1631 3655 traditio
1658 3601 1731 3655 ab
1770 3599 2048 3672 apostolis

397 3684 670 3740 instituta
702 3684 1041 3743 nullatenus
1063 3689 1278 3744 nostris
1301 3689 1452 3759 [cdiL
1480 3690 1627 3744 Rom.
1652 3688 1879 3763 vestris]
1908 3694 2049 3745 tem-

395 3773 638 3847 poribus
669 3774 940 3831 violetur.
1676 3792 1685 3801 ·

465 3862 902 3921 Destinavimus
926 3870 1121 3922 autem
1144 3871 1346 3922 vestrae
1366 3867 1662 3923 serenitati
1694 3867 2050 3924 reverendis-

394 3952 579 4008 simos
608 3956 665 4009 et
694 3953 1103 4012 sanctissimos
1150 3956 1479 4029 episcopos,
1508 3956 1915 4013 Rhadoaldum
1964 3956 2048 4011 vi-

394 4040 603 4096 delicet
640 4046 853 4097 sanctae
904 4044 1245 4100 Portuensis
1295 4043 1584 4113 Ecclesiae,
1611 4050 1787 4117 atque
1834 4045 2049 4101 Zacha-

395 4127 541 4184 riam
574 4130 885 4201 Anagninze
928 4136 1142 4188 sanctae
1194 4132 1484 4205 Ecclesiae,
1526 4134 1833 4208 fungentes
1892 4134 2048 4205 lega-

395 4216 553 4272 tione
584 4218 949 4289 apostolatus
981 4222 1185 4289 nostri,
1211 4239 1359 4294 quos
1405 4228 1470 4278 ut
1516 4223 1834 4279 honorifice
1864 4221 2049 4278 susci-

395 4304 591 4377 piatis,
613 4310 866 4363 vestram
899 4309 1351 4383 amplitudinem
1385 4312 1806 4385 deprecamur:
1832 4312 2049 4384 quibus

396 4392 573 4449 etiam
606 4393 881 4466 frequens
929 4397 1285 4471 colloquium
1333 4400 1644 4455 tribuatis:
1680 4405 1737 4455 et
1788 4400 1873 4456 eis
1920 4416 2049 4471 qua:

396 4481 467 4538 de
510 4481 904 4543 ecclesiastico
936 4492 1091 4544 statu
1141 4487 1730 4562 irreprehensibiliter
1774 4488 2046 4557 dixerint,

395 4571 629 4628 credere
660 4592 774 4631 non
806 4576 1143 4649 ambigatis.
1178 4578 1249 4633 Et
1293 4593 1426 4632 cum
1462 4575 1519 4631 in
1552 4580 1837 4631 conventu
1869 4577 2047 4633 eccle-
2078 4600 2129 4667 Β

394 4660 492 4716 site
524 4662 785 4718 sederint
832 4681 936 4735 pro
990 4665 1404 4721 ecclesiasticis
1452 4663 1930 4734 difﬁnitionibus,
1963 4667 2051 4721 ni-

393 4747 477 4803 hil
510 4766 544 4805 a
570 4750 755 4819 vobis,
789 4752 877 4807 vel
910 4753 981 4808 ab
1024 4753 1156 4809 aliis
1199 4753 1450 4824 alicujus
1481 4752 1909 4809 contrarietatis
1940 4754 2051 4811 im-

392 4841 596 4910 petum
629 4842 907 4897 sentiant.
942 4843 1012 4896 Et
1050 4859 1185 4898 cum
1225 4843 1313 4897 fas
1344 4840 1461 4895 illis
1493 4839 1668 4896 fuerit
1700 4845 2048 4914 revertendi,

392 4932 619 4984 vestros
650 4930 950 4985 concedite
983 4929 1230 4996 missos;
1275 4934 1333 4985 et
1362 4928 1527 4996 tales,
1565 4929 1665 5001 qui
1710 4930 1767 4986 in
1819 4932 2050 4989 dromo-

393 5016 568 5071 nibus
615 5018 891 5091 congruis
951 5034 1078 5073 esse
1135 5018 1380 5073 Romam
1440 5018 1782 5087 incolumes,
1829 5022 2053 5080 favente

394 5102 530 5171 Deo,
565 5106 964 5176 apostolorum
1011 5106 1285 5177 precibus
1332 5106 1605 5162 studeant
1651 5109 1883 5181 referre,
1907 5128 2053 5183 qua-

392 5194 565 5246 tenus
595 5208 699 5262 pro
727 5192 1006 5248 omnibus
1035 5193 1244 5250 vestris
1285 5194 1456 5249 bonis
1487 5196 1892 5256 devotionibus
1920 5216 2052 5273 gra-

393 5277 508 5334 tias
539 5282 654 5333 Deo
706 5278 1094 5349 omnipotenti
1147 5281 1320 5349 Patri,
1350 5288 1523 5356 atque
1572 5287 1701 5357 ejus
1748 5289 2050 5361 unigenito

394 5364 537 5421 Filio
570 5365 818 5420 Domino
848 5370 1047 5423 nostro
1088 5370 1225 5426 Jesu
1257 5371 1511 5441 Christo,
1544 5380 1599 5430 et
1649 5376 1889 5447 Spiritui
1921 5395 2051 5433 san-

392 5457 484 5508 cto
515 5452 782 5538 devotius
804 5469 975 5524 agere
995 5457 1315 5527 valeamus,
1339 5462 1428 5517 cui
1463 5469 1550 5517 est
1571 5464 1758 5519 honor
1781 5470 1838 5520 et
1866 5465 2050 5538 gloria

390 5538 452 5627 in
469 5537 700 5627 saecula
727 5541 1096 5603 saeculorum.
1128 5552 1331 5607 Amen.
1367 5551 1513 5607 Data
1553 5570 1754 5609 mense
1784 5537 2046 5627 Septem-

392 5622 521 5683 brio
553 5621 647 5682 die
673 5626 764 5698 25,
796 5628 1114 5695 indictione
1144 5656 1216 5698 ix.

2159 3311 2539 3377 sanctissimi,
2571 3312 2739 3382 cujus
2767 3310 2899 3365 laus
2926 3310 2987 3364 in
3021 3313 3228 3382 quarta
3257 3311 3486 3382 synodo
3519 3308 3665 3364 clara
3693 3305 3775 3361 exi-

2159 3403 2261 3459 stit
2285 3419 2297 3457 :
2324 3419 2423 3457 seu
2451 3400 2665 3456 Gelasii
2698 3399 2981 3465 doctrina,
3007 3404 3063 3455 et
3094 3398 3320 3455 meritis
3353 3415 3523 3471 aeque
3554 3396 3775 3454 beatissi-

2159 3491 2261 3559 mi,
2285 3490 2495 3547 horum
2526 3488 2797 3545 videlicet
2825 3488 3114 3557 instituta,
3141 3488 3252 3545 hoc
3274 3486 3712 3560 prohibuerunt,
3732 3488 3775 3538 ut

2158 3580 2292 3635 talis
2322 3578 2611 3635 ordinatio
2642 3577 2766 3634 fieri
2798 3594 2914 3633 non
2948 3581 3427 3650 praesumeretur.
3457 3576 3778 3647 QuaprOpter
3846 3572 3847 3650 ᾗ

2158 3673 2360 3742 vestrae
2389 3667 2813 3723 consecrationi
2835 3666 3165 3722 consentire
3214 3665 3392 3720 modo
3442 3682 3560 3719 non
3608 3678 3775 3735 possu-

2160 3776 2313 3826 mus,
2335 3758 2516 3813 donec
2576 3755 2783 3825 nostri,
2820 3756 2923 3829 qui
2964 3773 2997 3812 a
3036 3754 3207 3811 nobis
3246 3748 3774 3824 Constantinopolim

2159 3851 2298 3903 sunt
2328 3845 2551 3914 directi,
2577 3849 2962 3915 revertantur,
2985 3844 3234 3916 qualiter
3262 3860 3366 3915 per
3388 3860 3490 3899 eos
3512 3855 3777 3915 cognosse-

2160 3954 2294 3991 mus
2314 3940 2519 3991 vestra:
2545 3934 2970 3990 observationis
2990 3936 3177 3999 actus,
3192 3938 3249 3987 et
3269 3930 3675 3987 ecclesiastica»
3693 3927 3774 3981 uti-

2159 4025 2343 4081 litatis
2364 4024 2777 4089 constantiam,
2792 4027 2845 4077 et
2870 4039 2985 4094 quo
3016 4022 3213 4077 studio
3234 4020 3393 4076 circa
3418 4019 3704 4075 catholicae
3729 4016 3774 4069 ti-

2158 4114 2249 4169 dei
2282 4113 2676 4169 defensionem
2708 4114 2934 4167 vosmet
2971 4109 3307 4166 exerceatis.
3333 4110 3403 4165 Et
3436 4115 3601 4175 tunc,
3632 4107 3674 4163 si
3712 4103 3773 4158 di-

2158 4219 2341 4275 gnum
2365 4201 2557 4270 fuerit,
2582 4206 2646 4256 ut
2666 4205 2837 4255 tantae
2863 4200 3019 4256 sedis
3043 4198 3374 4271 praesulem,
3398 4215 3507 4253 ceu
3528 4193 3775 4258 convenit,

2159 4290 2602 4355 honorabimus,
2626 4294 2682 4345 et
2722 4290 2977 4345 fraterna
3016 4287 3329 4344 dilectione
3370 4286 3773 4359 amplectemur.

2160 4384 2303 4436 Data
2334 4395 2532 4436 mense
2565 4378 2950 4450 Septembrio,
2984 4378 3077 4432 die
3105 4378 3196 4443 25,
3233 4377 3437 4432 indict.
3473 4393 3549 4430 1x.

2290 4592 2363 4630 AD
2394 4589 2699 4629 EPISCOPOS
2729 4589 2787 4627 IN
2821 4586 3012 4629 REGNO
3044 4587 3244 4626 CAROLI
3276 4586 3670 4626 CONSTITUTOS.

2799 4663 2986 4729 (Anno
3018 4660 3168 4731 860.)

2159 4758 2238 4810 De
2266 4752 2589 4824 Ingettrude,
2617 4752 2838 4807 Bosonis
2857 4751 3067 4824 comitis
3091 4765 3266 4824 uxore
3282 4749 3556 4824 fugitiva,-
3582 4754 3637 4800 ut
3655 4744 3774 4798 illam

2264 4820 2750 4888 excommunicent,
2778 4824 2831 4877 si
2858 4820 2929 4876 ad
2958 4823 3141 4875 virum
3174 4820 3351 4875 redire
3380 4824 3694 4874 contemnat.

2510 4920 2697 4994 [Apud
2732 4918 2940 4986 Mansi,
2977 4918 3136 4985 ibid.,
3170 4916 3279 4973 col.
3312 4915 3464 4989 326.]

2232 5030 2515 5084 NICOLAUS
2546 5026 2878 5098 episcopus,
2900 5041 3102 5081 servus
3148 5039 3447 5078 servorum
3499 5020 3619 5084 Dei,
3649 5030 3772 5071 reve-

2162 5117 2494 5173 rentissimo
2527 5132 2592 5171 ac
2625 5113 3001 5170 sanctissimo
3024 5117 3081 5169 et
3109 5110 3384 5167 confratri
3420 5115 3615 5165 nostro
3644 5105 3772 5161 Hisc-

2161 5223 2319 5260 MARO
2347 5203 2806 5276 archiepiscopo,
2833 5207 2889 5257 et
2917 5201 3193 5257 omnibus
3224 5196 3669 5271 archiepiscopis
3694 5206 3769 5247 seu

2159 5293 2448 5366 epise0pis
2478 5293 2537 5347 in
2572 5307 2749 5365 regno
2776 5289 2960 5346 Caroli
2993 5288 3347 5346 constitutis.

2229 5380 2520 5436 Canoniea
2551 5379 2870 5436 auctoritas
2900 5378 3009 5434 hoc
3041 5378 3201 5434 omni
3240 5378 3298 5432 in
3341 5375 3468 5433 loco
3500 5370 3767 5448 pradicant

2161 5487 2275 5524 non
2309 5473 2596 5536 cessat,ut
2619 5466 2874 5541 pepulus
2904 5467 3101 5523 divino
3123 5466 3307 5522 cultui
3335 5464 3687 5535 mancipatus
3710 5455 3767 5549 ir:

2158 5557 2638 5630 reprehensibilis
2689 5556 2901 5613 existat
2934 5574 2947 5612 :
2982 5574 3097 5629 quo
3135 5556 3293 5613 enim
3343 5554 3629 5610 mediante
3670 5547 3765 5600 ﬁeri

2157 5646 2367 5703 melius
2389 5646 2859 5720 potuerit,quam
2881 5644 3116 5703 illorum
3148 5636 3663 5715 sollicitudine,qui
3688 5646 3764 5707 Ρα·

3847 3294 3849 3451 γ
