3894 6204
159 393 281 458 τιθες

1378 387 1786 454 EPISTOLE
1827 387 1932 451 ET
1972 388 2359 454 DECRETA.

3453 384 3572 452 786

158 523 507 603 patriarchae
528 523 835 585 sacerdotii
857 523 1313 598 recuperatione,
1329 527 1387 580 et
1406 523 1593 581 Photii
1620 538 1813 597 perva-
1842 522 1897 591 Α
1926 523 2268 598 parvitatem
2287 522 2704 598 omnipotentis
2720 520 2821 582 Dei
2844 521 3245 583 misericordia
3264 540 3577 583 connume-

157 619 313 676 soris
342 616 683 690 expulsione
712 615 915 671 eadem
961 615 1249 680 sentiatis,
1274 613 1592 685 apostolica
1623 617 1817 669 aucto-

155 709 331 765 ritate
359 705 523 763 vobis
554 703 924 778 injungimus
945 707 1121 776 atque
1142 704 1442 775 jubemus.
1461 702 1531 757 Et
1554 705 1616 756 ut
1636 701 1817 773 hujus

153 797 511 871 praesulatus
543 793 727 850 nostri
758 792 1034 866 paginam
1056 793 1114 847 in
1137 792 1365 848 cunctis
1397 790 1694 865 parochiis
1714 807 1814 845 ve-

158 889 302 946 stris
334 887 406 942 ad
437 884 705 941 omnium
739 882 967 938 faciatis
1000 881 1268 937 notitiam
1303 880 1621 953 pervenire,
1646 883 1819 951 atque

154 979 230 1035 de
249 977 357 1032 hac
379 991 439 1031 re
449 975 623 1045 juxta
642 970 974 1044 apostolicae
1008 970 1165 1027 sedis
1188 969 1589 1026 deﬁnitionem
1610 969 1819 1041 praedi-

158 1082 295 1122 care
316 1063 531 1120 curetis
555 1061 709 1132 aliis,
734 1060 1000 1133 ipsisque
1021 1058 1295 1115 similiter
1323 1056 1820 1114 incommutabili-

158 1159 252 1211 ter
278 1150 525 1209 teneatis
557 1154 797 1223 paterno
829 1166 992 1204 more
1023 1147 1413 1221 praecipimus.
1435 1147 1581 1214 Quid
1614 1150 1818 1219 praete-

163 1261 284 1309 rea,
301 1243 510 1299 fratres
532 1238 888 1305 charissimi,
906 1242 963 1293 et
984 1237 1088 1292 filii
1107 1236 1492 1303 dilectissimi,
1508 1236 1696 1292 eidem
1718 1236 1825 1291 im-

165 1331 418 1406 peratori
453 1330 812 1395 Graecorum,
834 1330 891 1383 et
922 1327 1205 1383 universae
1233 1325 1582 1400 generaliter
1610 1328 1823 1381 sanctas

162 1416 828 1491 Constantinopolitanae
872 1414 1143 1473 Ecclesia:
1192 1432 1369 1488 super
1413 1414 1821 1486 hujuscemodi

170 1506 774 1584 praevaricationibus,
796 1508 853 1561 et
873 1505 945 1561 de
965 1504 1079 1572 his,
1103 1521 1208 1577 pro
1239 1504 1456 1577 quibus
1486 1520 1674 1574 nuper
1692 1501 1825 1558 illas

158 1600 225 1655 in
258 1602 453 1672 partes
483 1600 716 1652 nostros
737 1611 872 1650 cum
895 1592 1228 1666 apostolicis
1254 1591 1516 1666 epistolis
1542 1592 1826 1648 direxera-

161 1706 302 1746 mus
331 1687 545 1743 missos
567 1684 746 1755 (sicut
787 1683 1067 1739 omnibus
1105 1682 1273 1738 vobis
1301 1682 1684 1738 manifestum
1715 1682 1822 1753 est)

162 1774 576 1850 respondendo
608 1772 792 1829 nostri
826 1770 1191 1845 apostolatus
1236 1772 1542 1827 remandat
1573 1769 1823 1825 auctori-

163 1871 284 1935 tas,
305 1863 570 1922 omnium
602 1866 932 1918 vestrorum
980 1860 1276 1916 sanctitati
1321 1858 1733 1917 satisfaciendo
1763 1859 1822 1913 in
1853 1893 1901 1958 B

164 1952 666 2027 subsequentibus
689 1948 866 2023 relegi
889 1949 1191 2022 jubemus.
1214 1950 1363 2005 Data
1384 1965 1584 2004 mense
1616 1947 1824 2005 Martio

167 2046 266 2103 die
301 2045 390 2113 l8,
428 2042 631 2098 indict.
663 2058 718 2096 x.

937 2127 1058 2183 ΧῙΙ.

802 2234 877 2272 AD
918 2233 1196 2272 PHOTIUM.

818 2308 1004 2374 (Anno
1037 2306 1189 2374 862.)

173 2402 359 2458 Diluit
382 2404 717 2470 argumenta
734 2395 951 2470 ‘Photii,
983 2395 1081 2470 qui
1106 2394 1351 2470 exemplo
1398 2392 1687 2470 Ambrosii,
1721 2393 1828 2470 Ne-_

250 2471 419 2528 ctarii
446 2463 495 2524 ἐι
530 2467 743 2524 Tarasii
781 2482 839 2522 se
874 2463 1068 2521 merito
1109 2482 1179 2520 ea:
1227 2463 1490 2520 laicorum
1539 2464 1716 2528 gradu
1760 2463 1831 2520 ad

250 2541 609 2616 episcopalem
642 2538 953 2661 dignitatem
981 2537 1291 2608 pervenisse
1316 2536 1649 2661 ql‘ﬁrmabat,
1671 2552 1828 2591 eum-

251 2630 357 2661 mm
384 2621 500 2661 tum
529 2609 668 2661 quod
690 2624 695 2628 ‘
720 2624 875 2661 arcus
902 2616 1058 2661 esset.
1082 2615 1199 2661 tum
1218 2623 1321 2661 auo
1385 2607 1632 2661 Ionattus
1655 2606 1828 2661 adhuc

251 2606 357 2687 que
384 2606 500 2668 tum
518 2609 668 2687 quod
690 2606 875 2687 laicus
902 2606 1058 2687 esset,
1082 2615 1199 2687 tum
1218 2606 1357 2687 quod
1385 2607 1632 2687 Igpatius
1655 2606 1833 2662 adhuc

250 2678 471 2747 viveret,
504 2678 705 2754 injuste
731 2679 802 2734 ad
830 2696 954 2736 eum
994 2678 1280 2748 dignitatis
1318 2678 1551 2750 gradum
1577 2694 1829 2735 conscen-

252 2757 400 2813 disse
426 2754 778 2811 demonstrat.

697 2839 890 2912 [Apud
924 2838 1135 2905 Mansi,
1170 2837 1330 2908 il-id.]

254 2935 545 2990 NICOLAUS
582 2930 913 3003 episcopus,
945 2944 1148 2984 servus
1196 2944 1495 2983 servorum
1541 2927 1662 2995 Dei,
1695 2945 1832 3000 pru-

180 3022 533 3079 dentissimo
559 3019 681 3074 viro
713 3019 943 3073 Pso'no.

256 3113 575 3180 Postquam
594 3107 764 3163 beato
782 3106 948 3161 Petro
969 3103 1217 3177 principi
1234 3104 1630 3176 apostolorum
1651 3104 1837 3160 Domi-

182 3217 324 3267 nus,
349 3215 414 3254 ac
447 3197 797 3267 Redemptor
825 3197 1023 3250 noster
1048 3193 1221 3250 Jesus
1252 3192 1518 3249 Christus
1561 3210 1629 3249 ex
1670 3197 1833 3248 utero

179 3286 443 3361 Virginis
492 3302 596 3358 pro
645 3288 847 3339 nostra
892 3283 1312 3355 redemptione,
1368 3286 1433 3337 ut
1481 3284 1606 3337 erat
1662 3298 1833 3337 verus
1864 3260 1907 3327 Ο

182 3379 343 3434 Deus
390 3378 524 3431 ante
570 3372 803 3438 saecula,
822 3388 994 3427 verus
1024 3370 1200 3426 homo
1232 3371 1291 3426 in
1324 3371 1437 3425 fine
1485 3369 1832 3427 saeculorum

186 3481 471 3539 apparere
502 3462 778 3535 dignatus
826 3464 937 3527 est,
970 3458 1193 3532 ligandi
1244 3463 1417 3532 atque
1465 3458 1724 3515 solvendi
1773 3458 1835 3513 in

185 3554 333 3611 caelo
364 3557 420 3609 et
450 3552 509 3606 in
542 3555 695 3607 terra
723 3552 1072 3622 potestatem
1092 3548 1316 3615 tribuit,
1346 3552 1403 3603 et
1423 3549 1642 3621 januas
1674 3547 1836 3621 regni

187 3642 445 3700 ccelestis
476 3639 821 3696 reserandas
852 3637 1164 3705 concessit,
1185 3654 1366 3710 supra
1394 3637 1747 3693 soliditatem
1771 3636 1835 3691 ﬁ-

186 3732 283 3789 dei
315 3747 485 3787 suam
507 3732 768 3784 sanctam
801 3726 1077 3799 dignatus
1102 3731 1191 3782 est
1220 3725 1480 3782 stabilire
1496 3725 1839 3793 Ecclesiam,

186 3819 519 3878 secundum
550 3816 710 3873 illius
753 3813 1065 3871 veridicam
1095 3830 1295 3871 vocem
1335 3813 1583 3870 dicentis
1615 3832 1627 3869 :
1665 3819 1841 3870 Amen

184 3911 311 3967 dico
343 3907 462 3974 tibi,
487 3916 547 3962 tu
576 3922 630 3962 es
657 3911 870 3974 Petrus,
893 3910 946 3959 et
967 3920 1131 3975 super
1151 3904 1293 3958 hanc
1316 3911 1533 3975 petram
1558 3904 1843 3974 a3diﬁcabo

186 3998 491 4056 Ecclesium
509 4011 687 4051 meam
710 4013 726 4048 :
747 4001 799 4049 et
824 4000 992 4065 portae
1020 3994 1190 4065 inferi
1215 4008 1327 4048 non
1351 3991 1725 4064 praevalebunt
1753 3991 1845 4046 ad-

186 4102 379 4151 versus
407 4102 563 4151 eam;
592 4091 643 4139 et
673 4083 776 4138 tibi
820 4082 955 4138 dabo
1013 4082 1188 4137 claves
1246 4082 1404 4150 regni
1461 4081 1718 4136 caelorum
1748 4099 1767 4134 :
1795 4087 1849 4136 et

186 4176 554 4252 quodcunque
584 4173 840 4242 ligaveris
875 4187 1042 4243 super
1079 4179 1305 4238 terram,
1328 4171 1434 4224 erit
1458 4170 1691 4239 ligatum
1709 4177 1762 4224 et
1789 4170 1851 4224 in

189 4266 346 4322 caelis
359 4282 377 4318 :
392 4271 443 4319 et
459 4261 810 4335 quodcunque
821 4260 1046 4317 solveris
1064 4276 1228 4332 super
1245 4264 1473 4324 terram,
1486 4259 1591 4313 erit
1608 4257 1849 4313 solutum

192 4360 250 4410 et
277 4354 339 4408 in
365 4352 513 4407 caelis
534 4348 741 4419 (Matth.
762 4352 905 4417 xvt).
928 4348 1011 4404 Ad
1038 4364 1212 4419 quam
1246 4345 1697 4419 promissionem
1720 4362 1851 4401 san-

194 4445 304 4498 ctae
337 4438 667 4512 apostolicae
697 4436 1087 4492 institutionis
1116 4439 1397 4491 caemento
1429 4438 1727 4506 cmperunt
1748 4433 1853 4490 hu-

1926 631 2053 670 rare
2084 614 2362 688 dignatus
2392 618 2481 670 est
2511 631 2524 670 :
2558 631 2663 687 pro
2695 613 2909 686 quibus
2936 618 3165 671 tantum
3197 614 3576 674 consistimus

1926 702 2441 776 pavidi,quantum
2491 703 2934 760 consideramus
2963 704 3023 760 in
3054 709 3269 761 aeterno
3310 706 3577 762 examine
3668 775 3670 778 ν

1927 810 2030 865 pro
2062 792 2339 849 omnibus
2369 796 2426 849 et
2446 809 2565 865 prae
2595 794 3006 866 omnibus,qui
3029 793 3244 850 Christi
3265 798 3580 851 censentur

1929 881 2183 949 nomine,
2234 882 2520 938 rationem
2567 882 2872 938 reddituri.
2922 884 2991 938 Et
3037 883 3176 955 quia
3224 883 3578 941 universitas

1929 970 2289 1027 credentium
2323 971 2394 1026 ab
2440 970 2550 1026 hac
2598 975 2803 1026 sancta
2852 972 3113 1028 Romana
3140 971 3415 1041 Ecclesia,
3450 989 3577 1047 qua)

1930 1064 2104 1133 caput
2125 1060 2390 1115 omnium
2416 1062 2506 1115 est
2535 1059 3276 1128 ecclesiarum,doctrinam
3303 1062 3575 1135 exquirit,

1930 1149 2324 1222 integritatem
2357 1149 2490 1204 ﬁdei
2544 1148 2827 1221 deposcit,
2860 1150 3175 1205 criminum
3224 1150 3578 1207 solutionem

1931 1238 2031 1310 qui
2066 1238 2227 1311 digni
2273 1241 2432 1304 sunt,
2464 1241 2522 1292 et
2567 1238 2755 1309 gratia
2804 1239 2906 1293 Dei
2956 1239 3241 1311 redempti
3289 1243 3574 1297 exorant:

1931 1330 2157 1399 oportet
2188 1343 2294 1383 nos
2317 1326 2532 1399 quibus
2562 1327 2877 1383 commissa
2897 1332 3005 1396 est,
3031 1327 3314 1386 sollicitos
3342 1346 3492 1397 esse,
3522 1332 3579 1385 et

1933 1416 2003 1472 ad
2021 1415 2480 1488 speculationem
2500 1415 2781 1472 Dominici
2797 1417 2991 1490 gregis
3011 1421 3243 1474 tantum
3262 1418 3578 1475 ferventius

1932 1504 2226 1570 anhelare,
2268 1507 2557 1576 quantum
2616 1504 2772 1560 hunc
2829 1505 2981 1562 avidi
3010 1506 3165 1577 [edit.
3193 1508 3372 1573 Rom,
3424 1507 3579 1563 avidi

1933 1592 2079 1667 lupi]
2103 1594 2175 1649 ad
2197 1593 2601 1650 dilaniandum
2624 1594 2763 1649 hinc
2783 1594 2919 1651 inde
2944 1596 3163 1668 patenti
3180 1614 3278 1653 ore
3299 1596 3582 1671 [patentia

1934 1684 2056 1755 ora]
2087 1682 2435 1755 exquirunt:
2470 1682 2626 1754 quod
2656 1687 2713 1738 et
2742 1684 3034 1741 audiendo
3065 1686 3494 1760 cognoscimus,
3522 1691 3581 1744 et

1934 1771 2280 1844 experiendo
2312 1771 2779 1843 comprobamus.
2806 1774 2874 1829 Et
2904 1791 3052 1846 quos
3084 1792 3187 1847 per
3221 1777 3580 1848 corporalem

1935 1862 2007 1917 ob
2025 1860 2349 1933 longinqua
2362 1865 2650 1917 terrarum
2674 1862 3203 1933 spatia,auttumen
3214 1868 3300 1922 tes
3322 1867 3581 1923 marinos

1934 1951 2168 2017 ﬂuctus,
2211 1949 2526 2022 nequimus
2581 1948 2818 2007 visitare
2874 1952 3244 2024 praesentiam
3299 1971 3312 2009 :
3371 1956 3580 2013 saltem

1935 2042 2116 2097 series
2148 2039 2379 2113 apicum
2411 2040 2580 2112 quasi
2610 2039 2737 2095 viva
2781 2058 2918 2098 voce
2968 2042 3284 2113 declarent,
3308 2050 3376 2103 ut
3416 2065 3522 2105 nec
3548 2065 3585 2105 a

1936 2130 2104 2186 nobis
2151 2127 2369 2186 silentii
2418 2128 2758 2201 exquiratur
2803 2130 2993 2203 culpa,
3018 2149 3125 2190 nec
3172 2135 3463 2193 audituris
3512 2138 3585 2193 de

1935 2218 2268 2292 ignorantia
2315 2218 2630 2273 excusandi
2679 2218 2976 2275 tribuatur
3021 2222 3272 2281 facultas
3305 2242 3319 2280 :
3353 2226 3493 2298 quia
3528 2231 3587 2284 et

1935 2307 2081 2363 illud
2112 2325 2147 2363 a
2176 2306 2345 2362 nobis
2387 2307 2709 2362 cavendum
2741 2310 2849 2374 est,
2882 2310 3039 2381 quod
3088 2328 3192 2383 per
3235 2314 3585 2386 Prophetam

1938 2396 2187 2452 dicitur:
2224 2397 2402 2452 Canes
2444 2398 2589 2451 muti
2631 2412 2744 2452 non
2789 2399 3024 2456 valentes
3057 2401 3263 2460 latrare
3290 2407 3418 2473 (Isa.
3452 2406 3584 2479 LIX).

1937 2484 2083 2539 Nam
2114 2487 2170 2540 et
2210 2482 2525 2556 Apostolus
2571 2483 2693 2540 ait:
2730 2485 2879 2542 Iusta
2926 2498 3243 2562 opportune,
3275 2493 3589 2565 importune

1939 2575 2015 2643 (ΙΙ
2036 2575 2167 2629 Tim.
2192 2576 2294 2640 1v).
2319 2571 2561 2628 Constat
2580 2572 2735 2628 enim
2760 2579 3024 2631 sanctam
3048 2578 3371 2637 Romanam
3397 2582 3589 2645 Eccle-

1941 2662 2087 2717 siam
2120 2677 2222 2733 per
2250 2661 2486 2716 beatum
2519 2661 2754 2716 Petrum
2800 2663 3123 2737 principem
3164 2669 3585 2742 apostolorum,

1941 2751 2043 2823 qui
2074 2748 2375 2807 Dominico
2407 2765 2503 2805 ore
2534 2749 2852 2821 primatum
2883 2752 3262 2812 ecclesiarum
3293 2759 3590 2832 suscipere

1941 2838 2284 2912 promeruit,
2303 2837 2569 2894 omnium
2591 2837 2970 2912 ecclesiarum
2993 2848 3169 2914 caput
3189 2860 3336 2915 esse,
3350 2851 3408 2903 et
3427 2849 3499 2905 ab
3521 2866 3591 2907 ea

1941 2928 2373 2991 rectitudinem,
2398 2930 2573 2999 atque
2594 2927 2857 2983 ordinem
2880 2928 2939 2984 in
2962 2933 3190 2989 cunctis
3211 2934 3587 3005 utilitatibus,

1941 3022 1998 3072 et
2027 3014 2435 3073 ecclesiasticis
2461 3015 2951 3085 institutionibus,
2968 3036 3115 3091 quas
3144 3026 3470 3081 secundum
3492 3043 3588 3083 ca-

1942 3104 2181 3161 nonicas
2199 3108 2255 3160 et
2274 3103 2602 3177 synodicas,
2617 3110 3072 3180 sanctorumque
3087 3110 3324 3167 Patrum
3343 3114 3591 3172 sanctio-

1942 3211 2045 3250 nes
2094 3192 2504 3249 inviolabiliter
2548 3198 2724 3265 atque
2766 3194 3244 3270 irrefragabiliter
3291 3200 3587 3272 retineret,

1943 3282 2264 3355 exquirere,
2299 3299 2364 3337 ac
2412 3282 2640 3338 sectari.
2674 3284 2744 3339 Et
2789 3283 2920 3340 ideo
2976 3302 3340 3361 consequens
3382 3294 3587 3360 estut,

1941 3372 2096 3445 quod
2128 3371 2200 3426 ab
2231 3371 2410 3440 hujus
2457 3371 2614 3427 sedis
2662 3373 2983 3430 rectoribus
3012 3373 3186 3447 plena
3242 3380 3590 3437 auctoritate

1943 3460 2222 3527 sancitur,
2253 3458 2472 3516 nullius
2511 3462 2959 3519 consuetudinis
3005 3466 3395 3537 praepediente
3423 3485 3588 3525 occa-

1944 3549 2105 3607 sione
2137 3550 2402 3622 proprias
2433 3554 2659 3605 tantum
2693 3553 2989 3625 sequendo
3019 3555 3369 3626 voluntates,
3401 3544 3590 3616 remo-

1944 3642 2166 3706 veatur,
2193 3638 2293 3694 sed
2316 3638 2546 3693 firmius
2569 3643 2742 3712 atque
2767 3640 3113 3699 inconcusse
3136 3648 3419 3702 teneatur.
3446 3647 3592 3704 Nam

1948 3728 2008 3783 in
2040 3726 2149 3782 hoc
2181 3744 2299 3799 quo
2333 3732 2532 3783 noster
2558 3729 2920 3800 apostolatus
2942 3737 3195 3789 vestram
3221 3735 3595 3806 prudentiam

1950 3816 2333 3883 commonuit,
2366 3816 2505 3888 quia
2547 3834 2616 3872 ex
2652 3817 2844 3874 laicali
2875 3821 3081 3877 ordine
3136 3822 3264 3879 sine
3319 3825 3602 3882 canonica

1951 3904 2370 3978 approbatione
2387 3905 2457 3959 ad
2484 3906 2913 3976 patriarchatus
2929 3903 3215 3982 dignitem
3231 3912 3426 3969 subito
3448 3918 3604 3971 tran-

1952 3993 2229 4049 scendere
2258 3997 2460 4048 contra
2490 3993 2727 4049 Patrum
2759 3996 3258 4069 promulgationes
3289 4018 3405 4056 non
3438 4018 3604 4058 recu-

1954 4080 2152 4148 sastis,
2177 4080 2278 4136 sed
2309 4084 2526 4136 temere
2555 4085 2727 4152 atque
2755 4081 3127 4154 impudenter
3147 4087 3220 4141 ad
3252 4088 3399 4143 tanti
3427 4089 3607 4146 hono-

1955 4169 2037 4224 ris
2059 4167 2289 4224 culmen
2313 4168 2585 4223 accedere
2611 4171 3092 4243 praasumpsistis,
3115 4179 3484 4233 assumentes
3502 4193 3607 4234 vo-

1956 4258 2048 4313 bis
2080 4257 2249 4329 quasi
2282 4274 2314 4312 a
2345 4256 2718 4314 sanctissimo
2746 4259 2869 4314 viro
2903 4260 3167 4318 Nectario
3215 4265 3605 4338 occasionem,

1958 4363 2132 4418 quem
2163 4350 2365 4401 sancta
2396 4346 2651 4401 secunda
2681 4347 2942 4420 synodus
2971 4366 3087 4405 non
3116 4352 3190 4407 ob
3222 4352 3380 4409 aliud
3413 4354 3485 4411 ad
3521 4372 3609 4412 sa-

1958 4434 2307 4491 cerdotalem
2329 4434 2560 4507 eligere,
2586 4439 2763 4507 atque
2794 4437 3065 4495 ordinare
3085 4455 3154 4495 ex
3184 4439 3374 4497 laicali
3407 4443 3610 4500 ordine

186 4532 298 4605 jus
331 4529 713 4584 fundamenta
741 4542 811 4581 ex
839 4525 1113 4597 pretiosis
1151 4540 1517 4580 succrescere
1554 4523 1851 4595 lapidibus
1957 4523 2141 4580 voluit
2163 4523 2659 4596 dignitatem,nisi
2683 4526 2821 4595 quia
2841 4542 3069 4599 magnae
3092 4529 3458 4586 necessitatis
3477 4546 3612 4587 con-

195 4623 278 4686 et,
300 4619 595 4673 annuente
615 4615 812 4669 divina
836 4612 1164 4683 clementia,
1186 4629 1287 4684 per
1316 4611 1576 4667 studium
1601 4615 1849 4667 structo-
1883 4629 1927 4694 Ι)
1959 4612 2194 4668 tritione
2216 4613 2581 4679 anxiabatur,
2605 4629 2671 4669 eo
2704 4615 2860 4686 quod
2891 4615 2950 4670 in
2982 4618 3186 4672 saneta
3206 4617 3613 4676 Constantino-

197 4723 358 4772 rum,
374 4709 431 4760 et
450 4703 777 4777 apostolica:
801 4700 1163 4758 auctoritatis
1191 4700 1643 4757 sollicitudinem
1666 4718 1853 4772 usque
1875 4727 1883 4751 ι
1962 4700 2224 4773 politana
2236 4701 2510 4768 Ecclesia,
2526 4701 2723 4759 nullus
2740 4703 3083 4760 clericorum
3100 4704 3345 4761 inveniri
3362 4710 3609 4778 poterat,

198 4797 278 4853 ad
335 4793 567 4850 culmen
631 4789 1023 4848 insolubiliter
1098 4791 1377 4863 perducta
1442 4789 1857 4862 perpetualiter
1962 4791 2062 4863 qui
2098 4790 2365 4862 pessimae
2413 4790 2665 4847 haereses
2696 4792 2966 4849 nimbosa
3015 4792 3263 4866 caligine
3297 4812 3408 4850 non
3438 4795 3617 4852 fuerit

199 4901 486 4943 mansura
527 4882 654 4938 sine
684 4880 938 4936 sinistre:
990 4896 1143 4935 aura:
1196 4879 1455 4951 impulsu
1486 4878 1805 4934 consistere
1840 4895 1852 4933 :
1963 4878 2282 4951 impeditus
2309 4896 2321 4933 :
2346 4883 2402 4935 et
2428 4880 2502 4934 ob
2534 4879 2642 4936 hoc
2673 4898 2744 4936 ne
2768 4881 2868 4936 diu
2892 4882 3018 4952 jam
3046 4882 3201 4938 dicta
3224 4882 3483 4940 Ecclesia
3504 4885 3614 4943 sub

199 4974 377 5046 cujus
406 4970 728 5043 primatum
751 4967 927 5037 (sicut
947 4967 1223 5023 omnibus
1244 4965 1577 5023 orthodoxis
1611 4965 1855 5022 manife-
1965 4967 2343 5024 destitutione
2374 4968 2624 5039 pastoris
2650 4970 2814 5040 quasi
2849 4970 3087 5026 viduata
3113 4975 3395 5037 maneret,
3416 4973 3620 5045 pradi-

200 5066 366 5119 stum
397 5064 489 5116 est
517 5058 679 5126 viris,
712 5061 771 5112 et
810 5060 875 5112 ut
903 5056 961 5110 in
996 5055 1401 5128 superioribus
1441 5053 1857 5127 praemodicum
1965 5060 2127 5110 ctum
2184 5056 2518 5111 Nectarium
2579 5062 3031 5130 expugnatorem
3089 5058 3515 5129 haereticorum,
3563 5064 3621 5118 et

202 5150 571 5208 declaratum
590 5146 1133 5219 est)beatusPetrus
1152 5145 1420 5216 princeps
1437 5142 1859 5214 apostolorum,
1968 5143 2357 5210 defensorem,
2390 5148 2564 5216 atque
2613 5146 3058 5217 gubernatorem
3106 5147 3486 5205 ecclesiarum
3546 5150 3622 5206 ad

203 5244 264 5297 et
285 5238 515 5311 janitor
556 5234 718 5308 regni
774 5234 1027 5291 cmlestis
1086 5232 1293 5288 merito
1351 5232 1693 5305 promeruit.
1727 5233 1864 5288 Post
1971 5232 2426 5288 ecclesiasticam
2459 5249 2659 5288 curam
2704 5238 2761 5289 et
2809 5234 3155 5307 dignitatem
3203 5237 3622 5296 sacerdotalem

201 5345 382 5401 quem
406 5330 466 5382 et
494 5324 675 5396 hujus
694 5322 894 5379 vicarii
926 5321 1321 5378 sincerissime
1341 5320 1457 5375 Deo
1486 5319 1860 5388 famulantes,
1963 5320 2092 5391 jam
2122 5320 2278 5375 dicta
2308 5321 2566 5376 secunda
2595 5322 2852 5393 synodus
2882 5321 3085 5395 elegit;
3111 5325 3212 5381 sed
3262 5330 3327 5381 ut
3374 5325 3484 5382 hoc
3513 5326 3622 5383 ite-

201 5420 475 5473 carentes
498 5412 847 5469 nebularum
891 5408 1302 5476 densitatibus,
1327 5425 1454 5479 quas
1485 5411 1640 5463 recto
1673 5408 1745 5463 ab
1776 5407 1867 5462 iti-
1972 5425 2105 5464 rum
2138 5409 2301 5465 ﬁeret
2329 5425 2442 5463 non
2469 5409 2854 5477 conﬁrmavit,
2880 5428 3069 5483 neque
3090 5415 3302 5482 sanxit,
3328 5420 3430 5471 aut
3460 5415 3625 5472 insti-

203 5522 343 5562 nere
375 5501 666 5576 impedire
714 5499 993 5568 assolent,
1017 5497 1254 5571 dignius
1286 5499 1689 5568 perceperunt,
1719 5500 1777 5551 et
1804 5495 1863 5550 in
1974 5496 2107 5552 tuit.
2132 5497 2201 5552 Et
2228 5495 2356 5552 ideo
2387 5496 2522 5552 licet
2570 5502 2772 5554 contra
2804 5499 3062 5568 Patrum,
3086 5505 3263 5574 atque
3312 5504 3623 5561 canonioag

1973 5585 2398 5653 institutiones,
2433 5587 2589 5656 quod
2646 5604 2749 5657 per
2797 5590 3163 5646 necessitatis
3211 5592 3336 5647 fieri
3385 5595 3626 5648 eventus

1976 5673 2411 5745 comprobatur,
2437 5690 2552 5729 non
2576 5674 2634 5728 in
2666 5675 3010 5732 auctoritate
3028 5680 3347 5737 tenendum
3373 5685 3491 5750 est;
3522 5681 3626 5739 sed

201 5612 346 5652 cura
378 5589 691 5666 regiminis
712 5605 889 5662 quam
913 5604 1017 5659 pro
1040 5585 1349 5641 dominicis
1371 5584 1577 5640 ovibus
1598 5600 1861 5656 suscepe-

196 5690 353 5754 rant,
375 5679 633 5740 sollicite
664 5676 1304 5752 permanserunt.1ntcr
1336 5692 1479 5747 quos
1516 5679 1571 5729 et
1605 5678 1865 5729 nostram
