3894 6204
331 364 451 442 ⁸18⁸7

1700 380 1777 441 NI
1785 378 2007 442 COLAI
2051 376 2277 439 ΡΛΡΑΞ
2316 377 2365 438 Ι.

3636 371 3748 433 788

330 528 406 571 ne
435 514 649 571 iterum
679 513 815 571 talis
846 514 1140 589 preveniat
1168 514 1508 581 necessitas,
1538 513 1727 587 magis
1759 512 1978 586 magis-
2007 512 2062 581 Α
2091 527 2273 579 scere,
2295 511 2530 567 tandem
2577 514 2888 585 superatus
2920 512 2991 569 ad
3026 510 3449 571 sacerdotalem
3485 511 3562 568 ab
3594 510 3749 568 omni

333 620 447 676 que
468 605 789 661 cavendum
814 623 827 660 :
853 604 991 677 quia
1020 621 1192 660 omne
1213 606 1367 677 quod
1390 605 1461 660 ab
1482 603 1614 659 aliis
1636 602 1980 675 reprehendi

330 693 563 765 poterit,
580 693 1018 749 convenientius
1045 708 1110 749 ac
1142 694 1442 749 decentius
1463 692 1693 747 videtur
1714 692 1979 758 existere,

331 781 379 837 si
411 786 727 854 antequam
752 783 934 838 fomes
957 782 1427 855 reprehensionis
1450 785 1761 847 accrescat,
1785 797 1980 836 emen-

329 870 584 928 dationis
603 888 744 926 cura
768 873 1041 927 succedat
1073 871 1238 944 [pro,,
1263 871 1547 938 succidat,
1574 871 1695 941 1].].

400 960 483 1016 De
512 960 735 1015 Tarasii
759 959 1050 1032 siquidem
1092 958 1591 1032 promotione,qui
1627 958 1897 1013 similiter
1917 975 1984 1013 ex

331 1047 525 1104 laicali
556 1053 705 1104 cmtu
737 1050 807 1104 ad
831 1049 1261 1121 patriarchatus
1283 1048 1569 1120 extemplo
1593 1047 1824 1103 culmen
1859 1064 1987 1119 pro-

336 1141 533 1194 motus
554 1142 663 1205 est,
682 1156 860 1211 quam
882 1143 939 1194 et
954 1156 1055 1195 vos
1078 1138 1249 1211 quasi
1272 1140 1330 1193 in
1360 1138 1761 1194 auctoritatem
1782 1141 1983 1193 vestrae

337 1227 696 1284 defensionis
728 1245 1029 1284 assumere
1056 1227 1320 1295 vultis,si
1358 1230 1785 1298 sanctam,quae
1832 1227 1985 1298 apud

335 1333 439 1373 vos
460 1321 720 1390 tempore
739 1317 1095 1373 sanctissimi
1116 1316 1222 1371 viri
1241 1315 1459 1372 domini
1479 1316 1725 1387 [domui]
1755 1315 1985 1370 Adriani

339 1423 502 1479 papa:
541 1405 829 1462 celebrata
878 1410 987 1471 est,
1019 1406 1306 1478 synodum
1353 1404 1695 1476 diligentius
1744 1404 1985 1460 scrutati

336 1495 585 1564 fueritis,
602 1500 778 1568 atque
800 1497 1081 1552 attentius
1106 1494 1491 1562 intenderitis,
1514 1493 1819 1549 invenietis
1844 1493 1986 1565 quid

336 1583 397 1639 in
427 1600 494 1640 ea
519 1584 673 1641 idem
696 1584 1109 1643 sanctissimus
1128 1584 1216 1639 vir
1238 1582 1542 1639 consultus
1565 1584 1909 1649 decreverit;
1934 1585 1991 1638 et

344 1674 522 1746 quod,
547 1674 686 1730 dum
709 1675 836 1747 ejus
858 1672 1313 1731 consecrationis
1336 1672 1779 1745 reprehenderet
1800 1676 1987 1737 actus,

345 1765 405 1817 et
434 1780 741 1820 mazrorem
764 1780 826 1819 se
849 1779 951 1835 pro
969 1766 1089 1818 tam
1113 1762 1523 1834 praesumptiva
1552 1761 1798 1817 factione
1818 1760 1990 1815 nimi-

342 1869 475 1907 rum
509 1852 805 1924 [nimium]
838 1852 1129 1907 sustinere
1172 1851 1560 1922 profiteretur.
1595 1849 1744 1905 Dicit
1782 1850 1938 1905 enim
1974 1865 1987 1903 :

341 1943 503 2008 Quod
529 1941 641 1997 nisi
666 1940 724 1995 in
747 1941 1041 2012 erigendis
1070 1938 1427 2010 imaginibus
1452 1939 1766 1994 ferventius
1788 1943 1989 1994 contra

338 2031 576 2087 illarum
607 2030 986 2102 depositores,
1020 2032 1194 2100 atque
1238 2028 1692 2095 conculcatores,
1724 2033 1790 2083 ut
1818 2044 1988 2082 verus

343 2120 515 2176 miles
545 2118 760 2175 Christi
800 2118 1119 2185 resisteres,
1145 2134 1511 2190 nequaquam
1546 2121 1748 2173 vestra:
1789 2134 1989 2172 conse-

344 2207 588 2265 crationi
617 2223 928 2264 assensum
978 2207 1388 2279 praeberemus,
1421 2210 1522 2262 aut
1567 2207 1626 2261 in
1659 2206 1861 2262 ordine
1889 2224 1989 2278 pa-

342 2298 697 2355 triarchatus
714 2300 965 2352 vestram
984 2294 1353 2351 dilectionem
1375 2295 1809 2368 susciperemus
1829 2312 1840 2349 :
1864 2313 1990 2367 quae

344 2391 574 2444 tantum
625 2385 956 2442 declaratur
1003 2384 1330 2440 inordinate
1376 2388 1660 2457 promota,
1703 2388 1991 2455 quantum

345 2476 761 2549 comprobatur
805 2478 1009 2529 contra
1057 2473 1374 2546 apostolica
1403 2475 1633 2529 decreta
1679 2473 1995 2528 enormiter

348 2568 726 2639 praesumpta.
747 2562 1163 2618 Beatissimum
1186 2578 1418 2634 quoque
1433 2563 1806 2618 Ambrosium
1830 2562 1916 2635 [de
1934 2564 1989 2619 S.

348 2654 543 2711 mer.
581 2654 738 2710 Paul.
772 2653 830 2707 in
872 2653 987 2723 ejus
1021 2652 1181 2722 Vita],
1205 2650 1593 2706 clarissimam
1639 2655 1697 2706 et
1734 2650 1994 2723 splendi-

348 2742 654 2800 dissimam
684 2739 981 2797 lucernam
1012 2739 1302 2807 Ecclesiae,
1329 2739 1429 2811 qui
1459 2756 1528 2795 ex
1552 2739 1991 2807 catechumeno,

349 2832 543 2889 divino
573 2830 854 2904 prasagio
884 2830 955 2884 ad
979 2828 1369 2901 episcopalem
1396 2845 1499 2900 per
1527 2829 1835 2885 continuos
1864 2846 1994 2902 gra-

350 2922 463 2978 dus
494 2924 797 2993 promotus
828 2922 915 2974 est
948 2917 1316 2990 dignitatem,
1339 2934 1443 2972 cur
1472 2917 1641 2973 nobis
1671 2935 1775 2990 pro
1807 2922 1995 2974 vestro

350 3009 640 3066 tutamine
670 3006 983 3081 opponitis,
1007 3011 1065 3063 et
1094 3007 1166 3061 ad
1193 3011 1445 3062 vestram
1476 3005 1738 3062 illicitam
1770 3023 1998 3079 promo-

350 3097 570 3155 tionem
602 3097 938 3154 antefertis?
959 3097 1057 3168 qui
1088 3112 1200 3150 non
1231 3094 1514 3151 instinctu
1547 3095 1873 3164 hominum,
1895 3095 1995 3150 sed

352 3187 548 3243 divina
576 3186 894 3251 vocatione,
920 3201 1025 3256 per
1053 3183 1469 3239 miraculorum
1491 3184 1757 3257 prodigia
1778 3183 1996 3239 electus

2091 599 2303 673 populo
2324 605 2382 656 et
2401 600 2553 656 clero
2579 601 2859 658 divinitus
2877 606 2963 657 est
2986 603 3329 675 dignitatem
3358 602 3616 665 electus,
3641 606 3697 657 et
3722 619 3751 655 a

2090 688 2510 745 catechumeno
2534 707 2635 761 per
2652 690 2917 763 singulos
2934 692 3149 763 gradus
3166 691 3609 747 ecclesiasticos
3631 707 3754 762 pro-

2092 777 2358 832 ﬁciscens
2390 776 2610 850 [melius
2632 779 2964 850 proficiens,
2998 781 3321 851 H.],octavo
3355 781 3452 835 die
3485 780 3562 834 ab
3595 781 3750 834 omni

2091 866 2533 933 catholicorum,
2559 868 2756 923 divina
2786 875 3079 924 annuente
3100 869 3430 938 clementia,
3456 886 3751 925 consensu

2093 960 2180 1010 est
2197 962 2570 1013 consecratus
2587 958 2915 1029 episcopus.
2928 960 3203 1014 Attendat
3224 959 3405 1032 igitur
3424 958 3755 1030 prudentiae

2092 1049 2295 1100 vestrae
2344 1045 2595 1113 dilectio,
2621 1051 2677 1101 et
2730 1047 2935 1103 intimo
2966 1048 3157 1103 cordis
3208 1049 3530 1120 prospiciat
3558 1046 3752 1114 oculo,

2094 1133 2142 1188 si
2164 1134 2450 1190 debentur
2469 1152 2556 1201 ea,
2573 1152 2699 1207 quas
2723 1152 2825 1208 per
2843 1136 3259 1192 miraculorum
3284 1137 3456 1209 signa
3478 1136 3753 1192 ﬁdelibus

2095 1224 2461 1294 proveniunt,
2487 1224 2579 1279 his
2618 1225 2854 1297 aaquari,
2880 1242 3006 1296 quas
3038 1226 3269 1298 proprio
3306 1230 3540 1282 tantum
3576 1224 3752 1280 libitu

2095 1311 2167 1365 ad
2191 1311 2491 1383 dignitatis
2520 1312 2765 1385 gloriam
2790 1314 3225 1387 percipiendam
3255 1321 3664 1388 peraguntur:
3699 1319 3758 1369 et

2095 1398 2180 1453 sic
2213 1401 2283 1454 ad
2306 1401 2666 1457 auctoritatis
2688 1406 2890 1458 vestrae
2911 1403 3341 1459 excusationem
3369 1404 3648 1476 praefatos
3666 1418 3759 1458 as-

2097 1488 2312 1543 sumite
2333 1489 2506 1545 viros.
2532 1491 2675 1546 Ecce
2704 1496 2942 1564 propter
2972 1492 3377 1548 necessitatem
3403 1498 3459 1548 et
3488 1493 3757 1565 inopiam

2097 1576 2440 1633 clericorum
2472 1579 2803 1649 Nectarius;
2828 1596 2958 1637 ecce
2980 1586 3217 1654 propter
3234 1580 3639 1638 ecclesiastica
3658 1583 3762 1637 do.

2098 1670 2316 1737 gmata,
2337 1671 2392 1721 et
2413 1667 2812 1724 haereticorum
2836 1670 3456 1744 expugnationem,qui
3477 1688 3763 1727 veneran-

2099 1754 2204 1809 das
2237 1755 2523 1827 deponere
2566 1756 2854 1829 imagines
2892 1765 3412 1831 praesumpserunt,
3434 1761 3759 1827 Tarasius;

2099 1859 2230 1898 ecce
2254 1860 2355 1914 per
2375 1845 2790 1901 miraculorum
2816 1848 2987 1918 signa
3008 1848 3347 1905 Ambrosius
3367 1851 3439 1905 ad
3462 1853 3763 1924 regendas

2100 1931 2386 1988 Ecclesias
2418 1935 2665 2005 promoti
2687 1940 2844 1991 sunt.
2869 1937 2948 1992 De
2968 1937 3132 1993 vobis
3154 1944 3371 2006 autem,
3388 1940 3613 2011 quibus
3636 1958 3763 2013 per—

2098 2020 2297 2091 plures
2328 2022 2705 2079 auctoritates
2730 2023 3132 2091 conciliorum,
3152 2031 3327 2099 atque
3351 2028 3587 2085 decreta
3620 2047 3762 2085 san~

2098 2108 2497 2165 ctissimorum
2552 2112 2895 2184 pontificum
2932 2114 3237 2184 resistunt,
3271 2117 3413 2188 quid
3470 2117 3642 2172 aliud
3675 2122 3764 2173 est

2100 2198 2493 2268 sentiendum,
2510 2200 2622 2256 nisi
2647 2202 3005 2274 inopinatam
3027 2220 3062 2259 a
3081 2205 3245 2261 vobis
3264 2208 3759 2264 consuetudinem

2100 2287 2419 2344 adolevisse
2441 2291 2836 2346 credendum?
2859 2292 2926 2347 Et
2942 2294 3266 2349 secundum
3290 2300 3641 2352 sanctorum
3665 2298 3764 2351 Pa-

2102 2380 2258 2431 trum
2292 2379 2641 2435 sententiam
2688 2397 2799 2436 non
2840 2381 3031 2437 solum
3060 2383 3201 2455 quia
3230 2400 3299 2439 ex
3328 2383 3518 2441 laicali
3550 2387 3761 2442 ordine

2102 2471 2305 2521 contra
2324 2469 2632 2524 canonicas
2655 2471 3030 2528 auctoritates
3050 2472 3123 2526 ad
3148 2474 3460 2545 regendam
3475 2479 3763 2531 Constan-

2101 2555 2548 2627 tinopolitanam
2580 2558 2893 2615 Ecclesiam
2943 2560 3137 2616 subito
3187 2562 3622 2633 transvolastis,
3660 2565 3760 2619 sed

2102 2643 2278 2700 etiam
2311 2644 2449 2717 quia
2503 2646 2731 2703 vivente
2775 2648 2919 2714 viro,
2952 2653 3010 2704 et
3065 2649 3343 2706 incolumi
3401 2652 3763 2724 persistente

2104 2732 2390 2803 (videlicet
2422 2734 2863 2808 religiosissimo
2902 2738 3128 2810 Ignatio
3171 2740 3527 2812 patriarcha)
3559 2743 3763 2798 cathe-

2106 2821 2268 2878 dram
2320 2821 2479 2879 illius
2515 2825 2758 2897 (scilicet
2802 2827 3515 2901 Constantinopolitanam
3564 2831 3760 2887 Eccle-

2105 2910 2276 2982 siam)
2298 2916 2363 2966 ut
2387 2913 2649 2970 mmchus
2678 2915 3152 2987 subripuistis,et
3172 2916 3442 2975 invadere
3467 2936 3762 2991 pra'sum-

2106 3000 2339 3071 psistis:
2365 3007 2779 3074 postponentes
2798 3003 2965 3072 illud,
2985 3007 3137 3077 quod
3159 3007 3445 3079 scriptum
3464 3013 3553 3064 est
3573 3026 3586 3062 :
3609 3010 3762 3078 Quod

2107 3089 2209 3144 tibi
2238 3107 2347 3145 non
2376 3093 2459 3145 vis
2500 3092 2645 3161 ﬁeri,
2668 3094 2773 3147 alii
2806 3111 2874 3149 ne
2909 3093 3108 3167 feceris
3141 3096 3349 3163 (Matth.
3372 3101 3516 3166 vn):
3542 3104 3600 3153 et
3636 3100 3761 3153 ideo

2104 3182 2309 3233 vestrm
2340 3180 2765 3235 consecrationi
2794 3182 3085 3254 mquitatis
3126 3183 3441 3240 libramina
3469 3190 3758 3253 tenentes,

352 3275 466 3331 est!
498 3276 645 3331 Nam
677 3290 810 3328 cum
849 3255 1208 3327 iniinfantiaa
1240 3270 1407 3326 cunis
1430 3272 1549 3341 sub
1579 3255 1824 3327 nutricis
1854 3288 1996 3327 cura
2026 3255 2066 3320 C
2106 3283 2411 3322 assensum
2446 3269 2699 3341 praebere
2731 3271 2890 3342 (quia
2917 3273 3231 3328 enormiter
3277 3266 3335 3329 ét
3380 3279 3589 3331 contra
3617 3294 3761 3331 san-

350 3364 648 3420 dormiens
692 3360 936 3417 sollicite
971 3362 1313 3425 verteretur,
1338 3364 1536 3431 aperto
1576 3377 1706 3415 ecce
1735 3377 1832 3415 ore
1862 3377 1995 3416 exa-

350 3469 484 3508 men
516 3467 694 3523 apum
735 3449 929 3506 subito
960 3446 1164 3514 adfuit,
1190 3448 1344 3518 quod
1393 3448 1597 3503 faciem
1632 3450 1779 3520 ejus,
1810 3454 1867 3506 et
1895 3467 1996 3506 ora

352 3539 684 3612 complevit,
726 3538 807 3591 ita
853 3539 917 3591 ut
966 3535 1328 3607 ingrediendi
1378 3535 1785 3609 [ingrediendi,
1820 3544 1997 3611 atque

349 3626 707 3700 egrediendi]
746 3625 899 3679 vices
949 3624 1403 3696 frequentarent.
1440 3626 1599 3691 Quod
1651 3632 1815 3699 pater
1861 3645 1995 3684 cum

351 3720 557 3783 matre,
579 3714 668 3770 vel
700 3713 820 3769 filia
849 3712 1254 3782 deambulans,
1280 3730 1351 3769 ne
1384 3714 1756 3787 abigerentur
1786 3718 1857 3773 ab
1888 3735 1996 3773 an-

351 3804 646 3876 cilla,quae
670 3819 869 3859 curam
894 3801 1187 3869 nutriendi
1211 3800 1451 3857 infantis
1474 3810 1831 3876 susceperat,
1864 3824 1997 3879 pro-

352 3893 610 3949 bibebat.
635 3890 892 3948 Sollicita
938 3890 1094 3946 enim
1134 3895 1277 3959 erat,
1309 3908 1382 3947 ne
1428 3891 1639 3948 infanti
1688 3898 1993 3962 nocerent;

351 3981 768 4055 exspectabant
814 3983 1010 4035 tamen
1059 3979 1244 4052 patrio
1276 3980 1483 4036 all‘ectu
1526 3999 1641 4053 quo
1691 3983 1806 4038 fine
1854 3983 1998 4039 illud

352 4070 703 4128 miraculum
733 4068 1118 4125 clauderetur.
1145 4070 1218 4124 At
1248 4068 1359 4125 illa;
1383 4075 1517 4142 post
1538 4070 1877 4144 aliquandiu
1907 4091 2000 4129 vo-

351 4160 587 4217 litantes
612 4160 671 4214 in
693 4162 915 4214 tantam
936 4156 1086 4214 aeris
1107 4157 1478 4214 altitudinem
1502 4159 1809 4216 sublevate:
1837 4167 1997 4229 sunt,

351 4254 417 4305 ut
452 4247 731 4304 humanis
778 4247 963 4303 oculis
1015 4247 1257 4303 minime
1299 4247 1666 4318 viderentur;
1700 4267 1816 4323 quo
1847 4252 1999 4307 facto

349 4337 590 4393 territus
620 4340 782 4409 pater
811 4337 927 4391 ait:
953 4336 1011 4392 Si
1034 4336 1238 4392 vixerit
1268 4336 1595 4394 infantulus
1622 4339 1750 4408 iste,
1776 4339 1998 4413 aliquid

351 4425 549 4499 magni
581 4424 711 4481 erit.

420 4515 555 4571 Post
591 4514 711 4570 haec
740 4530 873 4570 vero
920 4513 1156 4569 adultus
1186 4530 1332 4585 puer
1374 4513 1716 4569 liberalibus
1773 4517 1998 4574 artibus

2104 3361 2331 3412 ctorum
2365 3358 2595 3414 Pstrum
2644 3359 3043 3416 institutiones
3072 3366 3303 3434 peracta
3350 3365 3461 3435 est)
3510 3365 3759 3420 minime

2104 3446 2535 3519 praesumimus.
2569 3449 2730 3514 Quod
2761 3465 2895 3504 vero
2947 3450 3141 3506 dicitis
3189 3468 3377 3524 neque
3407 3453 3760 3509 Sardicense

2105 3535 2441 3603 concilium,
2468 3553 2657 3608 neque
2694 3538 3008 3593 decretalia
3036 3556 3137 3595 vos
3167 3540 3381 3597 habere
3411 3547 3756 3598 sanctorum

2106 3625 2572 3697 pontificum,vel
2621 3627 2891 3698 recipere,
2927 3644 3042 3683 non
3075 3628 3241 3685 facile
3286 3630 3459 3686 nobis
3509 3631 3761 3687 facultas

2106 3714 2378 3769 credendi
2412 3713 2692 3770 tribuitur
2722 3733 2735 3770 :
2772 3716 3025 3773 maxime
3068 3734 3201 3773 cum
3244 3719 3592 3776 Sardicense
3623 3738 3757 3776 con-

2107 3801 2326 3868 cilium,
2348 3803 2500 3874 quod
2532 3820 2709 3875 penes
2741 3821 2841 3860 vos
2874 3806 2933 3860 in
2955 3805 3160 3862 vestris
3190 3807 3536 3879 regionibus
3565 3814 3758 3865 actum

2106 3895 2287 3957 est,et
2316 3892 2509 3947 omnis
2547 3892 2804 3949 Ecclesia
2834 3893 3191 3966 recipit,qua
3220 3896 3446 3952 ratione
3478 3915 3759 3954 convene-

2107 3983 2217 4046 rat,
2238 3984 2301 4035 ut
2322 3980 2431 4037 hoc
2451 3987 2655 4037 sancta
2675 3982 3319 4056 Constantinopolitana
3338 3985 3605 4042 Ecclesia
3622 3988 3760 4059 abji-

2107 4071 2285 4135 ceret,
2307 4074 2382 4136 et,
2408 4074 2472 4124 ut
2501 4069 2745 4142 dignum
2776 4075 2884 4139 est,
2919 4089 3033 4128 non
3066 4072 3384 4130 retineret?

2178 4156 2496 4213 Decretalia
2525 4163 2743 4225 autem,
2777 4176 2904 4230 quae
2935 4178 2969 4215 a
2994 4161 3212 4217 sanctis
3244 4162 3627 4234 pontificibus
3655 4167 3763 4238 pri-

2107 4263 2216 4300 ma:
2248 4246 2404 4302 sedis
2447 4248 2717 4303 Romanis
2767 4248 3035 4305 Ecclesia
3077 4254 3215 4306 sunt
3264 4252 3563 4319 instituta,
3596 4256 3762 4326 cujus

2108 4336 2471 4403 auctoritate,
2487 4341 2663 4408 atque
2685 4338 2985 4394 sanctione
3005 4356 3211 4395 omnes
3235 4341 3468 4412 synodi,
3483 4348 3541 4398 et
3563 4350 3761 4399 sancta

2107 4423 2352 4480 concilia
2374 4424 2738 4493 roborentur,
2754 4429 2811 4481 et
2841 4425 3216 4483 stabilitatem
3250 4436 3648 4496 sumunt,cur
3664 4449 3758 4487 vos

2108 4531 2222 4568 non
2254 4512 2468 4569 habere
2497 4512 2583 4568 vel
2629 4514 2935 4570 observare
2978 4515 3213 4571 dicitis?
3242 4516 3352 4572 nisi
3389 4519 3534 4590 quia
3562 4524 3757 4576 vesti-re

350 4603 615 4659 imbutus
647 4602 1036 4659 Mediolanum
1068 4600 1338 4673 perrexit,
1362 4601 1461 4656 ubi
1493 4602 1816 4659 Auxentius
1841 4605 1996 4661 Aria-
2027 4628 2074 4686 υ
2107 4600 2453 4657 ordinationi
2479 4601 2906 4670 contradicunt,
2933 4607 2989 4658 et
3018 4620 3086 4659 ex
3117 4602 3265 4659 laico
3295 4606 3495 4663 subito
3526 4610 3603 4663 ad
3635 4608 3755 4664 cul-

350 4709 558 4748 norum
588 4690 896 4764 episcopus
923 4689 1259 4745 cathedram
1287 4706 1404 4743 non
1436 4690 1749 4762 regendam
1780 4693 1881 4747 sed
1914 4694 1997 4748 di-

349 4779 687 4837 laniandam
710 4779 945 4835 tenebat
967 4776 1377 4849 episcopalem.
1402 4778 1523 4842 Quo
1545 4777 1838 4843 defuncto,
1853 4781 1994 4837 dum

350 4869 422 4924 ad
451 4868 791 4925 electionem
832 4863 1089 4939 episcopi
1133 4863 1432 4936 popularis
1463 4865 1625 4920 ﬁeret
1651 4865 1710 4919 in
1741 4867 1997 4926 Ecclesia

349 4956 737 5031 conglobatio,
752 4972 882 5011 ecce
903 4952 1141 5025 quidam
1174 4952 1368 5006 infans
1390 4951 1770 5021 acclamabat,
1796 4957 1996 5015 dicens

347 5045 720 5103 Ambrosium
751 5044 1091 5117 episcopum
1125 5056 1138 5094 :
1171 5040 1241 5094 ad
1276 5056 1453 5111 quam
1486 5058 1684 5097 vocem
1716 5048 1772 5099 et
1803 5047 1995 5103 omnis

350 5133 450 5190 illa
469 5132 769 5190 conventio
795 5130 1064 5187 similiter
1092 5127 1451 5183 acclamabat
1474 5130 1846 5188 Ambrosium
1871 5135 1997 5207 epi-

349 5220 789 5295 scopum.Quod
820 5234 933 5274 non
966 5215 1242 5271 humanis
1276 5215 1333 5271 id
1368 5217 1487 5273 fieri
1520 5220 1877 5278 credendum
1908 5228 1996 5279 est

346 5307 771 5371 voluntatibus,
790 5306 891 5360 sed
915 5303 1148 5369 divinis,
1173 5304 1244 5359 ad
1274 5304 1648 5364 salvationem
1671 5314 1728 5365 et
1747 5312 1994 5384 ereptio-

350 5414 480 5452 nem
507 5393 765 5450 ﬁdelium
787 5393 857 5446 de
888 5392 1198 5447 adversarii
1228 5394 1410 5449 nostri
1435 5396 1838 5470 faucibus,qui
1870 5405 1993 5455 tan-

348 5500 524 5554 quam
554 5481 645 5533 leo
670 5478 929 5548 rugiens,
955 5481 1161 5550 qumrit
1186 5496 1359 5552 quem
1393 5482 1625 5539 devoret
1646 5484 1716 5555 (Il
1744 5490 1886 5541 Petr.
1912 5490 1990 5554 v),

348 5562 849 5639 inspirationibus.
869 5566 976 5631 Qui
1002 5567 1141 5623 dum
1169 5585 1230 5625 se
1258 5569 1460 5626 multis
1490 5589 1555 5627 ac
1580 5572 1754 5628 variis
1784 5573 1993 5631 voluis-

345 5660 434 5709 set
463 5649 755 5709 occultare
784 5656 1165 5725 argumentis,
1199 5661 1256 5713 et
1286 5676 1319 5714 a
1352 5662 1512 5716 tanto
1542 5659 1760 5717 honore
1790 5662 1990 5718 delite-

2108 4707 2239 4745 men
2254 4690 2683 4762 patriarchatus
2694 4691 3054 4747 transvolare
3067 4692 3386 4749 resistunt?
3398 4700 3608 4752 contra
3619 4698 3754 4752 illud

2104 4778 2490 4851 apostolicum
2517 4796 2529 4835 :
2553 4780 2774 4835 Nemini
2802 4783 2909 4836 cito
2936 4797 3165 4836 manum
3196 4784 3525 4854 imposueris
3557 4786 3605 4858 (ι
3626 4788 3750 4842 Tim.

2102 4867 2180 4936 v).
2204 4867 2365 4932 Quod
2399 4868 2447 4922 si
2487 4884 2555 4923 ea
2595 4885 2711 4923 non
2760 4868 3013 4940 habetis,
3038 4869 3111 4924 de
3143 4870 3413 4944 neglectu
3464 4878 3643 4946 atque
3670 4874 3751 4929 in-

2106 4956 2269 5010 curia
2296 4956 2438 5011 estis
2471 4957 2750 5029 arguendi
2772 4975 2785 5023 ;
2811 4956 2860 5012 si
2892 4957 3142 5028 habetis,
3163 4962 3221 5014 et
3270 4976 3387 5015 non
3418 4961 3752 5028 observatis,

2105 5045 2175 5099 de
2210 5045 2536 5101 temeritate
2566 5046 2707 5101 estis
2738 5047 3091 5119 corripiendi
3122 5051 3179 5104 et
3211 5049 3577 5122 increpandi.
3605 5052 3754 5115 Quod

2102 5131 2382 5189 violenter
2404 5150 2503 5189 vos
2530 5134 2599 5189 ad
2640 5134 3058 5191 sacerdotalem
3090 5136 3441 5209 dignitatem
3468 5145 3756 5211 promotos

2103 5223 2447 5277 asseveratis
2465 5227 2639 5295 atque
2659 5224 3293 5295 protestamini,vestrae
3307 5230 3753 5284 consecrationis

2102 5314 2363 5381 tempore
2395 5328 2511 5366 non
2553 5312 2636 5367 ita
2665 5328 2792 5368 esse
2824 5312 3173 5368 declaratur.
3211 5315 3317 5380 Qui
3352 5321 3661 5388 postquam
3694 5319 3748 5372 in

2102 5399 2531 5469 patriarchatus
2562 5400 2774 5456 throno
2806 5401 3054 5456 stabiliti
3079 5402 3240 5469 estis,
3265 5417 3381 5458 non
3412 5409 3477 5459 ut
3507 5410 3664 5477 pater
3692 5405 3745 5459 in

2103 5485 2239 5541 filiis
2270 5487 2543 5555 blandus,
2568 5490 2668 5544 sed
2696 5494 2759 5544 ut
2790 5489 3077 5545 immitem
3104 5490 3160 5545 in
3186 5491 3551 5563 depositione
3572 5494 3743 5549 archi-

2101 5573 2507 5647 episcoporum
2548 5583 2605 5632 et
2634 5578 3041 5650 episcoporum
3092 5596 3195 5651 per
3237 5581 3600 5639 severitatem
3646 5599 3741 5637 vos

2100 5663 2569 5734 demonstrastis,
2593 5670 2651 5723 et
2680 5666 2740 5722 in
2762 5667 3140 5725 damnatione
3169 5667 3499 5727 innocentis
3522 5670 3738 5744 lgnatii,
