1947 3102
221 167 281 197 199

584 231 683 260 XVIII.

412 286 449 304 AD
468 285 598 305 CAROLUM
618 286 729 305 CALVL‘M
749 285 853 305 REGEM.

546 323 638 355 (Anno
654 323 727 358 862.)

224 377 255 406 Ut
269 377 322 404 duo
337 376 370 404 de
383 377 442 412 ejus
457 384 539 409 regno
554 377 672 411 episcopi
694 375 730 402 ad
752 375 888 410 synodum
912 375 985 402 lctis
1003 383 1047 402 co-

459 411 575 447 gendam
589 412 806 447 proficiscantur.

480 456 574 491 [Apud
592 456 696 488 Mansi,
715 456 792 489 ibid]

257 511 400 538 Nicouus
415 509 690 545 episcopus,servus
704 517 853 536 servorum
870 508 1048 541 Dei,CAnor.o

223 556 350 593 glorioso
366 554 425 590 regi
441 557 503 590 [pro
518 554 652 589 synodo].

258 600 347 628 Sedes
363 599 422 626 haec
438 600 539 626 sancta
552 601 638 633 atque
654 598 809 634 praecipua,
831 598 879 625 cui
907 597 1049 625 Dominici

222 645 319 681 gregis
329 647 373 672 est
384 643 549 671 sollicitudo
560 651 688 678 curaque
697 642 898 675 commissa,in
910 642 1049 669 omnibus

224 689 325 718 mundi
335 688 467 724 partibus
477 687 660 714 rectitudinis
670 696 729 714 sua:
737 687 928 722 dispositione
939 686 1049 714 salubri

222 737 327 762 cuncta
343 733 476 760 ordinare
492 731 687 767 perﬁcereque
707 731 805 758 divino
826 731 898 757 freta
914 733 1050 766 procurat

222 778 340 810 auxilio,
356 780 384 804 et
399 777 477 812 quod
502 775 644 812 singulari
662 784 713 811 pro
725 775 896 802 auctoritate
912 775 1049 810 perﬁcere

221 823 307 855 valet,
325 821 484 849 multorum
501 829 576 856 saepe
592 820 777 847 sacerdotum
789 819 916 847 decernit
928 819 1050 846 deﬁnire

222 868 411 899 consensu,et
421 865 543 901 justitiae
560 873 684 892 censura
699 872 733 891 ea
748 863 857 892 scilicet
867 864 1051 891 emendanda

221 912 394 943 deliberare,
411 919 474 946 qua
489 917 641 945 perperam
657 911 744 944 atque
769 909 929 936 enormiter
943 908 1051 936 fuerint

222 956 328 985 alicubi
345 955 514 983 commissa.
529 953 611 981 L'nde
625 955 725 980 vestra:
742 952 831 989 regali
844 955 959 988 Deoque
970 961 1050 979 ama-

222 1001 272 1028 bili
288 999 463 1028 excellcntie
477 1000 579 1025 notum
595 1006 660 1025 esse
675 997 821 1030 volumus,
834 997 904 1033 quia
918 997 954 1024 ad
972 997 1050 1023 futu-

223 1053 285 1073 ram
310 1044 467 1080 synodum,
483 1051 547 1078 qua:
573 1042 658 1069 Metis
684 1041 800 1069 civitate
827 1041 955 1069 Lotharii
971 1041 1050 1077 regis

222 1088 335 1125 nepotis
356 1087 443 1115 vestri
467 1095 518 1123 pro
543 1087 579 1122 (a)
603 1087 767 1122 Teutberga
790 1094 887 1113 sorore
911 1083 1049 1113 Hucberti

221 1133 329 1166 clerici,
346 1135 375 1160 et
390 1131 547 1160 Waldrada
564 1131 768 1167 congreganda
790 1132 844 1163 est,
860 1130 935 1158 duos
954 1130 989 1158 de
1004 1138 1048 1157 re-

220 1186 278 1215 gno
293 1179 389 1205 vestro
404 1176 567 1212 episcopos,
584 1184 658 1211 quos
675 1175 832 1211 prudentes
858 1177 946 1210 atque
971 1183 1049 1202 vera-

215 1231 269 1250 ces
292 1230 343 1250 vos
366 1229 430 1249 esse
454 1219 629 1256 cognoscitis
650 1220 804 1247 convenire
824 1219 976 1254 jubemus,
997 1219 1046 1254 qui

220 1275 281 1295 uua
295 1274 361 1294 cum
377 1267 486 1293 sanctae
511 1265 589 1292 sedis
615 1266 719 1291 nostrae
745 1263 860 1299 legatis,
886 1272 959 1299 quos
977 1263 1046 1290 illuc

216 1310 344 1339 Domino
368 1309 526 1337 auxiliante
551 1317 629 1338 nunc
652 1308 847 1341 destinamus,
870 1310 899 1335 et
920 1307 1046 1335 aliorum

217 1355 429 1384 venerabilium
445 1354 646 1389 episcoporam
671 1355 758 1386 coetu,
775 1353 825 1388 qui
851 1352 887 1379 ad
912 1352 1045 1380 eamdem

214 1400 364 1436 synodum
379 1398 568 1427 eonvenicndi
585 1399 665 1429 sunt,
683 1396 783 1424 subtili
799 1399 905 1424 cuncta
925 1396 1044 1432 indaga—

217 1445 447 1479 tione,rectaque
462 1442 545 1470 valde
557 1441 924 1478 inquisitione,secundum
941 1441 1044 1473 Deum,

215 1491 249 1517 et
261 1487 442 1516 venerabiles
456 1489 624 1515 sanctorum
637 1486 754 1513 Patrum
769 1485 1047 1517 institutiones,exa-

214 1533 332 1560 minare
346 1541 379 1559 ac
394 1531 515 1560 deﬁnire
529 1531 686 1558 decertent.
698 1530 770 1557 Nam
786 1532 815 1557 et
831 1530 974 1557 Ludovico
985 1529 1045 1565 glo-

219 1577 297 1605 rioso
312 1577 385 1613 regi,
400 1576 482 1603 fratri
506 1577 612 1608 vestro,
627 1574 716 1602 simili
741 1574 826 1601 modo
852 1573 964 1601 litteras
980 1582 1045 1601 nos—

219 1624 282 1650 tras
295 1621 466 1654 direximus,
482 1620 557 1647 duos
573 1619 653 1655 regni
664 1619 711 1646 sui
727 1619 879 1655 episcopos
898 1619 934 1646 ad
951 1618 1044 1654 ipsam

220 1665 365 1702 synodum
381 1666 581 1696 convocantes,
598 1665 742 1698 quatenus
764 1663 793 1690 in
818 1663 966 1696 omnibus,
983 1671 1046 1699 qua:

220 1709 262 1737 ibi
283 1709 440 1737 statuenda
463 1710 543 1741 sunt,
559 1707 703 1735 rectitudo
718 1707 823 1743 vigeat,
845 1707 962 1742 justitia
981 1707 1046 1743 pol-

220 1754 290 1785 leat,
306 1756 335 1780 et
348 1752 475 1779 falsitate
491 1752 590 1787 fugata
604 1751 710 1779 veritas
725 1751 877 1787 splendeat
894 1759 900 1778 z
919 1754 950 1778 ut
964 1760 1046 1779 vene-

222 1797 305 1825 rabili
320 1796 504 1825 sacerdotum
522 1796 573 1823 Dei
598 1796 756 1823 certamine
787 1795 895 1823 Christi
919 1796 1047 1824 Ecclesia

221 1842 258 1869 ab
280 1840 419 1868 omnibus
442 1840 618 1867 inconcussa
640 1840 781 1867 consistat
805 1840 945 1867 adversis.
969 1841 1046 1872 Quos

221 1893 292 1913 sane
318 1885 347 1911 in
373 1884 514 1912 veniendo
529 1884 691 1920 episcopos,
709 1887 737 1912 et
752 1885 787 1911 ad
800 1885 863 1920 jam
876 1884 983 1911 dictam
999 1893 1046 1920 sy-

221 1929 332 1957 nodum
344 1928 478 1965 jussione
503 1931 602 1956 nostra
625 1929 755 1956 volentes
775 1937 938 1961 occurrere,
952 1931 1048 1957 vestra

221 1982 279 2001 non
294 1973 421 2001 retardet
436 1973 589 2007 nobilitas;
606 1973 656 2001 sed
669 1981 720 2008 pro
734 1973 784 2001 Dei
795 1981 894 2001 amore
908 1972 988 2009 ipsos
999 1974 1047 2001 ab-

221 2026 293 2054 sque
307 2017 447 2054 temporis
463 2017 650 2053 protelatione
672 2018 707 2045 ad
734 2017 883 2053 praefatam
901 2018 1046 2054 synodum

213 2062 325 2091 sinatis
337 2071 499 2090 occurrere.
516 2063 590 2090 Data
605 2062 821 2090 non.Kalendas
838 2063 1047 2097 Decembri,in-

212 2106 349 2135 dictione
359 2115 398 2134 x1.

600 2151 667 2178 XIX.

385 2204 422 2223 AD
443 2204 609 2224 LUDOVICUM
628 2205 649 2223 ll
670 2204 883 2224 ΙΜΡΕΒΑΤΟΒΕΜ.

220 2249 395 2277 Commendat
410 2250 509 2285 legatos
522 2257 575 2284 pro
589 2257 672 2276 causa
687 2249 811 2276 Lotharii
831 2250 927 2284 fratris
941 2250 1001 2284 ejus
1016 2251 1045 2277 in

497 2285 643 2312 Franciam
656 2285 764 2311 missos.

478 2329 572 2364 [Apud
590 2327 694 2361 Mansi,
711 2328 790 2363 ibid]

254 2382 400 2410 NICOLAUS
415 2381 581 2418 episcopus,
599 2389 700 2408 servus
715 2389 865 2408 servorum
882 2380 942 2413 Dei,
952 2382 1046 2409 Luno-

220 2434 284 2454 Vico
298 2425 467 2462 imperatori
482 2426 547 2461 [pro
561 2424 726 2461 synodoce].

256 2471 393 2506 Augustae
409 2469 577 2497 serenitatis
585 2468 1047 2504 magnitudinivestrae,imperiali

221 2514 343 2550 fulgenti
359 2515 472 2547 decore,
485 2513 531 2541 his
548 2512 729 2549 apostolatus
745 2513 835 2540 nostri
847 2512 952 2540 litteris
967 2513 1048 2541 iuno-

221 2558 446 2594 tescimus,quia
460 2557 562 2585 multis
571 2559 599 2584 et
608 2556 787 2592 quotidianis
800 2556 988 2585 ecclesiarum
996 2558 1044 2585 Dei

222 2602 469 2630 sollicitudinibus
479 2604 508 2629 et
523 2601 819 2637 utilitatibus,quibus
830 2610 883 2629 nos
894 2601 1047 2638 vigilanter

222 2646 357 2674 insistere
373 2645 629 2682 decet,praapediti,
644 2645 750 2673 missos
766 2648 881 2674 nostros
898 2655 949 2682 pro
960 2648 1045 2682 perﬁ-

223 2690 326 2718 cienda
341 2690 463 2726 synodo,
480 2697 569 2725 quam
594 2697 645 2725 pro
669 2698 758 2717 causa
781 2690 909 2719 Lotharii
926 2690 1045 2727 gloriosi

223 2733 413 2770 regis,t‘ratris
423 2733 623 2766 vestri,nostra
634 2734 793 2769 apostolica
803 2735 864 2762 ﬁeri
875 2735 1045 2762 auctoritate

902 165 1059 196 NICOLAI
1082 165 1197 196 ΡΑΡᾸΞ
1218 165 1242 195 Ῑ.

1843 168 1878 200 θα]

1060 233 1087 267 Α
1103 232 1296 267 decrevimus,
1308 235 1367 260 tam
1381 230 1525 267 celeriter,
1541 233 1574 260 ut
1594 231 1674 261 inter
1697 240 1749 260 nos
1770 235 1879 266 statutum.

1102 280 1158 312 est,
1175 278 1204 305 in
1220 277 1373 305 Franciam
1388 278 1535 305 destinare
1551 277 1722 313 nequimus.
1738 278 1769 304 Et
1786 280 1880 314 quoniam

1102 321 1303 349 ecclesiastica)
1321 322 1505 349 rectitudinis
1520 324 1548 349 et
1559 322 1697 349 utilitatis
1717 321 1784 356 zelo,
1797 331 1841 358 quo
1853 334 1881 353 ms
1903 321 1904 341 ἶ

1101 375 1218 403 semper
1242 368 1350 394 fervere
1374 369 1498 403 oportet,
1514 366 1641 399 accensi,
1659 366 1768 402 legatos
1783 371 1882 399 inuncet.
1903 370 1904 414 χ

1102 414 1151 438 cut
1167 411 1307 444 diximus,
1324 415 1440 439 nostros
1465 412 1539 439 duos
1562 411 1746 439 venerabiles
1769 412 1884 449 episcopis,

1103 456 1307 483 Rbadoaldum
1332 456 1464 483 videlicet
1479 458 1587 483 sanctas
1601 455 1771 483 Portueneis
1784 456 1884 487 Ecclesia.
1903 455 1904 478 ἲ

1102 503 1131 528 et
1153 501 1297 528 Joannem
1323 503 1430 528 sancta
1456 500 1615 528 Ficolensis
1643 500 1732 535 [edit.,
1756 501 1885 535 Rom.,i‘uu-

1104 545 1211 578 densis]
1229 544 1361 572 Ecclesia:
1377 544 1534 577 antistites,
1551 544 1711 572 deliciosos
1726 546 1834 579 nostros,
1843 545 1884 574 iliut
1903 547 1904 588 χ

1104 597 1154 625 pro
1169 589 1301 624 ejusdem
1318 589 1358 616 rei
1374 598 1464 624 qnam
1480 589 1561 617 scitis
1578 589 1699 625 negotio
1723 589 1841 617 canonice
1857 592 1885 617 de-

1104 634 1231 660 ﬁniendo
1247 634 1417 661 direximus.
1430 635 1507 666 Quos
1522 633 1683 661 clementia
1698 636 1788 660 vestra
1801 633 1884 669 bon‘gze

1104 678 1254 714 suscipiat,
1270 678 1371 714 eisque
1386 678 1500 705 ﬁdelem
1525 681 1614 714 atque
1631 678 1800 713 prudentem
1813 679 1885 706 tritica:

1104 722 1263 755 hominem,
1280 722 1330 758 qui
1346 731 1395 750 eos
1411 730 1504 758 usque
1530 723 1565 750 ad
1591 722 1703 755 locum,
1722 730 1776 758 quo
1789 730 1804 749 a
1815 722 1884 751 talibus

1104 767 1302 803 suscipiantur
1315 767 1496 796 hominibus.
1512 776 1639 803 quorum
1658 766 1794 795 comitatu
1807 768 1834 794 ad
1847 777 1887 803 pra

1104 812 1214 839 dictum
1238 820 1335 847 regem
1363 812 1534 839 Lotbarium
1559 812 1683 839 fratrem
1708 813 1826 839 vestrum
1838 811 1904 849 illaesi,

1103 856 1218 884 valeant
1246 856 1405 892 pervenire,
1437 864 1556 883 securos
1584 858 1614 883 et
1643 856 1769 891 quietos,
1792 856 1886 891 omnique

1104 901 1247 929 suavitate
1273 901 1397 928 deducat
1426 901 1514 933 [edit.,
1549 901 1628 928 Rom.
1665 900 1752 928 addit.
1780 909 1887 936 cognosc

1106 948 1244 981 praeterea
1272 944 1426 973 clementia
1453 945 1572 982 vestra}.
1603 945 1681 977 Quia
1709 953 1760 981 pro
1783 953 1885 972 commun;

1105 989 1238 1017 Ecclesia;
1260 998 1330 1025 pace
1355 991 1442 1025 atque
1467 997 1624 1024 consensu,
1639 990 1718 1017 duos
1731 988 1857 1025 episcopos
1868 990 1885 1017 de

1105 1042 1192 1070 regno
1208 1034 1302 1062 Caroli
1325 1034 1412 1070 regis,
1438 1034 1534 1070 patrui
1557 1034 1660 1066 vestri,
1678 1034 1715 1061 ad
1736 1034 1819 1070 ipsam
1831 1042 1885 1069 sync—

1103 1078 1185 1111 dum,
1201 1087 1264 1114 quae
1279 1078 1402 1106 Domino
1414 1077 1573 1105 auxiliante
1589 1078 1620 1105 in
1635 1077 1724 1106 Metis
1737 1078 1836 1105 civitate
1847 1087 1884 1105 con-

1103 1123 1252 1159 greganda
1266 1123 1404 1156 est,sedis
1418 1122 1582 1159 apostolicae
1590 1123 1688 1150 missa
1697 1123 1831 1150 vocatione
1845 1131 1883 1150 con-

1101 1167 1199 1195 venire
1214 1167 1406 1203 praecepimus
1429 1176 1436 1194 :
1462 1167 1513 1203 qui
1528 1176 1587 1194 una
1606 1175 1678 1195 cum
1703 1167 1842 1194 missorum
1852 1175 1883 1193 no-

1102 1214 1229 1239 strorum
1258 1212 1422 1248 praesentia,
1452 1214 1480 1239 et
1508 1211 1636 1240 aliorum
1667 1212 1833 1239 sacerdotum
1853 1211 1878 1238 Dr:

1101 1259 1254 1289 conventu,
1281 1257 1358 1292 quod
1382 1256 1503 1284 deﬁnire
1526 1259 1654 1292 oportet,
1674 1257 1755 1291 justo
1777 1257 1880 1283 canonice-

1100 1309 1157 1336 que
1172 1301 1339 1328 decernant.
1355 1301 1427 1328 Data
1441 1310 1469 1328 ιν
1485 1300 1632 1329 Kalendas
1653 1300 1823 1332 Decembres.
1835 1299 1879 1327 indi-

1099 1345 1194 1373 ctione
1209 1354 1247 1372 xu.

1230 1433 1266 1453 ΑΙ)
1285 1433 1437 1453 EPISCOPOS
1457 1434 1566 1453 οΑιωιε
1584 1434 1618 1453 ET
1638 1433 1796 1453 GERMASIE.

1420 1470 1512 1505 (Anno
1528 1471 1603 1503 862.)

1101 1514 1132 1542 Ut
1146 1514 1181 1541 ad
1194 1513 1328 1550 synodum
1349 1516 1496 1542 Metensem
1510 1523 1573 1541 cum
1588 1515 1686 1550 legam
1711 1514 1832 1541 aeratam.
1845 1513 1879 1539 ub:-

1133 1558 1185 1585 que
1200 1549 1292 1577 audito
1309 1550 1505 1585 Lothario,ejus
1519 1550 1634 1577 divortii
1646 1559 1759 1578 causam
1768 1555 1880 1584 cognosse:

1136 1590 1161 1613 et
1173 1586 1303 1613 canonice
1316 1585 1458 1620 deﬁniant.

1361 1630 1453 1665 [Apud
1470 1629 1575 1663 Mansi,
1592 1630 1676 1663 ibid.]

1136 1674 1274 1702 NICOLAUS
1289 1674 1454 1710 episcopus,
1471 1683 1572 1702 servus
1587 1682 1741 1702 servorum
1755 1674 1808 1708 Dei,
1821 1671 1879 1700 omni-

1100 1719 1156 1746 bus
1172 1718 1399 1754 archiepiscopis
1414 1727 1465 1755 per
1479 1718 1604 1747 Galliam
1620 1722 1650 1746 et
1661 1718 1831 1747 Germaniam
1842 1725 1880 1744 con-

1099 1762 1212 1790 stitutis
1226 1764 1288 1799 [pro
1304 1763 1434 1799 synodo].

1136 1807 1318 1843 Incognitum
1334 1807 1418 1835 vobis
1428 1815 1492 1835 esse
1502 1816 1559 1835 non
1575 1806 1878 1843 credimus,qualiterpﬁ

1100 1852 1217 1879 duadus
1233 1851 1349 1879 feminis
1364 1851 1494 1879 Lotharii
1510 1852 1597 1888 regis,
1614 1852 1751 1880 Ecclesiae
1766 1850 1807 1878 Dei
1825 1849 1880 1877 iacies

1100 1895 1194 1923 illiciti
1209 1896 1346 1923 connubii
1372 1905 1450 1924 rusve
1473 1905 1593 1932 aspersa
1607 1896 1658 1931 sit,
1672 1896 1716 1924 vel
1731 1895 1837 1932 qualiter
1846 1901 1879 1920 una

1100 1940 1219 1976 repulsa
1233 1940 1309 1969 idem
1326 1949 1376 1968 rex
1388 1940 1509 1968 alteram
1525 1941 1581 1968 sibi
1597 1941 1814 1969 sceleratissime
1828 1945 1880 1972 copu-

1100 1985 1212 2012 laverit.
1229 1985 1357 2016 Quarum
1373 1984 1453 2020 prior
1466 1985 1654 2022 Theutberga
1669 1985 1791 2017 nomine,
1806 1981 1878 2020 prosa

1101 2029 1222 2064 repudio
1248 2029 1353 2056 acriter
1373 2029 1486 2061 dolens,
1511 2038 1562 2065 per
1585 2030 1727 2058 emissam
1751 2028 1879 2065 legationem

1100 2081 1190 2109 super
1204 2073 1259 2100 hoc
1274 2074 1390 2109 negotio
1404 2074 1484 2101 sedis
1499 2076 1605 2102 nostra:
1620 2073 1757 2111 expetivit
1766 2071 1878 2109 judicium.

1101 2117 1141 2144 Ex
1155 2125 1214 2152 qua
1224 2126 1255 2144 re
1270 2117 1359 2145 unius
1374 2118 1467 2153 partis
1476 2126 1595 2145 causam
1609 2118 1674 2146 sine
1684 2118 1772 2145 altera
1777 2115 1878 2152 )udicm.

1101 2161 1274 2189 canonicum
1290 2162 1351 2189 fore
1367 2162 1477 2190 minine
1501 2162 1651 2190 duximus.
1669 2161 1820 2190 Statuimus
1838 2165 1878 2192 ergo

1094 2206 1312 2234 fraternitatem
1328 2209 1454 2234 vestram
1471 2207 1554 2235 Metis
1570 2206 1878 2242 collectam.pariterrum

1100 2250 1204 2286 legatis
1220 2251 1329 2278 nostris
1344 2252 1476 2287 ejusdem
1493 2251 1619 2279 Lotharii
1645 2260 1763 2280 causam
1779 2248 1878 2278 audirett

1060 2288 1084 2319 D
1100 2296 1238 2323 canonice
1252 2296 1401 2323 communi
1422 2296 1566 2323 sententia
1581 2296 1714 2324 deﬁnire.
1731 2296 1818 2330 Itaque
1826 2293 1879 2327 ium

1091 2341 1246 2367 statutum
1262 2342 1475 2373 nostrum,cum
1491 2340 1566 2368 duos
1580 2340 1654 2368 alias
1670 2341 1699 2368 in
1715 2341 1803 2376 partes
1811 2337 1878 2364 fratres

1101 2386 1217 2411 nostros
1232 2384 1448 2411 destinaremus
1458 2384 1731 2420 episcopos,accidit
1741 2383 1774 2410 ad
1788 2383 1877 2409 nostram

1101 2427 1236 2455 notitiam
1266 2428 1426 2464 pervenire,
1450 2429 1527 2464 quod
1552 2428 1717 2461 Lotharius,
1741 2426 1848 2463 legitima
1863 2424 1878 2449 εί

1101 2471 1196 2507 prima
1211 2463 1328 2508 repulsa
1344 2463 1475 2506 muliere,
1492 2473 1653 2500 secundum
1669 2472 1725 2500 sibi
1739 2469 1824 2499 ascivit
1834 2475 1877 2495 ωηο
1903 2463 1904 2487 ἶ

1097 2515 1210 2551 jugem,
1226 2524 1321 2551 neque
1336 2516 1414 2544 sedis
1431 2518 1537 2544 nostras
1550 2516 1676 2552 petitum
1691 2525 1723 2544 ac
1743 2514 1876 2552 promissum

1097 2559 1243 2593 judicium
1255 2563 1426 2596 exspectans
1436 2569 1530 2596 neque
1538 2555 1873 2597 canonicojudicioupiﬂl'
1903 2580 1904 2591 η

1101 2605 1304 2631 succumbens.
1322 2606 1384 2637 Qua
1399 2613 1432 2632 ex
1444 2605 1559 2640 requid
1576 2604 1656 2633 aliud

1101 2648 1155 2674 nisi
1175 2649 1243 2683 quia
1259 2649 1307 2675 ubi
1325 2639 1519 2684 plurimorum

1101 2700 1153 2718 suo
1172 2693 1285 2726 judicio
1310 2689 1848 2728 praevaricatorem

1101 2736 1303 2765 universaliter
1318 2737 1394 2765 hanc
1408 2737 1494 2765 nam

1060 1603 1082 1636 C

1903 2661 1904 2703 ι

1497 2703 1873 2746 _
1903 2703 1904 2746 i

260 2804 299 2842 (a)
314 2804 354 2832 De
369 2803 554 2841 Theutberga
568 2807 597 2834 et
612 2805 771 2834 Wuldrada
785 2806 850 2834 vide
864 2805 959 2833 Vitam
976 2806 1007 2833 S-
1023 2805 1129 2833 Deicoli
1146 2808 1206 2835 tom
1221 2807 1371 2842 Il.:Acton

1185 2784 1904 3100 “Hii
