3894 6204
74 315 235 377 801

1399 316 1798 381 EPISTOLIE
1840 320 1939 382 ET
1983 323 2365 385 DECRETA.

3469 333 3588 395 802

88 446 459 507 ctoritatis
508 444 817 520 epistolam
879 445 1322 515 destinavimus,
1363 453 1429 505 ut
1485 449 1829 511 Christianae
1860 454 1915 521 Α
1946 456 2393 527 praesidentibus
2450 458 2708 515 adunare
2757 460 3038 528 debeatis,
3072 465 3130 517 et
3176 479 3297 518 una
3336 479 3472 519 cum
3503 462 3588 523 éis

88 536 474 613 religionis
503 535 627 592 zelo
659 536 911 603 accensi,
944 535 1161 608 pariter
1189 553 1323 593 cum
1357 538 1560 595 missis
1609 542 1827 598 nostris

90 630 372 687 Metim
421 624 895 701 proficiscamini,
928 623 1183 698 illucque
1233 626 1568 683 Letharium
1617 645 1828 685 convo-

95 725 373 777 cantes
408 716 746 781 audiatis,et
766 715 824 769 in
849 731 981 770 eum
1015 715 1361 772 canonicum
1385 717 1675 788 judicium
1700 735 1830 791 pro-

96 808 394 866 feratis.
428 805 590 873 Quod
624 805 673 860 si
705 803 899 860 venire
935 802 1246 872 distulerit,
1280 808 1336 860 et
1363 822 1398 861 a
1428 808 1738 878 praesentia
1764 823 1828 864 se

101 896 442 973 synodali
490 893 878 968 praesentibus
926 891 1134 965 legatis
1191 893 1405 950 nostris
1463 895 1825 965 subduxerit,

105 994 183 1044 et
223 988 317 1043 ad
360 984 771 1058 paenitentiam
803 997 868 1037 ac
899 981 1360 1038 satisfactionem
1411 984 1687 1056 repedare
1718 985 1826 1039 mi-

109 1078 322 1133 nime
360 1072 672 1143 curaverit,
706 1072 788 1125 ita
816 1075 880 1125 ut
923 1070 1370 1143 praesentialiter
1414 1073 1485 1127 ad
1537 1074 1828 1145 synodum

111 1182 371 1223 coram
402 1162 607 1219 missis
635 1160 853 1216 nostris
880 1158 1309 1225 satisfacturus,
1342 1165 1401 1215 et
1428 1178 1461 1215 a
1492 1161 1709 1218 scelere
1740 1179 1827 1218 re-

115 1270 457 1312 cessurus
488 1254 788 1317 occurrat;
822 1247 989 1304 illum
1022 1249 1093 1303 de
1123 1253 1326 1305 caetero
1357 1252 1828 1307 excommunica-

116 1350 287 1400 tum
352 1342 695 1405 reddemus,
728 1343 787 1394 et
828 1338 1089 1410 quandiu
1123 1337 1181 1393 in
1216 1338 1325 1394 hoc
1356 1341 1761 1410 permanserit,
1796 1358 1830 1396 a

117 1435 357 1491 totius
390 1429 662 1488 Ecclesia:
692 1427 987 1485 consortio
1020 1426 1299 1483 faciemus
1324 1433 1631 1485 exsortem.

222 1670 312 1707 AD
357 1662 658 1705 EPISCOPOS
698 1662 756 1700 IN
796 1659 1052 1699 CONCILIO
1105 1659 1347 1699 MEH‘ENSI
1396 1661 1756 1701 RESIDENTES.

821 1750 1006 1822 (Anno
1044 1749 1194 1822 862.)

144 1869 222 1924 Ut
263 1863 629 1933 Theutbergm
656 1873 890 1933 causam
938 1858 1257 1933 examinem
1294 1874 1359 1914 ac
1384 1858 1669 1929 deﬁniant,
1701 1876 1830 1917 con-

588 1932 816 2002 ciliique
842 1930 973 1984 Acta
1001 1928 1072 1984 ad
1091 1944 1148 1984 se
1178 1931 1419 1985 mittant.

698 2038 715 2109 [
719 2036 886 2108 Apud
918 2035 1130 2106 Mansi,
1154 2036 1312 2103 ibid.]

232 2153 542 2208 NICOLAUS
571 2145 903 2219 episcopus,
934 2159 1137 2198 servus
1161 2158 1461 2199 servorum
1493 2144 1615 2214 Dei,
1641 2146 1828 2201 omni-

153 2244 283 2298 bus
320 2233 818 2295 reverentissimis
847 2231 1299 2304 archiepiscopis
1319 2234 1711 2290 confratribus
1733 2253 1829 2291 ne-

157 2331 338 2398 stris,
375 2333 436 2384 et
479 2323 769 2398 episcopis
817 2322 876 2377 in
927 2320 1172 2377 concilio
1230 2321 1624 2379 residentibus
1672 2325 1828 2396 quod

161 2419 350 2476 Metis
379 2415 727 2473 celebratur.

245 2511 327 2581 (a)
362 2501 715 2562 Reverentias
737 2498 1082 2556 sacerdotali
1101 2503 1241 2555 tunc
1263 2500 1497 2557 debitus
1517 2501 1705 2558 honor
1725 2503 1831 2558 im-

165 2596 479 2671 penditur,
513 2607 647 2648 cum
680 2606 778 2646 eos
821 2588 880 2643 in
929 2588 1224 2654 omnibus,
1257 2606 1383 2661 quae
1432 2590 1504 2645 ab
1554 2589 1687 2673 illis.
1718 2592 1829 2647 sub

168 2687 478 2759 aequitatis
510 2678 821 2736 libramine
851 2678 972 2751 geri
1005 2677 1235 2745 debent,
1270 2678 1554 2733 trutinam
1601 2679 1831 2735 miseri-

169 2774 392 2832 cordia:
424 2787 557 2826 cum
591 2768 756 2824 lance
787 2765 1154 2823 rectitudinis
1182 2770 1378 2822 tenere
1409 2768 1827 2840 conspicimus,

168 2870 232 2921 et
249 2864 510 2919 tenendo
532 2857 756 2915 nullius
780 2856 969 2912 favore
987 2855 1326 2921 retenti,aut
1343 2872 1832 2929 quorumcunque

169 2952 507 3010 terroribus
538 2945 807 3021 permoti,
839 2943 926 2999 vel
960 2944 1134 2999 etiam
1169 2943 1502 3000 numerosis
1540 2946 1830 3018 pecuniis,

170 3046 282 3099 aut
339 3041 631 3096 honorum
688 3032 1180 3107 amplitudinibus
1223 3050 1256 3088 a
1300 3034 1533 3089 tramite
1583 3035 1830 3106 justitize

170 3127 595 3205 quoquomode
626 3121 888 3179 inclinati
919 3126 1347 3194 permutantur.
1380 3122 1492 3178 Sed
1543 3126 1831 3194 quantum

171 3221 268 3276 eis
301 3233 440 3291 erga
469 3214 761 3290 proximos
791 3212 850 3266 in
883 3210 1247 3266 discutiendo
1286 3227 1428 3265 cura
1474 3213 1832 3280 conceditur,

172 3314 420 3365 tantum
450 3306 546 3361 his
576 3304 702 3360 sine
732 3316 1114 3374 personarum
1146 3299 1480 3371 acceptione
1502 3301 1573 3355 ad
1596 3302 1686 3356 sui
1708 3317 1837 3357 cus-

175 3399 410 3454 todiam
438 3409 619 3468 pavor
647 3407 781 3447 cum
820 3388 942 3445 zelo
988 3388 1357 3445 rectitudinis
1404 3389 1604 3461 procul
1654 3391 1834 3447 dubio

171 3482 450 3544 adhiberi
481 3482 748 3546 debet,ne
777 3479 1152 3533 immemores
1172 3476 1334 3532 illius
1356 3478 1686 3551 apostolica:
1709 3496 1835 3535 sen-

169 3576 380 3633 tentiae
430 3572 740 3628 videantur
795 3567 1088 3623 dicentis:
1128 3568 1501 3641 Unusquisque
1547 3570 1833 3640 propriam

166 3663 479 3721 mercedem
527 3660 756 3731 accipiet
805 3655 1104 3711 secundum
1150 3671 1313 3711 suum
1362 3657 1602 3712 laborem
1633 3657 1677 3729 (1
1707 3658 1826 3713 Cor.

164 3758 286 3822 ιιι).
324 3752 468 3810 Nam
524 3765 657 3805 cum
716 3746 870 3801 inter
925 3744 1247 3800 multarum
1300 3745 1828 3801 ecclesiasticarum

164 3859 402 3908 rerum,
433 3856 560 3911 quae
592 3838 663 3892 ad
690 3834 942 3892 salutem
973 3838 1031 3888 et
1059 3832 1193 3888 ﬁdei
1226 3833 1580 3889 soliditatem
1626 3833 1827 3906 pepuli

167 3932 279 3989 Dei
313 3928 597 4003 pertinere
626 3926 915 3989 videntur,
950 3927 1146 3978 noster
1192 3922 1550 3994 apostolicus
1592 3924 1827 3978 animus

164 4036 390 4078 causas
445 4015 870 4079 extenderetur,
905 4013 976 4068 de
1019 4011 1412 4084 quarumdam
1472 4011 1826 4071 feminarum

166 4105 590 4172 controversia,
622 4102 1002 4175 Theutbergae
1033 4099 1255 4157 scilicet
1274 4103 1450 4172 atque
1469 4099 1822 4170 Waldradaa,

170 4198 498 4255 admodum
524 4194 675 4250 sicut
703 4190 1093 4265 quorumdam
1127 4189 1520 4257 referentium,
1555 4189 1694 4261 quia
1722 4207 1823 4263 pa-

172 4286 418 4345 storalis
433 4300 539 4341 nos
556 4299 697 4338 cura
715 4281 786 4336 ad
811 4279 1169 4335 audiendum
1202 4278 1823 4343 commoverat,relatie

174 4379 439 4434 intentos
471 4371 742 4439 reddidit,
768 4373 824 4425 et
846 4384 920 4423 ne
952 4367 1149 4440 aliquo
1178 4365 1465 4423 violentiae
1498 4368 1699 4423 morbo
1722 4385 1827 4441 per

175 4464 466 4522 desidiam
508 4478 648 4535 grex
698 4458 973 4531 fatigetur
1018 4456 1380 4527 Dominicus,
1413 4458 1484 4512 ad
1534 4456 1822 4513 medelam

1935 543 2293 617 vigilantius,
2328 546 2455 603 sine
2513 546 2844 605 dolositatis
2901 549 3154 616 macula,
3184 550 3275 606 vel
3326 552 3586 610 fomento

1936 631 2185 702 invidiae,
2215 639 2317 690 aut
2346 635 2461 692 odii
2493 637 3009 710 nutrimente,quaa
3040 644 3290 711 possunt
3320 639 3588 698 homines

1936 737 1971 776 a
1998 722 2091 777 via
2148 723 2408 779 veritatis
2465 730 2809 798 pervertere,
2841 731 2897 782 et
2927 745 2962 782 a
2991 728 3135 783 calle
3192 730 3583 799 rectitudinis,

1936 810 2080 882 proh
2114 811 2311 867 dolor!
2344 812 2655 883 declinare,
2690 832 2922 888 semper
2980 817 3165 872 Deum
3223 835 3343 890 prin
3402 819 3587 876 oculis

1936 899 2239 969 habentes,
2269 919 2549 974 personas
2598 904 2955 977 principum,
2988 910 3045 961 et
3072 910 3344 974 terrores,
3379 909 3481 980 qui
3513 910 3586 965 ad

1935 991 2171 1062 tempus
2204 991 2540 1064 insurgunt,
2562 999 2619 1048 et
2640 992 2699 1048 in
2722 998 2983 1066 tempore
3015 994 3587 1063 ﬁniuntur,contem-

1937 1082 2165 1147 nentes,
2199 1079 2337 1151 quid
2370 1080 2428 1135 in
2475 1080 2569 1137 his
2607 1083 2853 1152 justius,
2888 1083 3098 1155 quidve
3141 1086 3405 1142 veracius
3451 1104 3586 1142 cum

1936 1165 2072 1222 fatis
2102 1167 2302 1224 missis
2334 1169 2552 1226 nostris
2583 1171 2840 1227 invenire
2869 1171 3189 1241 valueritis,
3225 1174 3433 1230 horum
3458 1193 3588 1231 con-

1937 1270 2115 1309 sensu
2146 1256 2388 1313 delinire
2414 1263 2470 1313 ct
2501 1262 2757 1315 statuere
2800 1260 3000 1333 procul
3051 1261 3228 1318 dubio
3277 1263 3586 1331 studentis,

1937 1348 2208 1400 caventes
2238 1346 2347 1401 hoc
2379 1348 2534 1418 quod
2567 1366 2668 1420 per
2697 1349 3040 1422 prophetam
3070 1351 3286 1407 dicitur
3318 1369 3329 1408 :
3369 1357 3472 1411 Va?
3502 1354 3588 1410 his

1937 1434 2036 1503 qui
2063 1433 2253 1490 dicunt
2283 1436 2485 1491 bonum
2516 1439 2744 1505 malum,
2776 1446 2829 1494 et
2852 1440 3063 1494 malum
3092 1440 3289 1496 bonum
3319 1460 3338 1496 :
3367 1445 3466 1514 qui
3488 1459 3588 1515 po-

1935 1531 2078 1577 nunt
2106 1526 2354 1580 tenebras
2404 1526 2596 1595 lucem,
2624 1535 2675 1583 et
2702 1528 2878 1583 lucem
2926 1529 3173 1585 tenebras
3205 1548 3223 1585 :
3257 1533 3354 1602 qui
3398 1532 3590 1588 dicunt

1938 1610 2094 1666 dulce
2150 1629 2423 1679 amarum,
2453 1622 2506 1670 et
2555 1631 2813 1671 amarum
2873 1618 3029 1674 dulce
3084 1620 3212 1686 (Isa.
3242 1622 3320 1688 ν).
3354 1619 3501 1675 Nam
3531 1624 3589 1676 et

1939 1699 2270 1773 evangelica
2296 1701 2451 1758 inter
2479 1708 2840 1778 castera,quas
2863 1723 2971 1762 nos
3000 1707 3070 1762 ad
3104 1707 3249 1764 bene
3275 1708 3588 1765 vivendum

1939 1787 2198 1857 instruit,
2233 1793 2521 1849 sententia
2552 1793 2829 1850 admonet
2857 1795 3096 1853 dicens:
3130 1798 3312 1854 Nolite
3331 1798 3590 1870 judicare

1937 1878 2233 1934 secundum
2261 1882 2576 1949 faciem,sed
2595 1883 2810 1954 justum
2828 1883 3108 1955 judicium
3135 1886 3585 1956 judicate‘(Joan.

1940 1967 2036 2037 ιχ).
2072 1966 2380 2024 Psalmista
2411 1986 2643 2042 quoque
2675 1972 2758 2026 ait
2790 1988 2803 2026 :
2836 1975 2902 2029 Si
2926 1988 3047 2030 vere
3080 1975 3269 2045 utique
3308 1976 3590 2046 justitiam

1940 2055 2252 2126 loquimini,
2275 2058 2429 2128 justo
2467 2059 2731 2130 judicate,
2764 2061 2876 2130 ﬁlii
2912 2061 3199 2117 hominum
3225 2064 3397 2131 (Psal.
3435 2065 3586 2136 Lvn).

1939 2143 2122 2215 Igitur
2136 2160 2270 2200 cum
2285 2145 2472 2202 multa
2488 2147 2852 2220 sint,quibus
2868 2154 3121 2206 vestram
3142 2151 3586 2220 fraternitatem,

1939 2250 2055 2288 non
2084 2232 2390 2290 oblivionis
2420 2240 2522 2291 aut
2545 2235 2887 2309 ignorantiae
2918 2255 3096 2294 causa
3126 2240 3198 2295 de
3227 2240 3391 2296 vobis
3427 2240 3588 2311 judi-

1939 2326 2160 2390 cantes,
2194 2322 2296 2378 sed
2327 2323 2631 2381 charitatis
2662 2327 2927 2382 studium
2960 2328 3396 2400 amplectentes,
3430 2346 3589 2391 com-

1939 2428 2177 2468 monere
2226 2413 2527 2485 possimus
2560 2432 2573 2470 :
2606 2415 2728 2471 hch
2776 2416 2905 2473 ideo
2955 2417 3225 2473 sufﬁcere
3271 2418 3586 2488 credimus,

1940 2500 2080 2572 quia
2108 2503 2179 2556 ad
2216 2501 2386 2573 plura
2412 2520 2514 2559 vos
2545 2508 2603 2559 et
2631 2505 2995 2577 evangelicae,
3029 2511 3205 2579 atque
3236 2508 3586 2580 apostolicae,

1940 2589 2408 2662 propheticzsque
2438 2591 2707 2649 lectionis
2737 2593 3013 2666 dogmata
3042 2594 3100 2650 in
3133 2595 3354 2652 talibus
3375 2613 3591 2652 memo-

1941 2679 2027 2731 ria
2056 2680 2469 2735 transcendere
2485 2697 2601 2735 non
2621 2682 3239 2738 dubitamus.Tantum
3258 2689 3435 2756 est,ut
3452 2703 3589 2743 cum

1940 2767 2234 2838 aequitatis
2269 2768 2506 2840 justitia
2554 2769 2613 2824 in
2664 2770 2936 2842 praesenti
2982 2772 3429 2839 examinatione,
3463 2774 3590 2830 sine

1941 2855 2137 2927 aliquo
2168 2855 2301 2912 dolo
2335 2855 2419 2911 vel
2443 2856 2669 2913 invidiae
2692 2858 3103 2929 macula,sicut
3119 2860 3338 2931 praefati
3357 2877 3586 2929 sumus,

1941 2945 2079 3017 quia
2110 2945 2224 3000 Deo
2257 2950 2539 3017 przesente
2586 2947 2883 3015 assistitis,
2918 2948 3315 3021 proximorum
3355 2966 3588 3019 causas,

1941 3051 2075 3089 cum
2099 3035 2226 3105 jam
2257 3034 2430 3090 dictis
2462 3035 2663 3091 missis
2695 3036 2935 3104 nostris,
2957 3037 3219 3108 itajuste
3247 3041 3305 3093 et
3332 3037 3589 3110 irrepre-

1942 3121 2307 3178 hensibiliter
2338 3140 2471 3178 cum
2504 3124 2605 3179 Dei
2646 3124 2856 3180 timore
2902 3126 3144 3181 definire
3191 3126 3492 3199 satagatis,
3526 3130 3592 3183 ut

1863 3195 1907 3261 C
1946 3211 2180 3267 illorum
2212 3212 2489 3267 omnibus
2521 3217 2840 3285 vestraeque
2889 3213 3217 3270 sanctitatis
3267 3195 3590 3271 consensus
3612 3222 3625 3228 ’

1944 3304 2117 3372 atque
2139 3300 2431 3371 judicium
2463 3299 2736 3373 aequitate
2768 3301 2990 3375 fulgere
3040 3302 3324 3358 videatur.
3358 3303 3506 3359 Nam
3538 3303 3587 3359 si

1941 3407 2044 3446 vos
2073 3389 2160 3444 vel
2190 3389 2323 3445 illos
2353 3390 2411 3444 in
2445 3389 2705 3461 aliquam
2754 3396 3002 3462 partem,
3035 3408 3141 3463 pro
3185 3393 3590 3464 cujuscunque

1942 3478 2199 3547 favore,a
2217 3478 2513 3534 canonicis
2541 3483 2600 3535 et
2630 3483 2967 3535 sanctorum
3000 3484 3239 3535 Patrum
3270 3480 3588 3536 institutio-

1940 3568 2298 3640 nibus,quod
2331 3585 2445 3623 non
2478 3569 3071 3641 optamus,declinare
3092 3569 3585 3643 perspexerimus,

1939 3674 2182 3731 arguere
2206 3674 2322 3713 non
2354 3657 2714 3713 dubitamus.
2749 3658 2810 3713 Si
2840 3675 2974 3714 vero
3005 3657 3255 3714 aliarum
3286 3657 3588 3715 ecclesias-

1938 3747 2189 3802 ticarum
2222 3745 2544 3802 utilitatum
2568 3745 2627 3801 in
2649 3746 2850 3803 eodem
2868 3746 3116 3803 concilio
3134 3764 3227 3803 res
3243 3747 3583 3817 acciderint,

1937 3836 2113 3908 digno
2144 3835 2409 3890 examine
2436 3839 2858 3907 pertractantes
2897 3853 2996 3891 eas
3044 3853 3178 3891 cum
3233 3836 3329 3891 Dei
3376 3837 3585 3892 timore

1935 3924 2178 3981 delinire
2218 3924 2485 3995 satagite.
2520 3923 2580 3978 Si
2614 3928 2807 3978 autem
2840 3924 3038 3995 aliqua
3068 3925 3125 3978 in
3149 3941 3215 3979 eo
3246 3924 3419 3979 fuerit
3448 3942 3583 3980 con-

1933 4011 2116 4068 tentio
2148 4015 2294 4078 orta,
2320 4011 2378 4065 in
2412 4028 2529 4082 qua
2557 4010 2930 4067 difﬁnitionis
2960 4028 3175 4083 ponere
3204 4012 3585 4083 nequiveritis

1935 4101 2182 4156 fortasse
2225 4115 2557 4166 censuram,
2586 4104 2784 4155 nostro
2832 4116 2961 4155 eam
3003 4098 3228 4171 judicio
3285 4116 3582 4157 reservare

1934 4188 2587 4247 sancimus.Statuimus
2619 4193 2907 4254 autem,ut
2927 4193 3137 4244 cuncta
3154 4206 3283 4260 qua;
3301 4188 3359 4243 in
3380 4190 3593 4269 eodem.

1933 4277 2175 4335 concilio
2207 4281 2434 4350 peracta
2469 4278 2686 4332 fuerint
2716 4294 2783 4332 ac
2804 4277 3065 4347 definita,
3090 4282 3289 4334 nostro
3310 4276 3585 4350 presula—

1930 4368 2015 4425 tui
2048 4370 2349 4441 gestorum
2381 4366 2529 4422 serie
2557 4366 2966 4422 incunctanter
3018 4366 3358 4439 signiﬁcetis
3393 4384 3406 4421 :
3440 4370 3505 4421 ut
3533 4365 3582 4421 si

1933 4475 2021 4523 ea,
2045 4455 2289 4529 justitiaz
2340 4453 2799 4527 pulchritudine,
2832 4454 3235 4527 probabilique
3283 4454 3583 4509 sanctione

174 4550 586 4625 recuperandae
618 4548 887 4605 sanitatis
920 4546 1125 4602 ardore
1156 4545 1459 4602 charitatis
1507 4546 1824 4603 ferventius
1856 4565 1899 4630 υ
1931 4546 2170 4602 deﬁnita
2225 4544 2715 4617 perspexerimus,
2750 4543 2867 4599 Deo
2926 4543 3313 4614 omnipotenti
3364 4540 3583 4613 gratias

178 4642 464 4699 invitavit.
496 4637 775 4695 Praedicta
805 4635 1022 4709 quippe
1050 4634 1421 4704 Theutberga
1451 4632 1654 4692 multis
1681 4634 1824 4691 vici-

179 4734 302 4789 bus
329 4730 519 4786 sedem
547 4725 926 4799 apestolicam
957 4723 1300 4797 lacrymosis
1337 4723 1551 4780 litteris
1601 4724 1827 4780 studuit

184 4817 513 4893 appellare:
547 4817 606 4871 in
638 4815 856 4887 quibus
895 4813 1073 4870 aﬂ'atu
1117 4812 1295 4868 ﬂebili
1343 4829 1553 4885 puram
1601 4830 1662 4869 se
1710 4830 1825 4886 quo

186 4909 495 4965 accusatur
521 4902 1191 4975 crimine,inquit,atque
1220 4901 1531 4958 insontem.
1551 4901 1636 4956 Ad
1669 4902 1824 4974 quod

191 4996 482 5069 negotium
513 4998 569 5049 et
588 4993 797 5066 judicii
823 4990 1413 5058 discretionem,sicut
1424 4990 1551 5062 jam
1570 4995 1824 5046 vestram

192 5084 605 5141 fraternitatem
636 5099 821 5155 nuper
850 5098 954 5155 per
982 5079 1331 5153 apostolicos
1353 5079 1545 5151 apices
1568 5096 1825 5135 commo-

198 5186 333 5229 nere
356 5170 735 5238 decrevimus,
768 5170 1085 5244 apostolico
1112 5186 1215 5224 vos
1246 5168 1575 5224 hortamine
1623 5169 1826 5224 adesse

198 5256 475 5325 volumus,
532 5262 820 5332 quatenus
849 5276 881 5314 a
910 5258 1192 5331 pontificii
1252 5257 1437 5313 nostri
1496 5257 1677 5313 latere
1729 5273 1824 5313 ve-

68 5392 73 5419 ,
202 5332 1128 5423 W‘Mﬁsis,synodicam
1178 5345 1297 5402 illic
1356 5345 1606 5402 celebrat

284 5332 759 5423 W‘ﬂﬂs’sis,
789 5348 1128 5423 synodicam
1178 5345 1297 5402 illic
1356 5345 1822 5414 celebrationem,

70 5430 77 5520 ᾖ
684 5437 1051 5503 auctoritate,
1082 5452 1217 5492 cum
1249 5434 1607 5491 fraternitate
1637 5439 1830 5491 vestra

68 5392 73 5419 1
208 5392 598 5419 *ΠΨ-’⁸⁵

70 5406 598 5463 ξω

225 5467 298 5480 .--·λ¹
353 5465 359 5470 ’
431 5477 434 5484 ,
479 5477 482 5480 ι
566 5465 632 5482 f',"

439 5517 496 5554 της
565 5525 604 5554 ,ιε

244 5572 257 5583 Ι
447 5567 522 5596 ¹¹¹ι;
559 5581 568 5586 ,,

981 5545 1150 5601 “ditis
1180 5526 1559 5599 conciliorum
1585 5541 1830 5598 'mendis

1039 5616 1157 5674 ‘avi
1175 5617 1248 5674 ad
1267 5631 1533 5672 normam
1563 5613 1835 5673 editionis

1933 4635 2256 4691 referamus
2284 4650 2298 4689 :
2322 4633 2372 4690 si
2396 4650 2528 4689 vero
2561 4632 3048 4705 injustitiaa,quod
3071 4631 3432 4697 nolumus,et
3451 4647 3586 4685 cen-

1932 4722 2248 4779 trarietatis
2281 4721 2496 4779 fuerint
2528 4726 2657 4778 acta
2684 4722 3101 4790 intentione,ea
3130 4736 3406 4776 renovare
3425 4736 3585 4775 sum-

1934 4829 2167 4885 mopere
2189 4812 2527 4884 jubeamus.
2555 4812 2765 4867 Missos
2794 4811 3033 4883 quidem
3060 4809 3244 4865 nostri
3276 4807 3580 4881 pontiﬁcii,

1934 4903 2084 4957 utin
2142 4901 2333 4975 prima
2390 4900 2636 4972 epistola
2679 4905 2883 4956 vestra
2938 4896 3231 4955 dilectioni
3287 4895 3582 4969 significa-

1933 4991 2146 5057 vimus,
2182 5007 2284 5063 pro
2335 4989 2691 5062 quibusdam
2739 4986 3154 5045 ecclesiasticis
3206 4984 3581 5051 utilitatibus,

1935 5080 2151 5152 quibus
2182 5079 2403 5134 fuimus
2433 5077 2719 5150 occupati,
2752 5077 3046 5132 destinare
3079 5074 3468 5147 nequivimus.
3502 5076 3584 5127 En

1934 5168 2163 5223 Christo
2180 5166 2813 5239 juvante,strenuitatiz
2836 5164 3122 5238 pollentes
3143 5162 3390 5220 scientia
3408 5166 3584 5234 atque

1936 5257 2219 5323 doctrina,
2280 5255 2782 5312 reverentissimes
2839 5270 2995 5309 nunc
3054 5252 3304 5326 dirigere
3369 5251 3584 5306 missos

1935 5345 2321 5412 decrevimus,
2352 5343 2758 5399 Rhadoaldum
2807 5342 3028 5398 scilicet
3076 5347 3250 5415 atque
3298 5340 3583 5396 Joannem

1935 5431 2261 5505 episcopos,
2296 5431 2605 5488 deliciosos
2663 5436 2720 5486 et
2776 5431 3146 5488 consiliarios
3200 5433 3452 5497 nostros,
3482 5427 3585 5501 qui

1942 5540 2107 5614 Rem.
2142 5539 2523 5614 epistolarum
2578 5537 3012 5614 Pontificiarum
3059 5556 3153 5614 an.
3204 5537 3338 5596 1591
3379 5552 3392 5593 :
3428 5535 3581 5614 quod

1945 5611 2120 5670 etiam
2150 5610 2208 5669 et
2230 5611 2291 5668 in
2322 5610 2543 5671 caeteris
2580 5610 2909 5688 praestitum
2939 5615 3047 5670 est.
3081 5611 3290 5671 Manet.
