3894 6204
132 328 240 388 8οὸ

1328 324 1737 387 EPISTOL/E
1781 322 1879 384 ET
1924 322 2307 386 DECRETA.

3412 328 3532 388 806

135 477 229 534 per
256 454 649 531 apostolorum
702 456 1152 513 intercessiones
1182 456 1476 513 desiderat
1506 455 1774 529 magniti-
1805 457 1860 524 Α
1891 456 2047 512 mine
2096 457 2439 514 defraudare
2496 458 2829 526 tentaveris,
2870 458 3021 515 scias
3073 464 3130 515 te
3187 460 3537 532 praesulatus

136 547 366 606 centiam
399 546 677 611 obtinere,
701 562 804 618 pro
836 545 936 601 Dei
965 563 1161 601 amore
1193 545 1439 620 gratiam
1472 546 1768 617 percipere

135 637 325 702 valeat,
352 639 407 690 et
438 634 509 689 de
539 634 630 691 sui
662 633 962 691 atl'ectione
1004 639 1213 691 nostra;
1262 634 1609 707 praesulatus
1640 652 1767 690 ora-

136 725 272 783 culis
301 723 753 780 consolationem
795 728 1079 791 resumat,
1107 728 1395 796 quatenus
1446 724 1545 795 qui
1578 740 1639 779 se
1666 742 1770 796 per

134 813 411 869 infelicem
443 811 677 885 culpam
702 830 735 867 a
759 828 965 868 norma
985 812 1279 884 aequitatis
1302 812 1628 869 declinasse
1652 830 1766 869 non

136 901 380 973 ambigit,
402 899 687 955 medelam
707 900 1105 973 apostolorum
1127 905 1427 973 agnoscat,
1441 907 1498 955 et
1513 901 1669 973 apud
1686 918 1772 957 se-

134 990 339 1045 niorem
359 992 617 1044 vestrum
634 987 1117 1057 venialem,vobis
1128 990 1494 1061 juvantibus,
1508 991 1767 1063 vigorem

134 1078 392 1136 obtineat.
420 1077 664 1134 Dextera
684 1095 786 1133 vos
815 1095 1082 1151 supernae
1113 1084 1377 1151 protegat
1417 1081 1765 1152 majestatis,

134 1169 277 1225 etab
306 1166 580 1223 omnibus
624 1183 859 1240 semper
907 1168 1356 1225 adversitatibus
1406 1169 1768 1242 maculisque

133 1255 407 1313 custodire
438 1256 731 1328 dignetur.

349 1433 420 1471 AD
453 1432 798 1473 STEPHANUM
828 1434 1083 1474 COMITEM
1114 1436 1533 1476 ARVERNORUM.

756 1507 943 1578 (Anno
973 1508 1127 1576 862.)

127 1597 269 1670 Iubet
287 1602 344 1649 ut
363 1595 616 1666 Sigonem
642 1596 1029 1651 Arvemensem
1055 1599 1365 1670 episcopum
1385 1599 1639 1656 Ecclesiae
1657 1616 1770 1655 sua:

188 1668 379 1742 dejecto
401 1683 690 1742 pervasere
726 1669 998 1732 restituat,
1032 1668 1093 1724 et
1117 1668 1321 1742 synodo
1370 1670 1675 1739 legatorum
1703 1671 1769 1726 de

191 1739 404 1809 objectis
433 1740 819 1809 satis/acturus
848 1756 905 1794 se
932 1742 1110 1795 sistat.

623 1828 813 1900 [Apud
847 1828 1055 1895 Mansi,
1090 1828 1249 1902 ibid.]

193 1917 472 1971 NICOLAUS
503 1915 834 1989 episcopus,
876 1934 1081 1973 servus
1131 1934 1430 1974 servorum
1482 1919 1581 1975 Dei
1630 1921 1767 1976 ὃτι-ιο

137 2022 315 2061 pano
343 2004 561 2061 comiti.

191 2097 319 2160 Quae
347 2099 403 2149 et
436 2099 657 2166 quanta
689 2099 892 2151 contra
923 2096 1235 2151 canonicas
1262 2100 1317 2151 et
1347 2097 1770 2156 ecclesiasticas

132 2182 368 2258 regulas,
392 2183 512 2238 imo
535 2188 737 2239 contra
767 2184 1057 2239 naturalia
1078 2186 1218 2256 jura
1248 2186 1622 2257 pertinaciter
1644 2205 1771 2260 ege-

128 2274 219 2339 ris,
242 2272 391 2328 sedis
424 2271 778 2345 apostolicae,
803 2289 930 2345 quae
956 2273 1173 2345 ubique
1205 2292 1273 2329 ex
1302 2274 1629 2333 ministerio
1656 2278 1771 2349 sibi

125 2362 326 2418 credito
363 2360 711 2433 spiritaliter
738 2366 947 2434 praesto
980 2367 1087 2430 est,
1114 2363 1505 2435 cognitionem
1529 2368 1767 2426 omnino

120 2468 221 2506 non
251 2450 403 2506 latet.
435 2451 504 2505 Et
524 2450 659 2505 licet
680 2454 841 2506 tanto
866 2451 984 2505 sint
1008 2452 1140 2507 odio
1163 2470 1197 2508 a
1224 2455 1440 2509 nostris
1463 2457 1765 2514 mentibus

121 2539 456 2611 repellenda,
474 2544 540 2593 ut
559 2539 617 2593 in
642 2544 697 2593 te
719 2556 922 2595 eorum
955 2542 1361 2597 auctoritatem
1396 2545 1601 2601 merito
1629 2548 1765 2601 mit-

122 2636 227 2684 tere
248 2628 301 2682 in
320 2627 482 2699 virga
497 2644 806 2699 cogamur:
828 2632 888 2683 ut
912 2634 1108 2683 tamen
1128 2630 1317 2703 adhuc
1342 2636 1397 2685 te
1422 2633 1764 2705 resipiscere

130 2735 158 2773 a
178 2717 344 2773 tantis
365 2716 541 2773 malis
560 2722 885 2789 sperantes,
904 2717 1012 2773 has
1030 2719 1213 2773 nostri
1236 2720 1596 2791 apostolatus
1619 2722 1765 2778 litte-

127 2826 211 2864 ras
237 2806 334 2861 tibi
365 2805 700 2879 dirigimus,
728 2810 791 2861 ut
815 2807 1114 2863 submissa
1144 2808 1475 2879 pertinacia:
1509 2815 1621 2865 tua:
1644 2830 1760 2867 cer-

125 2897 251 2963 vice,
273 2899 611 2951 sanctorum
659 2895 1029 2951 sacerdotum
1079 2896 1382 2969 praeceptis
1431 2916 1656 2970 pareas,
1690 2902 1762 2957 de

122 2985 412 3058 praeteritis
462 2985 889 3056 pcenitudinem
930 3001 1121 3058 geras,
1144 2990 1203 3040 et
1250 3003 1285 3041 a
1330 2986 1547 3045 futuris
1578 2993 1655 3058 te,
1689 3008 1761 3045 ne

120 3074 526 3145 perseverando
548 3073 606 3127 in
631 3072 850 3128 talibus
870 3072 928 3127 in
953 3074 1168 3129 diaboli
1196 3074 1435 3147 laqueos
1460 3078 1762 3150 sempiter-

123 3180 218 3219 nos
243 3162 489 3227 incidas,
513 3161 935 3233 circumspecte
958 3179 1023 3217 ac
1046 3162 1291 3219 solerter
1311 3166 1626 3222 custodias.
1646 3167 1760 3223 Cae-

119 3259 291 3307 terum
316 3253 481 3324 quia,
506 3252 661 3323 quod
706 3250 798 3305 his
840 3253 1094 3323 nequius
1126 3258 1330 3321 exstat,
1350 3259 1552 3309 contra
1591 3273 1763 3312 omne

121 3343 259 3413 quod
290 3341 636 3397 Christianae
670 3339 936 3413 religioni
969 3342 1493 3413 convenit,dejecto
1518 3347 1762 3402 sanctis-

122 3430 258 3486 simo
278 3430 494 3502 Sigone
513 3429 859 3484 Arvernensi
884 3430 1179 3502 episcopo,
1196 3430 1254 3485 in
1280 3430 1472 3487 locum
1494 3431 1622 3504 ejus
1639 3452 1765 3506 per-

120 3536 364 3576 vasorem
386 3519 653 3574 Adonem
677 3516 955 3573 clericum
978 3518 1366 3588 substituisti;
1392 3522 1765 3595 praecipimus

119 3608 213 3663 tibi
234 3608 575 3665 auctoritate
597 3607 696 3662 Dei
720 3607 1160 3678 omnipotentis,
1183 3608 1607 3683 beatorumque
1629 3630 1764 3685 apo-

119 3696 385 3754 stolorum
410 3696 745 3770 principum
766 3696 910 3751 Petri
931 3712 997 3751 ac
1015 3695 1198 3767 Pauli,
1215 3701 1279 3752 ut
1300 3698 1524 3755 nullam
1552 3718 1765 3773 passus

118 3804 346 3852 moram,
371 3783 820 3842 sanctissimum
852 3784 1127 3857 Sigonem
1155 3786 1518 3859 episcopum,
1540 3790 1763 3861 dejecto

119 3872 702 3946 pervasore,ecclesize
727 3890 846 3928 suae
866 3874 1189 3934 restitutas.
1212 3878 1269 3931 et
1294 3875 1351 3929 in
1384 3878 1544 3932 omni
1568 3896 1763 3936 sacer-

116 3965 246 4021 dotii
276 3963 561 4038 dignitate
602 3978 735 4018 eum
769 3978 1005 4016 manere
1039 3962 1249 4018 amodo
1296 3963 1583 4021 dimittas.
1615 3968 1761 4024 Nam

115 4053 241 4124 quia
259 4051 546 4108 nonnulla
570 4049 868 4121 impudica
889 4067 954 4104 ac
976 4050 1398 4107 scelestissima
1414 4053 1486 4108 de
1508 4058 1559 4108 te
1582 4055 1764 4115 incul-

115 4147 326 4209 cantur,
354 4139 681 4214 apostolica
715 4138 1063 4194 auctoritate
1100 4140 1424 4208 sancimus,
1455 4146 1520 4197 ut
1558 4144 1628 4199 de
1668 4145 1762 4202 his

114 4230 439 4301 plenissime
490 4228 925 4295 satisfacturus,
958 4226 1016 4282 in
1051 4233 1387 4284 nostrorum
1434 4230 1761 4304 legatorum

114 4318 539 4391 praesentia,qui
556 4315 886 4374 constitute
907 4333 941 4371 a
962 4317 1130 4373 nobis
1149 4319 1373 4389 synodo
1396 4337 1643 4391 praeesse
1666 4323 1761 4379 de-

108 4408 340 4475 bebunt,
366 4409 426 4464 in
448 4408 576 4463 loco
606 4406 839 4478 przetixo
876 4421 1177 4461 occerrure
1201 4408 1458 4464 studeas.
1482 4409 1760 4483 Quodque

112 4496 154 4551 si
186 4498 529 4571 neglexeris,
556 4499 613 4551 et
643 4494 1014 4567 praesentiam
1042 4500 1205 4551 tuam
1245 4513 1279 4550 a
1309 4499 1585 4570 synodico
1627 4517 1758 4556 exa-

176 4624 247 4689 (a)
280 4619 547 4677 Contulit
578 4620 729 4675 hanc
758 4618 1067 4691 epistolam
1108 4619 1443 4691 Harduinus
1477 4640 1610 4678 cum
1646 4642 1756 4682 ms.

113 4693 314 4767 archivi
340 4692 726 4767 Turonensis,
752 4691 908 4745 unde
929 4691 1117 4745 varias
1140 4690 1419 4749 lectiones
1443 4695 1757 4767 adnotavit,

114 4780 252 4833 quas
286 4766 339 4818 in
374 4769 537 4820 textu
569 4763 770 4818 habes.

181 4836 249 4907 (1»)
280 4835 584 4907 Salo-mani
610 4836 729 4903 regi
764 4834 1097 4907 Brittonum.
1133 4834 1327 4889 Tertio
1355 4840 1411 4891 et
1442 4837 1670 4900 ultimo,
1699 4842 1763 4893 ut

114 4908 373 4979 est_apud
429 4906 762 4979 Gratiarum
784 4905 837 4971 3,
865 4921 963 4975 qu.
995 4906 1212 4979 6,__H:ec
1238 4908 1459 4979 _quippe
1499 4917 1592 4964 est.
1646 4910 1758 4964 Sed

116 4975 504 5051 male'ibidem
526 4976 751 5051 Joanni
769 4992 955 5051 Apapae
973 4975 1195 5051 tribuit
1238 4975 1406 5051 hanc
1429 4979 1759 5051 epistolam,

113 5063 237 5102 cum
271 5050 347 5104 sit
377 5049 623 5105 Nicolai.
651 5047 872 5103 Profert
889 5051 947 5102 et
972 5047 1317 5101 Hincmarus
1350 5047 1760 5108 Lau'dunensis

114 5118 168 5172 in
197 5120 372 5190 priori
405 5119 742 5192 defensione
787 5135 896 5173 sua
931 5118 1147 5192 locum,
1182 5135 1252 5173 ex
1278 5117 1460 5192 altera
1494 5122 1759 5192 ejusdem

114 5189 452 5271 argumenti
468 5193 539 5247 ad
558 5190 940 5271 _S__alom’_on‘em_
961 5189 1233 5245 eumdem
1258 5189 1501 5271 epistola
1520 5189 1757 5271 Adriani

112 5260 264 5332 papa“:
297 5264 453 5346 nond
508 5263 662 5346 edita
695 5279 708 5317 ε
740 5260 843 5317 Sed
890 5268 940 5343 et
968 5275 1248 5346 .pfeesens,
1283 5260 1762 5346 inquit,_donmus

107 5349 242 5403 papa
277 5335 557 5390 Adrianus
600 5334 718 5390 haec
742 5348 811 5388 ex
840 5332 1067 5403 epistola
1114 5347 1291 5402 nuper
1320 5332 1390 5387 ad
1417 5336 1761 5391 Salomone-in

109 5401 288 5459 ducem
316 5406 737 5478 Brittannorum
764 5405 1046 5478 destinata
1085 5404 1177 5478 sui
1224 5419 1556 5477 suorumque
1584 5408 1763 5478 ofﬁcii

108 5490 211 5530 non
241 5478 531 5533 immemor
557 5475 841 5533 mandauit
873 5492 891 5529 :
923 5474 1266 5529 Sacerdotes
1304 5492 1437 5531 vero
1462 5474 1650 5533 'vobi's'
1675 5478 1758 5533 vi-

112 5546 367 5624 cinarum
388 5549 708 5624 diq‘ccseop
730 5561 985 5624 superse
1002 5542 1148 5624 alios
1160 5543 1467 5624 deplorant
1483 5565 1761 5624 superpo-

112 5617 248 5679 sitos
278 5621 615 5679 sacerdotes
660 5616 1040 5689 Britannicos,
1076 5616 1125 5675 si
1158 5616 1354 5675 tamen
1404 5616 1756 5693 sacerdotes,

1790 1827 1837 1892 B

1879 545 2062 599 nostri
2091 547 2434 601 auctoritate
2468 563 2502 600 a
2531 547 2649 602 vini
2696 552 2753 603 et
2781 548 3049 603 carnium
3094 549 3538 622 participatione

1877 633 2116 689 omnino
2169 634 2765 700 exconimunicatum,
2790 637 3174 709 quoadusque
3224 638 3419 693 Romm
3477 639 3536 693 in

1878 726 2081 778 nostra
2101 723 2339 795 speciali
2366 724 2676 795 praesentia
2698 724 3024 780 districtam
3050 727 3349 796 positurus
3369 727 3540 784 ratio-

1878 828 2012 866 nem
2047 812 2311 868 assistas.
2339 813 2619 869 Pervasor
2640 830 2769 869 vero
2803 819 3015 869 sancta:
3038 815 3425 871 Arvernensis
3447 832 3537 872 ec-

1881 898 2093 965 clesiae,
2118 901 2165 956 si
2198 905 2331 973 post
2368 900 2520 957 hanc
2563 906 2823 957 nostram
2856 902 3260 959 definitionem
3299 903 3416 959 illic
3445 921 3537 960 re-

1877 990 2092 1045 morari
2113 991 2442 1056 tentaverit,
2457 994 2513 1046 et
2532 990 2767 1062 aliquod
2789 990 3275 1063 impedimentum
3296 994 3478 1048 sancti
3487 1011 3539 1050 s-

1880 1077 2030 1133 simo
2054 1079 2255 1151 Sigoni
2277 1079 2551 1151 episcopo
2578 1080 2764 1134 facere
2787 1097 3139 1153 quacunque
3164 1086 3540 1155 argumenta-

1876 1167 2033 1222 tione
2057 1168 2517 1240 praesumpserit,
2546 1168 2693 1224 sciat
2723 1185 2784 1224 se
2815 1169 2939 1241 pari
2964 1171 3137 1227 modo
3167 1188 3282 1226 non
3305 1175 3536 1228 tantum

1879 1271 1912 1310 a
1936 1255 2056 1312 vini
2088 1260 2143 1311 et
2173 1258 2678 1326 carnium,verum
2711 1262 2767 1313 et
2797 1274 2831 1312 a
2858 1259 3117 1331 corporis
3143 1264 3201 1315 et
3230 1261 3536 1333 sanguinis

1878 1344 2109 1401 Domini
2145 1347 2326 1402 nostri
2368 1347 2505 1403 Jesu
2540 1346 2754 1402 Christi
2810 1349 3256 1421 participatione
3303 1352 3537 1422 penitus

1877 1450 2006 1489 esse
2037 1435 2393 1505 sejunetum,
2422 1436 2683 1507 quandiu
2718 1436 3328 1508 nostrisjussionibus
3360 1439 3537 1495 obsti-

1878 1527 2011 1577 nate
2043 1524 2101 1578 in
2134 1524 2504 1597 prmsentiam
2546 1523 2926 1597 apostolicam
2975 1526 3170 1582 venire
3218 1527 3530 1584 distulerit.

1877 1612 2029 1669 Bene
2062 1613 2208 1669 vale.

2167 1792 2240 1830 AD
2280 1792 2625 1831 SALOMONEM
2663 1793 2854 1832 REGEM
2896 1794 3244 1833 BRI'ITONUM.

2522 1866 2708 1934 (Anno
2738 1865 2885 1936 862.)

1881 1955 1953 2008 De
1984 1954 2290 2028 renovando
2331 1956 2621 2028 ejectorum
2663 1957 3036 2028 episcoporum
3086 1958 3340 2028 examine
3387 1956 3534 2028 apud

1950 2025 2417 2098 archiepiscopum
2451 2025 2944 2098 Turonensempvel
2991 2027 3135 2097 apud
3172 2027 3349 2083 sedem
3396 2025 3532 2098 apo—

1948 2097 2197 2151 stolicam
2228 2115 2244 2149 :
2275 2104 2326 2151 et
2355 2096 2419 2151 de
2438 2097 2567 2167 jure
2597 2097 3004 2168 metropolitani
3024 2096 3176 2169 apud
3215 2096 3530 2153 Britamios.

2394 2185 2581 2257 (Apud
2614 2184 2821 2253 Mansi,
2858 2185 3019 2254 ibid.)

1949 2275 2238 2330 NICOLAUS
2267 2274 2599 2346 episcopus,
2626 2291 2827 2330 servus
2858 2292 3158 2330 servorum
3191 2275 3289 2331 Dei
3315 2278 3409 2346 (a),
3435 2275 3535 2331 SA-

1878 2381 2089 2419 Loszom
2122 2362 2238 2435 regi
2275 2362 2622 2418 Brittonum.

1947 2454 2018 2523 (1))
2045 2452 2390 2508 Benedictus
2418 2457 2568 2506 Deus
2591 2457 2649 2507 et
2671 2452 2837 2507 Pater
2859 2452 3090 2508 Domini
3115 2454 3226 2508 mei
3254 2454 3399 2525 [ms.,
3430 2470 3531 2509 no-

1876 2543 2002 2613 stri]
2024 2542 2163 2598 Jesu
2194 2542 2409 2596 Christi
2445 2541 2543 2613 qui
2577 2558 2680 2613 per
2712 2559 2938 2614 magna;
2972 2542 3382 2599 misericordia:
3413 2560 3531 2598 sua:

1873 2632 2122 2704 gratiam
2157 2632 2298 2686 adeo
2320 2636 2435 2687 tum
2469 2647 2568 2685 cor
2598 2629 2981 2686 sublimitatis
3011 2631 3303 2688 illustrare
3332 2631 3532 2705 digna-

1872 2726 1967 2775 tus
1999 2726 2109 2787 est,
2132 2724 2197 2775 ut
2232 2719 2438 2775 merito
2461 2735 2564 2791 pro
2591 2718 2890 2790 sapientia:
2922 2724 3034 2775 tuae
3067 2720 3291 2793 fulgore
3312 2721 3408 2776 ubi
3434 2720 3532 2776 ha-

1871 2809 2042 2876 bitas,
2069 2826 2183 2864 non
2209 2809 2335 2880 jam
2360 2807 2653 2872 occidens,
2680 2808 2779 2862 sed
2803 2807 2997 2863 oriens
3023 2808 3327 2864 habeatur.
3354 2810 3529 2864 Ortus

1870 2898 2026 2955 enim
2046 2902 2135 2953 est
2162 2898 2220 2952 in
2242 2896 2406 2953 vobis
2425 2895 2510 2951 sol
2532 2895 2799 2967 justitiaa,
2815 2896 2968 2968 quod
2992 2896 3117 2969 ipse
3130 2897 3394 2953 Christus
3416 2902 3527 2965 est,

1869 2991 1927 3042 et
1972 2984 2332 3042 infidelitatis
2389 2984 2641 3040 tenebrae
2700 2984 3058 3040 defecerunt.
3086 2986 3197 3041 Sed
3249 3001 3528 3058 rogamus

1868 3076 2139 3132 eumdem
2176 3073 2638 3145 omnipotentem
2666 3073 2957 3139 Deum,ut
2986 3072 3159 3129 sicuti
3192 3078 3358 3129 rectae
3392 3073 3527 3130 ﬁdei

1868 3163 2226 3237 agnitionem
2261 3163 2352 3235 pie
2373 3161 2684 3231 concessit,
2708 3162 2789 3216 ita
2810 3178 3041 3235 quoque
3062 3162 3226 3217 bonae
3246 3163 3530 3234 operatio-

1874 3253 1965 3307 nis
2017 3252 2309 3325 henignus
2368 3251 2655 3323 largiatur
2711 3250 3000 3306 effectum.
3040 3252 3114 3305 De
3164 3255 3367 3306 caetero
3401 3251 3523 3323 [ηις.

1873 3342 1996 3397 add.
2024 3341 2127 3413 ﬁli]
2163 3341 2308 3397 sciat
2356 3338 2669 3413 prudentia
2698 3343 2818 3405 tua,
2851 3357 2957 3395 nos
3005 3340 3075 3396 de
3116 3339 3315 3411 ejectis
3361 3344 3418 3395 et
3466 3340 3527 3395 in

1871 3430 2015 3487 locis
2038 3430 2269 3487 illorum
2292 3429 2424 3486 aliis
2450 3427 2784 3501 subrogatis
2808 3428 3119 3501 episcopis,
3139 3428 3448 3501 diligenter
3467 3429 3527 3484 in

1874 3519 2124 3576 archivis
2156 3524 2367 3576 sanctae
2400 3518 2695 3586 Romanae,
2730 3517 2824 3573 cui
2865 3533 3081 3590 magna
3111 3517 3529 3589 omnipotentis

1873 3609 1974 3666 Dei
2006 3609 2382 3665 miseratione
2414 3606 2798 3673 deservimus,
2823 3606 3077 3662 ecclesiae
3111 3605 3449 3678 requisisse,
3473 3610 3531 3661 et

1873 3698 2059 3754 multo
2105 3697 2274 3754 aliter
2322 3698 2380 3752 in
2430 3696 2864 3768 exemplaribus
2916 3695 3465 3769 epistolarum,quae
3497 3712 3531 3750 a

1872 3787 2278 3844 decessoribus
2309 3785 2477 3849 meis,
2510 3785 2691 3841 beatae
2728 3784 2996 3841 videlicet
3027 3783 3318 3841 memoria:
3343 3785 3530 3840 Leone

1873 3893 1939 3932 ac
1964 3876 2270 3931 Benedicto
2303 3872 2699 3947 pontiﬁcibus,
2722 3876 2897 3944 atque
2920 3891 2954 3927 a
2977 3890 3088 3940 me,
3113 3873 3450 3940 Nomenoio,
3474 3876 3532 3928 et

1872 3963 1998 4029 tibi,
2025 3979 2129 4018 nec
2162 3979 2277 4017 non
2300 3961 2736 4032 archiepiscopo
2760 3960 3047 4015 Turonico
3072 3961 3221 4016 data:
3243 3964 3402 4028 sunt,
3427 3978 3531 4032 pa-

1871 4068 2006 4122 pam
2034 4052 2282 4106 Leonem
2306 4050 2435 4122 [Με.
2466 4050 2762 4114 Turon.,et
2784 4049 2944 4120 regni
2974 4048 3056 4102 tui
3082 4047 3373 4120 episcopis
3393 4047 3530 4104 mis-

1872 4156 1947 4195 sa:
1970 4142 2127 4205 sunt,
2154 4137 2660 4208 invenisse,quam
2681 4139 2743 4190 tu
2768 4134 2825 4190 in
2851 4135 3060 4191 litteris
3086 4137 3204 4191 tuis
3233 4135 3526 4207 perhibes,

1871 4227 2138 4299 quamvis
2156 4243 2259 4282 nec
2283 4226 2476 4281 discas
2501 4225 2557 4279 in
2584 4224 2850 4296 apicibus
2876 4225 3243 4293 tuis,sanctae
3268 4224 3530 4281 recorda-

1871 4316 2047 4372 tionis
2081 4332 2291 4388 papam
2316 4314 2741 4383 Leonem,etc.]
2762 4313 3079 4369 Nomenoio
3108 4314 3414 4369 consilium
3438 4314 3528 4369 vel

1871 4406 2279 4461 auctoritatem
2309 4403 2635 4476 deponendi
2669 4402 2973 4474 episcopos
2996 4403 3291 4469 tribuisse,
3314 4403 3528 4475 quippe

1871 4512 2046 4567 quem
2069 4498 2297 4550 constat
2323 4490 2641 4547 multifarie
2662 4488 2981 4563 multisque
3004 4492 3213 4559 modis,
3230 4508 3302 4546 ne
3325 4490 3432 4545 hoc
3453 4490 3527 4546 ab

1869 4624 1926 4675 et
1954 4637 2068 4675 non
2103 4618 2290 4691 magis
2321 4634 2661 4691 pervasores
2692 4620 2748 4670 et
2778 4614 3104 4691 sacrilegos
3134 4614 3281 4691 tales
3313 4614 3522 4691 dixeri:

1872 4691 2150 4767 mus._(_)ui
2184 4685 2443 4767 (ἷζὶθώβὶ
2478 4689 2746 4760 quaedam
2778 4685 3285 4767 habent‘nego‘tia,‘
3305 4703 3420 4741 non
3451 4686 3523 4767 ad

1872 4761 2119 4818 concilia
2157 4757 2564 4833 episcoporum
2598 4775 2899 4815 occurrere
2928 4757 3387 4833 permittuntur,
3421 4757 3523 4811 sed

1871 4839 2072 4889 contra
2104 4827 2300 4887 sacros
2333 4827 2604 4896 canones,
2629 4835 2685 4885 et
2714 4827 3073 4901 venerabiles
3103 4827 3280 4901 leges,
3306 4829 3377 4901 ad
3400 4844 3523 4901 saa-

1871 4905 2156 4961 cularium
2199 4902 2521 4959 tribunalia
2568 4900 3005 4974 pertrahuntur,
3039 4898 3525 4974 nec‘suscipiunt

1871 4975 2199 5049 episcopale
2240 4969 2600 5049 institutum,
2622 4973 2731 5049 sed
2764 4971 3000 5049 illatum
3043 4975 3243 5049 contra
3293 4969 3523 5049 regulas

1870 5041 2152 5120 populare
2184 5046 2492 5120 incurrunt
2529 5044 2856 5120 judicium;
2892 5047 2955 5120 et,
2987 5041 3346 5120 ipsismorte
3363 5041 3522 5120 prai-

1870 5112 2081 5185 ventis,
2108 5116 2335 5199 rapitur
2356 5116 2402 5197 si
2427 5112 2582 5197 quod
2607 5119 2966 5199 remanserat
2987 5112 3339 5199 subsidium.
3362 5112 3525 5195 Judi-

1871 5182 2081 5245 cantur
2113 5182 2290 5243 etiam
2312 5182 2569 5258 episcopi
2593 5203 2625 5240 a
2653 5184 2971 5258 lectoribus
2993 5182 3245 5258 et_laicis
3276 5182 3524 5238 homini-

1872 5262 1984 5317 bus
2002 5276 2149 5332 quos
2183 5276 2297 5332 non
2320 5254 2576 5332 oportuit
2606 5256 2716 5311 nisi
2746 5254 3043 5332 canonicis
3063 5254 3313 5332 legibus,
3332 5259 3387 5309 et
3409 5270 3525 5332 me-

1869 5326 2240 5403 trOpolitanis
2271 5326 2373 5403 aut
2414 5328 2584 5403 nobis
2624 5326 3031 5403 praesentibus,
3056 5326 3520 5403 saltem__exami-

1871 5396 2020 5468 nari,
2048 5401 2274 5457 dicente
2307 5399 2553 5455 Domino
2605 5396 2707 5470 per
2752 5396 3094 5470 prophetam
3130 5415 3142 5452 :
3176 5398 3351 5452 Nolite
3398 5405 3521 5470 tan-

1867 5492 1991 5546 gere
2020 5474 2247 5546 christos
2291 5487 2454 5546 meos,
2487 5468 2624 5546 etia
2652 5468 3093 5546 prophelis_meis
3142 5470 3311 5546 nolite
3353 5469 3519 5546 mali-

1868 5541 2036 5616 pueri
2064 5543 2238 5613 (Psal.
2272 5542 2414 5626 etv);
2449 5544 2505 5596 et
2533 5541 2748 5625 iterum
2785 5555 2799 5625 ξ
2836 5541 2951 5667 ἳπί
2986 5556 3077 5596 vos
3126 5542 3328 5613 tangit,
3360 5541 3521 5615 quasi

1870 5634 1965 5667 om
1996 5622 2188 5667 tanaat
2215 5614 2485 5667 pupillam
2511 5612 2657 5667 oculi
2683 5627 2793 5667 me:
2824 5612 2840 5667 (
2884 5612 3004 5667 ach.
3035 5611 3121 5667 ni.
3150 5611 3321 5667 SIRM.

1870 5611 1965 5694 aut
1996 5611 2188 5689 tangat
2210 5614 2485 5689 pupillam
2511 5612 2659 5673 oculi
2683 5612 2794 5670 mei
2824 5611 3004 5687 (Zach.
3035 5611 3121 5686 ιι).
3150 5611 3321 5673 81am.
