3894 6204
356 327 473 387 807

1726 326 2039 390 NICOLAI
2088 326 2321 388 ΡΑΡιΕ
2365 330 2413 389 Ι.

3679 328 3789 389 808

357 460 485 515 aliis
512 477 688 532 quam
714 479 746 517 a
770 466 926 517 certo
957 460 1364 533 episcoporum
1394 478 1639 519 numero
1663 462 1842 528 ﬁeret,
1870 476 2014 533 pren-
2041 461 2097 527 Α
2127 460 2377 517 libenter
2405 463 2657 518 attende.
2690 462 3003 520 Hortamur
3040 462 3197 519 enim
3237 461 3495 536 gloriam
3529 465 3723 528 tuam,
3743 467 3793 519 et

362 549 609 621 cepisse.
635 550 780 605 Nam
806 549 1125 607 Nomenoio
1148 549 1474 607 consulenti
1509 549 1651 621 quid
1674 550 1745 605 de
1766 548 2017 621 Spiritus

355 637 543 693 sancti
561 637 1308 710 gratiamvenundantibus
1319 643 1609 711 oporteret
1625 638 1770 708 ﬁeri,
1788 654 2019 709 respon-

352 726 441 781 dit
462 725 605 784 nihil
634 726 907 799 inquiens
930 731 1141 799 praeter
1159 728 1316 799 quod
1341 726 1529 783 sancti
1555 744 1812 782 canones
1843 743 2019 799 super

352 813 446 869 his
477 814 847 887 praecipiunt,
874 815 1036 888 ipsas
1068 815 1302 888 regulas
1335 815 1603 888 apicibus
1627 815 1750 871 suis
1773 815 2017 872 interse-

355 919 510 960 rens.
535 904 681 960 Nam
713 903 984 977 qualiter,
1020 909 1078 959 et
1119 922 1153 960 a
1183 909 1348 977 quot,
1373 903 1461 960 vel
1492 922 1525 962 a
1556 905 1775 977 quibus
1825 903 2019 960 sanxit

351 992 661 1064 episcopos
684 993 1085 1059 condemnari,
1108 994 1371 1051 scribens
1394 995 1596 1051 eodem
1622 998 1880 1067 tempore
1902 994 2019 1049 Bri-

350 1080 603 1138 tannicae
631 1082 887 1155 regionis
925 1082 1221 1155 episcopis
1253 1083 1549 1139 evidenter
1593 1083 1746 1139 inter
1786 1087 2011 1151 caetera,

351 1175 418 1226 ut
448 1171 653 1226 eadem
684 1170 813 1243 ipsa
840 1171 1017 1228 verba
1046 1188 1359 1245 ponamus,
1381 1172 1655 1241 decrevit,
1684 1188 1848 1244 asque
1869 1190 2011 1244 prae-

355 1258 579 1331 cipiens
604 1264 669 1317 ut
689 1260 888 1316 omnia
909 1260 1028 1315 sint
1048 1260 1107 1316 in
1130 1260 1392 1319 conciliis
1413 1261 1842 1333 episcoporum.
1866 1262 2011 1323 Nam

361 1346 1031 1407 nullamdamnationem
1044 1349 1450 1421 episcoporum
1461 1364 1591 1405 esse
1610 1365 1868 1420 unquam
1882 1366 2013 1405 cen-

365 1452 587 1504 scmus,
612 1437 724 1493 nisi
778 1441 880 1493 aut
916 1441 1050 1495 ante
1080 1438 1225 1508 [ms.,
1250 1437 1362 1493 nisi
1394 1438 1452 1492 in
1482 1438 1636 1509 ante]
1681 1436 2010 1509 legitimum

364 1543 678 1584 numerum
701 1527 1130 1599 episcoporum,
1148 1526 1246 1599 qui
1269 1528 1332 1582 fit
1352 1544 1454 1599 per
1469 1528 1775 1583 duodecim
1792 1528 2012 1600 episco-

351 1632 478 1687 pos,
498 1620 601 1671 aut
646 1621 799 1670 certe
850 1618 1094 1688 probata
1144 1616 1437 1671 sententia
1488 1634 1590 1688 per
1639 1616 2011 1690 septuaginta

348 1704 588 1761 idoneos
620 1708 823 1771 testes,
843 1705 945 1777 qui
976 1704 1121 1763 tales
1151 1704 1290 1773 sint,
1323 1704 1424 1776 qui
1465 1709 1520 1760 et
1562 1722 1837 1761 accusare
1876 1723 2008 1778 pos-

348 1792 491 1861 sint,
517 1796 576 1849 et
607 1793 771 1866 prius
802 1795 873 1849 ad
921 1810 1088 1849 sacra
1136 1793 1353 1851 Christi
1402 1798 1655 1866 quatuor
1695 1796 2005 1869 Evangelia

350 1888 721 1938 sacramenta
750 1886 1043 1955 praestent,
1073 1884 1226 1955 quod
1267 1882 1347 1937 nil
1388 1882 1601 1939 falsum
1632 1884 1999 1956 depromant,

344 1970 499 2025 sicut
530 1971 699 2026 nobis
731 1971 939 2027 beatus
970 1970 1264 2037 Silvester,
1289 1975 1346 2027 et
1391 1975 1595 2028 sancta
1624 1972 1886 2028 Romana
1917 1979 1999 2030 te-

344 2076 479 2114 nere
501 2059 731 2115 videtur
752 2059 1030 2115 Ecclesia.
1055 2062 1238 2128 Quam
1262 2066 1500 2117 secutus
1517 2062 1786 2117 decessor
1810 2079 1996 2131 meus,

343 2152 557 2202 sanctae
582 2148 875 2203 memoria:
898 2148 1267 2216 Benedictus,
1284 2148 1422 2221 quia
1453 2154 1654 2205 contra
1675 2150 1999 2206 decessoris

343 2234 434 2290 sui
465 2235 785 2302 decretum,
808 2253 924 2290 non
956 2236 1027 2291 ab
1057 2235 1369 2309 episcopis,
1391 2237 1490 2292 sed
1515 2255 1549 2292 a
1570 2237 1754 2304 laicis,
1780 2239 1997 2311 episco-

342 2340 448 2396 pos
478 2322 537 2377 in
571 2324 804 2396 regione
836 2328 937 2379 tua
966 2329 1313 2397 cognoverat
1344 2342 1470 2381 csse
1516 2326 1790 2397 dejectos,
1812 2328 1998 2383 multa

341 2412 620 2467 maestitia
669 2416 726 2467 et
780 2412 1185 2486 indignatione
1243 2414 1520 2487 repletus,
1550 2415 1781 2489 scripsit
1838 2418 1991 2488 quod

342 2499 505 2555 nulla
538 2502 684 2556 ratio
730 2500 944 2557 sineret
974 2502 1277 2576 episcopos
1309 2520 1343 2561 a
1372 2504 1611 2560 sedibus
1660 2504 1787 2561 suis
1834 2506 1993 2578 pelli,

341 2605 489 2662 quos
520 2589 914 2645 duodenarius
947 2607 1232 2648 numerus
1264 2609 1377 2647 non
1425 2592 1711 2663 ejecisset.
1736 2593 1992 2657 Quorum

339 2677 586 2750 vestigia
616 2683 672 2733 et
708 2695 815 2753 ego
850 2696 1080 2752 quoque
1119 2685 1357 2737 secutus
1384 2682 1586 2737 eadem
1619 2683 1842 2753 censui,
1875 2683 1992 2739 imo

341 2770 397 2821 et
426 2782 653 2835 censeo,
689 2783 794 2823 nec
825 2766 1005 2825 ullam
1057 2786 1226 2841 posse
1273 2770 1578 2843 episcopos
1610 2771 1700 2826 sui
1754 2771 1993 2830 honoris

342 2856 634 2911 sustinere
658 2856 975 2929 jacturam,
1001 2874 1147 2931 quos
1181 2874 1293 2917 non
1320 2863 1549 2914 constat
1580 2860 1759 2919 fuisse
1789 2879 1823 2916 a
1852 2861 1992 2917 duo-

337 2943 524 2999 decim
556 2944 867 3018 episcopis,
901 2951 1184 3019 praasentc
1228 2946 1597 3020 primamque
1639 2950 1989 3006 sententiam

336 3031 782 3106 metropolitano
812 3032 1083 3107 episcopo
1102 3035 1569 3101 obtinente,cum
1590 3037 1991 3095 examinarent

337 3121 587 3177 auditos.
612 3122 718 3188 Qui
750 3121 859 3177 etsi
903 3124 1123 3179 crimen
1171 3124 1406 3198 aliquod
1452 3127 1703 3182 confessi
1734 3145 1862 3183 esse
1893 3129 1987 3183 di-

2128 566 2262 604 cum
2292 550 2583 622 acquivoco
2606 554 2705 608 tuo
2728 550 3167 625 sapientissimo
3190 551 3514 608 Salomone
3538 549 3794 608 dilectio-

2128 654 2261 693 nem
2285 643 2446 695 tuam
2471 640 2877 707 admonemus,
2901 640 3126 697 dicente
3150 657 3163 695 :
3187 641 3351 707 Audi,
3378 641 3473 712 ﬁli
3500 641 3612 706 mi,
3636 637 3794 694 disci.

2120 727 2340 799 plinam
2376 730 2552 800 patris
2604 731 2707 794 tui,
2739 736 2885 784 etne
2913 729 3156 785 dimittas
3206 729 3380 799 legem
3432 729 3641 784 aratris
3692 737 3795 784 tua

2127 816 2305 888 (Prov.
2340 820 2401 886 1).
2428 818 2501 889 (3,
2535 834 2592 889 q.
2625 819 2678 872 6.
2713 818 2840 875 llaec
2896 820 3096 892 quippe
3135 836 3154 873 :
3195 818 3296 874 ubi
3357 817 3485 875 haec
3547 816 3796 888 epistola

2123 904 2333 961 Joanni
2367 922 2528 979 papa:
2561 905 2884 977 tribuitur.)
2915 907 3044 963 Haec
3075 907 3294 981 quippe
3325 910 3471 963 sunt
3501 911 3795 978 praecepta

2124 993 2225 1049 Dei
2259 994 2444 1066 patris
2475 994 2580 1060 tui,
2606 998 2661 1049 et
2692 994 2813 1050 haec
2856 999 2945 1051 est
2975 993 3067 1050 lex
3097 994 3365 1051 Ecclesia:
3406 995 3631 1050 matris
3664 999 3791 1049 tuas.

2121 1082 2403 1139 Videlicet
2433 1088 2496 1138 ut
2515 1100 2722 1139 omnes
2743 1082 3048 1156 episcopos
3070 1084 3233 1159 regni
3266 1083 3354 1139 tui
3380 1083 3457 1139 ad
3481 1083 3793 1139 Turonen-

2124 1188 2247 1226 scm
2282 1171 2788 1245 archiepiscopum
2823 1172 3053 1227 mittere
3084 1189 3201 1228 non
3233 1172 3551 1238 detrectes,
3584 1172 3798 1244 ipsius-

2122 1276 2235 1331 que
2260 1259 2553 1331 judicium
2588 1260 2882 1332 postulare
2913 1278 3026 1315 non
3075 1260 3433 1335 dedigneris.
3460 1262 3605 1334 Ipse
3637 1261 3791 1315 enim

2121 1352 2211 1403 est
2259 1347 2765 1420 metropolitanus,
2800 1366 3123 1421 omnesque
3172 1349 3431 1422 episcopi
3485 1349 3663 1421 regni
3713 1349 3791 1402 tui

2120 1437 2248 1508 ejus
2281 1438 2632 1510 suifraganei
2663 1442 2822 1505 sunt,
2845 1437 3002 1495 sicut
3044 1438 3516 1511 conscriptiones
3571 1438 3794 1510 praede-

2119 1543 2422 1583 cessorum
2456 1543 2719 1582 meorum
2745 1526 3039 1584 evidenter
3068 1528 3407 1594 ostendunt,
3434 1527 3540 1599 qui
3578 1528 3795 1599 praede.

2120 1632 2380 1672 cessores
2403 1620 2556 1683 tuos,
2572 1615 2710 1687 quia
2733 1616 2866 1672 illos
2881 1616 2953 1671 ab
2977 1616 3165 1688 ipsius
3180 1633 3322 1672 cura
3341 1617 3792 1679 subtraxerant,

2119 1705 2252 1759 forti
2276 1704 2599 1760 invectione
2628 1705 2921 1778 corripere
2951 1707 3346 1761 studuerunt:
3369 1704 3659 1777 quamvis
3692 1722 3790 1760 nec

2119 1797 2319 1849 nostra
2349 1793 2565 1866 scripta
2599 1810 2776 1865 super
2793 1793 2900 1849 hac
2920 1810 2982 1849 re
3013 1793 3197 1849 missa
3218 1795 3424 1850 deesse
3443 1793 3787 1849 videantur.

2110 1883 2371 1953 Cumque
2416 1897 2612 1936 coram
2675 1882 3024 1954 praesignato
3069 1881 3441 1938 Tuaonensis
3501 1881 3785 1937 Ecclesia

2109 1969 2377 2042 praesule,
2403 1973 2459 2026 et
2488 1970 2715 2043 integro
2747 1987 2990 2027 numero
3013 1970 3393 2044 collegarum,
3418 1971 3481 2025 id
3512 1975 3615 2027 est
3647 1972 3785 2026 duo.

2110 2059 2297 2113 decim
2360 2064 2767 2132 episcoporum
2825 2058 3113 2116 celebrato
3173 2065 3497 2127 conventu,
3564 2060 3785 2115 fuerint

2107 2147 2272 2219 ejecti
2296 2147 2551 2220 episcopi
2583 2147 2926 2221 regulariter
2945 2149 3285 2216 examinati,
3309 2148 3780 2221 apparueritque

2106 2237 2262 2308 quod
2294 2237 2571 2291 canonice
2594 2235 2809 2291 fuerint
2839 2237 3029 2307 ejecti,
3052 2236 3197 2308 ipsis
3226 2236 3283 2291 in
3314 2254 3426 2293 sua
3446 2238 3780 2309 dejectione

2109 2325 2506 2392 manentibus,
2548 2324 2885 2397 quicunque
2919 2328 2975 2379 in
3018 2325 3162 2382 locis
3192 2343 3396 2381 eorum
3447 2327 3778 2383 consecrati

2106 2418 2266 2481 sunt,
2300 2418 2575 2486 poterunt
2618 2415 2821 2486 utique
2869 2414 3243 2487 episcopatus
3291 2414 3518 2472 honore
3582 2416 3777 2488 potiri.

2104 2503 2265 2566 Quod
2299 2502 2347 2557 si
2379 2503 2547 2573 ejecti
2598 2502 2858 2575 episcopi
2908 2504 3171 2559 insontes
3202 2504 3421 2560 fuerint
3466 2503 3775 2562 declaratii

2101 2590 2194 2647 his
2226 2592 2440 2647 amotis
2472 2592 2573 2663 qui
2605 2590 2725 2646 illis
2768 2592 3072 2665 subrogati
3116 2597 3277 2660 sunt,
3302 2592 3605 2649 Ecclesiae
3638 2610 3777 2648 suas

2100 2679 2213 2751 ipsi
2247 2679 2552 2751 recipiant.
2578 2681 2724 2737 Nam
2746 2697 2881 2737 cum
2914 2687 3315 2737 antecessores
3339 2682 3454 2736 mei
3489 2682 3622 2752 [ηις.
3647 2683 3771 2737 add.

2104 2769 2373 2840 Romani]
2406 2768 2689 2841 przesules
2720 2770 3063 2842 ejectionem
3091 2787 3293 2826 eorum
3327 2771 3773 2843 episcoporum,

2100 2858 2201 2930 qui
2234 2858 2305 2913 ab
2338 2857 2613 2913 Ecclesiis
2645 2858 2771 2915 suis
2800 2858 3030 2931 expulsi
3061 2863 3217 2922 sunt,
3241 2876 3359 2915 non
3392 2859 3771 2925 admiserint,

2099 2964 2205 3003 nec
2235 2946 2682 3019 approbaverint
2704 2945 2852 3021 (ma,
2876 2947 3243 3003 admiserunt
3262 2964 3371 3004 nec
3399 2949 3767 3021 approbave-

2099 3036 2278 3107 runt],
2314 3053 2417 3091 nec
2449 3036 2628 3109 ipsos,
2656 3036 2754 3109 qui
2785 3036 2870 3092 eis
2900 3037 3199 3109 subrogati
3229 3042 3390 3106 sunt,
3420 3038 3765 3095 viventibus

2100 3124 2238 3191 illis,
2272 3123 2568 3195 legitimos
2596 3124 2901 3197 episcopos
2930 3126 3218 3181 dixerunt.
3241 3126 3393 3181 Sane
3422 3126 3471 3181 si
3504 3126 3662 3182 forte
3688 3128 3761 3182 ad

339 3214 568 3277 cuntur,
586 3215 775 3283 potest
805 3212 959 3267 credi
981 3213 1135 3283 quod
1158 3213 1208 3266 vi
1235 3193 1321 3268 vch
1352 3214 1661 3270 formidine
1687 3217 1824 3272 fassi
1857 3222 1985 3273 tan-
2018 3193 2060 3260 Ο
2098 3193 2499 3269 Turone‘nsem
2552 3193 3059 3286 archiepiscopum
3110 3214 3338 3270 mittere
3389 3216 3761 3287 dedignaris,

336 3303 548 3364 tum,et
576 3316 691 3354 non
721 3300 971 3355 confessi
997 3299 1210 3355 fuerint
1239 3303 1393 3373 quod
1427 3320 1541 3357 non
1574 3304 1992 3379 fecerant,quia

337 3386 613 3441 videbant
641 3385 822 3442 laicos
854 3391 908 3441 et
941 3386 1248 3442 saeculares
1273 3404 1535 3460 quosque
1554 3407 1671 3445 una
1694 3408 1829 3446 cum
1857 3410 1990 3466 rege

339 3479 541 3530 contra
573 3492 634 3530 sc
666 3475 1261 3547 conspirantes,quod
1291 3493 1395 3531 nec
1426 3477 1630 3533 saltem
1662 3480 1985 3537 audierant.

338 3562 640 3634 Siquidem
673 3563 771 3634 qui
818 3580 915 3618 ore
972 3567 1306 3631 tantum,et
1366 3581 1480 3620 non
1539 3569 1710 3622 corde
1770 3570 1989 3640 profert

339 3651 494 3722 quod
526 3649 685 3718 dicit,
732 3668 846 3707 non
886 3653 1213 3721 confitetur,
1252 3654 1351 3708 sed
1384 3653 1641 3726 loquitur
1671 3675 1688 3711 :
1721 3659 1987 3729 quamvis

338 3755 454 3794 non
486 3738 752 3793 videatur
773 3740 938 3810 justa
959 3742 1264 3810 confessio,
1293 3759 1417 3815 qua:
1441 3760 1554 3798 non
1578 3744 1837 3819 legitimo
1858 3766 1987 3820 pro-

337 3830 578 3881 vocatur
633 3827 920 3885 examine.
955 3832 1033 3884 De
1082 3829 1347 3885 Gislardo
1378 3835 1571 3889 autem
1628 3839 1685 3889 et
1736 3837 1985 3892 Actardo

339 3916 483 3986 [ms.,
506 3915 740 3972 Aitardo
776 3926 828 3972 et
861 3919 943 3974 sic
989 3918 1208 3990 ubique]
1249 3918 1539 3994 episcopis
1578 3922 1985 3988 [Nannetensi-

337 4005 490 4075 bus],
514 4005 584 4060 de
617 4004 834 4078 quibus
880 4007 1190 4081 scripsisti,
1215 4009 1401 4066 multo
1450 4009 1638 4079 aliter,
1667 4030 1841 4086 quam
1883 4019 1987 4071 tua

338 4094 622 4149 referebat
679 4096 945 4168 epistola,
992 4096 1052 4152 in
1110 4098 1326 4154 scrinio
1382 4104 1582 4155 nostro
1639 4102 1981 4174 reperimus.

340 4182 495 4238 Licet
525 4200 637 4239 non
670 4184 818 4240 bene
862 4186 1035 4242 faciat
1063 4188 1369 4254 Actardus,
1394 4188 1532 4261 quia
1561 4190 1750 4248 denuo
1782 4209 1983 4249 conse-

338 4275 460 4325 crat
485 4288 633 4343 quos
664 4272 969 4330 Gislardus
1013 4275 1071 4331 in
1103 4292 1169 4331 eo
1201 4278 1387 4350 gradu
1435 4278 1801 4353 dignoscitur
1827 4282 1984 4337 ordi-

339 4375 510 4415 nasse
537 4376 549 4413 :
576 4364 772 4417 tamen
810 4365 1097 4421 Actardus
1127 4364 1421 4423 invenitur
1468 4372 1600 4424 ante
1649 4369 1982 4426 Gislardum

335 4447 705 4522 episcOpatus
734 4451 990 4508 officium
1014 4456 1366 4527 suscepisse.
1394 4455 1649 4527 Denique
1681 4458 1982 4516 sanctissi-

2098 3303 2269 3358 stude
2290 3303 2437 3357 duos
2460 3303 2763 3375 episcopos
2785 3303 2854 3359 de
2886 3303 3166 3376 expulsis,
3189 3308 3247 3359 et
3276 3305 3425 3360 duos
3446 3306 3518 3360 de
3547 3306 3765 3361 subro-

2096 3392 2271 3464 gatis,
2295 3408 2414 3446 una
2442 3408 2577 3447 curn
2621 3391 2817 3465 gloria:
2858 3396 2971 3447 tua:
3024 3391 3233 3465 legato,
3263 3393 3336 3449 ad
3367 3393 3763 3465 apostolicam

2097 3481 2295 3535 sedem
2318 3480 2471 3535 beati
2504 3481 2655 3535 Petri
2680 3481 3099 3549 transmittere,
3116 3482 3217 3553 ubi
3242 3482 3422 3555 digna
3449 3482 3765 3537 examina-

2096 3570 2252 3625 tione
2273 3569 2595 3641 praamissa,
2620 3570 2721 3641 qui
2752 3568 2996 3642 legitimi
3020 3570 3277 3644 episcOpi
3303 3572 3422 3626 sint
3442 3576 3757 3643 appareat,

2096 3662 2153 3713 et
2182 3675 2317 3713 suas
2352 3657 2638 3713 Ecclesias
2677 3658 3075 3731 irregulariter
3116 3676 3231 3714 non
3262 3659 3552 3715 amittant.
3590 3660 3758 3716 Nihil

2094 3747 2251 3802 enim
2282 3745 2439 3801 aliud
2474 3751 2561 3802 est
2583 3746 2735 3819 quod
2767 3746 2826 3801 in
2851 3747 3121 3819 praesenti
3143 3748 3371 3820 negetio
3396 3748 3640 3820 penitus
3663 3749 3761 3805 de-

2095 3835 2247 3889 finiri
2271 3833 2474 3906 possit.
2494 3834 2640 3898 Quia
2666 3851 2799 3891 vero
2832 3852 3047 3908 magna
3075 3836 3211 3907 quis
3241 3837 3317 3891 sit
3348 3838 3761 3909 metropolita-

2094 3940 2207 3979 nus
2227 3924 2381 3995 apud
2405 3922 2713 3979 Britannos
2730 3925 3025 3980 contentio
3046 3930 3158 3995 est,
3182 3925 3319 3980 licet
3344 3924 3508 3981 nulla
3530 3943 3760 3982 memo-

2092 4012 2181 4067 ria
2202 4011 2411 4080 sit,vos
2442 4012 2500 4066 in
2529 4015 2721 4068 vestra
2750 4013 2985 4086 regione
3007 4012 3186 4068 ullam
3219 4014 3500 4071 habuisse
3529 4021 3759 4071 metro-

2093 4099 2411 4173 politanam
2445 4098 2591 4173 [ms.,
2635 4100 3031 4176 metropolim]
3075 4101 3402 4171 ecclesiam,
3437 4107 3643 4159 tamen
3706 4106 3755 4161 si

2089 4188 2254 4255 libet,
2279 4193 2587 4261 postquam
2622 4189 2775 4244 Deus
2821 4188 2973 4245 inter
2999 4208 3100 4246 vos
3145 4208 3346 4264 pacem
3378 4196 3435 4247 et
3462 4191 3755 4249 dilectum

2092 4277 2279 4333 filium
2303 4283 2567 4333 nostrum
2584 4277 2855 4333 Carolum
2879 4278 3202 4352 gloriosum
3223 4280 3561 4347 constituet,
3578 4280 3757 4339 facile

2091 4366 2201 4422 hoc
2242 4365 2507 4438 poteritis
2557 4366 2873 4423 advertere.
2907 4369 3070 4434 Quod
3118 4366 3171 4425 si
3219 4368 3362 4424 adeo
3411 4366 3755 4443 [ms.,’ideo}

2091 4454 2515 4511 contentiosius
2537 4455 2832 4527 agendum
2855 4455 3111 4524 creditis,
3132 4457 3205 4511 ad
3228 4461 3497 4513 nostrum
3520 4463 3755 4529 aposto-

338 4554 472 4630 mus
496 4539 607 4594 Leo
625 4556 776 4630 papa
796 4542 1113 4598 Nomenoio
1142 4544 1426 4610 scribens,
1453 4542 1602 4598 inter
1622 4549 1824 4601 caetera
1846 4565 1982 4619 pre.
2013 4563 2062 4630 Ι)
2094 4543 2277 4600 latum
2305 4542 2597 4599 destinare
2625 4544 2956 4600 contendite
2982 4549 3306 4617 :quatenus
3336 4550 3538 4602 nostro
3567 4545 3754 4603 libra-

337 4625 575 4698 cipuum
606 4628 794 4685 virum
824 4632 1141 4687 Actardum
1179 4630 1457 4703 appellat,
1480 4635 1537 4685 et
1569 4631 1723 4687 hunc
1772 4651 1982 4694 sanum

336 4730 560 4788 sapere,
590 4722 647 4772 et
676 4736 886 4774 sanum
932 4720 1157 4783 docere,
1190 4718 1377 4774 vivere
1409 4735 1476 4773 ac
1514 4735 1853 4790 permanere
1883 4727 1982 4782 de-

336 4805 567 4861 nuntiat
593 4824 606 4862 :
631 4806 964 4863 Gislardum
984 4824 1117 4863 vero
1148 4810 1427 4878 tanquam
1459 4808 1718 4878 prmdicti
1749 4814 1983 4870 Actardi

336 4892 604 4950 sedulum
630 4895 956 4951 invasorem
978 4895 1235 4950 denotat.
1262 4894 1363 4949 His
1389 4910 1525 4966 ergo
1545 4912 1612 4951 ac
1642 4896 1982 4969 hujusmodi

334 4983 761 5051 controversiis,
803 5002 870 5039 ac
912 4982 1359 5039 difficultatibus
1403 4986 1784 5056 enumeratis,
1817 4994 1874 5045 et
1902 4991 1983 5047 ita

335 5070 599 5142 repertis,
632 5071 951 5138 habitis,ac
983 5071 1317 5142 comp‘ertis,
1338 5088 1453 5127 non
1488 5089 1804 5144 possumus
1827 5096 1861 5134 a
1891 5097 1981 5137 re-

333 5157 472 5228 gula
500 5163 838 5214 sanctorum
868 5165 1128 5232 patrum,
1160 5165 1261 5215 aut
1292 5177 1326 5216 a
1356 5160 1510 5217 sedis
1540 5162 1719 5234 hujus
1750 5166 1979 5225 institu-

333 5244 593 5301 tionibus
636 5246 893 5302 tndebite
926 5252 1069 5313 [ms.,
1106 5253 1172 5303 ut
1200 5266 1235 5304 a
1264 5248 1420 5306 sedis
1451 5255 1564 5306 tuae
1598 5252 1979 5313 institutioni-

334 5333 446 5388 bus
475 5348 709 5404 quoque
738 5334 1162 5409 indebite.etc.]
1194 5336 1503 5395 declinare.
1541 5341 1652 5397 Sed
1682 5344 1731 5399 si
1761 5344 1846 5402 vis
1878 5347 1980 5403 Dei

334 5418 750 5491 omnipotentis
781 5418 1243 5482 benedictionem
1272 5428 1585 5501 percipere,
1618 5431 1703 5487 vel
1738 5433 1786 5488 si
1816 5451 1978 5490 vera-

334 5508 480 5565 citer
499 5509 699 5561 nostra
717 5512 990 5584 consequi
1013 5520 1301 5589 praecepta
1330 5516 1648 5589 desideras,
1664 5521 1978 5580 consilium

334 5608 535 5652 meum
556 5591 772 5666 accipe,
787 5601 845 5657 et
864 5602 1018 5676 quod
1043 5602 1146 5663 tibi
1173 5622 1278 5684 per
1306 5604 1459 5668 hanc
1487 5608 1764 5685 paginam
1784 5611 1977 5671 indico

2094 4633 2411 4703 mine,quze
2442 4630 2617 4688 fuerit
2663 4633 2816 4704 apud
2850 4650 2953 4689 vos
2995 4633 3325 4705 antiquitus
3354 4634 3751 4707 archiepiscoo

2092 4721 2244 4793 palis
2274 4719 2539 4787 ecclesia,
2571 4720 2701 4776 luce
2740 4720 2957 4777 clarius
2996 4722 3344 4791 innotescat,
3366 4727 3426 4779 et
3466 4724 3752 4797 deinceps

2092 4809 2251 4866 omni
2274 4808 2656 4881 ambiguitate
2682 4809 3068 4882 recisa,quem
3090 4811 3257 4884 sequi
3282 4811 3545 4884 episcopi
3567 4814 3749 4869 vestri

2089 4899 2358 4964 debeant,
2377 4896 2783 4953 incunctanter
2803 4904 3141 4971 agnoscant.
3162 4900 3360 4973 Neque
3376 4900 3535 4957 enim
3555 4900 3751 4958 Eccle-

2091 4988 2210 5043 sias
2224 4985 2453 5042 Domini
2475 5003 2576 5057 per
2588 4986 2941 5043 discordiam
2962 5004 3166 5060 regum
3178 4988 3494 5045 divisiones
3511 4989 3747 5063 aliquas

2089 5077 2208 5149 pati
2221 5074 2307 5130 vel
2329 5076 2546 5131 damna
2558 5073 3187 5148 [ms.,perdiscordiam
3206 5093 3411 5150 regum
3423 5078 3744 5137 divisiones

2089 5165 2286 5238 aliqua
2307 5163 2424 5236 pati
2450 5162 2689 5237 damna]
2714 5180 2951 5220 necesse
2971 5170 3059 5221 est
3082 5183 3096 5221 :
3121 5183 3255 5221 cum
3277 5172 3569 5239 quantum
3591 5184 3663 5225 ex
3684 5185 3743 5224 se

2087 5259 2177 5311 est
2207 5269 2428 5326 pacem,
2454 5269 2632 5325 quam
2664 5252 3001 5325 praedicant,
3030 5271 3259 5311 servare
3287 5256 3567 5312 studeant
3596 5258 3739 5312 invi-

2088 5360 2235 5410 cem,
2258 5341 2395 5397 etin
2434 5358 2660 5398 omnes.
2685 5342 2787 5398 llis
2820 5342 2900 5398 ita
2931 5342 3268 5416 praelibatis,
3292 5361 3397 5417 per
3450 5362 3557 5402 nos
3577 5352 3737 5402 tuam

2087 5432 2235 5489 scire
2265 5428 2536 5486 volumus
2557 5429 2977 5499 excellentiam,
2993 5431 3133 5504 quia
3156 5432 3208 5489 si
3228 5433 3453 5491 nostris
3478 5435 3739 5507 paternis

2088 5519 2327 5577 monitis
2358 5517 2665 5585 obedieris,
2699 5524 2757 5575 et
2799 5522 2920 5576 tam
2967 5520 3038 5577 de
3088 5522 3222 5593 jure
3280 5523 3733 5597 metropolitani,

2089 5625 2263 5689 quam
2286 5608 2356 5665 de
2379 5608 2749 5668 renovatione
2779 5608 3064 5669 examinis
3094 5610 3413 5686 ejectorum
3437 5612 3734 5692 episc0po.
