  <div class='ocr_page' id='page_1' title='image "/cluster/home/n/w/nwhite01/storage/ocr_20150623/119/uva.x000827049/422.png"; bbox 0 0 3894 6204; ppageno 0'>
   <div class='ocr_carea' id='block_1_1' title="bbox 98 384 206 448">
    <p class='ocr_par' dir='ltr' id='par_1_1' title="bbox 98 384 206 448">
     <span class='ocr_line' id='line_1_1' title="bbox 98 384 206 448; baseline -0.037 0"><span class='ocrx_word' id='word_1_1' title='bbox 98 384 206 448; x_wconf 75' lang='grc'>813</span> 
     </span>
    </p>
   </div>
   <div class='ocr_carea' id='block_1_2' title="bbox 1293 379 2274 446">
    <p class='ocr_par' dir='ltr' id='par_1_2' title="bbox 1293 379 2274 446">
     <span class='ocr_line' id='line_1_2' title="bbox 1293 379 2274 446; baseline 0.003 -5"><span class='ocrx_word' id='word_1_2' title='bbox 1293 379 1699 443; x_wconf 68' lang='lat' dir='ltr'>EPISTOLJE</span> <span class='ocrx_word' id='word_1_3' title='bbox 1740 380 1848 444; x_wconf 87' lang='lat' dir='ltr'>ET</span> <span class='ocrx_word' id='word_1_4' title='bbox 1883 382 2244 446; x_wconf 80' lang='lat' dir='ltr'>DECRETA</span> <span class='ocrx_word' id='word_1_5' title='bbox 2260 427 2274 444; x_wconf 91' lang='lat'>.</span> 
     </span>
    </p>
   </div>
   <div class='ocr_carea' id='block_1_3' title="bbox 3368 378 3509 449">
    <p class='ocr_par' dir='ltr' id='par_1_3' title="bbox 3368 378 3509 449">
     <span class='ocr_line' id='line_1_3' title="bbox 3368 378 3509 449; baseline 0.014 -3"><span class='ocrx_word' id='word_1_6' title='bbox 3368 378 3509 449; x_wconf 68' lang='grc' dir='ltr'>8η</span> 
     </span>
    </p>
   </div>
   <div class='ocr_carea' id='block_1_4' title="bbox 162 508 3486 591">
    <p class='ocr_par' dir='ltr' id='par_1_4' title="bbox 162 508 3486 591">
     <span class='ocr_line' id='line_1_4' title="bbox 162 508 3486 591; baseline 0.002 -22"><span class='ocrx_word' id='word_1_7' title='bbox 162 515 281 570; x_wconf 76' lang='lat' dir='ltr'>Hac</span> <span class='ocrx_word' id='word_1_8' title='bbox 309 511 566 567; x_wconf 87' lang='lat' dir='ltr'>breuiter</span> <span class='ocrx_word' id='word_1_9' title='bbox 593 526 696 583; x_wconf 92' lang='lat' dir='ltr'>pro</span> <span class='ocrx_word' id='word_1_10' title='bbox 721 510 893 566; x_wconf 83' lang='lat' dir='ltr'>celeri</span> <span class='ocrx_word' id='word_1_11' title='bbox 928 515 1134 566; x_wconf 80' lang='lat' dir='ltr'>uestra</span> <span class='ocrx_word' id='word_1_12' title='bbox 1182 513 1561 584; x_wconf 74' lang='lat' dir='ltr'>exposuimus</span> <span class='ocrx_word' id='word_1_13' title='bbox 1594 532 1723 585; x_wconf 88' lang='lat' dir='ltr'>por-</span> <span class='ocrx_word' id='word_1_14' title='bbox 1756 516 1809 582; x_wconf 80' lang='grc' dir='ltr'><strong>Α</strong></span> <span class='ocrx_word' id='word_1_15' title='bbox 1840 516 2107 571; x_wconf 68' lang='lat' dir='ltr'>Ecclesia</span> <span class='ocrx_word' id='word_1_16' title='bbox 2142 515 2736 587; x_wconf 77' lang='lat' dir='ltr'>Bellovacensisjuris</span> <span class='ocrx_word' id='word_1_17' title='bbox 2768 516 2950 571; x_wconf 88' lang='lat' dir='ltr'>fuisse</span> <span class='ocrx_word' id='word_1_18' title='bbox 2981 508 3337 573; x_wconf 74' lang='lat' dir='ltr'>omnimodis</span> <span class='ocrx_word' id='word_1_19' title='bbox 3359 535 3486 591; x_wconf 86' lang='lat' dir='ltr'>pro-</span> 
     </span>
    </p>
   </div>
   <div class='ocr_carea' id='block_1_5' title="bbox 94 598 1729 672">
    <p class='ocr_par' dir='ltr' id='par_1_5' title="bbox 94 598 1729 672">
     <span class='ocr_line' id='line_1_5' title="bbox 94 598 1729 672; baseline -0.002 -11"><span class='ocrx_word' id='word_1_20' title='bbox 94 603 271 661; x_wconf 86' lang='lat' dir='ltr'>titoris</span> <span class='ocrx_word' id='word_1_21' title='bbox 300 598 557 672; x_wconf 82' lang='lat' dir='ltr'>epistola</span> <span class='ocrx_word' id='word_1_22' title='bbox 589 599 955 667; x_wconf 68' lang='lat' dir='ltr'>necessitate,</span> <span class='ocrx_word' id='word_1_23' title='bbox 990 600 1090 672; x_wconf 88' lang='lat' dir='ltr'>qui</span> <span class='ocrx_word' id='word_1_24' title='bbox 1124 600 1370 655; x_wconf 73' lang='lat' dir='ltr'>festinus</span> <span class='ocrx_word' id='word_1_25' title='bbox 1399 609 1625 657; x_wconf 79' lang='lat' dir='ltr'>uestros</span> <span class='ocrx_word' id='word_1_26' title='bbox 1650 622 1729 658; x_wconf 86' lang='lat' dir='ltr'>re-</span> 
     </span>
    </p>
   </div>
   <div class='ocr_carea' id='block_1_6' title="bbox 95 688 1729 760">
    <p class='ocr_par' dir='ltr' id='par_1_6' title="bbox 95 688 1729 760">
     <span class='ocr_line' id='line_1_6' title="bbox 95 688 1729 760; baseline -0.002 -10"><span class='ocrx_word' id='word_1_27' title='bbox 95 706 277 750; x_wconf 84' lang='lat' dir='ltr'>meare</span> <span class='ocrx_word' id='word_1_28' title='bbox 306 688 578 760; x_wconf 88' lang='lat' dir='ltr'>cupiebat</span> <span class='ocrx_word' id='word_1_29' title='bbox 604 689 679 745; x_wconf 86' lang='lat' dir='ltr'>ad</span> <span class='ocrx_word' id='word_1_30' title='bbox 711 688 857 743; x_wconf 79' lang='lat' dir='ltr'>fines</span> <span class='ocrx_word' id='word_1_31' title='bbox 883 706 896 757; x_wconf 92' lang='lat'><strong>;</strong></span> <span class='ocrx_word' id='word_1_32' title='bbox 931 692 989 743; x_wconf 90' lang='lat' dir='ltr'>et</span> <span class='ocrx_word' id='word_1_33' title='bbox 1021 704 1123 760; x_wconf 91' lang='lat' dir='ltr'>pro</span> <span class='ocrx_word' id='word_1_34' title='bbox 1155 689 1515 760; x_wconf 88' lang='lat' dir='ltr'>quibusdam</span> <span class='ocrx_word' id='word_1_35' title='bbox 1547 690 1729 746; x_wconf 87' lang='lat' dir='ltr'>eccle-</span> 
     </span>
    </p>
   </div>
   <div class='ocr_carea' id='block_1_7' title="bbox 93 775 1723 849">
    <p class='ocr_par' dir='ltr' id='par_1_7' title="bbox 93 775 1723 849">
     <span class='ocr_line' id='line_1_7' title="bbox 93 775 1723 849; baseline -0.003 -11"><span class='ocrx_word' id='word_1_36' title='bbox 93 777 332 839; x_wconf 89' lang='lat' dir='ltr'>siasticis</span> <span class='ocrx_word' id='word_1_37' title='bbox 367 775 741 843; x_wconf 79' lang='lat' dir='ltr'>utilitatibus,</span> <span class='ocrx_word' id='word_1_38' title='bbox 775 776 836 831; x_wconf 92' lang='lat' dir='ltr'>in</span> <span class='ocrx_word' id='word_1_39' title='bbox 886 777 1102 848; x_wconf 83' lang='lat' dir='ltr'>quibus</span> <span class='ocrx_word' id='word_1_40' title='bbox 1148 778 1415 849; x_wconf 83' lang='lat' dir='ltr'>occupati</span> <span class='ocrx_word' id='word_1_41' title='bbox 1467 794 1723 833; x_wconf 82' lang='lat' dir='ltr'>eramus.</span> 
     </span>
    </p>
   </div>
   <div class='ocr_carea' id='block_1_8' title="bbox 92 856 1726 941">
    <p class='ocr_par' dir='ltr' id='par_1_8' title="bbox 92 856 1726 941">
     <span class='ocr_line' id='line_1_8' title="bbox 92 856 1726 941; baseline -0.003 -14"><span class='ocrx_word' id='word_1_42' title='bbox 92 871 345 941; x_wconf 88' lang='lat' dir='ltr'>Congruo</span> <span class='ocrx_word' id='word_1_43' title='bbox 375 881 480 936; x_wconf 90' lang='lat' dir='ltr'>pro</span> <span class='ocrx_word' id='word_1_44' title='bbox 523 865 738 936; x_wconf 85' lang='lat' dir='ltr'>quibus</span> <span class='ocrx_word' id='word_1_45' title='bbox 760 868 1020 937; x_wconf 88' lang='lat' dir='ltr'>tempore</span> <span class='ocrx_word' id='word_1_46' title='bbox 1058 865 1335 921; x_wconf 91' lang='lat' dir='ltr'>idoneum</span> <span class='ocrx_word' id='word_1_47' title='bbox 1352 856 1726 940; x_wconf 73' lang='lat' dir='ltr'>uestralega-</span> 
     </span>
    </p>
   </div>
   <div class='ocr_carea' id='block_1_9' title="bbox 89 953 1725 1026">
    <p class='ocr_par' dir='ltr' id='par_1_9' title="bbox 89 953 1725 1026">
     <span class='ocr_line' id='line_1_9' title="bbox 89 953 1725 1026; baseline -0.002 -12"><span class='ocrx_word' id='word_1_48' title='bbox 89 963 203 1014; x_wconf 89' lang='lat' dir='ltr'>tum</span> <span class='ocrx_word' id='word_1_49' title='bbox 236 953 616 1010; x_wconf 80' lang='lat' dir='ltr'>beatitudinis</span> <span class='ocrx_word' id='word_1_50' title='bbox 667 958 842 1025; x_wconf 88' lang='lat' dir='ltr'>atque</span> <span class='ocrx_word' id='word_1_51' title='bbox 891 953 1086 1026; x_wconf 85' lang='lat' dir='ltr'>apices</span> <span class='ocrx_word' id='word_1_52' title='bbox 1142 959 1340 1010; x_wconf 90' lang='lat' dir='ltr'>nostro</span> <span class='ocrx_word' id='word_1_53' title='bbox 1386 955 1725 1026; x_wconf 85' lang='lat' dir='ltr'>prasulatui</span> 
     </span>
    </p>
   </div>
   <div class='ocr_carea' id='block_1_10' title="bbox 89 1041 1725 1116">
    <p class='ocr_par' dir='ltr' id='par_1_10' title="bbox 89 1041 1725 1116">
     <span class='ocr_line' id='line_1_10' title="bbox 89 1041 1725 1116; baseline -0.002 -12"><span class='ocrx_word' id='word_1_54' title='bbox 89 1044 367 1103; x_wconf 88' lang='lat' dir='ltr'>destinare</span> <span class='ocrx_word' id='word_1_55' title='bbox 396 1041 643 1115; x_wconf 88' lang='lat' dir='ltr'>satagite</span> <span class='ocrx_word' id='word_1_56' title='bbox 670 1060 683 1110; x_wconf 93' lang='lat'>;</span> <span class='ocrx_word' id='word_1_57' title='bbox 718 1045 774 1097; x_wconf 91' lang='lat' dir='ltr'>et</span> <span class='ocrx_word' id='word_1_58' title='bbox 802 1046 941 1097; x_wconf 92' lang='lat' dir='ltr'>tunc</span> <span class='ocrx_word' id='word_1_59' title='bbox 972 1042 1204 1114; x_wconf 85' lang='lat' dir='ltr'>plenius</span> <span class='ocrx_word' id='word_1_60' title='bbox 1256 1043 1495 1115; x_wconf 83' lang='lat' dir='ltr'>perfecti</span> <span class='ocrx_word' id='word_1_61' title='bbox 1536 1061 1725 1116; x_wconf 90' lang='lat' dir='ltr'>usque</span> 
     </span>
    </p>
   </div>
   <div class='ocr_carea' id='block_1_11' title="bbox 84 1131 1726 1204">
    <p class='ocr_par' dir='ltr' id='par_1_11' title="bbox 84 1131 1726 1204">
     <span class='ocr_line' id='line_1_11' title="bbox 84 1131 1726 1204; baseline -0.003 -13"><span class='ocrx_word' id='word_1_62' title='bbox 84 1138 149 1191; x_wconf 90' lang='lat' dir='ltr'>de</span> <span class='ocrx_word' id='word_1_63' title='bbox 178 1133 267 1189; x_wconf 89' lang='lat' dir='ltr'>bis</span> <span class='ocrx_word' id='word_1_64' title='bbox 297 1131 594 1199; x_wconf 91' lang='lat' dir='ltr'>omnibus,</span> <span class='ocrx_word' id='word_1_65' title='bbox 628 1147 884 1203; x_wconf 89' lang='lat' dir='ltr'>superna</span> <span class='ocrx_word' id='word_1_66' title='bbox 932 1131 1176 1186; x_wconf 87' lang='lat' dir='ltr'>iuuante</span> <span class='ocrx_word' id='word_1_67' title='bbox 1224 1132 1435 1204; x_wconf 87' lang='lat' dir='ltr'>gratia,</span> <span class='ocrx_word' id='word_1_68' title='bbox 1467 1132 1726 1204; x_wconf 90' lang='lat' dir='ltr'>promul-</span> 
     </span>
    </p>
   </div>
   <div class='ocr_carea' id='block_1_12' title="bbox 83 1219 1725 1298">
    <p class='ocr_par' dir='ltr' id='par_1_12' title="bbox 83 1219 1725 1298">
     <span class='ocr_line' id='line_1_12' title="bbox 83 1219 1725 1298; baseline -0.001 -20"><span class='ocrx_word' id='word_1_69' title='bbox 83 1240 210 1298; x_wconf 86' lang='lat' dir='ltr'>gare</span> <span class='ocrx_word' id='word_1_70' title='bbox 241 1220 569 1289; x_wconf 76' lang='lat' dir='ltr'>studemus,</span> <span class='ocrx_word' id='word_1_71' title='bbox 606 1225 931 1291; x_wconf 88' lang='lat' dir='ltr'>uestraque</span> <span class='ocrx_word' id='word_1_72' title='bbox 964 1220 1263 1276; x_wconf 77' lang='lat' dir='ltr'>sanctitati</span> <span class='ocrx_word' id='word_1_73' title='bbox 1314 1219 1565 1292; x_wconf 85' lang='lat' dir='ltr'>dirigere</span> <span class='ocrx_word' id='word_1_74' title='bbox 1596 1238 1725 1292; x_wconf 85' lang='lat' dir='ltr'>pro-</span> 
     </span>
    </p>
   </div>
   <div class='ocr_carea' id='block_1_13' title="bbox 80 1308 1722 1381">
    <p class='ocr_par' dir='ltr' id='par_1_13' title="bbox 80 1308 1722 1381">
     <span class='ocr_line' id='line_1_13' title="bbox 80 1308 1722 1381; baseline -0.001 -14"><span class='ocrx_word' id='word_1_75' title='bbox 80 1326 370 1367; x_wconf 86' lang='lat' dir='ltr'>curamus.</span> <span class='ocrx_word' id='word_1_76' title='bbox 405 1309 690 1381; x_wconf 85' lang='lat' dir='ltr'>Optamus</span> <span class='ocrx_word' id='word_1_77' title='bbox 711 1308 1089 1364; x_wconf 81' lang='lat' dir='ltr'>sanctitatem</span> <span class='ocrx_word' id='word_1_78' title='bbox 1108 1313 1367 1365; x_wconf 90' lang='lat' dir='ltr'>uestram</span> <span class='ocrx_word' id='word_1_79' title='bbox 1399 1309 1457 1363; x_wconf 90' lang='lat' dir='ltr'>in</span> <span class='ocrx_word' id='word_1_80' title='bbox 1490 1308 1722 1365; x_wconf 92' lang='lat' dir='ltr'>Christo</span> 
     </span>
    </p>
   </div>
   <div class='ocr_carea' id='block_1_14' title="bbox 77 1396 994 1470">
    <p class='ocr_par' dir='ltr' id='par_1_14' title="bbox 77 1396 994 1470">
     <span class='ocr_line' id='line_1_14' title="bbox 77 1396 994 1470; baseline -0.004 -13"><span class='ocrx_word' id='word_1_81' title='bbox 77 1416 224 1457; x_wconf 92' lang='lat' dir='ltr'>nunc</span> <span class='ocrx_word' id='word_1_82' title='bbox 254 1400 311 1454; x_wconf 88' lang='lat' dir='ltr'>et</span> <span class='ocrx_word' id='word_1_83' title='bbox 340 1414 574 1470; x_wconf 81' lang='lat' dir='ltr'>semper</span> <span class='ocrx_word' id='word_1_84' title='bbox 602 1397 749 1453; x_wconf 85' lang='lat' dir='ltr'>bene</span> <span class='ocrx_word' id='word_1_85' title='bbox 776 1396 994 1453; x_wconf 83' lang='lat' dir='ltr'>ualere.</span> 
     </span>
    </p>
   </div>
   <div class='ocr_carea' id='block_1_15' title="bbox 774 1512 1023 1569">
    <p class='ocr_par' dir='ltr' id='par_1_15' title="bbox 774 1512 1023 1569">
     <span class='ocr_line' id='line_1_15' title="bbox 774 1512 1023 1569; baseline 0 -1"><span class='ocrx_word' id='word_1_86' title='bbox 774 1512 1023 1569; x_wconf 84' lang='lat' dir='ltr'>XXVIII.</span> 
     </span>
    </p>
   </div>
   <div class='ocr_carea' id='block_1_16' title="bbox 76 1617 1717 1661">
    <p class='ocr_par' dir='ltr' id='par_1_16' title="bbox 76 1617 1717 1661">
     <span class='ocr_line' id='line_1_16' title="bbox 76 1617 1717 1661; baseline -0.003 0"><span class='ocrx_word' id='word_1_87' title='bbox 76 1619 295 1661; x_wconf 66' lang='grc' dir='ltr'>Νῖεοωι</span> <span class='ocrx_word' id='word_1_88' title='bbox 348 1618 365 1656; x_wconf 88' lang='grc' dir='ltr'>Ι</span> <span class='ocrx_word' id='word_1_89' title='bbox 408 1618 777 1657; x_wconf 70' lang='lat' dir='ltr'>PRIVILEGIUI</span> <span class='ocrx_word' id='word_1_90' title='bbox 818 1617 931 1657; x_wconf 79' lang='lat' dir='ltr'>PRO</span> <span class='ocrx_word' id='word_1_91' title='bbox 980 1618 1239 1657; x_wconf 78' lang='lat' dir='ltr'>ECCLESIA</span> <span class='ocrx_word' id='word_1_92' title='bbox 1287 1617 1717 1658; x_wconf 77' lang='lat' dir='ltr'>BELLOVACENSI.</span> 
     </span>
    </p>
   </div>
   <div class='ocr_carea' id='block_1_17' title="bbox 712 1699 1084 1768">
    <p class='ocr_par' dir='ltr' id='par_1_17' title="bbox 712 1699 1084 1768">
     <span class='ocr_line' id='line_1_17' title="bbox 712 1699 1084 1768; baseline 0 -15"><span class='ocrx_word' id='word_1_93' title='bbox 712 1700 902 1768; x_wconf 88' lang='lat' dir='ltr'>(Anno</span> <span class='ocrx_word' id='word_1_94' title='bbox 934 1699 1084 1767; x_wconf 89' lang='lat'>863.)</span> 
     </span>
    </p>
   </div>
   <div class='ocr_carea' id='block_1_18' title="bbox 67 1805 1720 1875">
    <p class='ocr_par' dir='ltr' id='par_1_18' title="bbox 67 1805 1720 1875">
     <span class='ocr_line' id='line_1_18' title="bbox 67 1805 1720 1875; baseline -0.002 -11"><span class='ocrx_word' id='word_1_95' title='bbox 67 1808 325 1865; x_wconf 70' lang='lat' dir='ltr'>Ecclesia?</span> <span class='ocrx_word' id='word_1_96' title='bbox 354 1806 727 1862; x_wconf 75' lang='lat' dir='ltr'>Bellovacensi</span> <span class='ocrx_word' id='word_1_97' title='bbox 771 1805 1056 1875; x_wconf 81' lang='lat' dir='ltr'>conﬁrmat</span> <span class='ocrx_word' id='word_1_98' title='bbox 1102 1807 1443 1860; x_wconf 78' lang='lat' dir='ltr'>monasteria</span> <span class='ocrx_word' id='word_1_99' title='bbox 1476 1805 1720 1861; x_wconf 78' lang='lat' dir='ltr'>Oratorii</span> 
     </span>
    </p>
   </div>
   <div class='ocr_carea' id='block_1_19' title="bbox 226 1876 1541 1945">
    <p class='ocr_par' dir='ltr' id='par_1_19' title="bbox 226 1876 1541 1945">
     <span class='ocr_line' id='line_1_19' title="bbox 226 1876 1541 1945; baseline -0.002 -11"><span class='ocrx_word' id='word_1_100' title='bbox 226 1886 281 1935; x_wconf 76' lang='lat' dir='ltr'>et</span> <span class='ocrx_word' id='word_1_101' title='bbox 307 1878 574 1944; x_wconf 79' lang='lat' dir='ltr'>Flaviacz&#39;,</span> <span class='ocrx_word' id='word_1_102' title='bbox 608 1894 642 1931; x_wconf 92' lang='lat' dir='ltr'>a</span> <span class='ocrx_word' id='word_1_103' title='bbox 672 1876 863 1932; x_wconf 81' lang='lat' dir='ltr'>Carolo</span> <span class='ocrx_word' id='word_1_104' title='bbox 895 1877 1070 1932; x_wconf 81' lang='lat' dir='ltr'>Calvo</span> <span class='ocrx_word' id='word_1_105' title='bbox 1098 1892 1230 1945; x_wconf 83' lang='lat' dir='ltr'>rege</span> <span class='ocrx_word' id='word_1_106' title='bbox 1268 1892 1541 1932; x_wconf 76' lang='lat' dir='ltr'>concessa.</span> 
     </span>
    </p>
   </div>
   <div class='ocr_carea' id='block_1_20' title="bbox 91 1990 1680 2062">
    <p class='ocr_par' dir='ltr' id='par_1_20' title="bbox 91 1990 1680 2062">
     <span class='ocr_line' id='line_1_20' title="bbox 91 1990 1680 2062; baseline -0.003 -12"><span class='ocrx_word' id='word_1_107' title='bbox 91 1996 187 2062; x_wconf 80' lang='lat' dir='ltr'>[Ex</span> <span class='ocrx_word' id='word_1_108' title='bbox 211 1992 405 2049; x_wconf 89' lang='lat' dir='ltr'>Gallia</span> <span class='ocrx_word' id='word_1_109' title='bbox 433 1991 782 2058; x_wconf 88' lang='lat' dir='ltr'>Christiana,</span> <span class='ocrx_word' id='word_1_110' title='bbox 811 1995 955 2046; x_wconf 90' lang='lat' dir='ltr'>tom.</span> <span class='ocrx_word' id='word_1_111' title='bbox 987 1991 1052 2059; x_wconf 90' lang='lat' dir='ltr'>X,</span> <span class='ocrx_word' id='word_1_112' title='bbox 1084 1990 1236 2047; x_wconf 87' lang='lat' dir='ltr'>inter</span> <span class='ocrx_word' id='word_1_113' title='bbox 1272 1993 1680 2061; x_wconf 80' lang='lat' dir='ltr'>instrumenta.]</span> 
     </span>
    </p>
   </div>
   <div class='ocr_carea' id='block_1_21' title="bbox 125 2106 1706 2181">
    <p class='ocr_par' dir='ltr' id='par_1_21' title="bbox 125 2106 1706 2181">
     <span class='ocr_line' id='line_1_21' title="bbox 125 2106 1706 2181; baseline -0.002 -16"><span class='ocrx_word' id='word_1_114' title='bbox 125 2110 419 2166; x_wconf 77' lang='lat' dir='ltr'>NICOLAUS</span> <span class='ocrx_word' id='word_1_115' title='bbox 447 2108 778 2181; x_wconf 88' lang='lat' dir='ltr'>episcopus,</span> <span class='ocrx_word' id='word_1_116' title='bbox 810 2124 1013 2164; x_wconf 87' lang='lat' dir='ltr'>servus</span> <span class='ocrx_word' id='word_1_117' title='bbox 1059 2123 1360 2163; x_wconf 89' lang='lat' dir='ltr'>servorum</span> <span class='ocrx_word' id='word_1_118' title='bbox 1393 2106 1514 2175; x_wconf 76' lang='lat' dir='ltr'>Dei,</span> <span class='ocrx_word' id='word_1_119' title='bbox 1550 2123 1706 2163; x_wconf 88' lang='lat' dir='ltr'>reve-</span> 
     </span>
    </p>
   </div>
   <div class='ocr_carea' id='block_1_22' title="bbox 58 2196 1710 2267">
    <p class='ocr_par' dir='ltr' id='par_1_22' title="bbox 58 2196 1710 2267">
     <span class='ocr_line' id='line_1_22' title="bbox 58 2196 1710 2267; baseline -0.004 -12"><span class='ocrx_word' id='word_1_120' title='bbox 58 2198 413 2255; x_wconf 89' lang='lat' dir='ltr'>rendissimo</span> <span class='ocrx_word' id='word_1_121' title='bbox 444 2202 501 2253; x_wconf 92' lang='lat' dir='ltr'>et</span> <span class='ocrx_word' id='word_1_122' title='bbox 544 2196 916 2253; x_wconf 87' lang='lat' dir='ltr'>sanctissimo</span> <span class='ocrx_word' id='word_1_123' title='bbox 973 2196 1157 2252; x_wconf 77' lang='lat' dir='ltr'>ODONI</span> <span class='ocrx_word' id='word_1_124' title='bbox 1196 2196 1489 2267; x_wconf 90' lang='lat' dir='ltr'>episcopo,</span> <span class='ocrx_word' id='word_1_125' title='bbox 1522 2200 1578 2250; x_wconf 91' lang='lat' dir='ltr'>et</span> <span class='ocrx_word' id='word_1_126' title='bbox 1608 2211 1710 2267; x_wconf 88' lang='lat' dir='ltr'>per</span> 
     </span>
    </p>
   </div>
   <div class='ocr_carea' id='block_1_23' title="bbox 55 2283 1703 2352">
    <p class='ocr_par' dir='ltr' id='par_1_23' title="bbox 55 2283 1703 2352">
     <span class='ocr_line' id='line_1_23' title="bbox 55 2283 1703 2352; baseline -0.004 -8"><span class='ocrx_word' id='word_1_127' title='bbox 55 2293 109 2344; x_wconf 88' lang='lat' dir='ltr'>te</span> <span class='ocrx_word' id='word_1_128' title='bbox 136 2285 508 2344; x_wconf 89' lang='lat' dir='ltr'>charissima</span> <span class='ocrx_word' id='word_1_129' title='bbox 555 2284 948 2341; x_wconf 89' lang='lat' dir='ltr'>Bellovacensi</span> <span class='ocrx_word' id='word_1_130' title='bbox 988 2284 1278 2352; x_wconf 86' lang='lat' dir='ltr'>Ecclesia,</span> <span class='ocrx_word' id='word_1_131' title='bbox 1333 2284 1586 2340; x_wconf 84' lang='lat' dir='ltr'>salutem</span> <span class='ocrx_word' id='word_1_132' title='bbox 1644 2283 1703 2338; x_wconf 91' lang='lat' dir='ltr'>in</span> 
     </span>
    </p>
   </div>
   <div class='ocr_carea' id='block_1_24' title="bbox 56 2380 435 2449">
    <p class='ocr_par' dir='ltr' id='par_1_24' title="bbox 56 2380 435 2449">
     <span class='ocr_line' id='line_1_24' title="bbox 56 2380 435 2449; baseline -0.008 -17"><span class='ocrx_word' id='word_1_133' title='bbox 56 2380 435 2449; x_wconf 90' lang='lat' dir='ltr'>perpetuum.</span> 
     </span>
    </p>
   </div>
   <div class='ocr_carea' id='block_1_25' title="bbox 125 2460 1705 2535">
    <p class='ocr_par' dir='ltr' id='par_1_25' title="bbox 125 2460 1705 2535">
     <span class='ocr_line' id='line_1_25' title="bbox 125 2460 1705 2535; baseline -0.003 -15"><span class='ocrx_word' id='word_1_134' title='bbox 125 2465 479 2535; x_wconf 83' lang='lat' dir='ltr'>Quicunque</span> <span class='ocrx_word' id='word_1_135' title='bbox 510 2463 568 2517; x_wconf 91' lang='lat' dir='ltr'>in</span> <span class='ocrx_word' id='word_1_136' title='bbox 622 2462 805 2535; x_wconf 89' lang='lat' dir='ltr'>hujus</span> <span class='ocrx_word' id='word_1_137' title='bbox 851 2461 1102 2518; x_wconf 84' lang='lat' dir='ltr'>labentis</span> <span class='ocrx_word' id='word_1_138' title='bbox 1152 2461 1349 2518; x_wconf 87' lang='lat' dir='ltr'>saculi</span> <span class='ocrx_word' id='word_1_139' title='bbox 1402 2461 1618 2518; x_wconf 86' lang='lat' dir='ltr'>fuerint</span> <span class='ocrx_word' id='word_1_140' title='bbox 1646 2460 1705 2516; x_wconf 93' lang='lat' dir='ltr'>in</span> 
     </span>
    </p>
   </div>
   <div class='ocr_carea' id='block_1_26' title="bbox 58 2549 1708 2624">
    <p class='ocr_par' dir='ltr' id='par_1_26' title="bbox 58 2549 1708 2624">
     <span class='ocr_line' id='line_1_26' title="bbox 58 2549 1708 2624; baseline -0.001 -17"><span class='ocrx_word' id='word_1_141' title='bbox 58 2552 256 2624; x_wconf 89' lang='lat' dir='ltr'>aliquo</span> <span class='ocrx_word' id='word_1_142' title='bbox 289 2551 515 2608; x_wconf 86' lang='lat' dir='ltr'>detenti</span> <span class='ocrx_word' id='word_1_143' title='bbox 546 2551 906 2613; x_wconf 89' lang='lat' dir='ltr'>discrimine.</span> <span class='ocrx_word' id='word_1_144' title='bbox 938 2567 1010 2606; x_wconf 92' lang='lat' dir='ltr'>ne</span> <span class='ocrx_word' id='word_1_145' title='bbox 1045 2549 1205 2607; x_wconf 89' lang='lat' dir='ltr'>velut</span> <span class='ocrx_word' id='word_1_146' title='bbox 1259 2550 1319 2605; x_wconf 92' lang='lat' dir='ltr'>in</span> <span class='ocrx_word' id='word_1_147' title='bbox 1369 2549 1708 2606; x_wconf 82' lang='lat' dir='ltr'>ﬁuctuantis</span> 
     </span>
    </p>
   </div>
   <div class='ocr_carea' id='block_1_27' title="bbox 55 2638 1718 2713">
    <p class='ocr_par' dir='ltr' id='par_1_27' title="bbox 55 2638 1718 2713">
     <span class='ocr_line' id='line_1_27' title="bbox 55 2638 1718 2713; baseline -0.002 -16"><span class='ocrx_word' id='word_1_148' title='bbox 55 2642 239 2697; x_wconf 89' lang='lat' dir='ltr'>maris</span> <span class='ocrx_word' id='word_1_149' title='bbox 271 2639 524 2713; x_wconf 88' lang='lat' dir='ltr'>pelagus</span> <span class='ocrx_word' id='word_1_150' title='bbox 553 2640 778 2695; x_wconf 90' lang='lat' dir='ltr'>viribus</span> <span class='ocrx_word' id='word_1_151' title='bbox 799 2639 1128 2695; x_wconf 81' lang='lat' dir='ltr'>infirmitati</span> <span class='ocrx_word' id='word_1_152' title='bbox 1160 2638 1468 2694; x_wconf 79' lang='lat' dir='ltr'>infeliciter</span> <span class='ocrx_word' id='word_1_153' title='bbox 1497 2639 1718 2694; x_wconf 90' lang='lat' dir='ltr'>demer-</span> 
     </span>
    </p>
   </div>
   <div class='ocr_carea' id='block_1_28' title="bbox 60 2727 1717 2803">
    <p class='ocr_par' dir='ltr' id='par_1_28' title="bbox 60 2727 1717 2803">
     <span class='ocr_line' id='line_1_28' title="bbox 60 2727 1717 2803; baseline -0.001 -19"><span class='ocrx_word' id='word_1_154' title='bbox 60 2735 301 2803; x_wconf 90' lang='lat' dir='ltr'>gantur,</span> <span class='ocrx_word' id='word_1_155' title='bbox 338 2728 571 2784; x_wconf 89' lang='lat' dir='ltr'>nullum</span> <span class='ocrx_word' id='word_1_156' title='bbox 618 2728 833 2784; x_wconf 89' lang='lat' dir='ltr'>melius</span> <span class='ocrx_word' id='word_1_157' title='bbox 887 2746 1006 2783; x_wconf 84' lang='lat' dir='ltr'>sua</span> <span class='ocrx_word' id='word_1_158' title='bbox 1056 2732 1305 2800; x_wconf 87' lang='lat' dir='ltr'>possunt</span> <span class='ocrx_word' id='word_1_159' title='bbox 1351 2727 1717 2782; x_wconf 78' lang='lat' dir='ltr'>infirmitatis</span> 
     </span>
    </p>
   </div>
   <div class='ocr_carea' id='block_1_29' title="bbox 61 2815 1716 2889">
    <p class='ocr_par' dir='ltr' id='par_1_29' title="bbox 61 2815 1716 2889">
     <span class='ocr_line' id='line_1_29' title="bbox 61 2815 1716 2889; baseline -0.002 -17"><span class='ocrx_word' id='word_1_160' title='bbox 61 2819 330 2874; x_wconf 88' lang='lat' dir='ltr'>invenire</span> <span class='ocrx_word' id='word_1_161' title='bbox 365 2816 735 2873; x_wconf 88' lang='lat' dir='ltr'>salutiferum</span> <span class='ocrx_word' id='word_1_162' title='bbox 755 2822 986 2889; x_wconf 89' lang='lat' dir='ltr'>portum</span> <span class='ocrx_word' id='word_1_163' title='bbox 1020 2834 1197 2888; x_wconf 90' lang='lat' dir='ltr'>quam</span> <span class='ocrx_word' id='word_1_164' title='bbox 1223 2815 1716 2881; x_wconf 85' lang='lat' dir='ltr'>sedcmillius,cui</span> 
     </span>
    </p>
   </div>
   <div class='ocr_carea' id='block_1_30' title="bbox 56 2905 1718 2976">
    <p class='ocr_par' dir='ltr' id='par_1_30' title="bbox 56 2905 1718 2976">
     <span class='ocr_line' id='line_1_30' title="bbox 56 2905 1718 2976; baseline -0.001 -15"><span class='ocrx_word' id='word_1_165' title='bbox 56 2908 255 2962; x_wconf 90' lang='lat' dir='ltr'>divino</span> <span class='ocrx_word' id='word_1_166' title='bbox 288 2905 530 2961; x_wconf 87' lang='lat' dir='ltr'>oraculo</span> <span class='ocrx_word' id='word_1_167' title='bbox 559 2905 779 2960; x_wconf 91' lang='lat' dir='ltr'>dictum</span> <span class='ocrx_word' id='word_1_168' title='bbox 812 2910 936 2960; x_wconf 91' lang='lat' dir='ltr'>est:</span> <span class='ocrx_word' id='word_1_169' title='bbox 974 2906 1048 2960; x_wconf 84' lang='lat' dir='ltr'>Tu</span> <span class='ocrx_word' id='word_1_170' title='bbox 1093 2906 1399 2976; x_wconf 78' lang='lat' dir='ltr'>aliquando</span> <span class='ocrx_word' id='word_1_171' title='bbox 1427 2921 1718 2959; x_wconf 79' lang='lat' dir='ltr'>conversus</span> 
     </span>
    </p>
   </div>
   <div class='ocr_carea' id='block_1_31' title="bbox 55 2991 1722 3066">
    <p class='ocr_par' dir='ltr' id='par_1_31' title="bbox 55 2991 1722 3066">
     <span class='ocr_line' id='line_1_31' title="bbox 55 2991 1722 3066; baseline -0.001 -18"><span class='ocrx_word' id='word_1_172' title='bbox 55 2995 331 3065; x_wconf 79' lang='lat' dir='ltr'>conﬁrma</span> <span class='ocrx_word' id='word_1_173' title='bbox 361 2997 567 3066; x_wconf 82' lang='lat' dir='ltr'>fratres</span> <span class='ocrx_word' id='word_1_174' title='bbox 598 3001 738 3049; x_wconf 83' lang='lat' dir='ltr'>tuos.</span> <span class='ocrx_word' id='word_1_175' title='bbox 784 2992 948 3049; x_wconf 91' lang='lat' dir='ltr'>Unde</span> <span class='ocrx_word' id='word_1_176' title='bbox 995 2992 1135 3064; x_wconf 89' lang='lat' dir='ltr'>quia</span> <span class='ocrx_word' id='word_1_177' title='bbox 1193 3010 1299 3048; x_wconf 91' lang='lat' dir='ltr'>nos</span> <span class='ocrx_word' id='word_1_178' title='bbox 1352 2992 1528 3047; x_wconf 83' lang='lat' dir='ltr'>vicem</span> <span class='ocrx_word' id='word_1_179' title='bbox 1562 2991 1722 3047; x_wconf 91' lang='lat' dir='ltr'>illius</span> 
     </span>
    </p>
   </div>
   <div class='ocr_carea' id='block_1_32' title="bbox 52 3080 1723 3154">
    <p class='ocr_par' dir='ltr' id='par_1_32' title="bbox 52 3080 1723 3154">
     <span class='ocr_line' id='line_1_32' title="bbox 52 3080 1723 3154; baseline 0 -17"><span class='ocrx_word' id='word_1_180' title='bbox 52 3100 157 3154; x_wconf 91' lang='lat' dir='ltr'>per</span> <span class='ocrx_word' id='word_1_181' title='bbox 187 3083 632 3139; x_wconf 89' lang='lat' dir='ltr'>abundantiam</span> <span class='ocrx_word' id='word_1_182' title='bbox 663 3098 931 3153; x_wconf 86' lang='lat' dir='ltr'>superna</span> <span class='ocrx_word' id='word_1_183' title='bbox 958 3080 1161 3154; x_wconf 86' lang='lat' dir='ltr'>gratia</span> <span class='ocrx_word' id='word_1_184' title='bbox 1224 3082 1281 3136; x_wconf 91' lang='lat' dir='ltr'>in</span> <span class='ocrx_word' id='word_1_185' title='bbox 1340 3085 1461 3136; x_wconf 90' lang='lat' dir='ltr'>tota</span> <span class='ocrx_word' id='word_1_186' title='bbox 1508 3080 1723 3137; x_wconf 86' lang='lat' dir='ltr'>Christi</span> 
     </span>
    </p>
   </div>
   <div class='ocr_carea' id='block_1_33' title="bbox 50 3168 1723 3243">
    <p class='ocr_par' dir='ltr' id='par_1_33' title="bbox 50 3168 1723 3243">
     <span class='ocr_line' id='line_1_33' title="bbox 50 3168 1723 3243; baseline -0.002 -17"><span class='ocrx_word' id='word_1_187' title='bbox 50 3170 383 3227; x_wconf 82' lang='lat' dir='ltr'>universali</span> <span class='ocrx_word' id='word_1_188' title='bbox 400 3170 657 3227; x_wconf 86' lang='lat' dir='ltr'>Ecclesia</span> <span class='ocrx_word' id='word_1_189' title='bbox 677 3170 1250 3243; x_wconf 88' lang='lat' dir='ltr'>gerimus,debemus</span> <span class='ocrx_word' id='word_1_190' title='bbox 1274 3168 1541 3226; x_wconf 90' lang='lat' dir='ltr'>omnium</span> <span class='ocrx_word' id='word_1_191' title='bbox 1564 3170 1723 3224; x_wconf 77' lang='lat' dir='ltr'>infir-</span> 
     </span>
    </p>
   </div>
   <div class='ocr_carea' id='block_1_34' title="bbox 1841 605 3484 678">
    <p class='ocr_par' dir='ltr' id='par_1_34' title="bbox 1841 605 3484 678">
     <span class='ocr_line' id='line_1_34' title="bbox 1841 605 3484 678; baseline 0.002 -19"><span class='ocrx_word' id='word_1_192' title='bbox 1841 605 2031 660; x_wconf 87' lang='lat' dir='ltr'>batur.</span> <span class='ocrx_word' id='word_1_193' title='bbox 2065 606 2199 668; x_wconf 86' lang='lat' dir='ltr'>Qua</span> <span class='ocrx_word' id='word_1_194' title='bbox 2247 610 2444 660; x_wconf 87' lang='lat' dir='ltr'>tamen</span> <span class='ocrx_word' id='word_1_195' title='bbox 2498 605 2879 673; x_wconf 84' lang='lat' dir='ltr'>monasteria,</span> <span class='ocrx_word' id='word_1_196' title='bbox 2923 608 2980 661; x_wconf 89' lang='lat' dir='ltr'>et</span> <span class='ocrx_word' id='word_1_197' title='bbox 3036 605 3202 677; x_wconf 88' lang='lat' dir='ltr'>prius</span> <span class='ocrx_word' id='word_1_198' title='bbox 3248 607 3484 678; x_wconf 89' lang='lat' dir='ltr'>quidem</span> 
     </span>
    </p>
   </div>
   <div class='ocr_carea' id='block_1_35' title="bbox 1841 692 3485 766">
    <p class='ocr_par' dir='ltr' id='par_1_35' title="bbox 1841 692 3485 766">
     <span class='ocr_line' id='line_1_35' title="bbox 1841 692 3485 766; baseline 0.002 -19"><span class='ocrx_word' id='word_1_199' title='bbox 1841 710 2019 765; x_wconf 87' lang='lat' dir='ltr'>quam</span> <span class='ocrx_word' id='word_1_200' title='bbox 2053 692 2435 749; x_wconf 85' lang='lat' dir='ltr'>sacularibus</span> <span class='ocrx_word' id='word_1_201' title='bbox 2482 692 2692 748; x_wconf 90' lang='lat' dir='ltr'>collata</span> <span class='ocrx_word' id='word_1_202' title='bbox 2734 693 2986 761; x_wconf 88' lang='lat' dir='ltr'>fuerant,</span> <span class='ocrx_word' id='word_1_203' title='bbox 3020 698 3258 766; x_wconf 89' lang='lat' dir='ltr'>propter</span> <span class='ocrx_word' id='word_1_204' title='bbox 3298 695 3485 752; x_wconf 82' lang='lat' dir='ltr'>civilis</span> 
     </span>
    </p>
   </div>
   <div class='ocr_carea' id='block_1_36' title="bbox 1838 780 3482 853">
    <p class='ocr_par' dir='ltr' id='par_1_36' title="bbox 1838 780 3482 853">
     <span class='ocr_line' id='line_1_36' title="bbox 1838 780 3482 853; baseline 0.002 -17"><span class='ocrx_word' id='word_1_205' title='bbox 1838 782 2141 837; x_wconf 86' lang='lat' dir='ltr'>discordia</span> <span class='ocrx_word' id='word_1_206' title='bbox 2175 780 2521 838; x_wconf 88' lang='lat' dir='ltr'>seditionem</span> <span class='ocrx_word' id='word_1_207' title='bbox 2548 798 2663 837; x_wconf 90' lang='lat' dir='ltr'>non</span> <span class='ocrx_word' id='word_1_208' title='bbox 2690 798 2896 853; x_wconf 90' lang='lat' dir='ltr'>parum</span> <span class='ocrx_word' id='word_1_209' title='bbox 2914 782 3145 838; x_wconf 88' lang='lat' dir='ltr'>fuerant</span> <span class='ocrx_word' id='word_1_210' title='bbox 3164 784 3482 851; x_wconf 73' lang='lat' dir='ltr'>destructa,</span> 
     </span>
    </p>
   </div>
   <div class='ocr_carea' id='block_1_37' title="bbox 1835 869 3486 943">
    <p class='ocr_par' dir='ltr' id='par_1_37' title="bbox 1835 869 3486 943">
     <span class='ocr_line' id='line_1_37' title="bbox 1835 869 3486 943; baseline 0.001 -17"><span class='ocrx_word' id='word_1_211' title='bbox 1835 874 1892 926; x_wconf 87' lang='lat' dir='ltr'>et</span> <span class='ocrx_word' id='word_1_212' title='bbox 1923 887 2078 925; x_wconf 91' lang='lat' dir='ltr'>nunc</span> <span class='ocrx_word' id='word_1_213' title='bbox 2126 874 2365 943; x_wconf 86' lang='lat' dir='ltr'>propter</span> <span class='ocrx_word' id='word_1_214' title='bbox 2412 869 2779 925; x_wconf 87' lang='lat' dir='ltr'>barbaricam</span> <span class='ocrx_word' id='word_1_215' title='bbox 2823 869 3216 927; x_wconf 90' lang='lat' dir='ltr'>incursionem</span> <span class='ocrx_word' id='word_1_216' title='bbox 3248 871 3486 943; x_wconf 87' lang='lat' dir='ltr'>penitus</span> 
     </span>
    </p>
   </div>
   <div class='ocr_carea' id='block_1_38' title="bbox 1836 958 3485 1031">
    <p class='ocr_par' dir='ltr' id='par_1_38' title="bbox 1836 958 3485 1031">
     <span class='ocr_line' id='line_1_38' title="bbox 1836 958 3485 1031; baseline 0.002 -18"><span class='ocrx_word' id='word_1_217' title='bbox 1836 962 1977 1014; x_wconf 90' lang='lat' dir='ltr'>sunt</span> <span class='ocrx_word' id='word_1_218' title='bbox 2003 975 2223 1027; x_wconf 87' lang='lat' dir='ltr'>eversa,</span> <span class='ocrx_word' id='word_1_219' title='bbox 2255 960 2400 1014; x_wconf 89' lang='lat' dir='ltr'>adeo</span> <span class='ocrx_word' id='word_1_220' title='bbox 2434 962 2495 1012; x_wconf 92' lang='lat' dir='ltr'>ut</span> <span class='ocrx_word' id='word_1_221' title='bbox 2529 974 2644 1014; x_wconf 90' lang='lat' dir='ltr'>non</span> <span class='ocrx_word' id='word_1_222' title='bbox 2687 958 2877 1014; x_wconf 82' lang='lat' dir='ltr'>solum</span> <span class='ocrx_word' id='word_1_223' title='bbox 2911 959 3085 1015; x_wconf 89' lang='lat' dir='ltr'>rebus</span> <span class='ocrx_word' id='word_1_224' title='bbox 3110 958 3334 1031; x_wconf 88' lang='lat' dir='ltr'>privata</span> <span class='ocrx_word' id='word_1_225' title='bbox 3364 960 3485 1016; x_wconf 89' lang='lat' dir='ltr'>sint</span> 
     </span>
    </p>
   </div>
   <div class='ocr_carea' id='block_1_39' title="bbox 1833 1047 3482 1121">
    <p class='ocr_par' dir='ltr' id='par_1_39' title="bbox 1833 1047 3482 1121">
     <span class='ocr_line' id='line_1_39' title="bbox 1833 1047 3482 1121; baseline 0.002 -20"><span class='ocrx_word' id='word_1_226' title='bbox 1833 1047 2312 1119; x_wconf 79' lang='lat' dir='ltr'>propriis,verum</span> <span class='ocrx_word' id='word_1_227' title='bbox 2328 1047 2742 1103; x_wconf 85' lang='lat' dir='ltr'>canonicorum</span> <span class='ocrx_word' id='word_1_228' title='bbox 2756 1064 3174 1119; x_wconf 90' lang='lat' dir='ltr'>sacrarumque</span> <span class='ocrx_word' id='word_1_229' title='bbox 3185 1047 3482 1121; x_wconf 85' lang='lat' dir='ltr'>virginum</span> 
     </span>
    </p>
   </div>
   <div class='ocr_carea' id='block_1_40' title="bbox 1833 1135 3483 1208">
    <p class='ocr_par' dir='ltr' id='par_1_40' title="bbox 1833 1135 3483 1208">
     <span class='ocr_line' id='line_1_40' title="bbox 1833 1135 3483 1208; baseline 0.001 -17"><span class='ocrx_word' id='word_1_230' title='bbox 1833 1135 2070 1203; x_wconf 89' lang='lat' dir='ltr'>chorus,</span> <span class='ocrx_word' id='word_1_231' title='bbox 2102 1136 2203 1208; x_wconf 90' lang='lat' dir='ltr'>qui</span> <span class='ocrx_word' id='word_1_232' title='bbox 2234 1136 2399 1208; x_wconf 90' lang='lat' dir='ltr'>prius</span> <span class='ocrx_word' id='word_1_233' title='bbox 2421 1135 2540 1190; x_wconf 90' lang='lat' dir='ltr'>illic</span> <span class='ocrx_word' id='word_1_234' title='bbox 2563 1135 3060 1206; x_wconf 85' lang='lat' dir='ltr'>habitaverant,ex</span> <span class='ocrx_word' id='word_1_235' title='bbox 3080 1136 3483 1192; x_wconf 84' lang='lat' dir='ltr'>maximoinde</span> 
     </span>
    </p>
   </div>
   <div class='ocr_carea' id='block_1_41' title="bbox 1833 1223 3484 1296">
    <p class='ocr_par' dir='ltr' id='par_1_41' title="bbox 1833 1223 3484 1296">
     <span class='ocr_line' id='line_1_41' title="bbox 1833 1223 3484 1296; baseline 0 -16"><span class='ocrx_word' id='word_1_236' title='bbox 1833 1224 1910 1280; x_wconf 87' lang='lat' dir='ltr'>sit</span> <span class='ocrx_word' id='word_1_237' title='bbox 1931 1223 2187 1292; x_wconf 88' lang='lat' dir='ltr'>ablatus,</span> <span class='ocrx_word' id='word_1_238' title='bbox 2213 1231 2271 1280; x_wconf 89' lang='lat' dir='ltr'>et</span> <span class='ocrx_word' id='word_1_239' title='bbox 2300 1223 2549 1280; x_wconf 87' lang='lat' dir='ltr'>ecclesia</span> <span class='ocrx_word' id='word_1_240' title='bbox 2577 1228 2816 1296; x_wconf 89' lang='lat' dir='ltr'>totaque</span> <span class='ocrx_word' id='word_1_241' title='bbox 2862 1224 3106 1280; x_wconf 87' lang='lat' dir='ltr'>adificia</span> <span class='ocrx_word' id='word_1_242' title='bbox 3157 1224 3333 1279; x_wconf 90' lang='lat' dir='ltr'>simul</span> <span class='ocrx_word' id='word_1_243' title='bbox 3364 1225 3484 1281; x_wconf 89' lang='lat' dir='ltr'>sint</span> 
     </span>
    </p>
   </div>
   <div class='ocr_carea' id='block_1_42' title="bbox 1833 1311 3478 1383">
    <p class='ocr_par' dir='ltr' id='par_1_42' title="bbox 1833 1311 3478 1383">
     <span class='ocr_line' id='line_1_42' title="bbox 1833 1311 3478 1383; baseline 0.001 -17"><span class='ocrx_word' id='word_1_244' title='bbox 1833 1312 2150 1381; x_wconf 87' lang='lat' dir='ltr'>destructa,</span> <span class='ocrx_word' id='word_1_245' title='bbox 2185 1329 2289 1368; x_wconf 91' lang='lat' dir='ltr'>nec</span> <span class='ocrx_word' id='word_1_246' title='bbox 2320 1329 2455 1383; x_wconf 83' lang='lat' dir='ltr'>spes</span> <span class='ocrx_word' id='word_1_247' title='bbox 2484 1311 2606 1367; x_wconf 90' lang='lat' dir='ltr'>ulla</span> <span class='ocrx_word' id='word_1_248' title='bbox 2628 1312 3206 1369; x_wconf 88' lang='lat' dir='ltr'>restatrestitutionis</span> <span class='ocrx_word' id='word_1_249' title='bbox 3226 1312 3478 1382; x_wconf 89' lang='lat' dir='ltr'>illorum,</span> 
     </span>
    </p>
   </div>
   <div class='ocr_carea' id='block_1_43' title="bbox 1831 1399 3483 1473">
    <p class='ocr_par' dir='ltr' id='par_1_43' title="bbox 1831 1399 3483 1473">
     <span class='ocr_line' id='line_1_43' title="bbox 1831 1399 3483 1473; baseline 0 -16"><span class='ocrx_word' id='word_1_250' title='bbox 1831 1400 1881 1457; x_wconf 93' lang='lat' dir='ltr'>si</span> <span class='ocrx_word' id='word_1_251' title='bbox 1912 1399 2002 1456; x_wconf 87' lang='lat' dir='ltr'>vel</span> <span class='ocrx_word' id='word_1_252' title='bbox 2032 1401 2291 1473; x_wconf 88' lang='lat' dir='ltr'>reposita</span> <span class='ocrx_word' id='word_1_253' title='bbox 2324 1401 2559 1468; x_wconf 84' lang='lat' dir='ltr'>fuerint,</span> <span class='ocrx_word' id='word_1_254' title='bbox 2592 1400 2650 1455; x_wconf 92' lang='lat' dir='ltr'>in</span> <span class='ocrx_word' id='word_1_255' title='bbox 2684 1400 3053 1457; x_wconf 70' lang='lat' dir='ltr'>saecularium</span> <span class='ocrx_word' id='word_1_256' title='bbox 3086 1401 3409 1473; x_wconf 87' lang='lat' dir='ltr'>manus,vel</span> <span class='ocrx_word' id='word_1_257' title='bbox 3432 1400 3483 1458; x_wconf 88' lang='lat' dir='ltr'>si</span> 
     </span>
    </p>
   </div>
   <div class='ocr_carea' id='block_1_44' title="bbox 1834 1489 3481 1563">
    <p class='ocr_par' dir='ltr' id='par_1_44' title="bbox 1834 1489 3481 1563">
     <span class='ocr_line' id='line_1_44' title="bbox 1834 1489 3481 1563; baseline 0.002 -19"><span class='ocrx_word' id='word_1_258' title='bbox 1834 1490 2057 1562; x_wconf 83' lang='lat' dir='ltr'>absque</span> <span class='ocrx_word' id='word_1_259' title='bbox 2086 1493 2318 1561; x_wconf 87' lang='lat' dir='ltr'>pastore</span> <span class='ocrx_word' id='word_1_260' title='bbox 2349 1489 2744 1545; x_wconf 89' lang='lat' dir='ltr'>ecclesiastico</span> <span class='ocrx_word' id='word_1_261' title='bbox 2783 1489 3064 1563; x_wconf 89' lang='lat' dir='ltr'>degeriut,</span> <span class='ocrx_word' id='word_1_262' title='bbox 3099 1494 3164 1545; x_wconf 92' lang='lat' dir='ltr'>ut</span> <span class='ocrx_word' id='word_1_263' title='bbox 3193 1490 3481 1547; x_wconf 77' lang='lat' dir='ltr'>hactenus</span> 
     </span>
    </p>
   </div>
   <div class='ocr_carea' id='block_1_45' title="bbox 1832 1578 3479 1650">
    <p class='ocr_par' dir='ltr' id='par_1_45' title="bbox 1832 1578 3479 1650">
     <span class='ocr_line' id='line_1_45' title="bbox 1832 1578 3479 1650; baseline 0.001 -17"><span class='ocrx_word' id='word_1_264' title='bbox 1832 1579 2093 1634; x_wconf 86' lang='lat' dir='ltr'>fuerunt.</span> <span class='ocrx_word' id='word_1_265' title='bbox 2126 1579 2289 1635; x_wconf 90' lang='lat' dir='ltr'>Unde</span> <span class='ocrx_word' id='word_1_266' title='bbox 2319 1583 2421 1634; x_wconf 90' lang='lat' dir='ltr'>tua</span> <span class='ocrx_word' id='word_1_267' title='bbox 2440 1578 2610 1650; x_wconf 92' lang='lat' dir='ltr'>petiit</span> <span class='ocrx_word' id='word_1_268' title='bbox 2634 1579 3140 1647; x_wconf 87' lang='lat' dir='ltr'>venerabilitas,ut</span> <span class='ocrx_word' id='word_1_269' title='bbox 3170 1579 3241 1635; x_wconf 89' lang='lat' dir='ltr'>de</span> <span class='ocrx_word' id='word_1_270' title='bbox 3270 1579 3479 1635; x_wconf 87' lang='lat' dir='ltr'>iisdem</span> 
     </span>
    </p>
   </div>
   <div class='ocr_carea' id='block_1_46' title="bbox 1832 1666 3475 1741">
    <p class='ocr_par' dir='ltr' id='par_1_46' title="bbox 1832 1666 3475 1741">
     <span class='ocr_line' id='line_1_46' title="bbox 1832 1666 3475 1741; baseline -0.001 -18"><span class='ocrx_word' id='word_1_271' title='bbox 1832 1667 1947 1723; x_wconf 89' lang='lat' dir='ltr'>sibi</span> <span class='ocrx_word' id='word_1_272' title='bbox 1978 1666 2349 1724; x_wconf 89' lang='lat' dir='ltr'>monasteriis</span> <span class='ocrx_word' id='word_1_273' title='bbox 2380 1666 2636 1723; x_wconf 88' lang='lat' dir='ltr'>ecclesia</span> <span class='ocrx_word' id='word_1_274' title='bbox 2680 1672 2792 1723; x_wconf 87' lang='lat' dir='ltr'>tua</span> <span class='ocrx_word' id='word_1_275' title='bbox 2841 1666 3212 1741; x_wconf 86' lang='lat' dir='ltr'>privilegium</span> <span class='ocrx_word' id='word_1_276' title='bbox 3264 1670 3475 1724; x_wconf 87' lang='lat' dir='ltr'>nostra</span> 
     </span>
    </p>
   </div>
   <div class='ocr_carea' id='block_1_47' title="bbox 1828 1755 3479 1825">
    <p class='ocr_par' dir='ltr' id='par_1_47' title="bbox 1828 1755 3479 1825">
     <span class='ocr_line' id='line_1_47' title="bbox 1828 1755 3479 1825; baseline 0 -14"><span class='ocrx_word' id='word_1_277' title='bbox 1828 1756 2193 1812; x_wconf 86' lang='lat' dir='ltr'>auctoritatis</span> <span class='ocrx_word' id='word_1_278' title='bbox 2231 1757 2414 1825; x_wconf 82' lang='lat' dir='ltr'>fieret,</span> <span class='ocrx_word' id='word_1_279' title='bbox 2465 1760 2521 1812; x_wconf 90' lang='lat' dir='ltr'>et</span> <span class='ocrx_word' id='word_1_280' title='bbox 2578 1772 2684 1811; x_wconf 88' lang='lat' dir='ltr'>nec</span> <span class='ocrx_word' id='word_1_281' title='bbox 2740 1755 2858 1823; x_wconf 85' lang='lat' dir='ltr'>tuis</span> <span class='ocrx_word' id='word_1_282' title='bbox 2908 1772 3013 1812; x_wconf 92' lang='lat' dir='ltr'>nec</span> <span class='ocrx_word' id='word_1_283' title='bbox 3064 1773 3479 1814; x_wconf 85' lang='lat' dir='ltr'>successorum</span> 
     </span>
    </p>
   </div>
   <div class='ocr_carea' id='block_1_48' title="bbox 1743 1844 3479 1947">
    <p class='ocr_par' dir='ltr' id='par_1_48' title="bbox 1743 1844 3479 1947">
     <span class='ocr_line' id='line_1_48' title="bbox 1743 1844 3479 1947; baseline -0.001 -47"><span class='ocrx_word' id='word_1_284' title='bbox 1743 1882 1792 1947; x_wconf 78' lang='grc' dir='ltr'>Β</span> <span class='ocrx_word' id='word_1_285' title='bbox 1827 1848 2062 1901; x_wconf 89' lang='lat' dir='ltr'>tuorum</span> <span class='ocrx_word' id='word_1_286' title='bbox 2090 1844 2456 1917; x_wconf 91' lang='lat' dir='ltr'>temporibus</span> <span class='ocrx_word' id='word_1_287' title='bbox 2483 1844 2699 1900; x_wconf 89' lang='lat' dir='ltr'>auferri</span> <span class='ocrx_word' id='word_1_288' title='bbox 2724 1845 2797 1900; x_wconf 88' lang='lat' dir='ltr'>ab</span> <span class='ocrx_word' id='word_1_289' title='bbox 2819 1844 3067 1901; x_wconf 91' lang='lat' dir='ltr'>ecclesia</span> <span class='ocrx_word' id='word_1_290' title='bbox 3088 1844 3479 1902; x_wconf 90' lang='lat' dir='ltr'>Bellovacensi</span> 
     </span>
    </p>
   </div>
   <div class='ocr_carea' id='block_1_49' title="bbox 1822 1932 3480 2005">
    <p class='ocr_par' dir='ltr' id='par_1_49' title="bbox 1822 1932 3480 2005">
     <span class='ocr_line' id='line_1_49' title="bbox 1822 1932 3480 2005; baseline -0.001 -16"><span class='ocrx_word' id='word_1_291' title='bbox 1822 1933 2027 2005; x_wconf 88' lang='lat' dir='ltr'>possit.</span> <span class='ocrx_word' id='word_1_292' title='bbox 2057 1932 2382 1989; x_wconf 88' lang='lat' dir='ltr'>Insinuavit</span> <span class='ocrx_word' id='word_1_293' title='bbox 2395 1950 2627 2005; x_wconf 89' lang='lat' dir='ltr'>quoque</span> <span class='ocrx_word' id='word_1_294' title='bbox 2644 1950 2822 2005; x_wconf 89' lang='lat' dir='ltr'>super</span> <span class='ocrx_word' id='word_1_295' title='bbox 2841 1933 3043 1989; x_wconf 89' lang='lat' dir='ltr'>eadem</span> <span class='ocrx_word' id='word_1_296' title='bbox 3057 1949 3120 1989; x_wconf 92' lang='lat' dir='ltr'>re</span> <span class='ocrx_word' id='word_1_297' title='bbox 3140 1933 3310 1989; x_wconf 90' lang='lat' dir='ltr'>nobis</span> <span class='ocrx_word' id='word_1_298' title='bbox 3329 1933 3480 2005; x_wconf 89' lang='lat' dir='ltr'>peti-</span> 
     </span>
    </p>
   </div>
   <div class='ocr_carea' id='block_1_50' title="bbox 1818 2021 3478 2094">
    <p class='ocr_par' dir='ltr' id='par_1_50' title="bbox 1818 2021 3478 2094">
     <span class='ocr_line' id='line_1_50' title="bbox 1818 2021 3478 2094; baseline -0.001 -17"><span class='ocrx_word' id='word_1_299' title='bbox 1818 2023 2007 2078; x_wconf 89' lang='lat' dir='ltr'>tiones</span> <span class='ocrx_word' id='word_1_300' title='bbox 2037 2021 2449 2094; x_wconf 88' lang='lat' dir='ltr'>gloriosissimi</span> <span class='ocrx_word' id='word_1_301' title='bbox 2483 2026 2541 2076; x_wconf 91' lang='lat' dir='ltr'>et</span> <span class='ocrx_word' id='word_1_302' title='bbox 2570 2021 2903 2077; x_wconf 89' lang='lat' dir='ltr'>charissimi</span> <span class='ocrx_word' id='word_1_303' title='bbox 2933 2021 3037 2076; x_wconf 84' lang='lat' dir='ltr'>ﬁiii</span> <span class='ocrx_word' id='word_1_304' title='bbox 3073 2022 3256 2078; x_wconf 88' lang='lat' dir='ltr'>nostri</span> <span class='ocrx_word' id='word_1_305' title='bbox 3287 2021 3478 2078; x_wconf 88' lang='lat' dir='ltr'>Caroli</span> 
     </span>
    </p>
   </div>
   <div class='ocr_carea' id='block_1_51' title="bbox 1817 2109 3478 2183">
    <p class='ocr_par' dir='ltr' id='par_1_51' title="bbox 1817 2109 3478 2183">
     <span class='ocr_line' id='line_1_51' title="bbox 1817 2109 3478 2183; baseline -0.001 -16"><span class='ocrx_word' id='word_1_306' title='bbox 1817 2109 3029 2183; x_wconf 87' lang='lat' dir='ltr'>regissimiliterefﬂagitautis.Quapropter</span> <span class='ocrx_word' id='word_1_307' title='bbox 3039 2109 3478 2165; x_wconf 90' lang='lat' dir='ltr'>considerantes</span> 
     </span>
    </p>
   </div>
   <div class='ocr_carea' id='block_1_52' title="bbox 1811 2196 3476 2272">
    <p class='ocr_par' dir='ltr' id='par_1_52' title="bbox 1811 2196 3476 2272">
     <span class='ocr_line' id='line_1_52' title="bbox 1811 2196 3476 2272; baseline -0.001 -17"><span class='ocrx_word' id='word_1_308' title='bbox 1811 2201 2036 2272; x_wconf 87' lang='lat' dir='ltr'>justam</span> <span class='ocrx_word' id='word_1_309' title='bbox 2071 2198 2347 2271; x_wconf 89' lang='lat' dir='ltr'>piamque</span> <span class='ocrx_word' id='word_1_310' title='bbox 2380 2198 2499 2254; x_wconf 90' lang='lat' dir='ltr'>fore</span> <span class='ocrx_word' id='word_1_311' title='bbox 2530 2199 3197 2270; x_wconf 88' lang='lat' dir='ltr'>petitionem.quatenus</span> <span class='ocrx_word' id='word_1_312' title='bbox 3217 2202 3276 2253; x_wconf 90' lang='lat' dir='ltr'>et</span> <span class='ocrx_word' id='word_1_313' title='bbox 3296 2196 3476 2254; x_wconf 88' lang='lat' dir='ltr'>eccle-</span> 
     </span>
    </p>
   </div>
   <div class='ocr_carea' id='block_1_53' title="bbox 1817 2284 3478 2357">
    <p class='ocr_par' dir='ltr' id='par_1_53' title="bbox 1817 2284 3478 2357">
     <span class='ocr_line' id='line_1_53' title="bbox 1817 2284 3478 2357; baseline -0.001 -15"><span class='ocrx_word' id='word_1_314' title='bbox 1817 2288 1905 2343; x_wconf 90' lang='lat' dir='ltr'>sia</span> <span class='ocrx_word' id='word_1_315' title='bbox 1918 2285 2337 2342; x_wconf 87' lang='lat' dir='ltr'>Bellovacensis</span> <span class='ocrx_word' id='word_1_316' title='bbox 2349 2284 2766 2341; x_wconf 87' lang='lat' dir='ltr'>devastationis</span> <span class='ocrx_word' id='word_1_317' title='bbox 2779 2285 3045 2341; x_wconf 89' lang='lat' dir='ltr'>subsidia</span> <span class='ocrx_word' id='word_1_318' title='bbox 3057 2303 3174 2342; x_wconf 89' lang='lat' dir='ltr'>non</span> <span class='ocrx_word' id='word_1_319' title='bbox 3186 2286 3478 2357; x_wconf 84' lang='lat' dir='ltr'>deessent,</span> 
     </span>
    </p>
   </div>
   <div class='ocr_carea' id='block_1_54' title="bbox 1817 2373 3480 2448">
    <p class='ocr_par' dir='ltr' id='par_1_54' title="bbox 1817 2373 3480 2448">
     <span class='ocr_line' id='line_1_54' title="bbox 1817 2373 3480 2448; baseline 0 -17"><span class='ocrx_word' id='word_1_320' title='bbox 1817 2379 1875 2431; x_wconf 91' lang='lat' dir='ltr'>et</span> <span class='ocrx_word' id='word_1_321' title='bbox 1918 2375 2157 2448; x_wconf 88' lang='lat' dir='ltr'>prafata</span> <span class='ocrx_word' id='word_1_322' title='bbox 2213 2374 2571 2430; x_wconf 87' lang='lat' dir='ltr'>monasteria</span> <span class='ocrx_word' id='word_1_323' title='bbox 2627 2373 2925 2447; x_wconf 90' lang='lat' dir='ltr'>religionis</span> <span class='ocrx_word' id='word_1_324' title='bbox 2982 2375 3186 2430; x_wconf 90' lang='lat' dir='ltr'>ordine</span> <span class='ocrx_word' id='word_1_325' title='bbox 3244 2375 3480 2447; x_wconf 86' lang='lat' dir='ltr'>penitus</span> 
     </span>
    </p>
   </div>
   <div class='ocr_carea' id='block_1_55' title="bbox 1817 2463 3480 2536">
    <p class='ocr_par' dir='ltr' id='par_1_55' title="bbox 1817 2463 3480 2536">
     <span class='ocr_line' id='line_1_55' title="bbox 1817 2463 3480 2536; baseline 0 -16"><span class='ocrx_word' id='word_1_326' title='bbox 1817 2463 2149 2536; x_wconf 84' lang='lat' dir='ltr'>exspoliata</span> <span class='ocrx_word' id='word_1_327' title='bbox 2171 2481 2286 2519; x_wconf 92' lang='lat' dir='ltr'>non</span> <span class='ocrx_word' id='word_1_328' title='bbox 2316 2466 2640 2529; x_wconf 91' lang='lat' dir='ltr'>manerent,</span> <span class='ocrx_word' id='word_1_329' title='bbox 2673 2464 3038 2519; x_wconf 89' lang='lat' dir='ltr'>decrevimus</span> <span class='ocrx_word' id='word_1_330' title='bbox 3056 2463 3180 2519; x_wconf 87' lang='lat' dir='ltr'>ﬁeri</span> <span class='ocrx_word' id='word_1_331' title='bbox 3203 2464 3359 2536; x_wconf 89' lang='lat' dir='ltr'>quod</span> <span class='ocrx_word' id='word_1_332' title='bbox 3382 2480 3480 2536; x_wconf 82' lang='lat' dir='ltr'>po-</span> 
     </span>
    </p>
   </div>
   <div class='ocr_carea' id='block_1_56' title="bbox 1823 2551 3479 2623">
    <p class='ocr_par' dir='ltr' id='par_1_56' title="bbox 1823 2551 3479 2623">
     <span class='ocr_line' id='line_1_56' title="bbox 1823 2551 3479 2623; baseline -0.002 -11"><span class='ocrx_word' id='word_1_333' title='bbox 1823 2553 2182 2621; x_wconf 89' lang='lat' dir='ltr'>stulabatur,</span> <span class='ocrx_word' id='word_1_334' title='bbox 2217 2557 2273 2609; x_wconf 90' lang='lat' dir='ltr'>et</span> <span class='ocrx_word' id='word_1_335' title='bbox 2298 2551 2618 2623; x_wconf 89' lang='lat' dir='ltr'>apostolica</span> <span class='ocrx_word' id='word_1_336' title='bbox 2666 2551 3014 2608; x_wconf 88' lang='lat' dir='ltr'>auctoritate</span> <span class='ocrx_word' id='word_1_337' title='bbox 3064 2552 3383 2609; x_wconf 87' lang='lat' dir='ltr'>statuimus</span> <span class='ocrx_word' id='word_1_338' title='bbox 3412 2558 3479 2608; x_wconf 88' lang='lat' dir='ltr'>ut</span> 
     </span>
    </p>
   </div>
   <div class='ocr_carea' id='block_1_57' title="bbox 1825 2640 3470 2715">
    <p class='ocr_par' dir='ltr' id='par_1_57' title="bbox 1825 2640 3470 2715">
     <span class='ocr_line' id='line_1_57' title="bbox 1825 2640 3470 2715; baseline 0 -18"><span class='ocrx_word' id='word_1_339' title='bbox 1825 2660 1941 2715; x_wconf 87' lang='lat' dir='ltr'>pra</span> <span class='ocrx_word' id='word_1_340' title='bbox 1951 2643 2066 2697; x_wconf 90' lang='lat' dir='ltr'>fata</span> <span class='ocrx_word' id='word_1_341' title='bbox 2081 2640 2690 2705; x_wconf 86' lang='lat' dir='ltr'>monasteria,scilicet</span> <span class='ocrx_word' id='word_1_342' title='bbox 2704 2641 3035 2696; x_wconf 87' lang='lat' dir='ltr'>Flaviacum</span> <span class='ocrx_word' id='word_1_343' title='bbox 3049 2641 3470 2709; x_wconf 88' lang='lat' dir='ltr'>etOratorium,</span> 
     </span>
    </p>
   </div>
   <div class='ocr_carea' id='block_1_58' title="bbox 1825 2728 3470 2803">
    <p class='ocr_par' dir='ltr' id='par_1_58' title="bbox 1825 2728 3470 2803">
     <span class='ocr_line' id='line_1_58' title="bbox 1825 2728 3470 2803; baseline -0.001 -16"><span class='ocrx_word' id='word_1_344' title='bbox 1825 2730 2184 2803; x_wconf 88' lang='lat' dir='ltr'>benignitate</span> <span class='ocrx_word' id='word_1_345' title='bbox 2196 2729 2380 2785; x_wconf 86' lang='lat' dir='ltr'>Caroli</span> <span class='ocrx_word' id='word_1_346' title='bbox 2395 2728 2630 2801; x_wconf 92' lang='lat' dir='ltr'>gloriosi</span> <span class='ocrx_word' id='word_1_347' title='bbox 2646 2728 2799 2801; x_wconf 90' lang='lat' dir='ltr'>regis</span> <span class='ocrx_word' id='word_1_348' title='bbox 2814 2729 3200 2785; x_wconf 86' lang='lat' dir='ltr'>Bellovacensi</span> <span class='ocrx_word' id='word_1_349' title='bbox 3215 2730 3470 2787; x_wconf 89' lang='lat' dir='ltr'>ecclesia</span> 
     </span>
    </p>
   </div>
   <div class='ocr_carea' id='block_1_59' title="bbox 1827 2817 3469 2891">
    <p class='ocr_par' dir='ltr' id='par_1_59' title="bbox 1827 2817 3469 2891">
     <span class='ocr_line' id='line_1_59' title="bbox 1827 2817 3469 2891; baseline -0.002 -15"><span class='ocrx_word' id='word_1_350' title='bbox 1827 2819 2056 2885; x_wconf 84' lang='lat' dir='ltr'>collata,</span> <span class='ocrx_word' id='word_1_351' title='bbox 2089 2836 2220 2873; x_wconf 90' lang='lat' dir='ltr'>cum</span> <span class='ocrx_word' id='word_1_352' title='bbox 2252 2818 2530 2873; x_wconf 90' lang='lat' dir='ltr'>omnibus</span> <span class='ocrx_word' id='word_1_353' title='bbox 2560 2834 2688 2888; x_wconf 82' lang='lat' dir='ltr'>qua</span> <span class='ocrx_word' id='word_1_354' title='bbox 2720 2818 3022 2888; x_wconf 89' lang='lat' dir='ltr'>possident</span> <span class='ocrx_word' id='word_1_355' title='bbox 3042 2817 3298 2874; x_wconf 83' lang='lat' dir='ltr'>ecclesia</span> <span class='ocrx_word' id='word_1_356' title='bbox 3330 2835 3469 2891; x_wconf 89' lang='lat' dir='ltr'>pra-</span> 
     </span>
    </p>
   </div>
   <div class='ocr_carea' id='block_1_60' title="bbox 1828 2906 3472 2980">
    <p class='ocr_par' dir='ltr' id='par_1_60' title="bbox 1828 2906 3472 2980">
     <span class='ocr_line' id='line_1_60' title="bbox 1828 2906 3472 2980; baseline -0.001 -16"><span class='ocrx_word' id='word_1_357' title='bbox 1828 2910 1958 2964; x_wconf 86' lang='lat' dir='ltr'>fata</span> <span class='ocrx_word' id='word_1_358' title='bbox 1983 2907 2281 2980; x_wconf 89' lang='lat' dir='ltr'>perpetuis</span> <span class='ocrx_word' id='word_1_359' title='bbox 2311 2910 2368 2962; x_wconf 91' lang='lat' dir='ltr'>et</span> <span class='ocrx_word' id='word_1_360' title='bbox 2400 2906 2612 2961; x_wconf 88' lang='lat' dir='ltr'>futuris</span> <span class='ocrx_word' id='word_1_361' title='bbox 2641 2906 3006 2978; x_wconf 88' lang='lat' dir='ltr'>temporibus</span> <span class='ocrx_word' id='word_1_362' title='bbox 3035 2911 3314 2979; x_wconf 90' lang='lat' dir='ltr'>perpetuo</span> <span class='ocrx_word' id='word_1_363' title='bbox 3346 2924 3472 2962; x_wconf 88' lang='lat' dir='ltr'>ma-</span> 
     </span>
    </p>
   </div>
   <div class='ocr_carea' id='block_1_61' title="bbox 1830 2993 3473 3068">
    <p class='ocr_par' dir='ltr' id='par_1_61' title="bbox 1830 2993 3473 3068">
     <span class='ocr_line' id='line_1_61' title="bbox 1830 2993 3473 3068; baseline -0.002 -15"><span class='ocrx_word' id='word_1_364' title='bbox 1830 3013 1967 3053; x_wconf 90' lang='lat' dir='ltr'>nere</span> <span class='ocrx_word' id='word_1_365' title='bbox 1997 2996 2279 3066; x_wconf 85' lang='lat' dir='ltr'>subjecta,</span> <span class='ocrx_word' id='word_1_366' title='bbox 2313 3011 2418 3050; x_wconf 87' lang='lat' dir='ltr'>nec</span> <span class='ocrx_word' id='word_1_367' title='bbox 2451 2995 2525 3049; x_wconf 84' lang='lat' dir='ltr'>ab</span> <span class='ocrx_word' id='word_1_368' title='bbox 2566 2993 2687 3049; x_wconf 88' lang='lat' dir='ltr'>ulla</span> <span class='ocrx_word' id='word_1_369' title='bbox 2716 2994 2991 3067; x_wconf 89' lang='lat' dir='ltr'>deinceps</span> <span class='ocrx_word' id='word_1_370' title='bbox 3038 2994 3127 3050; x_wconf 91' lang='lat' dir='ltr'>vel</span> <span class='ocrx_word' id='word_1_371' title='bbox 3176 2994 3355 3068; x_wconf 88' lang='lat' dir='ltr'>regali</span> <span class='ocrx_word' id='word_1_372' title='bbox 3385 2996 3473 3051; x_wconf 92' lang='lat' dir='ltr'>vel</span> 
     </span>
    </p>
   </div>
   <div class='ocr_carea' id='block_1_62' title="bbox 1822 3082 3476 3157">
    <p class='ocr_par' dir='ltr' id='par_1_62' title="bbox 1822 3082 3476 3157">
     <span class='ocr_line' id='line_1_62' title="bbox 1822 3082 3476 3157; baseline -0.002 -16"><span class='ocrx_word' id='word_1_373' title='bbox 1822 3084 2090 3157; x_wconf 86' lang='lat' dir='ltr'>judiciali</span> <span class='ocrx_word' id='word_1_374' title='bbox 2122 3082 2555 3155; x_wconf 87' lang='lat' dir='ltr'>potestate,sive</span> <span class='ocrx_word' id='word_1_375' title='bbox 2585 3084 2656 3138; x_wconf 89' lang='lat' dir='ltr'>de</span> <span class='ocrx_word' id='word_1_376' title='bbox 2678 3086 2968 3155; x_wconf 87' lang='lat' dir='ltr'>potestate</span> <span class='ocrx_word' id='word_1_377' title='bbox 2997 3087 3097 3139; x_wconf 89' lang='lat' dir='ltr'>tua</span> <span class='ocrx_word' id='word_1_378' title='bbox 3125 3083 3229 3155; x_wconf 89' lang='lat' dir='ltr'>qui</span> <span class='ocrx_word' id='word_1_379' title='bbox 3251 3083 3476 3156; x_wconf 91' lang='lat' dir='ltr'>impra-</span> 
     </span>
    </p>
   </div>
   <div class='ocr_carea' id='block_1_63' title="bbox 1832 3170 3480 3244">
    <p class='ocr_par' dir='ltr' id='par_1_63' title="bbox 1832 3170 3480 3244">
     <span class='ocr_line' id='line_1_63' title="bbox 1832 3170 3480 3244; baseline -0.001 -15"><span class='ocrx_word' id='word_1_380' title='bbox 1832 3174 2155 3229; x_wconf 90' lang='lat' dir='ltr'>sentiarum</span> <span class='ocrx_word' id='word_1_381' title='bbox 2188 3172 2454 3243; x_wconf 89' lang='lat' dir='ltr'>ejusdem</span> <span class='ocrx_word' id='word_1_382' title='bbox 2486 3170 2742 3227; x_wconf 86' lang='lat' dir='ltr'>ecclesia</span> <span class='ocrx_word' id='word_1_383' title='bbox 2765 3171 3073 3243; x_wconf 90' lang='lat' dir='ltr'>episcopus</span> <span class='ocrx_word' id='word_1_384' title='bbox 3090 3187 3219 3228; x_wconf 88' lang='lat' dir='ltr'>esse</span> <span class='ocrx_word' id='word_1_385' title='bbox 3243 3172 3480 3244; x_wconf 86' lang='lat' dir='ltr'>dignos-</span> 
     </span>
    </p>
   </div>
   <div class='ocr_carea' id='block_1_64' title="bbox 48 3245 1586 3331">
    <p class='ocr_par' dir='ltr' id='par_1_64' title="bbox 48 3258 1570 3324">
     <span class='ocr_line' id='line_1_64' title="bbox 48 3258 1570 3324; baseline -0.001 -9"><span class='ocrx_word' id='word_1_386' title='bbox 48 3260 360 3315; x_wconf 88' lang='lat' dir='ltr'>mantium</span> <span class='ocrx_word' id='word_1_387' title='bbox 379 3258 1315 3324; x_wconf 85' lang='lat' dir='ltr'>imbecilllitatibussubvenire,et</span> <span class='ocrx_word' id='word_1_388' title='bbox 1329 3275 1570 3313; x_wconf 91' lang='lat' dir='ltr'>manum</span> 
     </span>
    </p>
   </div>
   <div class='ocr_carea' id='block_1_65' title="bbox 1940 3245 3478 3331">
    <p class='ocr_par' dir='ltr' id='par_1_65' title="bbox 1940 3260 3478 3331">
     <span class='ocr_line' id='line_1_65' title="bbox 1940 3260 3478 3331; baseline 0 -15"><span class='ocrx_word' id='word_1_389' title='bbox 1940 3261 2129 3331; x_wconf 90' lang='lat' dir='ltr'>is,sive</span> <span class='ocrx_word' id='word_1_390' title='bbox 2160 3277 2569 3317; x_wconf 89' lang='lat' dir='ltr'>successorum</span> <span class='ocrx_word' id='word_1_391' title='bbox 2589 3264 2825 3316; x_wconf 88' lang='lat' dir='ltr'>tuorum</span> <span class='ocrx_word' id='word_1_392' title='bbox 2856 3260 3189 3315; x_wconf 90' lang='lat' dir='ltr'>antistitum</span> <span class='ocrx_word' id='word_1_393' title='bbox 3219 3260 3478 3317; x_wconf 90' lang='lat' dir='ltr'>ecclesia</span> 
     </span>
    </p>
   </div>
   <div class='ocr_carea' id='block_1_66' title="bbox 48 3345 1720 3420">
    <p class='ocr_par' dir='ltr' id='par_1_66' title="bbox 48 3345 1720 3420">
     <span class='ocr_line' id='line_1_66' title="bbox 48 3345 1720 3420; baseline -0.001 -17"><span class='ocrx_word' id='word_1_394' title='bbox 48 3347 428 3405; x_wconf 86' lang='lat' dir='ltr'>ﬁrmatiouis</span> <span class='ocrx_word' id='word_1_395' title='bbox 453 3353 666 3403; x_wconf 87' lang='lat' dir='ltr'>nostra</span> <span class='ocrx_word' id='word_1_396' title='bbox 723 3347 961 3403; x_wconf 91' lang='lat' dir='ltr'>omnino</span> <span class='ocrx_word' id='word_1_397' title='bbox 1021 3346 1221 3402; x_wconf 91' lang='lat' dir='ltr'>libenti</span> <span class='ocrx_word' id='word_1_398' title='bbox 1264 3345 1575 3420; x_wconf 88' lang='lat' dir='ltr'>porrigere.</span> <span class='ocrx_word' id='word_1_399' title='bbox 1610 3347 1720 3402; x_wconf 90' lang='lat' dir='ltr'>Sed</span> 
     </span>
    </p>
   </div>
   <div class='ocr_carea' id='block_1_67' title="bbox 46 3436 1723 3509">
    <p class='ocr_par' dir='ltr' id='par_1_67' title="bbox 46 3436 1723 3509">
     <span class='ocr_line' id='line_1_67' title="bbox 46 3436 1723 3509; baseline -0.001 -17"><span class='ocrx_word' id='word_1_400' title='bbox 46 3437 349 3508; x_wconf 89' lang='lat' dir='ltr'>quoniam</span> <span class='ocrx_word' id='word_1_401' title='bbox 386 3437 670 3492; x_wconf 89' lang='lat' dir='ltr'>sanctitas</span> <span class='ocrx_word' id='word_1_402' title='bbox 702 3441 804 3491; x_wconf 89' lang='lat' dir='ltr'>tua</span> <span class='ocrx_word' id='word_1_403' title='bbox 834 3436 1034 3492; x_wconf 89' lang='lat' dir='ltr'>retulit</span> <span class='ocrx_word' id='word_1_404' title='bbox 1064 3452 1130 3491; x_wconf 89' lang='lat' dir='ltr'>ac</span> <span class='ocrx_word' id='word_1_405' title='bbox 1161 3436 1462 3509; x_wconf 88' lang='lat' dir='ltr'>suggessit</span> <span class='ocrx_word' id='word_1_406' title='bbox 1491 3439 1723 3508; x_wconf 89' lang='lat' dir='ltr'>aposto-</span> 
     </span>
    </p>
   </div>
   <div class='ocr_carea' id='block_1_68' title="bbox 46 3523 1724 3597">
    <p class='ocr_par' dir='ltr' id='par_1_68' title="bbox 46 3523 1724 3597">
     <span class='ocr_line' id='line_1_68' title="bbox 46 3523 1724 3597; baseline -0.001 -17"><span class='ocrx_word' id='word_1_407' title='bbox 46 3526 194 3581; x_wconf 84' lang='lat' dir='ltr'>latui</span> <span class='ocrx_word' id='word_1_408' title='bbox 231 3530 452 3582; x_wconf 88' lang='lat' dir='ltr'>nostro</span> <span class='ocrx_word' id='word_1_409' title='bbox 485 3526 640 3597; x_wconf 91' lang='lat' dir='ltr'>quod</span> <span class='ocrx_word' id='word_1_410' title='bbox 672 3524 920 3581; x_wconf 86' lang='lat' dir='ltr'>ecclesia</span> <span class='ocrx_word' id='word_1_411' title='bbox 951 3523 1373 3580; x_wconf 85' lang='lat' dir='ltr'>Bellovacensis</span> <span class='ocrx_word' id='word_1_412' title='bbox 1416 3524 1724 3597; x_wconf 89' lang='lat' dir='ltr'>provincia</span> 
     </span>
    </p>
   </div>
   <div class='ocr_carea' id='block_1_69' title="bbox 45 3612 1725 3686">
    <p class='ocr_par' dir='ltr' id='par_1_69' title="bbox 45 3612 1725 3686">
     <span class='ocr_line' id='line_1_69' title="bbox 45 3612 1725 3686; baseline -0.002 -15"><span class='ocrx_word' id='word_1_413' title='bbox 45 3615 460 3681; x_wconf 86' lang='lat' dir='ltr'>Rhemorum,</span> <span class='ocrx_word' id='word_1_414' title='bbox 493 3614 813 3679; x_wconf 87' lang='lat' dir='ltr'>cui,divina</span> <span class='ocrx_word' id='word_1_415' title='bbox 844 3614 1074 3670; x_wconf 87' lang='lat' dir='ltr'>favente</span> <span class='ocrx_word' id='word_1_416' title='bbox 1099 3612 1725 3686; x_wconf 85' lang='lat' dir='ltr'>gratia,venerabilitas</span> 
     </span>
    </p>
   </div>
   <div class='ocr_carea' id='block_1_70' title="bbox 44 3701 1725 3775">
    <p class='ocr_par' dir='ltr' id='par_1_70' title="bbox 44 3701 1725 3775">
     <span class='ocr_line' id='line_1_70' title="bbox 44 3701 1725 3775; baseline 0 -18"><span class='ocrx_word' id='word_1_417' title='bbox 44 3707 148 3758; x_wconf 85' lang='lat' dir='ltr'>tua</span> <span class='ocrx_word' id='word_1_418' title='bbox 180 3719 455 3775; x_wconf 71' lang='lat' dir='ltr'>praeesse</span> <span class='ocrx_word' id='word_1_419' title='bbox 485 3701 1073 3775; x_wconf 90' lang='lat' dir='ltr'>dignoscitur,rerum</span> <span class='ocrx_word' id='word_1_420' title='bbox 1103 3701 1480 3757; x_wconf 86' lang='lat' dir='ltr'>facultatibus</span> <span class='ocrx_word' id='word_1_421' title='bbox 1511 3702 1725 3774; x_wconf 87' lang='lat' dir='ltr'>quibus</span> 
     </span>
    </p>
   </div>
   <div class='ocr_carea' id='block_1_71' title="bbox 43 3791 1724 3864">
    <p class='ocr_par' dir='ltr' id='par_1_71' title="bbox 43 3791 1724 3864">
     <span class='ocr_line' id='line_1_71' title="bbox 43 3791 1724 3864; baseline -0.001 -17"><span class='ocrx_word' id='word_1_422' title='bbox 43 3792 370 3864; x_wconf 85' lang='lat' dir='ltr'>prioribus</span> <span class='ocrx_word' id='word_1_423' title='bbox 402 3791 766 3863; x_wconf 88' lang='lat' dir='ltr'>temporibus</span> <span class='ocrx_word' id='word_1_424' title='bbox 802 3791 1123 3857; x_wconf 85' lang='lat' dir='ltr'>fruebatur,</span> <span class='ocrx_word' id='word_1_425' title='bbox 1158 3807 1259 3862; x_wconf 91' lang='lat' dir='ltr'>per</span> <span class='ocrx_word' id='word_1_426' title='bbox 1304 3794 1595 3846; x_wconf 89' lang='lat' dir='ltr'>terrenam</span> <span class='ocrx_word' id='word_1_427' title='bbox 1617 3807 1724 3862; x_wconf 91' lang='lat' dir='ltr'>po-</span> 
     </span>
    </p>
   </div>
   <div class='ocr_carea' id='block_1_72' title="bbox 43 3878 1727 3953">
    <p class='ocr_par' dir='ltr' id='par_1_72' title="bbox 43 3878 1727 3953">
     <span class='ocr_line' id='line_1_72' title="bbox 43 3878 1727 3953; baseline -0.001 -18"><span class='ocrx_word' id='word_1_428' title='bbox 43 3886 341 3937; x_wconf 87' lang='lat' dir='ltr'>testatem</span> <span class='ocrx_word' id='word_1_429' title='bbox 374 3879 602 3953; x_wconf 90' lang='lat' dir='ltr'>privata</span> <span class='ocrx_word' id='word_1_430' title='bbox 623 3879 925 3947; x_wconf 84' lang='lat' dir='ltr'>mansit,et</span> <span class='ocrx_word' id='word_1_431' title='bbox 950 3878 1250 3935; x_wconf 88' lang='lat' dir='ltr'>modernis</span> <span class='ocrx_word' id='word_1_432' title='bbox 1273 3895 1505 3950; x_wconf 90' lang='lat' dir='ltr'>quoque</span> <span class='ocrx_word' id='word_1_433' title='bbox 1521 3878 1727 3934; x_wconf 91' lang='lat' dir='ltr'>diebus</span> 
     </span>
    </p>
   </div>
   <div class='ocr_carea' id='block_1_73' title="bbox 40 3966 1728 4042">
    <p class='ocr_par' dir='ltr' id='par_1_73' title="bbox 40 3966 1728 4042">
     <span class='ocr_line' id='line_1_73' title="bbox 40 3966 1728 4042; baseline -0.002 -17"><span class='ocrx_word' id='word_1_434' title='bbox 40 3985 440 4042; x_wconf 82' lang='lat' dir='ltr'>paganorum</span> <span class='ocrx_word' id='word_1_435' title='bbox 465 3967 802 4024; x_wconf 90' lang='lat' dir='ltr'>incursione</span> <span class='ocrx_word' id='word_1_436' title='bbox 814 3967 1035 4039; x_wconf 89' lang='lat' dir='ltr'>pariter</span> <span class='ocrx_word' id='word_1_437' title='bbox 1047 3972 1103 4022; x_wconf 89' lang='lat' dir='ltr'>et</span> <span class='ocrx_word' id='word_1_438' title='bbox 1114 3967 1542 4039; x_wconf 89' lang='lat' dir='ltr'>depradatione</span> <span class='ocrx_word' id='word_1_439' title='bbox 1561 3966 1728 4022; x_wconf 86' lang='lat' dir='ltr'>valde</span> 
     </span>
    </p>
   </div>
   <div class='ocr_carea' id='block_1_74' title="bbox 41 4055 1724 4129">
    <p class='ocr_par' dir='ltr' id='par_1_74' title="bbox 41 4055 1724 4129">
     <span class='ocr_line' id='line_1_74' title="bbox 41 4055 1724 4129; baseline -0.004 -14"><span class='ocrx_word' id='word_1_440' title='bbox 41 4062 387 4116; x_wconf 80' lang='lat' dir='ltr'>attenuata</span> <span class='ocrx_word' id='word_1_441' title='bbox 418 4057 726 4129; x_wconf 89' lang='lat' dir='ltr'>fuerit,pro</span> <span class='ocrx_word' id='word_1_442' title='bbox 741 4074 857 4129; x_wconf 87' lang='lat' dir='ltr'>qua</span> <span class='ocrx_word' id='word_1_443' title='bbox 884 4074 944 4112; x_wconf 91' lang='lat' dir='ltr'>re</span> <span class='ocrx_word' id='word_1_444' title='bbox 959 4055 1247 4112; x_wconf 91' lang='lat' dir='ltr'>sollicitus</span> <span class='ocrx_word' id='word_1_445' title='bbox 1261 4055 1542 4127; x_wconf 82' lang='lat' dir='ltr'>pastorali</span> <span class='ocrx_word' id='word_1_446' title='bbox 1565 4071 1724 4122; x_wconf 89' lang='lat' dir='ltr'>cura,</span> 
     </span>
    </p>
   </div>
   <div class='ocr_carea' id='block_1_75' title="bbox 40 4143 1726 4222">
    <p class='ocr_par' dir='ltr' id='par_1_75' title="bbox 40 4143 1726 4222">
     <span class='ocr_line' id='line_1_75' title="bbox 40 4143 1726 4222; baseline -0.002 -20"><span class='ocrx_word' id='word_1_447' title='bbox 40 4147 122 4220; x_wconf 89' lang='lat' dir='ltr'>pii</span> <span class='ocrx_word' id='word_1_448' title='bbox 141 4146 459 4222; x_wconf 85' lang='lat' dir='ltr'>principis</span> <span class='ocrx_word' id='word_1_449' title='bbox 477 4145 847 4202; x_wconf 90' lang='lat' dir='ltr'>clementiam</span> <span class='ocrx_word' id='word_1_450' title='bbox 863 4145 1148 4202; x_wconf 88' lang='lat' dir='ltr'>sanctitas</span> <span class='ocrx_word' id='word_1_451' title='bbox 1161 4149 1262 4199; x_wconf 88' lang='lat' dir='ltr'>tua</span> <span class='ocrx_word' id='word_1_452' title='bbox 1275 4143 1726 4210; x_wconf 87' lang='lat' dir='ltr'>adiit,auxilium</span> 
     </span>
    </p>
   </div>
   <div class='ocr_carea' id='block_1_76' title="bbox 36 4232 1726 4309">
    <p class='ocr_par' dir='ltr' id='par_1_76' title="bbox 36 4232 1726 4309">
     <span class='ocr_line' id='line_1_76' title="bbox 36 4232 1726 4309; baseline -0.004 -17"><span class='ocrx_word' id='word_1_453' title='bbox 36 4242 263 4308; x_wconf 82' lang='lat' dir='ltr'>petens</span> <span class='ocrx_word' id='word_1_454' title='bbox 304 4240 380 4294; x_wconf 85' lang='lat' dir='ltr'>ut</span> <span class='ocrx_word' id='word_1_455' title='bbox 414 4235 523 4291; x_wconf 89' lang='lat' dir='ltr'>sibi</span> <span class='ocrx_word' id='word_1_456' title='bbox 575 4251 715 4309; x_wconf 81' lang='lat' dir='ltr'>grex</span> <span class='ocrx_word' id='word_1_457' title='bbox 770 4234 1125 4291; x_wconf 91' lang='lat' dir='ltr'>commissus</span> <span class='ocrx_word' id='word_1_458' title='bbox 1159 4250 1352 4290; x_wconf 90' lang='lat' dir='ltr'>rerum</span> <span class='ocrx_word' id='word_1_459' title='bbox 1383 4232 1581 4304; x_wconf 91' lang='lat' dir='ltr'>inopia</span> <span class='ocrx_word' id='word_1_460' title='bbox 1612 4249 1726 4288; x_wconf 91' lang='lat' dir='ltr'>non</span> 
     </span>
    </p>
   </div>
   <div class='ocr_carea' id='block_1_77' title="bbox 39 4320 1725 4399">
    <p class='ocr_par' dir='ltr' id='par_1_77' title="bbox 39 4320 1725 4399">
     <span class='ocr_line' id='line_1_77' title="bbox 39 4320 1725 4399; baseline -0.002 -20"><span class='ocrx_word' id='word_1_461' title='bbox 39 4326 392 4397; x_wconf 84' lang='lat' dir='ltr'>deperiret,</span> <span class='ocrx_word' id='word_1_462' title='bbox 425 4341 601 4399; x_wconf 89' lang='lat' dir='ltr'>quam</span> <span class='ocrx_word' id='word_1_463' title='bbox 632 4323 721 4379; x_wconf 90' lang='lat' dir='ltr'>vel</span> <span class='ocrx_word' id='word_1_464' title='bbox 750 4323 1137 4380; x_wconf 87' lang='lat' dir='ltr'>violentorum</span> <span class='ocrx_word' id='word_1_465' title='bbox 1188 4340 1399 4378; x_wconf 90' lang='lat' dir='ltr'>manus</span> <span class='ocrx_word' id='word_1_466' title='bbox 1430 4320 1725 4389; x_wconf 89' lang='lat' dir='ltr'>intulerat,</span> 
     </span>
    </p>
   </div>
   <div class='ocr_carea' id='block_1_78' title="bbox 35 4410 1728 4485">
    <p class='ocr_par' dir='ltr' id='par_1_78' title="bbox 35 4410 1728 4485">
     <span class='ocr_line' id='line_1_78' title="bbox 35 4410 1728 4485; baseline -0.003 -17"><span class='ocrx_word' id='word_1_467' title='bbox 35 4414 125 4469; x_wconf 81' lang='lat' dir='ltr'>vel</span> <span class='ocrx_word' id='word_1_468' title='bbox 162 4412 433 4470; x_wconf 76' lang='lat' dir='ltr'>hostilis</span> <span class='ocrx_word' id='word_1_469' title='bbox 465 4413 706 4475; x_wconf 80' lang='lat' dir='ltr'>vastitas</span> <span class='ocrx_word' id='word_1_470' title='bbox 735 4412 1053 4485; x_wconf 88' lang='lat' dir='ltr'>irrogasset</span> <span class='ocrx_word' id='word_1_471' title='bbox 1073 4416 1151 4479; x_wconf 88' lang='lat' dir='ltr'>;et</span> <span class='ocrx_word' id='word_1_472' title='bbox 1181 4412 1229 4467; x_wconf 92' lang='lat' dir='ltr'>si</span> <span class='ocrx_word' id='word_1_473' title='bbox 1266 4428 1378 4467; x_wconf 92' lang='lat' dir='ltr'>non</span> <span class='ocrx_word' id='word_1_474' title='bbox 1406 4410 1567 4466; x_wconf 88' lang='lat' dir='ltr'>aliud</span> <span class='ocrx_word' id='word_1_475' title='bbox 1589 4427 1728 4466; x_wconf 86' lang='lat' dir='ltr'>con.-</span> 
     </span>
    </p>
   </div>
   <div class='ocr_carea' id='block_1_79' title="bbox 38 4498 1728 4569">
    <p class='ocr_par' dir='ltr' id='par_1_79' title="bbox 38 4498 1728 4569">
     <span class='ocr_line' id='line_1_79' title="bbox 38 4498 1728 4569; baseline -0.002 -12"><span class='ocrx_word' id='word_1_476' title='bbox 38 4501 391 4557; x_wconf 79' lang='lat' dir='ltr'>solutionis</span> <span class='ocrx_word' id='word_1_477' title='bbox 421 4501 753 4559; x_wconf 89' lang='lat' dir='ltr'>subsidium</span> <span class='ocrx_word' id='word_1_478' title='bbox 776 4502 971 4569; x_wconf 87' lang='lat' dir='ltr'>ferret,</span> <span class='ocrx_word' id='word_1_479' title='bbox 1007 4500 1213 4556; x_wconf 79' lang='lat' dir='ltr'>saltem</span> <span class='ocrx_word' id='word_1_480' title='bbox 1246 4501 1316 4556; x_wconf 89' lang='lat' dir='ltr'>de</span> <span class='ocrx_word' id='word_1_481' title='bbox 1348 4500 1520 4555; x_wconf 88' lang='lat' dir='ltr'>rebus</span> <span class='ocrx_word' id='word_1_482' title='bbox 1541 4498 1728 4555; x_wconf 90' lang='lat' dir='ltr'>eidem</span> 
     </span>
    </p>
   </div>
   <div class='ocr_carea' id='block_1_80' title="bbox 1832 3349 3482 3423">
    <p class='ocr_par' dir='ltr' id='par_1_80' title="bbox 1832 3349 3482 3423">
     <span class='ocr_line' id='line_1_80' title="bbox 1832 3349 3482 3423; baseline -0.001 -16"><span class='ocrx_word' id='word_1_483' title='bbox 1832 3351 2020 3423; x_wconf 88' lang='lat' dir='ltr'>ipsius</span> <span class='ocrx_word' id='word_1_484' title='bbox 2049 3349 2168 3406; x_wconf 89' lang='lat' dir='ltr'>ullo</span> <span class='ocrx_word' id='word_1_485' title='bbox 2200 3350 2372 3405; x_wconf 90' lang='lat' dir='ltr'>modo</span> <span class='ocrx_word' id='word_1_486' title='bbox 2406 3349 2740 3413; x_wconf 87' lang='lat' dir='ltr'>auferenda,</span> <span class='ocrx_word' id='word_1_487' title='bbox 2773 3364 2839 3404; x_wconf 94' lang='lat' dir='ltr'>eo</span> <span class='ocrx_word' id='word_1_488' title='bbox 2872 3352 3067 3404; x_wconf 90' lang='lat' dir='ltr'>tamen</span> <span class='ocrx_word' id='word_1_489' title='bbox 3091 3349 3293 3405; x_wconf 86' lang='lat' dir='ltr'>ordine</span> <span class='ocrx_word' id='word_1_490' title='bbox 3316 3352 3379 3404; x_wconf 90' lang='lat' dir='ltr'>ut</span> <span class='ocrx_word' id='word_1_491' title='bbox 3408 3349 3482 3405; x_wconf 87' lang='lat' dir='ltr'>de</span> 
     </span>
    </p>
   </div>
   <div class='ocr_carea' id='block_1_81' title="bbox 1833 3436 3480 3495">
    <p class='ocr_par' dir='ltr' id='par_1_81' title="bbox 1833 3436 3480 3495">
     <span class='ocr_line' id='line_1_81' title="bbox 1833 3436 3480 3495; baseline -0.001 0"><span class='ocrx_word' id='word_1_492' title='bbox 1833 3440 2008 3495; x_wconf 89' lang='lat' dir='ltr'>rebus</span> <span class='ocrx_word' id='word_1_493' title='bbox 2038 3438 2259 3494; x_wconf 90' lang='lat' dir='ltr'>eisdem</span> <span class='ocrx_word' id='word_1_494' title='bbox 2293 3436 2665 3493; x_wconf 88' lang='lat' dir='ltr'>monasteriis</span> <span class='ocrx_word' id='word_1_495' title='bbox 2695 3436 2924 3493; x_wconf 86' lang='lat' dir='ltr'>collatis</span> <span class='ocrx_word' id='word_1_496' title='bbox 2966 3437 3085 3493; x_wconf 87' lang='lat' dir='ltr'>sive</span> <span class='ocrx_word' id='word_1_497' title='bbox 3113 3437 3480 3494; x_wconf 87' lang='lat' dir='ltr'>conferendis</span> 
     </span>
    </p>
   </div>
   <div class='ocr_carea' id='block_1_82' title="bbox 1833 3526 3476 3593">
    <p class='ocr_par' dir='ltr' id='par_1_82' title="bbox 1833 3526 3476 3593">
     <span class='ocr_line' id='line_1_82' title="bbox 1833 3526 3476 3593; baseline -0.002 -9"><span class='ocrx_word' id='word_1_498' title='bbox 1833 3528 2087 3584; x_wconf 85' lang='lat' dir='ltr'>ecclesia</span> <span class='ocrx_word' id='word_1_499' title='bbox 2117 3526 2543 3582; x_wconf 83' lang='lat' dir='ltr'>Bellovacensis</span> <span class='ocrx_word' id='word_1_500' title='bbox 2582 3526 3028 3583; x_wconf 88' lang='lat' dir='ltr'>necessitatibus</span> <span class='ocrx_word' id='word_1_501' title='bbox 3076 3526 3476 3593; x_wconf 88' lang='lat' dir='ltr'>subveniatur,</span> 
     </span>
    </p>
   </div>
   <div class='ocr_carea' id='block_1_83' title="bbox 1835 3613 3483 3690">
    <p class='ocr_par' dir='ltr' id='par_1_83' title="bbox 1835 3613 3483 3690">
     <span class='ocr_line' id='line_1_83' title="bbox 1835 3613 3483 3690; baseline -0.002 -19"><span class='ocrx_word' id='word_1_502' title='bbox 1835 3621 2008 3690; x_wconf 90' lang='lat' dir='ltr'>prout</span> <span class='ocrx_word' id='word_1_503' title='bbox 2039 3616 2306 3672; x_wconf 89' lang='lat' dir='ltr'>voluntas</span> <span class='ocrx_word' id='word_1_504' title='bbox 2338 3620 2395 3671; x_wconf 91' lang='lat' dir='ltr'>et</span> <span class='ocrx_word' id='word_1_505' title='bbox 2441 3613 2733 3687; x_wconf 88' lang='lat' dir='ltr'>judicium</span> <span class='ocrx_word' id='word_1_506' title='bbox 2767 3614 3024 3687; x_wconf 90' lang='lat' dir='ltr'>episcopi</span> <span class='ocrx_word' id='word_1_507' title='bbox 3058 3615 3159 3687; x_wconf 90' lang='lat' dir='ltr'>qui</span> <span class='ocrx_word' id='word_1_508' title='bbox 3189 3613 3483 3687; x_wconf 76' lang='lat' dir='ltr'>praefuerit</span> 
     </span>
    </p>
   </div>
   <div class='ocr_carea' id='block_1_84' title="bbox 1834 3703 3482 3777">
    <p class='ocr_par' dir='ltr' id='par_1_84' title="bbox 1834 3703 3482 3777">
     <span class='ocr_line' id='line_1_84' title="bbox 1834 3703 3482 3777; baseline -0.002 -14"><span class='ocrx_word' id='word_1_509' title='bbox 1834 3706 2023 3763; x_wconf 91' lang='lat' dir='ltr'>eidem</span> <span class='ocrx_word' id='word_1_510' title='bbox 2055 3704 2311 3761; x_wconf 84' lang='lat' dir='ltr'>ecclesiae</span> <span class='ocrx_word' id='word_1_511' title='bbox 2343 3703 2682 3771; x_wconf 91' lang='lat' dir='ltr'>decreverit,</span> <span class='ocrx_word' id='word_1_512' title='bbox 2713 3708 2771 3760; x_wconf 91' lang='lat' dir='ltr'>et</span> <span class='ocrx_word' id='word_1_513' title='bbox 2823 3704 3180 3760; x_wconf 88' lang='lat' dir='ltr'>monasteria</span> <span class='ocrx_word' id='word_1_514' title='bbox 3218 3704 3347 3777; x_wconf 90' lang='lat' dir='ltr'>ipsa</span> <span class='ocrx_word' id='word_1_515' title='bbox 3375 3720 3482 3760; x_wconf 89' lang='lat' dir='ltr'>nec</span> 
     </span>
    </p>
   </div>
   <div class='ocr_carea' id='block_1_85' title="bbox 1836 3792 3482 3859">
    <p class='ocr_par' dir='ltr' id='par_1_85' title="bbox 1836 3792 3482 3859">
     <span class='ocr_line' id='line_1_85' title="bbox 1836 3792 3482 3859; baseline -0.001 -9"><span class='ocrx_word' id='word_1_516' title='bbox 1836 3796 1896 3850; x_wconf 93' lang='lat' dir='ltr'>in</span> <span class='ocrx_word' id='word_1_517' title='bbox 1924 3794 2184 3850; x_wconf 81' lang='lat' dir='ltr'>adiﬁciis</span> <span class='ocrx_word' id='word_1_518' title='bbox 2213 3794 2544 3859; x_wconf 90' lang='lat' dir='ltr'>domorum,</span> <span class='ocrx_word' id='word_1_519' title='bbox 2579 3809 2684 3849; x_wconf 91' lang='lat' dir='ltr'>nec</span> <span class='ocrx_word' id='word_1_520' title='bbox 2732 3792 2792 3848; x_wconf 93' lang='lat' dir='ltr'>in</span> <span class='ocrx_word' id='word_1_521' title='bbox 2842 3793 3266 3849; x_wconf 89' lang='lat' dir='ltr'>restauratione</span> <span class='ocrx_word' id='word_1_522' title='bbox 3295 3792 3482 3849; x_wconf 89' lang='lat' dir='ltr'>eccle-</span> 
     </span>
    </p>
   </div>
   <div class='ocr_carea' id='block_1_86' title="bbox 1836 3880 3486 3950">
    <p class='ocr_par' dir='ltr' id='par_1_86' title="bbox 1836 3880 3486 3950">
     <span class='ocr_line' id='line_1_86' title="bbox 1836 3880 3486 3950; baseline -0.001 -12"><span class='ocrx_word' id='word_1_523' title='bbox 1836 3884 2193 3950; x_wconf 89' lang='lat' dir='ltr'>siarum,nec</span> <span class='ocrx_word' id='word_1_524' title='bbox 2222 3883 2280 3935; x_wconf 93' lang='lat' dir='ltr'>in</span> <span class='ocrx_word' id='word_1_525' title='bbox 2310 3882 2658 3936; x_wconf 86' lang='lat' dir='ltr'>necessitate</span> <span class='ocrx_word' id='word_1_526' title='bbox 2675 3881 2791 3936; x_wconf 93' lang='lat' dir='ltr'>Deo</span> <span class='ocrx_word' id='word_1_527' title='bbox 2817 3880 2934 3936; x_wconf 88' lang='lat' dir='ltr'>illic</span> <span class='ocrx_word' id='word_1_528' title='bbox 2957 3881 3336 3937; x_wconf 88' lang='lat' dir='ltr'>servientium</span> <span class='ocrx_word' id='word_1_529' title='bbox 3351 3881 3486 3937; x_wconf 85' lang='lat' dir='ltr'>sub-</span> 
     </span>
    </p>
   </div>
   <div class='ocr_carea' id='block_1_87' title="bbox 1833 3967 3482 4040">
    <p class='ocr_par' dir='ltr' id='par_1_87' title="bbox 1833 3967 3482 4040">
     <span class='ocr_line' id='line_1_87' title="bbox 1833 3967 3482 4040; baseline -0.001 -14"><span class='ocrx_word' id='word_1_530' title='bbox 1833 3971 1985 4027; x_wconf 91' lang='lat' dir='ltr'>sidia</span> <span class='ocrx_word' id='word_1_531' title='bbox 2014 3970 2455 4034; x_wconf 85' lang='lat' dir='ltr'>defraudentur,</span> <span class='ocrx_word' id='word_1_532' title='bbox 2491 3968 2593 4023; x_wconf 89' lang='lat' dir='ltr'>sed</span> <span class='ocrx_word' id='word_1_533' title='bbox 2626 3968 2706 4022; x_wconf 88' lang='lat' dir='ltr'>ita</span> <span class='ocrx_word' id='word_1_534' title='bbox 2736 3985 2934 4023; x_wconf 91' lang='lat' dir='ltr'>rerum</span> <span class='ocrx_word' id='word_1_535' title='bbox 2956 3967 3263 4040; x_wconf 90' lang='lat' dir='ltr'>dispositio</span> <span class='ocrx_word' id='word_1_536' title='bbox 3290 3968 3393 4023; x_wconf 83' lang='lat' dir='ltr'>ﬁat</span> <span class='ocrx_word' id='word_1_537' title='bbox 3409 3970 3482 4024; x_wconf 89' lang='lat' dir='ltr'>ab</span> 
     </span>
    </p>
   </div>
   <div class='ocr_carea' id='block_1_88' title="bbox 1833 4055 3484 4131">
    <p class='ocr_par' dir='ltr' id='par_1_88' title="bbox 1833 4055 3484 4131">
     <span class='ocr_line' id='line_1_88' title="bbox 1833 4055 3484 4131; baseline -0.002 -17"><span class='ocrx_word' id='word_1_538' title='bbox 1833 4059 2105 4131; x_wconf 91' lang='lat' dir='ltr'>episcopo</span> <span class='ocrx_word' id='word_1_539' title='bbox 2134 4055 2551 4112; x_wconf 89' lang='lat' dir='ltr'>Bellovacensis</span> <span class='ocrx_word' id='word_1_540' title='bbox 2581 4056 2931 4122; x_wconf 86' lang='lat' dir='ltr'>ecclesia,ut</span> <span class='ocrx_word' id='word_1_541' title='bbox 2950 4059 3008 4111; x_wconf 91' lang='lat' dir='ltr'>et</span> <span class='ocrx_word' id='word_1_542' title='bbox 3030 4056 3157 4127; x_wconf 90' lang='lat' dir='ltr'>ipsa</span> <span class='ocrx_word' id='word_1_543' title='bbox 3187 4060 3484 4111; x_wconf 86' lang='lat' dir='ltr'>monaste-</span> 
     </span>
    </p>
   </div>
   <div class='ocr_carea' id='block_1_89' title="bbox 1835 4141 3487 4216">
    <p class='ocr_par' dir='ltr' id='par_1_89' title="bbox 1835 4141 3487 4216">
     <span class='ocr_line' id='line_1_89' title="bbox 1835 4141 3487 4216; baseline -0.001 -16"><span class='ocrx_word' id='word_1_544' title='bbox 1835 4145 1922 4201; x_wconf 91' lang='lat' dir='ltr'>ria</span> <span class='ocrx_word' id='word_1_545' title='bbox 1946 4147 2116 4216; x_wconf 83' lang='lat' dir='ltr'>juxta</span> <span class='ocrx_word' id='word_1_546' title='bbox 2144 4144 2387 4199; x_wconf 90' lang='lat' dir='ltr'>modum</span> <span class='ocrx_word' id='word_1_547' title='bbox 2406 4141 2751 4198; x_wconf 87' lang='lat' dir='ltr'>facultatum</span> <span class='ocrx_word' id='word_1_548' title='bbox 2766 4142 2879 4198; x_wconf 90' lang='lat' dir='ltr'>sibi</span> <span class='ocrx_word' id='word_1_549' title='bbox 2897 4141 3238 4198; x_wconf 77' lang='lat' dir='ltr'>collaturum</span> <span class='ocrx_word' id='word_1_550' title='bbox 3265 4146 3487 4198; x_wconf 87' lang='lat' dir='ltr'>restau-</span> 
     </span>
    </p>
   </div>
   <div class='ocr_carea' id='block_1_90' title="bbox 1834 4229 3486 4303">
    <p class='ocr_par' dir='ltr' id='par_1_90' title="bbox 1834 4229 3486 4303">
     <span class='ocr_line' id='line_1_90' title="bbox 1834 4229 3486 4303; baseline -0.002 -13"><span class='ocrx_word' id='word_1_551' title='bbox 1834 4239 2060 4303; x_wconf 88' lang='lat' dir='ltr'>rentur,</span> <span class='ocrx_word' id='word_1_552' title='bbox 2094 4236 2150 4288; x_wconf 91' lang='lat' dir='ltr'>et</span> <span class='ocrx_word' id='word_1_553' title='bbox 2180 4234 2617 4299; x_wconf 85' lang='lat' dir='ltr'>conserventur,</span> <span class='ocrx_word' id='word_1_554' title='bbox 2651 4234 2709 4285; x_wconf 91' lang='lat' dir='ltr'>et</span> <span class='ocrx_word' id='word_1_555' title='bbox 2755 4229 2873 4285; x_wconf 93' lang='lat' dir='ltr'>illic</span> <span class='ocrx_word' id='word_1_556' title='bbox 2925 4230 3041 4287; x_wconf 93' lang='lat' dir='ltr'>Deo</span> <span class='ocrx_word' id='word_1_557' title='bbox 3100 4230 3486 4288; x_wconf 88' lang='lat' dir='ltr'>militantium</span> 
     </span>
    </p>
   </div>
   <div class='ocr_carea' id='block_1_91' title="bbox 1836 4318 3488 4389">
    <p class='ocr_par' dir='ltr' id='par_1_91' title="bbox 1836 4318 3488 4389">
     <span class='ocr_line' id='line_1_91' title="bbox 1836 4318 3488 4389; baseline -0.001 -11"><span class='ocrx_word' id='word_1_558' title='bbox 1836 4324 1956 4379; x_wconf 90' lang='lat' dir='ltr'>sive</span> <span class='ocrx_word' id='word_1_559' title='bbox 1988 4320 2339 4377; x_wconf 88' lang='lat' dir='ltr'>feminarum</span> <span class='ocrx_word' id='word_1_560' title='bbox 2372 4319 2490 4376; x_wconf 89' lang='lat' dir='ltr'>sive</span> <span class='ocrx_word' id='word_1_561' title='bbox 2509 4318 2767 4375; x_wconf 91' lang='lat' dir='ltr'>virorum</span> <span class='ocrx_word' id='word_1_562' title='bbox 2799 4335 2972 4375; x_wconf 82' lang='lat' dir='ltr'>sexus</span> <span class='ocrx_word' id='word_1_563' title='bbox 3004 4318 3488 4389; x_wconf 88' lang='lat' dir='ltr'>fuerit,subsidiis</span> 
     </span>
    </p>
   </div>
   <div class='ocr_carea' id='block_1_92' title="bbox 1836 4404 3490 4481">
    <p class='ocr_par' dir='ltr' id='par_1_92' title="bbox 1836 4404 3490 4481">
     <span class='ocr_line' id='line_1_92' title="bbox 1836 4404 3490 4481; baseline -0.002 -14"><span class='ocrx_word' id='word_1_564' title='bbox 1836 4409 2185 4468; x_wconf 88' lang='lat' dir='ltr'>necessariis</span> <span class='ocrx_word' id='word_1_565' title='bbox 2211 4404 2582 4481; x_wconf 89' lang='lat' dir='ltr'>adjuventur,</span> <span class='ocrx_word' id='word_1_566' title='bbox 2615 4412 2905 4480; x_wconf 87' lang='lat' dir='ltr'>quatenus</span> <span class='ocrx_word' id='word_1_567' title='bbox 2928 4406 3055 4463; x_wconf 91' lang='lat' dir='ltr'>loca</span> <span class='ocrx_word' id='word_1_568' title='bbox 3083 4409 3200 4464; x_wconf 91' lang='lat' dir='ltr'>Deo</span> <span class='ocrx_word' id='word_1_569' title='bbox 3221 4408 3412 4463; x_wconf 86' lang='lat' dir='ltr'>dicata</span> <span class='ocrx_word' id='word_1_570' title='bbox 3431 4412 3490 4464; x_wconf 88' lang='lat' dir='ltr'>et</span> 
     </span>
    </p>
   </div>
   <div class='ocr_carea' id='block_1_93' title="bbox 1837 4495 3483 4569">
    <p class='ocr_par' dir='ltr' id='par_1_93' title="bbox 1837 4495 3483 4569">
     <span class='ocr_line' id='line_1_93' title="bbox 1837 4495 3483 4569; baseline -0.004 -12"><span class='ocrx_word' id='word_1_571' title='bbox 1837 4518 1929 4557; x_wconf 90' lang='lat' dir='ltr'>res</span> <span class='ocrx_word' id='word_1_572' title='bbox 1960 4498 2077 4555; x_wconf 91' lang='lat' dir='ltr'>illis</span> <span class='ocrx_word' id='word_1_573' title='bbox 2107 4497 2371 4554; x_wconf 88' lang='lat' dir='ltr'>ecclesiis</span> <span class='ocrx_word' id='word_1_574' title='bbox 2394 4495 2613 4552; x_wconf 84' lang='lat' dir='ltr'>collata</span> <span class='ocrx_word' id='word_1_575' title='bbox 2632 4496 2711 4552; x_wconf 92' lang='lat' dir='ltr'>ibi</span> <span class='ocrx_word' id='word_1_576' title='bbox 2732 4496 3110 4569; x_wconf 88' lang='lat' dir='ltr'>potissimum</span> <span class='ocrx_word' id='word_1_577' title='bbox 3135 4496 3483 4564; x_wconf 88' lang='lat' dir='ltr'>deserviant,</span> 
     </span>
    </p>
   </div>
   <div class='ocr_carea' id='block_1_94' title="bbox 35 4582 3492 4672">
    <p class='ocr_par' dir='ltr' id='par_1_94' title="bbox 35 4582 3492 4672">
     <span class='ocr_line' id='line_1_94' title="bbox 35 4582 3492 4672; baseline -0.002 -25"><span class='ocrx_word' id='word_1_578' title='bbox 35 4590 330 4647; x_wconf 80' lang='lat' dir='ltr'>ecclesiae</span> <span class='ocrx_word' id='word_1_579' title='bbox 345 4589 602 4646; x_wconf 91' lang='lat' dir='ltr'>sublatis</span> <span class='ocrx_word' id='word_1_580' title='bbox 615 4590 852 4664; x_wconf 88' lang='lat' dir='ltr'>aliquod</span> <span class='ocrx_word' id='word_1_581' title='bbox 866 4587 1730 4660; x_wconf 84' lang='lat' dir='ltr'>restitutionisauxiliumpietas</span> <span class='ocrx_word' id='word_1_582' title='bbox 1765 4608 1810 4672; x_wconf 70' lang='grc' dir='ltr'>Ι)</span> <span class='ocrx_word' id='word_1_583' title='bbox 1842 4589 1941 4645; x_wconf 90' lang='lat' dir='ltr'>ubi</span> <span class='ocrx_word' id='word_1_584' title='bbox 1974 4589 2090 4644; x_wconf 92' lang='lat' dir='ltr'>Deo</span> <span class='ocrx_word' id='word_1_585' title='bbox 2124 4586 2383 4642; x_wconf 85' lang='lat' dir='ltr'>ﬁdelium</span> <span class='ocrx_word' id='word_1_586' title='bbox 2406 4585 2729 4641; x_wconf 87' lang='lat' dir='ltr'>oblationes</span> <span class='ocrx_word' id='word_1_587' title='bbox 2743 4601 2871 4641; x_wconf 89' lang='lat' dir='ltr'>esse</span> <span class='ocrx_word' id='word_1_588' title='bbox 2894 4582 3114 4640; x_wconf 89' lang='lat' dir='ltr'>collata</span> <span class='ocrx_word' id='word_1_589' title='bbox 3132 4600 3492 4656; x_wconf 87' lang='lat' dir='ltr'>cognoscun-</span> 
     </span>
    </p>
   </div>
   <div class='ocr_carea' id='block_1_95' title="bbox 45 4672 3491 4752">
    <p class='ocr_par' dir='ltr' id='par_1_95' title="bbox 45 4672 3491 4752">
     <span class='ocr_line' id='line_1_95' title="bbox 45 4672 3491 4752; baseline -0.002 -16"><span class='ocrx_word' id='word_1_590' title='bbox 45 4679 322 4752; x_wconf 88' lang='lat' dir='ltr'>gloriosi</span> <span class='ocrx_word' id='word_1_591' title='bbox 362 4677 522 4751; x_wconf 87' lang='lat' dir='ltr'>regis</span> <span class='ocrx_word' id='word_1_592' title='bbox 550 4678 738 4734; x_wconf 88' lang='lat' dir='ltr'>Caroli</span> <span class='ocrx_word' id='word_1_593' title='bbox 770 4695 883 4735; x_wconf 89' lang='lat' dir='ltr'>non</span> <span class='ocrx_word' id='word_1_594' title='bbox 908 4678 1238 4750; x_wconf 82' lang='lat' dir='ltr'>denegaret,</span> <span class='ocrx_word' id='word_1_595' title='bbox 1264 4677 1434 4748; x_wconf 89' lang='lat' dir='ltr'>cujus</span> <span class='ocrx_word' id='word_1_596' title='bbox 1464 4675 1735 4749; x_wconf 91' lang='lat' dir='ltr'>precibus</span> <span class='ocrx_word' id='word_1_597' title='bbox 1843 4683 1960 4745; x_wconf 88' lang='lat' dir='ltr'>tur,</span> <span class='ocrx_word' id='word_1_598' title='bbox 1994 4676 2131 4750; x_wconf 88' lang='lat' dir='ltr'>quia</span> <span class='ocrx_word' id='word_1_599' title='bbox 2161 4692 2267 4731; x_wconf 90' lang='lat' dir='ltr'>nec</span> <span class='ocrx_word' id='word_1_600' title='bbox 2299 4675 2462 4748; x_wconf 92' lang='lat' dir='ltr'>pium</span> <span class='ocrx_word' id='word_1_601' title='bbox 2485 4691 2591 4731; x_wconf 91' lang='lat' dir='ltr'>nec</span> <span class='ocrx_word' id='word_1_602' title='bbox 2615 4676 2847 4746; x_wconf 89' lang='lat' dir='ltr'>justum</span> <span class='ocrx_word' id='word_1_603' title='bbox 2878 4689 3006 4729; x_wconf 90' lang='lat' dir='ltr'>esse</span> <span class='ocrx_word' id='word_1_604' title='bbox 3027 4672 3491 4746; x_wconf 86' lang='lat' dir='ltr'>cognoscitur,ut</span> 
     </span>
    </p>
   </div>
   <div class='ocr_carea' id='block_1_96' title="bbox 37 4761 3569 4842">
    <p class='ocr_par' dir='ltr' id='par_1_96' title="bbox 37 4761 3569 4842">
     <span class='ocr_line' id='line_1_96' title="bbox 37 4761 3569 4842; baseline -0.002 -18"><span class='ocrx_word' id='word_1_605' title='bbox 37 4767 447 4842; x_wconf 87' lang='lat' dir='ltr'>religiositas</span> <span class='ocrx_word' id='word_1_606' title='bbox 478 4766 630 4840; x_wconf 89' lang='lat' dir='ltr'>regis</span> <span class='ocrx_word' id='word_1_607' title='bbox 661 4772 843 4833; x_wconf 87' lang='lat' dir='ltr'>mota,</span> <span class='ocrx_word' id='word_1_608' title='bbox 875 4783 967 4823; x_wconf 89' lang='lat' dir='ltr'>res</span> <span class='ocrx_word' id='word_1_609' title='bbox 998 4766 1231 4837; x_wconf 88' lang='lat' dir='ltr'>quidem</span> <span class='ocrx_word' id='word_1_610' title='bbox 1267 4765 1530 4821; x_wconf 89' lang='lat' dir='ltr'>sublatas</span> <span class='ocrx_word' id='word_1_611' title='bbox 1559 4782 1627 4820; x_wconf 79' lang='lat' dir='ltr'>ex</span> <span class='ocrx_word' id='word_1_612' title='bbox 1646 4764 1735 4820; x_wconf 89' lang='lat' dir='ltr'>in-</span> <span class='ocrx_word' id='word_1_613' title='bbox 1845 4765 2100 4822; x_wconf 82' lang='lat' dir='ltr'>ecclesiae</span> <span class='ocrx_word' id='word_1_614' title='bbox 2133 4765 2383 4837; x_wconf 83' lang='lat' dir='ltr'>praefata</span> <span class='ocrx_word' id='word_1_615' title='bbox 2400 4764 2482 4819; x_wconf 90' lang='lat' dir='ltr'>ita</span> <span class='ocrx_word' id='word_1_616' title='bbox 2497 4763 2620 4819; x_wconf 88' lang='lat' dir='ltr'>suis</span> <span class='ocrx_word' id='word_1_617' title='bbox 2640 4761 3231 4835; x_wconf 90' lang='lat' dir='ltr'>rebusspolientur,et</span> <span class='ocrx_word' id='word_1_618' title='bbox 3249 4761 3490 4818; x_wconf 85' lang='lat' dir='ltr'>alterius</span> <span class='ocrx_word' id='word_1_619' title='bbox 3564 4764 3569 4767; x_wconf 74' lang='grc'>’</span> 
     </span>
    </p>
   </div>
   <div class='ocr_carea' id='block_1_97' title="bbox 39 4852 3493 4929">
    <p class='ocr_par' dir='ltr' id='par_1_97' title="bbox 39 4852 3493 4929">
     <span class='ocr_line' id='line_1_97' title="bbox 39 4852 3493 4929; baseline -0.001 -18"><span class='ocrx_word' id='word_1_620' title='bbox 39 4862 227 4929; x_wconf 89' lang='lat' dir='ltr'>tegro</span> <span class='ocrx_word' id='word_1_621' title='bbox 264 4872 407 4912; x_wconf 86' lang='lat' dir='ltr'>non</span> <span class='ocrx_word' id='word_1_622' title='bbox 441 4856 745 4912; x_wconf 89' lang='lat' dir='ltr'>restituere</span> <span class='ocrx_word' id='word_1_623' title='bbox 776 4872 837 4912; x_wconf 90' lang='lat' dir='ltr'>se</span> <span class='ocrx_word' id='word_1_624' title='bbox 875 4872 1049 4927; x_wconf 89' lang='lat' dir='ltr'>posse</span> <span class='ocrx_word' id='word_1_625' title='bbox 1093 4854 1254 4922; x_wconf 82' lang='lat' dir='ltr'>dixit,</span> <span class='ocrx_word' id='word_1_626' title='bbox 1290 4872 1362 4910; x_wconf 92' lang='lat' dir='ltr'>ne</span> <span class='ocrx_word' id='word_1_627' title='bbox 1392 4872 1510 4910; x_wconf 87' lang='lat' dir='ltr'>sua</span> <span class='ocrx_word' id='word_1_628' title='bbox 1542 4853 1735 4924; x_wconf 89' lang='lat' dir='ltr'>reipu-</span> <span class='ocrx_word' id='word_1_629' title='bbox 1845 4854 2099 4911; x_wconf 90' lang='lat' dir='ltr'>ecclesia</span> <span class='ocrx_word' id='word_1_630' title='bbox 2131 4852 2583 4909; x_wconf 90' lang='lat' dir='ltr'>necessitatibus</span> <span class='ocrx_word' id='word_1_631' title='bbox 2611 4852 2959 4917; x_wconf 88' lang='lat' dir='ltr'>deserviant,</span> <span class='ocrx_word' id='word_1_632' title='bbox 2978 4855 3043 4905; x_wconf 92' lang='lat' dir='ltr'>ut</span> <span class='ocrx_word' id='word_1_633' title='bbox 3072 4866 3493 4906; x_wconf 89' lang='lat' dir='ltr'>earumneces—</span> 
     </span>
    </p>
   </div>
   <div class='ocr_carea' id='block_1_98' title="bbox 35 4937 3494 5013">
    <p class='ocr_par' dir='ltr' id='par_1_98' title="bbox 35 4937 3494 5013">
     <span class='ocr_line' id='line_1_98' title="bbox 35 4937 3494 5013; baseline -0.001 -12"><span class='ocrx_word' id='word_1_634' title='bbox 35 4946 219 5002; x_wconf 76' lang='lat' dir='ltr'>blicae</span> <span class='ocrx_word' id='word_1_635' title='bbox 253 4942 553 4999; x_wconf 86' lang='lat' dir='ltr'>militiam</span> <span class='ocrx_word' id='word_1_636' title='bbox 568 4944 912 5001; x_wconf 88' lang='lat' dir='ltr'>defraudare</span> <span class='ocrx_word' id='word_1_637' title='bbox 926 4944 1220 5000; x_wconf 90' lang='lat' dir='ltr'>videretur</span> <span class='ocrx_word' id='word_1_638' title='bbox 1239 4944 1518 4999; x_wconf 91' lang='lat' dir='ltr'>:conferre</span> <span class='ocrx_word' id='word_1_639' title='bbox 1540 4946 1735 4997; x_wconf 89' lang='lat' dir='ltr'>tamen</span> <span class='ocrx_word' id='word_1_640' title='bbox 1845 4944 2119 5000; x_wconf 88' lang='lat' dir='ltr'>sitatibus</span> <span class='ocrx_word' id='word_1_641' title='bbox 2129 4942 2293 4998; x_wconf 90' lang='lat' dir='ltr'>nulla</span> <span class='ocrx_word' id='word_1_642' title='bbox 2303 4941 2565 4998; x_wconf 89' lang='lat' dir='ltr'>videatur</span> <span class='ocrx_word' id='word_1_643' title='bbox 2580 4957 2721 4996; x_wconf 88' lang='lat' dir='ltr'>cura</span> <span class='ocrx_word' id='word_1_644' title='bbox 2740 4939 3189 5013; x_wconf 90' lang='lat' dir='ltr'>impendi.Unde</span> <span class='ocrx_word' id='word_1_645' title='bbox 3206 4937 3494 4996; x_wconf 88' lang='lat' dir='ltr'>sollicitus</span> 
     </span>
    </p>
   </div>
   <div class='ocr_carea' id='block_1_99' title="bbox 35 5027 3493 5104">
    <p class='ocr_par' dir='ltr' id='par_1_99' title="bbox 35 5027 3493 5104">
     <span class='ocr_line' id='line_1_99' title="bbox 35 5027 3493 5104; baseline -0.002 -14"><span class='ocrx_word' id='word_1_646' title='bbox 35 5034 356 5090; x_wconf 87' lang='lat' dir='ltr'>solatium</span> <span class='ocrx_word' id='word_1_647' title='bbox 396 5035 608 5088; x_wconf 86' lang='lat' dir='ltr'>saneta</span> <span class='ocrx_word' id='word_1_648' title='bbox 640 5032 1033 5089; x_wconf 89' lang='lat' dir='ltr'>Bellovacensi</span> <span class='ocrx_word' id='word_1_649' title='bbox 1055 5032 1310 5089; x_wconf 88' lang='lat' dir='ltr'>ecclesia</span> <span class='ocrx_word' id='word_1_650' title='bbox 1326 5032 1572 5103; x_wconf 89' lang='lat' dir='ltr'>benigne</span> <span class='ocrx_word' id='word_1_651' title='bbox 1603 5046 1738 5102; x_wconf 83' lang='lat' dir='ltr'>spo-</span> <span class='ocrx_word' id='word_1_652' title='bbox 1844 5033 2039 5089; x_wconf 88' lang='lat' dir='ltr'>videat</span> <span class='ocrx_word' id='word_1_653' title='bbox 2068 5032 2377 5104; x_wconf 86' lang='lat' dir='ltr'>episcopus</span> <span class='ocrx_word' id='word_1_654' title='bbox 2407 5030 2852 5098; x_wconf 86' lang='lat' dir='ltr'>Bellovacensis,</span> <span class='ocrx_word' id='word_1_655' title='bbox 2884 5033 2951 5084; x_wconf 91' lang='lat' dir='ltr'>ut</span> <span class='ocrx_word' id='word_1_656' title='bbox 2994 5028 3116 5084; x_wconf 91' lang='lat' dir='ltr'>sive</span> <span class='ocrx_word' id='word_1_657' title='bbox 3160 5027 3231 5083; x_wconf 91' lang='lat' dir='ltr'>de</span> <span class='ocrx_word' id='word_1_658' title='bbox 3257 5027 3493 5083; x_wconf 90' lang='lat' dir='ltr'>feminis</span> 
     </span>
    </p>
   </div>
   <div class='ocr_carea' id='block_1_100' title="bbox 35 5116 3493 5196">
    <p class='ocr_par' dir='ltr' id='par_1_100' title="bbox 35 5116 3493 5196">
     <span class='ocr_line' id='line_1_100' title="bbox 35 5116 3493 5196; baseline -0.002 -17"><span class='ocrx_word' id='word_1_659' title='bbox 35 5122 288 5196; x_wconf 82' lang='lat' dir='ltr'>pendit.</span> <span class='ocrx_word' id='word_1_660' title='bbox 335 5120 738 5184; x_wconf 85' lang='lat' dir='ltr'>Quamobrem</span> <span class='ocrx_word' id='word_1_661' title='bbox 771 5121 1059 5178; x_wconf 90' lang='lat' dir='ltr'>concessit</span> <span class='ocrx_word' id='word_1_662' title='bbox 1087 5121 1138 5176; x_wconf 91' lang='lat' dir='ltr'>ei</span> <span class='ocrx_word' id='word_1_663' title='bbox 1169 5121 1282 5175; x_wconf 92' lang='lat' dir='ltr'>duo</span> <span class='ocrx_word' id='word_1_664' title='bbox 1316 5118 1737 5174; x_wconf 89' lang='lat' dir='ltr'>monasteriain</span> <span class='ocrx_word' id='word_1_665' title='bbox 1846 5120 1966 5176; x_wconf 89' lang='lat' dir='ltr'>illic</span> <span class='ocrx_word' id='word_1_666' title='bbox 1996 5121 2111 5176; x_wconf 91' lang='lat' dir='ltr'>Deo</span> <span class='ocrx_word' id='word_1_667' title='bbox 2144 5119 2629 5186; x_wconf 87' lang='lat' dir='ltr'>deservientibus,</span> <span class='ocrx_word' id='word_1_668' title='bbox 2664 5119 2783 5174; x_wconf 90' lang='lat' dir='ltr'>sive</span> <span class='ocrx_word' id='word_1_669' title='bbox 2831 5118 2902 5173; x_wconf 92' lang='lat' dir='ltr'>de</span> <span class='ocrx_word' id='word_1_670' title='bbox 2948 5119 3239 5189; x_wconf 90' lang='lat' dir='ltr'>cujusque</span> <span class='ocrx_word' id='word_1_671' title='bbox 3269 5116 3493 5172; x_wconf 91' lang='lat' dir='ltr'>ordinis</span> 
     </span>
    </p>
   </div>
   <div class='ocr_carea' id='block_1_101' title="bbox 35 5206 3496 5279">
    <p class='ocr_par' dir='ltr' id='par_1_101' title="bbox 35 5206 3496 5279">
     <span class='ocr_line' id='line_1_101' title="bbox 35 5206 3496 5279; baseline -0.003 -10"><span class='ocrx_word' id='word_1_672' title='bbox 35 5215 260 5269; x_wconf 76' lang='lat' dir='ltr'>eadem</span> <span class='ocrx_word' id='word_1_673' title='bbox 307 5208 712 5267; x_wconf 87' lang='lat' dir='ltr'>Bellovacensi</span> <span class='ocrx_word' id='word_1_674' title='bbox 746 5210 1004 5267; x_wconf 89' lang='lat' dir='ltr'>Ecclesia</span> <span class='ocrx_word' id='word_1_675' title='bbox 1030 5210 1367 5279; x_wconf 90' lang='lat' dir='ltr'>constituta,</span> <span class='ocrx_word' id='word_1_676' title='bbox 1410 5208 1738 5263; x_wconf 90' lang='lat' dir='ltr'>Oratorium</span> <span class='ocrx_word' id='word_1_677' title='bbox 1847 5210 2009 5276; x_wconf 89' lang='lat' dir='ltr'>viris,</span> <span class='ocrx_word' id='word_1_678' title='bbox 2044 5209 2163 5264; x_wconf 90' lang='lat' dir='ltr'>sive</span> <span class='ocrx_word' id='word_1_679' title='bbox 2193 5209 2263 5263; x_wconf 92' lang='lat' dir='ltr'>de</span> <span class='ocrx_word' id='word_1_680' title='bbox 2295 5207 2788 5263; x_wconf 89' lang='lat' dir='ltr'>monasteriorum</span> <span class='ocrx_word' id='word_1_681' title='bbox 2821 5206 3241 5262; x_wconf 90' lang='lat' dir='ltr'>restauratione</span> <span class='ocrx_word' id='word_1_682' title='bbox 3268 5208 3326 5260; x_wconf 90' lang='lat' dir='ltr'>et</span> <span class='ocrx_word' id='word_1_683' title='bbox 3356 5221 3496 5260; x_wconf 83' lang='lat' dir='ltr'>con-</span> 
     </span>
    </p>
   </div>
   <div class='ocr_carea' id='block_1_102' title="bbox 35 5293 3493 5371">
    <p class='ocr_par' dir='ltr' id='par_1_102' title="bbox 35 5293 3493 5371">
     <span class='ocr_line' id='line_1_102' title="bbox 35 5293 3493 5371; baseline -0.002 -16"><span class='ocrx_word' id='word_1_684' title='bbox 35 5300 345 5357; x_wconf 75' lang='lat' dir='ltr'>videlicet</span> <span class='ocrx_word' id='word_1_685' title='bbox 407 5299 561 5370; x_wconf 90' lang='lat' dir='ltr'>quod</span> <span class='ocrx_word' id='word_1_686' title='bbox 620 5299 733 5355; x_wconf 89' lang='lat' dir='ltr'>fuit</span> <span class='ocrx_word' id='word_1_687' title='bbox 790 5299 930 5355; x_wconf 89' lang='lat' dir='ltr'>olim</span> <span class='ocrx_word' id='word_1_688' title='bbox 983 5299 1242 5371; x_wconf 89' lang='lat' dir='ltr'>puellare</span> <span class='ocrx_word' id='word_1_689' title='bbox 1299 5296 1651 5361; x_wconf 65' lang='lat' dir='ltr'>coenobium,</span> <span class='ocrx_word' id='word_1_690' title='bbox 1687 5300 1743 5352; x_wconf 88' lang='lat' dir='ltr'>et</span> <span class='ocrx_word' id='word_1_691' title='bbox 1852 5297 2176 5355; x_wconf 83' lang='lat' dir='ltr'>servatione</span> <span class='ocrx_word' id='word_1_692' title='bbox 2205 5313 2334 5352; x_wconf 90' lang='lat' dir='ltr'>eam</span> <span class='ocrx_word' id='word_1_693' title='bbox 2366 5312 2567 5351; x_wconf 89' lang='lat' dir='ltr'>curam</span> <span class='ocrx_word' id='word_1_694' title='bbox 2632 5296 2935 5367; x_wconf 90' lang='lat' dir='ltr'>suscipiat,</span> <span class='ocrx_word' id='word_1_695' title='bbox 2969 5298 3260 5367; x_wconf 89' lang='lat' dir='ltr'>quatenus</span> <span class='ocrx_word' id='word_1_696' title='bbox 3290 5297 3348 5349; x_wconf 94' lang='lat' dir='ltr'>et</span> <span class='ocrx_word' id='word_1_697' title='bbox 3375 5293 3493 5348; x_wconf 92' lang='lat' dir='ltr'>Deo</span> 
     </span>
    </p>
   </div>
   <div class='ocr_carea' id='block_1_103' title="bbox 35 5383 3494 5460">
    <p class='ocr_par' dir='ltr' id='par_1_103' title="bbox 35 5383 3494 5460">
     <span class='ocr_line' id='line_1_103' title="bbox 35 5383 3494 5460; baseline -0.003 -14"><span class='ocrx_word' id='word_1_698' title='bbox 35 5391 458 5455; x_wconf 82' lang='lat' dir='ltr'>Flaviacum,</span> <span class='ocrx_word' id='word_1_699' title='bbox 493 5386 552 5442; x_wconf 91' lang='lat' dir='ltr'>in</span> <span class='ocrx_word' id='word_1_700' title='bbox 583 5405 699 5460; x_wconf 88' lang='lat' dir='ltr'>quo</span> <span class='ocrx_word' id='word_1_701' title='bbox 745 5387 1011 5444; x_wconf 87' lang='lat' dir='ltr'>canonici</span> <span class='ocrx_word' id='word_1_702' title='bbox 1060 5386 1488 5451; x_wconf 87' lang='lat' dir='ltr'>habitaverunt,</span> <span class='ocrx_word' id='word_1_703' title='bbox 1516 5402 1618 5457; x_wconf 90' lang='lat' dir='ltr'>pro</span> <span class='ocrx_word' id='word_1_704' title='bbox 1649 5402 1743 5441; x_wconf 89' lang='lat' dir='ltr'>re-</span> <span class='ocrx_word' id='word_1_705' title='bbox 1854 5388 2045 5443; x_wconf 88' lang='lat' dir='ltr'>dicata</span> <span class='ocrx_word' id='word_1_706' title='bbox 2072 5386 2282 5441; x_wconf 90' lang='lat' dir='ltr'>domus</span> <span class='ocrx_word' id='word_1_707' title='bbox 2312 5385 2555 5456; x_wconf 90' lang='lat' dir='ltr'>dignum</span> <span class='ocrx_word' id='word_1_708' title='bbox 2588 5401 2649 5440; x_wconf 91' lang='lat' dir='ltr'>se</span> <span class='ocrx_word' id='word_1_709' title='bbox 2669 5383 3329 5456; x_wconf 88' lang='lat' dir='ltr'>babereprocuratorem</span> <span class='ocrx_word' id='word_1_710' title='bbox 3351 5398 3494 5454; x_wconf 88' lang='lat' dir='ltr'>gau-</span> 
     </span>
    </p>
   </div>
   <div class='ocr_carea' id='block_1_104' title="bbox 35 5471 3495 5551">
    <p class='ocr_par' dir='ltr' id='par_1_104' title="bbox 35 5471 3495 5551">
     <span class='ocr_line' id='line_1_104' title="bbox 35 5471 3495 5551; baseline -0.003 -17"><span class='ocrx_word' id='word_1_711' title='bbox 35 5475 579 5551; x_wconf 86' lang='lat' dir='ltr'>compensatioue</span> <span class='ocrx_word' id='word_1_712' title='bbox 611 5476 913 5532; x_wconf 89' lang='lat' dir='ltr'>Fontaneti</span> <span class='ocrx_word' id='word_1_713' title='bbox 947 5473 1476 5544; x_wconf 90' lang='lat' dir='ltr'>monasterii,quod</span> <span class='ocrx_word' id='word_1_714' title='bbox 1508 5474 1744 5545; x_wconf 90' lang='lat' dir='ltr'>quidem</span> <span class='ocrx_word' id='word_1_715' title='bbox 1855 5476 2007 5540; x_wconf 89' lang='lat' dir='ltr'>deat,</span> <span class='ocrx_word' id='word_1_716' title='bbox 2033 5477 2091 5530; x_wconf 91' lang='lat' dir='ltr'>et</span> <span class='ocrx_word' id='word_1_717' title='bbox 2119 5473 2243 5545; x_wconf 91' lang='lat' dir='ltr'>ipse</span> <span class='ocrx_word' id='word_1_718' title='bbox 2273 5472 2373 5544; x_wconf 89' lang='lat' dir='ltr'>qui</span> <span class='ocrx_word' id='word_1_719' title='bbox 2406 5471 2699 5544; x_wconf 81' lang='lat' dir='ltr'>praefuerit</span> <span class='ocrx_word' id='word_1_720' title='bbox 2725 5476 2915 5527; x_wconf 87' lang='lat' dir='ltr'>rector</span> <span class='ocrx_word' id='word_1_721' title='bbox 2944 5488 3207 5544; x_wconf 86' lang='lat' dir='ltr'>superna</span> <span class='ocrx_word' id='word_1_722' title='bbox 3236 5486 3495 5527; x_wconf 89' lang='lat' dir='ltr'>censura</span> 
     </span>
    </p>
   </div>
   <div class='ocr_carea' id='block_1_105' title="bbox 35 5559 3498 5635">
    <p class='ocr_par' dir='ltr' id='par_1_105' title="bbox 35 5559 3498 5635">
     <span class='ocr_line' id='line_1_105' title="bbox 35 5559 3498 5635; baseline -0.003 -11"><span class='ocrx_word' id='word_1_723' title='bbox 35 5562 520 5624; x_wconf 78' lang='lat' dir='ltr'>nonasterium</span> <span class='ocrx_word' id='word_1_724' title='bbox 542 5564 837 5620; x_wconf 90' lang='lat' dir='ltr'>veracium</span> <span class='ocrx_word' id='word_1_725' title='bbox 862 5564 1105 5620; x_wconf 87' lang='lat' dir='ltr'>testium</span> <span class='ocrx_word' id='word_1_726' title='bbox 1127 5566 1183 5618; x_wconf 93' lang='lat' dir='ltr'>et</span> <span class='ocrx_word' id='word_1_727' title='bbox 1212 5560 1629 5634; x_wconf 85' lang='lat' dir='ltr'>irrefragabilis</span> <span class='ocrx_word' id='word_1_728' title='bbox 1650 5578 1748 5617; x_wconf 86' lang='lat' dir='ltr'>au-</span> <span class='ocrx_word' id='word_1_729' title='bbox 1848 5562 2142 5635; x_wconf 87' lang='lat' dir='ltr'>judicium</span> <span class='ocrx_word' id='word_1_730' title='bbox 2189 5565 2422 5633; x_wconf 88' lang='lat' dir='ltr'>propter</span> <span class='ocrx_word' id='word_1_731' title='bbox 2464 5559 2880 5632; x_wconf 87' lang='lat' dir='ltr'>negligentiam</span> <span class='ocrx_word' id='word_1_732' title='bbox 2938 5577 3055 5616; x_wconf 90' lang='lat' dir='ltr'>non</span> <span class='ocrx_word' id='word_1_733' title='bbox 3110 5559 3388 5615; x_wconf 89' lang='lat' dir='ltr'>incurrat.</span> <span class='ocrx_word' id='word_1_734' title='bbox 3430 5559 3498 5615; x_wconf 87' lang='lat' dir='ltr'>In</span> 
     </span>
    </p>
   </div>
   <div class='ocr_carea' id='block_1_106' title="bbox 35 5648 3502 5728">
    <p class='ocr_par' dir='ltr' id='par_1_106' title="bbox 35 5648 3502 5728">
     <span class='ocr_line' id='line_1_106' title="bbox 35 5648 3502 5728; baseline -0.002 -11"><span class='ocrx_word' id='word_1_735' title='bbox 35 5654 377 5717; x_wconf 77' lang='lat' dir='ltr'>:toritatis</span> <span class='ocrx_word' id='word_1_736' title='bbox 418 5652 853 5728; x_wconf 81' lang='lat' dir='ltr'>Scripturarum</span> <span class='ocrx_word' id='word_1_737' title='bbox 902 5651 1224 5714; x_wconf 85' lang='lat' dir='ltr'>assertione</span> <span class='ocrx_word' id='word_1_738' title='bbox 1261 5649 1509 5725; x_wconf 79' lang='lat' dir='ltr'>praefata</span> <span class='ocrx_word' id='word_1_739' title='bbox 1541 5650 1747 5709; x_wconf 85' lang='lat' dir='ltr'>matris</span> <span class='ocrx_word' id='word_1_740' title='bbox 1860 5648 2229 5713; x_wconf 83' lang='lat' dir='ltr'>saecularium</span> <span class='ocrx_word' id='word_1_741' title='bbox 2248 5664 2385 5710; x_wconf 83' lang='lat' dir='ltr'>vero</span> <span class='ocrx_word' id='word_1_742' title='bbox 2415 5664 2629 5708; x_wconf 82' lang='lat' dir='ltr'>manus</span> <span class='ocrx_word' id='word_1_743' title='bbox 2660 5653 2837 5725; x_wconf 85' lang='lat' dir='ltr'>atque</span> <span class='ocrx_word' id='word_1_744' title='bbox 2855 5651 3203 5727; x_wconf 83' lang='lat' dir='ltr'>potestatem</span> <span class='ocrx_word' id='word_1_745' title='bbox 3233 5648 3363 5725; x_wconf 86' lang='lat' dir='ltr'>ipsa</span> <span class='ocrx_word' id='word_1_746' title='bbox 3381 5663 3502 5709; x_wconf 73' lang='lat' dir='ltr'>mo~</span> 
     </span>
    </p>
   </div>
  </div>
