3894 6204
372 334 492 398 ’199

1098 464 1295 524 XVIII.

753 573 827 611 ΑΒ
866 571 1127 612 CAROLUM
1166 573 1388 612 CALVUM
1427 572 1636 612 REGEM.

1022 647 1207 713 (Anno
1238 646 1385 717 862.)

377 756 439 815 Ut
467 755 574 811 duo
603 755 670 811 de
695 755 813 827 ejus
843 770 1008 827 regno
1037 755 1275 825 episcopi
1294 826 1299 827 ί
1318 752 1389 807 ad
1435 752 1706 825 synodum
1753 751 1901 808 Metis
1937 767 2024 808 co-

847 824 1079 896 gendam
1107 824 1541 896 proﬁciscantur.

890 914 1079 986 [Apud
1114 912 1322 980 Mansi,
1358 913 1515 981 ibid]

444 1024 729 1080 NICOLAUS
759 1020 1089 1092 episcopus,
1106 1036 1309 1075 servus
1338 1035 1637 1075 servorum
1668 1018 2025 1084 Dei,CAaoco

376 1114 630 1188 glorioso
661 1110 779 1183 regi
812 1115 936 1182 [pro
966 1110 1233 1181 synodo].

446 1202 624 1257 Sedes
655 1200 775 1255 haec
806 1202 1009 1254 sancta
1033 1203 1206 1270 atque
1238 1198 1548 1270 praecipua,
1592 1198 1688 1253 cui
1743 1195 2028 1252 Dominici

374 1290 567 1365 gregis
588 1294 677 1346 est
698 1288 1027 1344 sollicitudo
1049 1304 1307 1358 curaque
1324 1287 1726 1355 commissa,in
1750 1286 2027 1342 omnibus

376 1380 580 1438 mundi
600 1377 863 1451 partibus
884 1376 1250 1431 rectitudinis
1270 1393 1387 1431 sua
1404 1376 1786 1448 dispositione
1806 1373 2028 1431 salubri

375 1474 584 1527 cuncta
616 1466 881 1522 ordinare
912 1465 1303 1536 perﬁcereque
1343 1464 1538 1518 divino
1582 1464 1725 1519 freta
1757 1467 2031 1535 procurat

374 1558 610 1623 auxilio,
641 1562 699 1611 et
728 1555 883 1626 quod
933 1553 1219 1626 singulari
1254 1570 1355 1625 pro
1380 1552 1722 1608 auctoritate
1754 1552 2029 1624 perficere

372 1648 544 1713 valet,
579 1644 897 1701 multorum
930 1659 1081 1715 sepe
1112 1641 1483 1697 sacerdotum
1507 1641 1763 1697 decernit
1786 1640 2029 1695 deﬁnire

374 1737 752 1801 consensu,et
772 1731 1015 1803 justitiaa
1049 1748 1297 1787 censura
1326 1748 1395 1786 ea
1424 1728 1644 1787 scilicet
1664 1729 2031 1785 emendanda

372 1826 717 1888 deliberare,
751 1839 876 1894 quae
906 1837 1211 1893 perperam
1243 1824 1418 1891 atque
1467 1820 1787 1875 enormiter
1816 1818 2031 1874 fuerint

373 1913 586 1971 alicubi
619 1910 957 1968 commissa.
988 1909 1150 1965 Unde
1177 1913 1381 1964 vestra:
1413 1907 1594 1982 regali
1618 1913 1849 1980 Deoque
1869 1923 2030 1961 ama-

372 2003 474 2059 bili
506 2000 856 2059 excellentiae
883 2003 1087 2054 notum
1119 2014 1248 2054 esse
1279 1996 1572 2064 volumus,
1597 1997 1738 2069 quia
1766 1996 1839 2051 ad
1873 1996 2029 2051 futu-

362 2100 500 2148 ram
549 2089 863 2163 synodum,
896 2104 1023 2159 qua;
1074 2086 1244 2142 Metis
1296 2086 1530 2141 civitate
1584 2084 1841 2140 Lotharii
1872 2083 2029 2157 regis

372 2179 600 2253 nepotis
640 2176 816 2233 vestri
862 2192 966 2248 pro
1015 2175 1088 2247 (a)
1135 2175 1464 2247 Teutberga
1509 2190 1705 2230 sorore
1752 2167 2029 2229 Hucberti

360 2267 587 2336 clerici,
621 2272 680 2322 et
708 2264 1024 2322 Waldrada
1057 2264 1465 2335 congreganda
1509 2267 1617 2329 est,
1650 2263 1800 2318 duos
1838 2263 1908 2318 de
1937 2278 2025 2316 re-

360 2375 486 2432 gno
515 2360 707 2412 vestro
738 2354 1062 2426 episcopos,
1098 2368 1246 2424 quos
1278 2352 1595 2424 prudentes
1646 2355 1821 2423 atque
1870 2367 2027 2406 vera-

360 2463 467 2503 ces
514 2462 615 2501 vos
661 2459 790 2499 esse
838 2440 1186 2513 cognoscitis
1230 2440 1537 2496 convenire
1578 2440 1881 2510 jubemus,
1924 2438 2022 2511 qui

360 2551 492 2591 ’uua
519 2549 652 2589 cum
684 2535 901 2588 sancta;
951 2530 1107 2585 sedis
1158 2533 1369 2585 [103th
1419 2528 1649 2601 legatis,
1701 2545 1848 2601 quos
1883 2527 2022 2582 illuc

362 2621 616 2680 Domino
666 2619 983 2677 auxiliante
1032 2635 1187 2680 nunc
1234 2617 1623 2685 destinamus,
1669 2622 1727 2673 et
1769 2616 2021 2672 aliorum

362 2710 790 2770 venerabilium
820 2709 1223 2781 episcoporum
1272 2711 1445 2773 emta,
1479 2706 1580 2778 qui
1631 2706 1703 2761 ad
1754 2706 2021 2762 eamdem

356 2800 658 2875 synodum
688 2796 1067 2855 conveniendi
1100 2799 1259 2861 sunt,
1296 2793 1498 2851 subtili
1527 2798 1740 2850 cuncta
1778 2794 2018 2866 indaga-

362 2891 825 2959 tione,rectaque
854 2886 1020 2942 valde
1042 2883 1779 2957 inquisitione,secundum
1810 2883 2018 2949 Deum,

358 2983 428 3036 et
452 2975 814 3034 venerabiles
842 2978 1179 3032 sanctorum
1202 2974 1439 3029 Patrum
1467 2971 2022 3035 institutiones,exa-

358 3067 594 3123 minare
622 3082 688 3121 ac
718 3063 960 3121 deﬁnire
989 3063 1302 3118 decertant.
1325 3061 1471 3117 Nam
1502 3066 1560 3116 et
1589 3061 1877 3116 Ludovico
1899 3059 2019 3132 glo-

360 3156 524 3212 rioso
554 3153 699 3228 regi,
730 3153 894 3209 fratri
942 3155 1153 3219 vestro,
1183 3149 1363 3206 simili
1411 3150 1582 3205 modo
1633 3148 1858 3205 litteras
1890 3166 2019 3204 nos-

359 3249 493 3301 ‘tras
519 3243 861 3309 direximus,
894 3241 1044 3296 duos
1074 3239 1237 3313 regni
1259 3240 1352 3295 sui
1384 3239 1687 3312 episcopos
1726 3239 1798 3294 ad
1830 3238 2019 3311 ipsam

356 3332 659 3406 'synodum
690 3332 1093 3394 convocantes,
1126 3331 1414 3399 quatenus
1458 3327 1517 3381 in
1565 3328 1861 3395 omnibus,
1895 3344 2021 3400 quae

358 3420 453 3477 'ibi
496 3420 810 3476 statuenda
854 3421 1015 3485 sunt,
1046 3416 1336 3473 rectitude
1364 3415 1575 3488 vigeat,
1619 3415 1853 3487 justitia
1892 3417 2021 3489 pol-

358 3510 509 3574 'leat,
541 3512 599 3564 et
626 3505 879 3562 falsitate
910 3507 1109 3577 fugata
1137 3505 1349 3561 veritas
1380 3504 1683 3576 splendeat
1717 3521 1729 3558 :
1766 3510 1831 3559 ut
1856 3521 2023 3561 vene—

373 3596 543 3653 rabili
570 3595 939 3652 sacerdotum
972 3593 1075 3649 Dei
1124 3594 1443 3651 certamine
1504 3592 1719 3649 Christi
1766 3593 2022 3650 Ecclesia

356 3686 446 3741 ab
490 3682 767 3740 omnibus
812 3682 1164 3738 inconcussa
1208 3682 1491 3738 consistat
1539 3682 1820 3738 adversis.
1867 3685 2021 3748 Quos

372 3789 514 3829 sane
564 3773 624 3826 in
674 3771 958 3827 veniendo
987 3771 1311 3844 episcOpos,
1346 3775 1403 3827 et
1432 3772 1504 3826 ad
1529 3773 1655 3842 jam
1682 3771 1897 3826 dictam
1928 3788 2021 3842 sy-

358 3862 594 3918 nodum
617 3860 886 3933 jussione
934 3864 1134 3916 nostra
1180 3860 1439 3916 volentes
1479 3876 1805 3926 occurrere,
1831 3865 2025 3916 vestra

374 3967 488 4006 non
517 3949 771 4006 retardet
800 3948 1107 4015 nobilitas;
1142 3949 1243 4005 sed
1266 3965 1370 4020 pro
1397 3948 1497 4005 Dei
1520 3965 1718 4004 amore
1746 3947 1905 4021 ipsos
1927 3949 2024 4005 ab-

373 4054 516 4112 sque
544 4037 824 4111 temporis
853 4037 1231 4110 protelatione
1273 4038 1345 4093 ad
1398 4038 1698 4109 praefatam
1731 4038 2021 4110 synodum

356 4128 579 4184 sinatis
604 4143 928 4184 occurrere.
962 4128 1110 4184 Data
1138 4126 1573 4184 non.Kalendas
1605 4127 2023 4197 Decembri,in-

352 4216 628 4273 'dictione
640 4234 727 4272 x1.

1129 4304 1264 4360 XIX.

699 4411 773 4450 AD
815 4411 1147 4451 LUDOVICUM
1186 4412 1229 4449 ΙΙ
1268 4412 1697 4451 IMPERATORBM.

356 4501 719 4559 ‘Commendat
749 4503 948 4574 legato:
973 4517 1078 4573 pro
1106 4517 1274 4556 causa
1302 4502 1553 4556 Lotharii
1592 4503 1785 4571 fratris
1813 4502 1932 4572 ejus
1960 4503 2022 4557 in

924 4575 1215 4629 Franciam
1242 4574 1457 4627 missos.

886 4662 1073 4733 [Apud
1108 4658 1317 4725 Mansi,
1352 4658 1511 4727 ibid]

438 4766 731 4825 NICOLAUS
760 4767 1092 4840 episcopus,
1127 4780 1330 4820 servus
1360 4779 1661 4819 servorum
1693 4762 1814 4829 Dei,
1833 4765 2023 4821 Lune-

370 4868 498 4911 vtco
526 4855 864 4928 imperatori
894 4856 1023 4926 [pro
1053 4850 1383 4926 synodoce].

442 4944 716 5017 Augustae
749 4941 1084 4998 serenitatis
1098 4938 1491 5011 magnitudini
1507 4938 2023 5011 vestrae,imperiali

356 5031 616 5104 fulgenti
649 5033 874 5098 decore,
899 5030 992 5085 his
1026 5025 1387 5101 apostolatus
1417 5027 1600 5082 nostri
1624 5026 1834 5084 litteris
1863 5028 2025 5086 inno-

1732 332 2049 395 NICOLAI
2093 333 2323 395 PAPIE
2364 332 2412 394 Ι.

2050 467 2104 536 Α
2134 466 2520 537 decrevimus,
2545 470 2663 523 tam
2691 463 2977 536 celeriter,
3010 469 3077 524 ut
3116 465 3270 524 inter
3317 483 3426 524 nos
3477 468 3799 535 statutum,

3678 329 3800 395 800

2133 560 2245 626 est,
2278 558 2338 612 in
2370 556 2676 613 Franciam
2705 557 3001 613 destinare
3031 557 3367 630 nequimus.
3400 558 3474 612 Et
3513 556 3802 629 quoniam

2133 644 2535 702 ecclesiastica:
2569 646 2939 702 rectitudinis
2968 650 3026 702 et
3046 646 3315 702 utilitatis
3354 645 3505 716 zelo,
3540 662 3667 718 quo
3701 663 3807 702 nos

2132 752 2365 808 semper
2413 737 2630 791 fervere
2677 740 2924 808 oportet,
2957 734 3208 802 accensi,
3239 735 3467 809 legatos
3501 753 3691 801 nunc,
3723 737 3803 791 si-

2134 829 2233 879 cut
2263 824 2542 890 diximus,
2578 829 2809 880 nostros
2858 825 3007 881 duos
3054 824 3414 880 venerabiles
3467 825 3814 897 episcopos,

2136 912 2543 969 Rhadoaldum
2592 913 2859 969 videlicet
2888 917 3102 968 sanctae
3130 914 3471 969 Portuensis
3502 912 3809 979 Ecclesiae,

2134 1007 2193 1057 et
2236 1003 2523 1058 Joannem
2575 1007 2789 1058 sanctae
2840 1001 3158 1058 Ficolensis
3210 1002 3383 1073 [edit.,
3432 1004 3623 1072 Rom.,
3653 1003 3811 1059 Fun-

2136 1091 2352 1158 densis]
2388 1090 2651 1147 Ecclesia:
2683 1090 2996 1156 antistites,
3032 1090 3340 1147 deliciosos
3371 1096 3637 1159 nostros,
3663 1090 3809 1146 illuc

2136 1197 2238 1252 pro
2268 1180 2531 1251 ejusdem
2565 1179 2647 1235 rei
2677 1197 2857 1252 qnam
2889 1179 3052 1236 scitis
3084 1181 3316 1253 negotio
3365 1180 3657 1236 canonice
3702 1180 3809 1235 de-

2137 1269 2391 1324 finiendo
2424 1269 2763 1324 direximus.
2790 1271 2945 1335 Quos
2974 1268 3286 1324 clementia
3313 1274 3509 1325 vestra
3540 1269 3807 1339 benigne

2136 1357 2437 1430 suscipiat,
2470 1357 2671 1430 eisque
2701 1357 2931 1414 ﬁdelem
2980 1362 3157 1430 atque
3188 1359 3538 1430 prudentem
3570 1358 3807 1412 tribuat

2135 1446 2455 1514 hominem,
2490 1446 2591 1518 qui
2621 1464 2721 1502 eos
2751 1463 2938 1519 usque
2989 1447 3061 1503 ad
3110 1446 3326 1515 locum,
3360 1464 3478 1519 quo
3508 1463 3544 1503 a
3573 1446 3807 1502 talibus

2136 1535 2534 1609 suscipiantur
2560 1535 2922 1597 hominibus.
2954 1553 3203 1609 quorum
3238 1536 3521 1593 comitatu
3551 1537 3629 1591 ad
3665 1553 3814 1608 pra:-

2137 1624 2358 1681 dictum
2406 1642 2599 1698 regem
2654 1624 2998 1681 Lotharium
3048 1625 3286 1681 fratrem
3334 1628 3602 1682 vestrum
3638 1624 3815 1681 illaesi

2136 1713 2367 1770 valeant
2422 1714 2740 1786 pervenire,
2803 1730 3043 1769 securos
3099 1719 3157 1770 et
3211 1715 3463 1786 quietos,
3515 1713 3812 1785 omnique

2138 1803 2423 1861 suavitate
2475 1803 2725 1858 deducat
2780 1804 2957 1870 [edit.,
3026 1805 3181 1859 Rom.
3251 1803 3426 1859 addit.
3486 1809 3815 1875 cognoscat

2140 1896 2418 1964 praeterea
2473 1890 2783 1948 clementia
2834 1891 3074 1966 vestra].
3134 1892 3281 1956 Quia
3336 1909 3442 1966 pro
3493 1894 3808 1948 communi

2139 1979 2407 2036 Ecclesia:
2448 1997 2590 2054 pace
2640 1984 2815 2053 atque
2863 1997 3175 2051 consensu,
3203 1981 3353 2037 duos
3380 1980 3696 2055 episcopos
3738 1982 3808 2036 de

2138 2086 2314 2143 regno
2344 2069 2534 2126 Caroli
2578 2070 2754 2142 regis,
2804 2070 2997 2143 patrui
3046 2069 3242 2135 vestri,
3275 2071 3349 2127 ad
3392 2070 3583 2143 ipsam
3618 2087 3806 2142 syno—

2136 2158 2300 2225 dum,
2332 2175 2457 2231 quaa
2488 2157 2734 2214 Domino
2759 2156 3078 2214 auxiliante
3109 2158 3167 2214 in
3195 2157 3366 2215 Metis
3393 2158 3633 2215 civitate
3665 2176 3802 2215 cou-

2134 2248 2434 2320 greganda
2462 2248 2738 2315 est,sedis
2766 2246 3094 2320 apostolica
3111 2248 3295 2304 missa
3312 2249 3619 2304 vocatione
3664 2265 3801 2304 con-

2130 2335 2328 2392 venire
2356 2336 2742 2407 precepimus
2787 2353 2802 2392 :
2855 2336 2956 2409 qui
2988 2353 3105 2392 una
3142 2353 3277 2393 cum
3326 2337 3654 2393 missorum
3686 2354 3800 2392 no-

2132 2430 2388 2481 strorum
2444 2425 2774 2498 praesentia,
2834 2430 2891 2482 et
2946 2425 3198 2482 aliorum
3256 2427 3628 2482 sacerdotum
3688 2427 3787 2482 Dei

2130 2518 2438 2582 conventu,
2492 2515 2647 2587 quod
2695 2515 2937 2570 definire
2983 2519 3232 2588 oportet,
3270 2516 3434 2587 juste
3481 2515 3792 2571 canonice-

2130 2619 2243 2674 que
2272 2604 2608 2659 decernant.
2641 2603 2786 2660 Data
2814 2621 2868 2659 ιν
2899 2603 3189 2660 Kalendas
3231 2604 3596 2669 Decembres,
3630 2604 3787 2659 indi-

2127 2692 2317 2748 ctione
2348 2710 2424 2748 xu.

2390 2868 2461 2908 AD
2499 2868 2804 2908 EPISCOPOS
2843 2871 3062 2909 GALLIE
3098 2871 3165 2909 ΚΤ
3201 2870 3528 2910 GBRMANLE.

2769 2942 2955 3014 (Anno
2986 2943 3137 3010 862.)

2130 3031 2194 3088 Ut
2222 3030 2291 3085 ad
2318 3030 2586 3114 synodum
2628 3034 2923 3114 {tetensegn
2950 3048 3078 3114 eam
3105 3032 3294 3114 legatis
3344 3031 3626 3097 accedant,
3668 3031 3789 3114 ubi}

2196 3118 2299 3173 que
2329 3100 2515 3157 audito
2546 3102 2941 3174 Lothario,ejus
2969 3100 3196 3158 divortii
3217 3120 3445 3159 causam
3463 3112 3790 3173 cognoscant

2201 3181 2253 3229 et
2276 3175 2535 3228 canonice
2563 3173 2846 3244 deﬁniant.

2652 3263 2838 3334 [Apud
2870 3261 3081 3328 Mansi,
3115 3261 3275 3328 ibid]

2200 3350 2478 3406 NICOLAUS
2507 3350 2837 3423 episcopus,
2872 3367 3074 3407 servus
3105 3367 3405 3407 servorum
3434 3352 3558 3423 Dei,
3589 3351 3788 3408 omni-

2130 3440 2241 3494 bus
2273 3438 2728 3512 archiepiscopis
2757 3457 2861 3514 per
2890 3439 3137 3496 Galliam
3170 3445 3227 3495 et
3246 3440 3624 3497 Germaniam
3657 3458 3790 3497 con-

2126 3527 2353 3584 stitutis
2381 3530 2506 3599 [pro
2538 3530 2798 3600 synodo].

2200 3616 2567 3689 Incognitum
2599 3617 2765 3673 vobis
2785 3634 2913 3674 esse
2934 3635 3049 3674 non
3081 3616 3668 3690 credimus,qualiter
3686 3635 3788 3691 pro

2129 3705 2363 3760 duadus
2395 3704 2628 3761 feminis
2658 3704 2918 3761 Lotharii
2951 3706 3125 3780 regis,
3158 3706 3428 3763 Ecclesia:
3460 3706 3558 3763 Dei
3602 3708 3788 3763 facies

2129 3793 2317 3849 illiciti
2348 3794 2623 3849 connubii
2673 3812 2831 3850 naevo
2876 3813 3116 3868 aspersa
3144 3796 3241 3867 sit,
3268 3795 3356 3852 vel
3386 3795 3643 3868 qualiter
3672 3814 3790 3853 una

2129 3882 2367 3955 repulsa
2394 3882 2549 3943 idem
2582 3900 2682 3939 rex
2706 3883 2949 3940 alteram
2981 3885 3092 3941 sibi
3125 3884 3576 3941 sceleratissime
3613 3902 3791 3957 copu-

2130 3971 2355 4026 laverit.
2386 3971 2644 4035 Quarum
2675 3972 2836 4044 prior
2862 3972 3235 4047 'I‘beutberga
3263 3973 3521 4042 nomine,
3556 3990 3669 4047 pro
3698 3975 3788 4030 sui

2130 4059 2374 4131 repudio
2426 4061 2636 4115 acriter
2676 4060 2902 4128 dolens,
2953 4078 3056 4134 per
3101 4063 3380 4119 emissam
3430 4061 3787 4136 legationem

2130 4164 2309 4220 super
2337 4148 2448 4204 hoc
2479 4149 2710 4222 negotio
2739 4150 2898 4206 sedis
2930 4154 3140 4207 nostrae
3171 4150 3444 4224 expetivit
3464 4150 3784 4223 judicium.

2118 4236 2211 4291 Ex
2240 4253 2359 4308 qua
2379 4253 2440 4292 re
2470 4237 2650 4293 unius
2679 4238 2865 4310 partis
2881 4254 3121 4294 causam
3148 4239 3275 4295 sine
3295 4238 3479 4294 altera
3491 4238 3783 4309 judicare,

2131 4325 2479 4380 canonicum
2512 4325 2633 4382 fore
2663 4326 2886 4382 minine
2933 4327 3231 4383 duximus.
3266 4326 3600 4383 Statuimus
3650 4343 3784 4400 ergo

2118 4415 2554 4471 fraternitatem
2586 4419 2839 4472 vestram
2872 4417 3039 4473 Metis
3070 4417 3635 4489 collectam,pariter
3652 4433 3785 4473 cum

2130 4502 2339 4576 legatis
2369 4503 2588 4559 nostris
2617 4506 2882 4576 ejusdem
2917 4505 3168 4561 Lotharii
3219 4522 3462 4562 causam
3500 4505 3709 4563 audire
3734 4510 3787 4561 et

2050 4577 2098 4641 D
2130 4593 2407 4648 canonice
2434 4594 2733 4649 communi
2775 4594 3063 4650 sententia
3092 4595 3356 4651 definire.
3391 4595 3600 4667 Itaque
3620 4596 3786 4667 juxta

2128 4684 2421 4737 statutum
2454 4685 2882 4749 nostrum,cum
2913 4682 3062 4739 duos
3092 4682 3237 4739 alias
3268 4684 3326 4738 in
3358 4689 3561 4756 partes
3584 4685 3785 4739 fratres

2133 4773 2363 4825 nostros
2395 4770 2827 4826 destinaremus
2848 4771 3393 4844 episcopos,accidit
3414 4772 3491 4827 ad
3524 4778 3782 4828 nostram

2132 4857 2402 4913 notitiam
2463 4859 2783 4930 pervenire,
2831 4861 2985 4932 quod
3033 4861 3364 4926 Lotharius,
3408 4856 3689 4933 legitima
3733 4865 3785 4916 et

2131 4944 2323 5016 prima
2350 4945 2587 5018 repulsa
2618 4946 2881 5015 muliere,
2916 4949 3235 5004 secundam
3267 4948 3380 5004 sibi
3411 4949 3622 5005 ascivit
3651 4966 3781 5006 con-

2123 5032 2350 5104 jugem,
2381 5050 2571 5106 neque
2601 5035 2759 5091 sedis
2792 5040 3005 5091 nostrae
3034 5036 3280 5108 petitum
3311 5053 3378 5092 ac
3420 5038 3778 5109 promissum

372 5119 823 5190 tescimus,quia
850 5117 1055 5172 multis
1072 5120 1129 5171 et
1145 5114 1503 5186 quotidianis
1530 5114 1906 5173 ecclesiarum
1920 5118 2021 5175 Dei
2122 5119 2417 5190 judicium
2438 5128 2785 5195 exspectans
2802 5140 2993 5196 neque
3007 5125 3288 5181 canonico
3301 5124 3533 5196 judicio
3554 5125 3775 5199 uspiam

374 5206 869 5264 sollicitudinibus
888 5208 946 5260 et
976 5202 1567 5276 utilitatibus,quibus
1590 5221 1695 5260 nos
1716 5204 2026 5279 vigilanter

375 5293 645 5350 insistere
676 5291 1189 5362 decet,pr¢spediti,
1217 5292 1429 5349 missos
1461 5297 1690 5350 nostros
1724 5311 1827 5366 pro
1849 5296 2021 5367 perﬁ-

376 5380 582 5436 cienda
613 5378 856 5450 synodo,
890 5395 1069 5448 quam
1117 5396 1221 5453 pro
1268 5397 1445 5437 causa
1492 5382 1749 5439 Lotharii
1781 5382 2021 5455 gloriosi

376 5463 758 5538 regis,fratris
775 5466 1176 5532 vestri,nostra
1198 5469 1515 5540 apostolica
1535 5470 1657 5527 ﬁeri
1680 5471 2021 5526 auctoritate

2130 5210 2539 5267 succumbens.
2572 5214 2699 5277 Qua
2727 5228 2797 5268 ex
2820 5214 3051 5284 re'quid
3084 5212 3241 5269 aliud
3285 5215 3463 5270 datur
3516 5213 3776 5287 intelligi,

2126 5296 2243 5352 nisi
2277 5298 2416 5369 quia
2446 5299 2547 5355 ubi
2579 5299 2970 5372 plurimorum
3017 5300 3306 5373 judicium
3356 5303 3654 5374 praevenit,
3702 5300 3773 5357 ibi

2130 5400 2238 5440 suo
2272 5386 2501 5456 judicio
2550 5389 3052 5461 prevaricatorem
3101 5406 3164 5447 se
3213 5390 3540 5448 indicavit?
3569 5392 3633 5448 Et
3657 5392 3770 5447 ideo

2131 5472 2536 5533 universaliter
2565 5478 2717 5534 hanc
2747 5479 3096 5535 fraternitati
3108 5483 3309 5536 vestrae
3338 5480 3675 5553 apostolica:
3686 5497 3771 5535 au-

452 5604 528 5680 (α)
561 5602 641 5658 De
671 5601 1038 5682 Theutberga
1065 5615 1124 5669 et
1154 5610 1471 5670 Wuldrada
1499 5613 1629 5669 vide
1656 5611 1850 5667 Vitam
1882 5612 1944 5669 S-
1973 5610 2188 5668 Deicoli
2219 5618 2341 5673 tom
2374 5617 2445 5675 II.
2471 5620 2751 5678 Actorum
2781 5622 2910 5678 ord.
2944 5622 3259 5690 Benedicti,
3288 5623 3564 5695 pagJH.
3596 5623 3766 5683 Han-D-
