  <div class='ocr_page' id='page_1' title='image "/cluster/home/n/w/nwhite01/storage/ocr_20150623/119/uva.x000827049/424.png"; bbox 0 0 3894 6204; ppageno 0'>
   <div class='ocr_carea' id='block_1_1' title="bbox 178 310 306 372">
    <p class='ocr_par' dir='ltr' id='par_1_1' title="bbox 178 310 306 372">
     <span class='ocr_line' id='line_1_1' title="bbox 178 310 306 372; baseline 0 -1"><span class='ocrx_word' id='word_1_1' title='bbox 178 310 306 372; x_wconf 81' lang='grc'><strong>801</strong></span> 
     </span>
    </p>
   </div>
   <div class='ocr_carea' id='block_1_2' title="bbox 1424 304 2390 372">
    <p class='ocr_par' dir='ltr' id='par_1_2' title="bbox 1424 304 2390 372">
     <span class='ocr_line' id='line_1_2' title="bbox 1424 304 2390 372; baseline 0.004 -6"><span class='ocrx_word' id='word_1_2' title='bbox 1424 304 1823 369; x_wconf 67' lang='lat' dir='ltr'><strong>EPISTOLJE</strong></span> <span class='ocrx_word' id='word_1_3' title='bbox 1864 307 1964 370; x_wconf 84' lang='lat' dir='ltr'><strong>ET</strong></span> <span class='ocrx_word' id='word_1_4' title='bbox 2008 310 2390 372; x_wconf 79' lang='lat' dir='ltr'><strong>DECRETA.</strong></span> 
     </span>
    </p>
   </div>
   <div class='ocr_carea' id='block_1_3' title="bbox 3494 316 3612 377">
    <p class='ocr_par' dir='ltr' id='par_1_3' title="bbox 3494 316 3612 377">
     <span class='ocr_line' id='line_1_3' title="bbox 3494 316 3612 377; baseline -0.017 0"><span class='ocrx_word' id='word_1_5' title='bbox 3494 316 3612 377; x_wconf 74' lang='lat'><strong>802</strong></span> 
     </span>
    </p>
   </div>
   <div class='ocr_carea' id='block_1_4' title="bbox 185 436 3613 514">
    <p class='ocr_par' dir='ltr' id='par_1_4' title="bbox 185 436 3613 514">
     <span class='ocr_line' id='line_1_4' title="bbox 185 436 3613 514; baseline 0.001 -14"><span class='ocrx_word' id='word_1_6' title='bbox 185 441 487 500; x_wconf 88' lang='lat' dir='ltr'><strong>ctoritatis</strong></span> <span class='ocrx_word' id='word_1_7' title='bbox 537 438 843 514; x_wconf 82' lang='lat' dir='ltr'><strong>epistolam</strong></span> <span class='ocrx_word' id='word_1_8' title='bbox 903 436 1347 505; x_wconf 74' lang='lat' dir='ltr'><strong>destinavimus,</strong></span> <span class='ocrx_word' id='word_1_9' title='bbox 1389 443 1455 495; x_wconf 91' lang='lat' dir='ltr'><strong>ut</strong></span> <span class='ocrx_word' id='word_1_10' title='bbox 1510 437 1854 499; x_wconf 66' lang='lat' dir='ltr'><strong>Christiane</strong></span> <span class='ocrx_word' id='word_1_11' title='bbox 1885 442 1941 509; x_wconf 84' lang='grc' dir='ltr'><strong>Α</strong></span> <span class='ocrx_word' id='word_1_12' title='bbox 1972 443 2418 514; x_wconf 78' lang='lat' dir='ltr'><strong>praesidentibus</strong></span> <span class='ocrx_word' id='word_1_13' title='bbox 2475 444 2733 501; x_wconf 88' lang='lat' dir='ltr'><strong>adunare</strong></span> <span class='ocrx_word' id='word_1_14' title='bbox 2782 444 3064 512; x_wconf 81' lang='lat' dir='ltr'><strong>debeatis,</strong></span> <span class='ocrx_word' id='word_1_15' title='bbox 3098 449 3155 501; x_wconf 88' lang='lat' dir='ltr'><strong>et</strong></span> <span class='ocrx_word' id='word_1_16' title='bbox 3203 463 3322 502; x_wconf 84' lang='lat' dir='ltr'><strong>una</strong></span> <span class='ocrx_word' id='word_1_17' title='bbox 3362 463 3497 502; x_wconf 90' lang='lat' dir='ltr'><strong>cum</strong></span> <span class='ocrx_word' id='word_1_18' title='bbox 3529 445 3613 506; x_wconf 70' lang='lat' dir='ltr'><strong>eis</strong></span> 
     </span>
    </p>
   </div>
   <div class='ocr_carea' id='block_1_5' title="bbox 186 526 1852 606">
    <p class='ocr_par' dir='ltr' id='par_1_5' title="bbox 186 526 1852 606">
     <span class='ocr_line' id='line_1_5' title="bbox 186 526 1852 606; baseline -0.002 -17"><span class='ocrx_word' id='word_1_19' title='bbox 186 531 501 606; x_wconf 85' lang='lat' dir='ltr'><strong>religionis</strong></span> <span class='ocrx_word' id='word_1_20' title='bbox 531 529 654 587; x_wconf 91' lang='lat' dir='ltr'><strong>zelo</strong></span> <span class='ocrx_word' id='word_1_21' title='bbox 686 528 937 595; x_wconf 82' lang='lat' dir='ltr'><strong>accensi,</strong></span> <span class='ocrx_word' id='word_1_22' title='bbox 969 526 1187 599; x_wconf 88' lang='lat' dir='ltr'><strong>pariter</strong></span> <span class='ocrx_word' id='word_1_23' title='bbox 1214 543 1349 584; x_wconf 88' lang='lat' dir='ltr'><strong>cum</strong></span> <span class='ocrx_word' id='word_1_24' title='bbox 1383 527 1586 584; x_wconf 88' lang='lat' dir='ltr'><strong>missis</strong></span> <span class='ocrx_word' id='word_1_25' title='bbox 1635 530 1852 586; x_wconf 82' lang='lat' dir='ltr'><strong>nostris</strong></span> 
     </span>
    </p>
   </div>
   <div class='ocr_carea' id='block_1_6' title="bbox 186 615 1854 695">
    <p class='ocr_par' dir='ltr' id='par_1_6' title="bbox 186 615 1854 695">
     <span class='ocr_line' id='line_1_6' title="bbox 186 615 1854 695; baseline -0.007 -14"><span class='ocrx_word' id='word_1_26' title='bbox 186 623 403 680; x_wconf 82' lang='lat' dir='ltr'><strong>Metim</strong></span> <span class='ocrx_word' id='word_1_27' title='bbox 447 615 921 695; x_wconf 82' lang='lat' dir='ltr'><strong>proficiscamini,</strong></span> <span class='ocrx_word' id='word_1_28' title='bbox 953 615 1209 688; x_wconf 83' lang='lat' dir='ltr'><strong>illucque</strong></span> <span class='ocrx_word' id='word_1_29' title='bbox 1259 616 1594 672; x_wconf 87' lang='lat' dir='ltr'><strong>Lotharium</strong></span> <span class='ocrx_word' id='word_1_30' title='bbox 1642 634 1854 673; x_wconf 88' lang='lat' dir='ltr'><strong>convo-</strong></span> 
     </span>
    </p>
   </div>
   <div class='ocr_carea' id='block_1_7' title="bbox 190 705 1855 779">
    <p class='ocr_par' dir='ltr' id='par_1_7' title="bbox 190 705 1855 779">
     <span class='ocr_line' id='line_1_7' title="bbox 190 705 1855 779; baseline -0.005 -9"><span class='ocrx_word' id='word_1_31' title='bbox 190 718 404 770; x_wconf 85' lang='lat' dir='ltr'><strong>cantes</strong></span> <span class='ocrx_word' id='word_1_32' title='bbox 435 708 772 773; x_wconf 88' lang='lat' dir='ltr'><strong>audiatis,et</strong></span> <span class='ocrx_word' id='word_1_33' title='bbox 791 707 850 761; x_wconf 91' lang='lat' dir='ltr'><strong>in</strong></span> <span class='ocrx_word' id='word_1_34' title='bbox 874 722 1008 761; x_wconf 90' lang='lat' dir='ltr'><strong>eum</strong></span> <span class='ocrx_word' id='word_1_35' title='bbox 1040 705 1387 762; x_wconf 88' lang='lat' dir='ltr'><strong>canonicum</strong></span> <span class='ocrx_word' id='word_1_36' title='bbox 1411 706 1702 778; x_wconf 86' lang='lat' dir='ltr'><strong>judicium</strong></span> <span class='ocrx_word' id='word_1_37' title='bbox 1726 724 1855 779; x_wconf 88' lang='lat' dir='ltr'><strong>pro-</strong></span> 
     </span>
    </p>
   </div>
   <div class='ocr_carea' id='block_1_8' title="bbox 188 793 1855 867">
    <p class='ocr_par' dir='ltr' id='par_1_8' title="bbox 188 793 1855 867">
     <span class='ocr_line' id='line_1_8' title="bbox 188 793 1855 867; baseline -0.004 -8"><span class='ocrx_word' id='word_1_38' title='bbox 188 801 422 859; x_wconf 78' lang='lat' dir='ltr'><strong>feratis.</strong></span> <span class='ocrx_word' id='word_1_39' title='bbox 455 798 618 866; x_wconf 88' lang='lat' dir='ltr'><strong>Quod</strong></span> <span class='ocrx_word' id='word_1_40' title='bbox 650 796 699 852; x_wconf 91' lang='lat' dir='ltr'><strong>si</strong></span> <span class='ocrx_word' id='word_1_41' title='bbox 731 794 925 851; x_wconf 85' lang='lat' dir='ltr'><strong>venire</strong></span> <span class='ocrx_word' id='word_1_42' title='bbox 960 793 1272 862; x_wconf 82' lang='lat' dir='ltr'><strong>distulerit,</strong></span> <span class='ocrx_word' id='word_1_43' title='bbox 1306 798 1362 850; x_wconf 90' lang='lat' dir='ltr'><strong>et</strong></span> <span class='ocrx_word' id='word_1_44' title='bbox 1390 812 1424 849; x_wconf 92' lang='lat' dir='ltr'><strong>a</strong></span> <span class='ocrx_word' id='word_1_45' title='bbox 1455 796 1764 867; x_wconf 67' lang='lat' dir='ltr'><strong>praesentia</strong></span> <span class='ocrx_word' id='word_1_46' title='bbox 1790 812 1855 852; x_wconf 89' lang='lat' dir='ltr'><strong>se</strong></span> 
     </span>
    </p>
   </div>
   <div class='ocr_carea' id='block_1_9' title="bbox 191 882 1852 966">
    <p class='ocr_par' dir='ltr' id='par_1_9' title="bbox 191 882 1852 966">
     <span class='ocr_line' id='line_1_9' title="bbox 191 882 1852 966; baseline -0.005 -17"><span class='ocrx_word' id='word_1_47' title='bbox 191 889 469 966; x_wconf 75' lang='lat' dir='ltr'><strong>synodali</strong></span> <span class='ocrx_word' id='word_1_48' title='bbox 518 885 904 961; x_wconf 61' lang='lat' dir='ltr'><strong>praesentibus</strong></span> <span class='ocrx_word' id='word_1_49' title='bbox 952 882 1161 956; x_wconf 82' lang='lat' dir='ltr'><strong>legatis</strong></span> <span class='ocrx_word' id='word_1_50' title='bbox 1218 883 1432 940; x_wconf 88' lang='lat' dir='ltr'><strong>nostris</strong></span> <span class='ocrx_word' id='word_1_51' title='bbox 1490 884 1852 953; x_wconf 84' lang='lat' dir='ltr'><strong>subduxerit,</strong></span> 
     </span>
    </p>
   </div>
   <div class='ocr_carea' id='block_1_10' title="bbox 193 971 1854 1051">
    <p class='ocr_par' dir='ltr' id='par_1_10' title="bbox 193 971 1854 1051">
     <span class='ocr_line' id='line_1_10' title="bbox 193 971 1854 1051; baseline -0.007 -14"><span class='ocrx_word' id='word_1_52' title='bbox 193 987 258 1037; x_wconf 87' lang='lat' dir='ltr'><strong>et</strong></span> <span class='ocrx_word' id='word_1_53' title='bbox 288 980 362 1036; x_wconf 92' lang='lat' dir='ltr'><strong>ad</strong></span> <span class='ocrx_word' id='word_1_54' title='bbox 393 976 797 1051; x_wconf 75' lang='lat' dir='ltr'><strong>paenitentiam</strong></span> <span class='ocrx_word' id='word_1_55' title='bbox 829 988 894 1028; x_wconf 89' lang='lat' dir='ltr'><strong>ac</strong></span> <span class='ocrx_word' id='word_1_56' title='bbox 925 971 1386 1028; x_wconf 85' lang='lat' dir='ltr'><strong>satisfactionem</strong></span> <span class='ocrx_word' id='word_1_57' title='bbox 1439 973 1714 1045; x_wconf 88' lang='lat' dir='ltr'><strong>repedare</strong></span> <span class='ocrx_word' id='word_1_58' title='bbox 1745 973 1854 1028; x_wconf 91' lang='lat' dir='ltr'><strong>mi-</strong></span> 
     </span>
    </p>
   </div>
   <div class='ocr_carea' id='block_1_11' title="bbox 194 1060 1855 1134">
    <p class='ocr_par' dir='ltr' id='par_1_11' title="bbox 194 1060 1855 1134">
     <span class='ocr_line' id='line_1_11' title="bbox 194 1060 1855 1134; baseline -0.005 -8"><span class='ocrx_word' id='word_1_59' title='bbox 194 1071 364 1126; x_wconf 87' lang='lat' dir='ltr'><strong>nime</strong></span> <span class='ocrx_word' id='word_1_60' title='bbox 395 1064 699 1134; x_wconf 85' lang='lat' dir='ltr'><strong>curaverit,</strong></span> <span class='ocrx_word' id='word_1_61' title='bbox 733 1063 815 1117; x_wconf 90' lang='lat' dir='ltr'><strong>ita</strong></span> <span class='ocrx_word' id='word_1_62' title='bbox 843 1066 907 1116; x_wconf 93' lang='lat' dir='ltr'><strong>ut</strong></span> <span class='ocrx_word' id='word_1_63' title='bbox 949 1060 1397 1133; x_wconf 73' lang='lat' dir='ltr'><strong>praesentialiter</strong></span> <span class='ocrx_word' id='word_1_64' title='bbox 1442 1062 1513 1117; x_wconf 90' lang='lat' dir='ltr'><strong>ad</strong></span> <span class='ocrx_word' id='word_1_65' title='bbox 1564 1063 1855 1134; x_wconf 86' lang='lat' dir='ltr'><strong>synodum</strong></span> 
     </span>
    </p>
   </div>
   <div class='ocr_carea' id='block_1_12' title="bbox 193 1149 1855 1216">
    <p class='ocr_par' dir='ltr' id='par_1_12' title="bbox 193 1149 1855 1216">
     <span class='ocr_line' id='line_1_12' title="bbox 193 1149 1855 1216; baseline -0.007 0"><span class='ocrx_word' id='word_1_66' title='bbox 193 1175 403 1216; x_wconf 89' lang='lat' dir='ltr'><strong>coram</strong></span> <span class='ocrx_word' id='word_1_67' title='bbox 431 1154 635 1212; x_wconf 88' lang='lat' dir='ltr'><strong>missis</strong></span> <span class='ocrx_word' id='word_1_68' title='bbox 662 1152 880 1208; x_wconf 84' lang='lat' dir='ltr'><strong>nostris</strong></span> <span class='ocrx_word' id='word_1_69' title='bbox 907 1149 1336 1215; x_wconf 87' lang='lat' dir='ltr'><strong>satisfacturus,</strong></span> <span class='ocrx_word' id='word_1_70' title='bbox 1370 1154 1428 1205; x_wconf 90' lang='lat' dir='ltr'><strong>et</strong></span> <span class='ocrx_word' id='word_1_71' title='bbox 1456 1167 1490 1205; x_wconf 88' lang='lat' dir='ltr'><strong>a</strong></span> <span class='ocrx_word' id='word_1_72' title='bbox 1520 1150 1736 1207; x_wconf 87' lang='lat' dir='ltr'><strong>scelere</strong></span> <span class='ocrx_word' id='word_1_73' title='bbox 1767 1168 1855 1206; x_wconf 87' lang='lat' dir='ltr'><strong>re-</strong></span> 
     </span>
    </p>
   </div>
   <div class='ocr_carea' id='block_1_13' title="bbox 195 1238 1856 1308">
    <p class='ocr_par' dir='ltr' id='par_1_13' title="bbox 195 1238 1856 1308">
     <span class='ocr_line' id='line_1_13' title="bbox 195 1238 1856 1308; baseline -0.007 -3"><span class='ocrx_word' id='word_1_74' title='bbox 195 1262 485 1305; x_wconf 89' lang='lat' dir='ltr'><strong>cessurus</strong></span> <span class='ocrx_word' id='word_1_75' title='bbox 516 1245 816 1308; x_wconf 86' lang='lat' dir='ltr'><strong>occurrat;</strong></span> <span class='ocrx_word' id='word_1_76' title='bbox 850 1238 1017 1295; x_wconf 90' lang='lat' dir='ltr'><strong>illum</strong></span> <span class='ocrx_word' id='word_1_77' title='bbox 1051 1239 1120 1294; x_wconf 92' lang='lat' dir='ltr'><strong>de</strong></span> <span class='ocrx_word' id='word_1_78' title='bbox 1151 1243 1354 1295; x_wconf 83' lang='lat' dir='ltr'><strong>caetero</strong></span> <span class='ocrx_word' id='word_1_79' title='bbox 1385 1240 1856 1296; x_wconf 85' lang='lat' dir='ltr'><strong>excommunica-</strong></span> 
     </span>
    </p>
   </div>
   <div class='ocr_carea' id='block_1_14' title="bbox 195 1328 1859 1401">
    <p class='ocr_par' dir='ltr' id='par_1_14' title="bbox 195 1328 1859 1401">
     <span class='ocr_line' id='line_1_14' title="bbox 195 1328 1859 1401; baseline -0.005 -8"><span class='ocrx_word' id='word_1_80' title='bbox 195 1344 335 1393; x_wconf 89' lang='lat' dir='ltr'><strong>tum</strong></span> <span class='ocrx_word' id='word_1_81' title='bbox 388 1334 722 1397; x_wconf 84' lang='lat' dir='ltr'><strong>reddemus,</strong></span> <span class='ocrx_word' id='word_1_82' title='bbox 755 1335 813 1385; x_wconf 90' lang='lat' dir='ltr'><strong>et</strong></span> <span class='ocrx_word' id='word_1_83' title='bbox 855 1328 1118 1401; x_wconf 87' lang='lat' dir='ltr'><strong>quandiu</strong></span> <span class='ocrx_word' id='word_1_84' title='bbox 1151 1328 1209 1383; x_wconf 91' lang='lat' dir='ltr'><strong>in</strong></span> <span class='ocrx_word' id='word_1_85' title='bbox 1244 1328 1352 1384; x_wconf 84' lang='lat' dir='ltr'><strong>hoc</strong></span> <span class='ocrx_word' id='word_1_86' title='bbox 1384 1330 1789 1400; x_wconf 82' lang='lat' dir='ltr'><strong>permanserit,</strong></span> <span class='ocrx_word' id='word_1_87' title='bbox 1824 1346 1859 1384; x_wconf 91' lang='lat' dir='ltr'><strong>a</strong></span> 
     </span>
    </p>
   </div>
   <div class='ocr_carea' id='block_1_15' title="bbox 194 1417 1660 1484">
    <p class='ocr_par' dir='ltr' id='par_1_15' title="bbox 194 1417 1660 1484">
     <span class='ocr_line' id='line_1_15' title="bbox 194 1417 1660 1484; baseline -0.006 -1"><span class='ocrx_word' id='word_1_88' title='bbox 194 1429 392 1484; x_wconf 87' lang='lat' dir='ltr'><strong>totius</strong></span> <span class='ocrx_word' id='word_1_89' title='bbox 424 1421 690 1480; x_wconf 80' lang='lat' dir='ltr'><strong>Ecclesiae</strong></span> <span class='ocrx_word' id='word_1_90' title='bbox 720 1418 1016 1477; x_wconf 89' lang='lat' dir='ltr'><strong>consortio</strong></span> <span class='ocrx_word' id='word_1_91' title='bbox 1047 1417 1328 1473; x_wconf 82' lang='lat' dir='ltr'><strong>faciemus</strong></span> <span class='ocrx_word' id='word_1_92' title='bbox 1353 1422 1660 1475; x_wconf 82' lang='lat' dir='ltr'><strong>exsortem.</strong></span> 
     </span>
    </p>
   </div>
   <div class='ocr_carea' id='block_1_16' title="bbox 276 1650 1785 1700">
    <p class='ocr_par' dir='ltr' id='par_1_16' title="bbox 276 1650 1785 1700">
     <span class='ocr_line' id='line_1_16' title="bbox 276 1650 1785 1700; baseline -0.007 0"><span class='ocrx_word' id='word_1_93' title='bbox 276 1663 354 1700; x_wconf 83' lang='grc' dir='ltr'><strong>ΑΙ)</strong></span> <span class='ocrx_word' id='word_1_94' title='bbox 391 1654 687 1697; x_wconf 79' lang='lat' dir='ltr'><strong>EPISCOPOS</strong></span> <span class='ocrx_word' id='word_1_95' title='bbox 726 1653 784 1691; x_wconf 80' lang='grc' dir='ltr'><strong>ΙΝ</strong></span> <span class='ocrx_word' id='word_1_96' title='bbox 825 1650 1082 1690; x_wconf 75' lang='lat' dir='ltr'><strong>CONCILIO</strong></span> <span class='ocrx_word' id='word_1_97' title='bbox 1135 1650 1375 1689; x_wconf 67' lang='lat' dir='ltr'><strong>METENSI</strong></span> <span class='ocrx_word' id='word_1_98' title='bbox 1424 1650 1785 1689; x_wconf 77' lang='lat' dir='ltr'><strong>RESIDENTES.</strong></span> 
     </span>
    </p>
   </div>
   <div class='ocr_carea' id='block_1_17' title="bbox 850 1740 1224 1814">
    <p class='ocr_par' dir='ltr' id='par_1_17' title="bbox 850 1740 1224 1814">
     <span class='ocr_line' id='line_1_17' title="bbox 850 1740 1224 1814; baseline -0.005 -18"><span class='ocrx_word' id='word_1_99' title='bbox 850 1742 1036 1814; x_wconf 84' lang='lat' dir='ltr'><strong>(Anno</strong></span> <span class='ocrx_word' id='word_1_100' title='bbox 1074 1740 1224 1812; x_wconf 87' lang='lat'><strong>862.)</strong></span> 
     </span>
    </p>
   </div>
   <div class='ocr_carea' id='block_1_18' title="bbox 204 1815 1937 1925">
    <p class='ocr_par' dir='ltr' id='par_1_18' title="bbox 204 1815 1937 1925">
     <span class='ocr_line' id='line_1_18' title="bbox 204 1815 1937 1925; baseline -0.008 -9"><span class='ocrx_word' id='word_1_101' title='bbox 204 1862 275 1917; x_wconf 90' lang='lat' dir='ltr'><strong>Ut</strong></span> <span class='ocrx_word' id='word_1_102' title='bbox 308 1856 660 1925; x_wconf 67' lang='lat' dir='ltr'><strong>Theutbergee</strong></span> <span class='ocrx_word' id='word_1_103' title='bbox 684 1866 920 1925; x_wconf 74' lang='lat' dir='ltr'><strong>causam</strong></span> <span class='ocrx_word' id='word_1_104' title='bbox 967 1848 1286 1925; x_wconf 63' lang='lat' dir='ltr'><strong>examinant</strong></span> <span class='ocrx_word' id='word_1_105' title='bbox 1324 1864 1388 1903; x_wconf 90' lang='lat' dir='ltr'><strong>ac</strong></span> <span class='ocrx_word' id='word_1_106' title='bbox 1415 1847 1699 1917; x_wconf 83' lang='lat' dir='ltr'><strong>deﬁniant,</strong></span> <span class='ocrx_word' id='word_1_107' title='bbox 1730 1865 1860 1904; x_wconf 84' lang='lat' dir='ltr'><strong>con-</strong></span> <span class='ocrx_word' id='word_1_108' title='bbox 1889 1815 1937 1880; x_wconf 80' lang='grc' dir='ltr'><strong>Β</strong></span> 
     </span>
    </p>
   </div>
   <div class='ocr_carea' id='block_1_19' title="bbox 618 1918 1449 1994">
    <p class='ocr_par' dir='ltr' id='par_1_19' title="bbox 618 1918 1449 1994">
     <span class='ocr_line' id='line_1_19' title="bbox 618 1918 1449 1994; baseline -0.007 -15"><span class='ocrx_word' id='word_1_109' title='bbox 618 1924 846 1994; x_wconf 87' lang='lat' dir='ltr'><strong>ciliique</strong></span> <span class='ocrx_word' id='word_1_110' title='bbox 873 1922 1003 1975; x_wconf 82' lang='lat' dir='ltr'><strong>Acta</strong></span> <span class='ocrx_word' id='word_1_111' title='bbox 1031 1918 1101 1975; x_wconf 85' lang='lat' dir='ltr'><strong>ad</strong></span> <span class='ocrx_word' id='word_1_112' title='bbox 1121 1934 1179 1974; x_wconf 80' lang='lat' dir='ltr'><strong>se</strong></span> <span class='ocrx_word' id='word_1_113' title='bbox 1208 1921 1449 1975; x_wconf 78' lang='lat' dir='ltr'><strong>mittant.</strong></span> 
     </span>
    </p>
   </div>
   <div class='ocr_carea' id='block_1_20' title="bbox 729 2026 1342 2100">
    <p class='ocr_par' dir='ltr' id='par_1_20' title="bbox 729 2026 1342 2100">
     <span class='ocr_line' id='line_1_20' title="bbox 729 2026 1342 2100; baseline -0.003 -17"><span class='ocrx_word' id='word_1_114' title='bbox 729 2027 915 2100; x_wconf 85' lang='lat' dir='ltr'><strong>[Apud</strong></span> <span class='ocrx_word' id='word_1_115' title='bbox 950 2026 1160 2097; x_wconf 84' lang='lat' dir='ltr'><strong>Mansi,</strong></span> <span class='ocrx_word' id='word_1_116' title='bbox 1184 2026 1342 2093; x_wconf 65' lang='lat' dir='ltr'><strong>ibid]</strong></span> 
     </span>
    </p>
   </div>
   <div class='ocr_carea' id='block_1_21' title="bbox 280 2133 1860 2211">
    <p class='ocr_par' dir='ltr' id='par_1_21' title="bbox 280 2133 1860 2211">
     <span class='ocr_line' id='line_1_21' title="bbox 280 2133 1860 2211; baseline -0.008 -10"><span class='ocrx_word' id='word_1_117' title='bbox 280 2146 574 2201; x_wconf 80' lang='lat' dir='ltr'><strong>NICOLAUS</strong></span> <span class='ocrx_word' id='word_1_118' title='bbox 603 2137 933 2211; x_wconf 88' lang='lat' dir='ltr'><strong>episcopus,</strong></span> <span class='ocrx_word' id='word_1_119' title='bbox 965 2150 1168 2189; x_wconf 89' lang='lat' dir='ltr'><strong>servus</strong></span> <span class='ocrx_word' id='word_1_120' title='bbox 1192 2149 1492 2189; x_wconf 88' lang='lat' dir='ltr'><strong>servorum</strong></span> <span class='ocrx_word' id='word_1_121' title='bbox 1524 2133 1646 2203; x_wconf 96' lang='lat' dir='ltr'><strong>Dei,</strong></span> <span class='ocrx_word' id='word_1_122' title='bbox 1671 2134 1860 2190; x_wconf 89' lang='lat' dir='ltr'><strong>omni-</strong></span> 
     </span>
    </p>
   </div>
   <div class='ocr_carea' id='block_1_22' title="bbox 202 2221 1861 2295">
    <p class='ocr_par' dir='ltr' id='par_1_22' title="bbox 202 2221 1861 2295">
     <span class='ocr_line' id='line_1_22' title="bbox 202 2221 1861 2295; baseline -0.008 -3"><span class='ocrx_word' id='word_1_123' title='bbox 202 2237 326 2291; x_wconf 88' lang='lat' dir='ltr'><strong>bus</strong></span> <span class='ocrx_word' id='word_1_124' title='bbox 360 2225 849 2288; x_wconf 88' lang='lat' dir='ltr'><strong>reverentissimis</strong></span> <span class='ocrx_word' id='word_1_125' title='bbox 878 2221 1330 2295; x_wconf 84' lang='lat' dir='ltr'><strong>archiepiscopis</strong></span> <span class='ocrx_word' id='word_1_126' title='bbox 1350 2224 1743 2279; x_wconf 88' lang='lat' dir='ltr'><strong>confratribus</strong></span> <span class='ocrx_word' id='word_1_127' title='bbox 1764 2242 1861 2279; x_wconf 90' lang='lat' dir='ltr'><strong>no-</strong></span> 
     </span>
    </p>
   </div>
   <div class='ocr_carea' id='block_1_23' title="bbox 205 2311 1860 2391">
    <p class='ocr_par' dir='ltr' id='par_1_23' title="bbox 205 2311 1860 2391">
     <span class='ocr_line' id='line_1_23' title="bbox 205 2311 1860 2391; baseline -0.007 -10"><span class='ocrx_word' id='word_1_128' title='bbox 205 2324 376 2390; x_wconf 84' lang='lat' dir='ltr'><strong>stris,</strong></span> <span class='ocrx_word' id='word_1_129' title='bbox 411 2326 469 2377; x_wconf 91' lang='lat' dir='ltr'><strong>et</strong></span> <span class='ocrx_word' id='word_1_130' title='bbox 511 2315 800 2391; x_wconf 88' lang='lat' dir='ltr'><strong>episcopis</strong></span> <span class='ocrx_word' id='word_1_131' title='bbox 848 2313 908 2368; x_wconf 92' lang='lat' dir='ltr'><strong>in</strong></span> <span class='ocrx_word' id='word_1_132' title='bbox 958 2311 1203 2368; x_wconf 89' lang='lat' dir='ltr'><strong>concilio</strong></span> <span class='ocrx_word' id='word_1_133' title='bbox 1262 2311 1655 2368; x_wconf 87' lang='lat' dir='ltr'><strong>residentibus</strong></span> <span class='ocrx_word' id='word_1_134' title='bbox 1703 2313 1860 2385; x_wconf 85' lang='lat' dir='ltr'><strong>quod</strong></span> 
     </span>
    </p>
   </div>
   <div class='ocr_carea' id='block_1_24' title="bbox 206 2408 758 2470">
    <p class='ocr_par' dir='ltr' id='par_1_24' title="bbox 206 2408 758 2470">
     <span class='ocr_line' id='line_1_24' title="bbox 206 2408 758 2470; baseline -0.018 0"><span class='ocrx_word' id='word_1_135' title='bbox 206 2412 387 2470; x_wconf 86' lang='lat' dir='ltr'><strong>Metis</strong></span> <span class='ocrx_word' id='word_1_136' title='bbox 415 2408 758 2465; x_wconf 88' lang='lat' dir='ltr'><strong>celebratur.</strong></span> 
     </span>
    </p>
   </div>
   <div class='ocr_carea' id='block_1_25' title="bbox 288 2489 1863 2574">
    <p class='ocr_par' dir='ltr' id='par_1_25' title="bbox 288 2489 1863 2574">
     <span class='ocr_line' id='line_1_25' title="bbox 288 2489 1863 2574; baseline -0.007 -17"><span class='ocrx_word' id='word_1_137' title='bbox 288 2504 365 2574; x_wconf 93' lang='lat' dir='ltr'><strong>(a)</strong></span> <span class='ocrx_word' id='word_1_138' title='bbox 397 2493 747 2555; x_wconf 64' lang='lat' dir='ltr'><strong>Reverentia</strong></span> <span class='ocrx_word' id='word_1_139' title='bbox 769 2489 1114 2548; x_wconf 82' lang='lat' dir='ltr'><strong>sacerdotali</strong></span> <span class='ocrx_word' id='word_1_140' title='bbox 1133 2494 1273 2545; x_wconf 90' lang='lat' dir='ltr'><strong>tunc</strong></span> <span class='ocrx_word' id='word_1_141' title='bbox 1295 2490 1529 2546; x_wconf 89' lang='lat' dir='ltr'><strong>debitus</strong></span> <span class='ocrx_word' id='word_1_142' title='bbox 1550 2490 1737 2547; x_wconf 88' lang='lat' dir='ltr'><strong>honor</strong></span> <span class='ocrx_word' id='word_1_143' title='bbox 1756 2492 1863 2547; x_wconf 90' lang='lat' dir='ltr'><strong>im—</strong></span> 
     </span>
    </p>
   </div>
   <div class='ocr_carea' id='block_1_26' title="bbox 209 2578 1861 2664">
    <p class='ocr_par' dir='ltr' id='par_1_26' title="bbox 209 2578 1861 2664">
     <span class='ocr_line' id='line_1_26' title="bbox 209 2578 1861 2664; baseline -0.007 -17"><span class='ocrx_word' id='word_1_144' title='bbox 209 2590 512 2664; x_wconf 90' lang='lat' dir='ltr'><strong>penditur,</strong></span> <span class='ocrx_word' id='word_1_145' title='bbox 547 2599 680 2640; x_wconf 90' lang='lat' dir='ltr'><strong>cum</strong></span> <span class='ocrx_word' id='word_1_146' title='bbox 713 2598 811 2637; x_wconf 88' lang='lat' dir='ltr'><strong>eos</strong></span> <span class='ocrx_word' id='word_1_147' title='bbox 853 2579 912 2634; x_wconf 91' lang='lat' dir='ltr'><strong>in</strong></span> <span class='ocrx_word' id='word_1_148' title='bbox 961 2579 1257 2645; x_wconf 88' lang='lat' dir='ltr'><strong>omnibus,</strong></span> <span class='ocrx_word' id='word_1_149' title='bbox 1290 2596 1416 2651; x_wconf 69' lang='lat' dir='ltr'><strong>quze</strong></span> <span class='ocrx_word' id='word_1_150' title='bbox 1465 2579 1536 2634; x_wconf 90' lang='lat' dir='ltr'><strong>ab</strong></span> <span class='ocrx_word' id='word_1_151' title='bbox 1586 2578 1720 2661; x_wconf 25' lang='lat' dir='ltr'><strong>illis.</strong></span> <span class='ocrx_word' id='word_1_152' title='bbox 1751 2580 1861 2635; x_wconf 87' lang='lat' dir='ltr'><strong>sub</strong></span> 
     </span>
    </p>
   </div>
   <div class='ocr_carea' id='block_1_27' title="bbox 210 2667 1864 2752">
    <p class='ocr_par' dir='ltr' id='par_1_27' title="bbox 210 2667 1864 2752">
     <span class='ocr_line' id='line_1_27' title="bbox 210 2667 1864 2752; baseline -0.008 -17"><span class='ocrx_word' id='word_1_153' title='bbox 210 2680 511 2752; x_wconf 67' lang='lat' dir='ltr'><strong>aequitatis</strong></span> <span class='ocrx_word' id='word_1_154' title='bbox 542 2670 854 2729; x_wconf 86' lang='lat' dir='ltr'><strong>libramine</strong></span> <span class='ocrx_word' id='word_1_155' title='bbox 884 2668 1004 2742; x_wconf 89' lang='lat' dir='ltr'><strong>geri</strong></span> <span class='ocrx_word' id='word_1_156' title='bbox 1037 2667 1268 2734; x_wconf 89' lang='lat' dir='ltr'><strong>debent,</strong></span> <span class='ocrx_word' id='word_1_157' title='bbox 1304 2667 1587 2723; x_wconf 88' lang='lat' dir='ltr'><strong>trutinam</strong></span> <span class='ocrx_word' id='word_1_158' title='bbox 1634 2667 1864 2723; x_wconf 88' lang='lat' dir='ltr'><strong>miseri-</strong></span> 
     </span>
    </p>
   </div>
   <div class='ocr_carea' id='block_1_28' title="bbox 212 2756 1860 2829">
    <p class='ocr_par' dir='ltr' id='par_1_28' title="bbox 212 2756 1860 2829">
     <span class='ocr_line' id='line_1_28' title="bbox 212 2756 1860 2829; baseline -0.008 -4"><span class='ocrx_word' id='word_1_159' title='bbox 212 2766 427 2825; x_wconf 65' lang='lat' dir='ltr'><strong>cordiae</strong></span> <span class='ocrx_word' id='word_1_160' title='bbox 458 2779 591 2819; x_wconf 89' lang='lat' dir='ltr'><strong>cum</strong></span> <span class='ocrx_word' id='word_1_161' title='bbox 624 2760 789 2816; x_wconf 87' lang='lat' dir='ltr'><strong>lance</strong></span> <span class='ocrx_word' id='word_1_162' title='bbox 820 2756 1187 2814; x_wconf 87' lang='lat' dir='ltr'><strong>rectitudinis</strong></span> <span class='ocrx_word' id='word_1_163' title='bbox 1215 2761 1411 2812; x_wconf 83' lang='lat' dir='ltr'><strong>tenere</strong></span> <span class='ocrx_word' id='word_1_164' title='bbox 1442 2756 1860 2829; x_wconf 90' lang='lat' dir='ltr'><strong>conspicimus,</strong></span> 
     </span>
    </p>
   </div>
   <div class='ocr_carea' id='block_1_29' title="bbox 211 2844 1865 2918">
    <p class='ocr_par' dir='ltr' id='par_1_29' title="bbox 211 2844 1865 2918">
     <span class='ocr_line' id='line_1_29' title="bbox 211 2844 1865 2918; baseline -0.008 -4"><span class='ocrx_word' id='word_1_165' title='bbox 211 2864 272 2915; x_wconf 90' lang='lat' dir='ltr'><strong>et</strong></span> <span class='ocrx_word' id='word_1_166' title='bbox 291 2856 543 2912; x_wconf 90' lang='lat' dir='ltr'><strong>tenendo</strong></span> <span class='ocrx_word' id='word_1_167' title='bbox 568 2849 789 2907; x_wconf 90' lang='lat' dir='ltr'><strong>nullius</strong></span> <span class='ocrx_word' id='word_1_168' title='bbox 812 2847 1002 2903; x_wconf 87' lang='lat' dir='ltr'><strong>favore</strong></span> <span class='ocrx_word' id='word_1_169' title='bbox 1020 2844 1359 2911; x_wconf 89' lang='lat' dir='ltr'><strong>retenti,aut</strong></span> <span class='ocrx_word' id='word_1_170' title='bbox 1376 2862 1865 2918; x_wconf 89' lang='lat' dir='ltr'><strong>quorumcunque</strong></span> 
     </span>
    </p>
   </div>
   <div class='ocr_carea' id='block_1_30' title="bbox 212 2932 1864 3013">
    <p class='ocr_par' dir='ltr' id='par_1_30' title="bbox 212 2932 1864 3013">
     <span class='ocr_line' id='line_1_30' title="bbox 212 2932 1864 3013; baseline -0.008 -11"><span class='ocrx_word' id='word_1_171' title='bbox 212 2944 542 3003; x_wconf 88' lang='lat' dir='ltr'><strong>terroribus</strong></span> <span class='ocrx_word' id='word_1_172' title='bbox 573 2937 841 3013; x_wconf 89' lang='lat' dir='ltr'><strong>permoti,</strong></span> <span class='ocrx_word' id='word_1_173' title='bbox 872 2935 960 2991; x_wconf 89' lang='lat' dir='ltr'><strong>vel</strong></span> <span class='ocrx_word' id='word_1_174' title='bbox 993 2934 1168 2990; x_wconf 89' lang='lat' dir='ltr'><strong>etiam</strong></span> <span class='ocrx_word' id='word_1_175' title='bbox 1202 2932 1535 2989; x_wconf 87' lang='lat' dir='ltr'><strong>numerosis</strong></span> <span class='ocrx_word' id='word_1_176' title='bbox 1574 2934 1864 3006; x_wconf 87' lang='lat' dir='ltr'><strong>pecuniis,</strong></span> 
     </span>
    </p>
   </div>
   <div class='ocr_carea' id='block_1_31' title="bbox 214 3022 1864 3099">
    <p class='ocr_par' dir='ltr' id='par_1_31' title="bbox 214 3022 1864 3099">
     <span class='ocr_line' id='line_1_31' title="bbox 214 3022 1864 3099; baseline -0.009 -7"><span class='ocrx_word' id='word_1_177' title='bbox 214 3040 322 3093; x_wconf 86' lang='lat' dir='ltr'><strong>aut</strong></span> <span class='ocrx_word' id='word_1_178' title='bbox 376 3034 664 3089; x_wconf 89' lang='lat' dir='ltr'><strong>honorum</strong></span> <span class='ocrx_word' id='word_1_179' title='bbox 722 3023 1214 3099; x_wconf 87' lang='lat' dir='ltr'><strong>amplitudinibus</strong></span> <span class='ocrx_word' id='word_1_180' title='bbox 1257 3040 1289 3078; x_wconf 91' lang='lat' dir='ltr'><strong>a</strong></span> <span class='ocrx_word' id='word_1_181' title='bbox 1334 3022 1567 3078; x_wconf 86' lang='lat' dir='ltr'><strong>tramite</strong></span> <span class='ocrx_word' id='word_1_182' title='bbox 1616 3023 1864 3095; x_wconf 72' lang='lat' dir='ltr'><strong>justitiae</strong></span> 
     </span>
    </p>
   </div>
   <div class='ocr_carea' id='block_1_32' title="bbox 213 3112 1865 3198">
    <p class='ocr_par' dir='ltr' id='par_1_32' title="bbox 213 3112 1865 3198">
     <span class='ocr_line' id='line_1_32' title="bbox 213 3112 1865 3198; baseline -0.008 -18"><span class='ocrx_word' id='word_1_183' title='bbox 213 3118 630 3198; x_wconf 89' lang='lat' dir='ltr'><strong>quoquomodo</strong></span> <span class='ocrx_word' id='word_1_184' title='bbox 661 3112 922 3171; x_wconf 88' lang='lat' dir='ltr'><strong>inclinati</strong></span> <span class='ocrx_word' id='word_1_185' title='bbox 953 3116 1381 3185; x_wconf 89' lang='lat' dir='ltr'><strong>permutantur.</strong></span> <span class='ocrx_word' id='word_1_186' title='bbox 1414 3112 1526 3167; x_wconf 92' lang='lat' dir='ltr'><strong>Sed</strong></span> <span class='ocrx_word' id='word_1_187' title='bbox 1577 3114 1865 3183; x_wconf 88' lang='lat' dir='ltr'><strong>quantum</strong></span> 
     </span>
    </p>
   </div>
   <div class='ocr_carea' id='block_1_33' title="bbox 1960 530 3612 604">
    <p class='ocr_par' dir='ltr' id='par_1_33' title="bbox 1960 530 3612 604">
     <span class='ocr_line' id='line_1_33' title="bbox 1960 530 3612 604; baseline 0.005 -19"><span class='ocrx_word' id='word_1_188' title='bbox 1960 530 2319 604; x_wconf 84' lang='lat' dir='ltr'><strong>vigilantius,</strong></span> <span class='ocrx_word' id='word_1_189' title='bbox 2354 532 2480 589; x_wconf 90' lang='lat' dir='ltr'><strong>sine</strong></span> <span class='ocrx_word' id='word_1_190' title='bbox 2539 532 2869 590; x_wconf 86' lang='lat' dir='ltr'><strong>dolositatis</strong></span> <span class='ocrx_word' id='word_1_191' title='bbox 2927 534 3180 601; x_wconf 86' lang='lat' dir='ltr'><strong>macula,</strong></span> <span class='ocrx_word' id='word_1_192' title='bbox 3210 534 3300 590; x_wconf 89' lang='lat' dir='ltr'><strong>vel</strong></span> <span class='ocrx_word' id='word_1_193' title='bbox 3351 535 3612 593; x_wconf 80' lang='lat' dir='ltr'><strong>fomento</strong></span> 
     </span>
    </p>
   </div>
   <div class='ocr_carea' id='block_1_34' title="bbox 1961 618 3614 695">
    <p class='ocr_par' dir='ltr' id='par_1_34' title="bbox 1961 618 3614 695">
     <span class='ocr_line' id='line_1_34' title="bbox 1961 618 3614 695; baseline 0.004 -21"><span class='ocrx_word' id='word_1_194' title='bbox 1961 618 2211 690; x_wconf 71' lang='lat' dir='ltr'><strong>invidiaa,</strong></span> <span class='ocrx_word' id='word_1_195' title='bbox 2241 626 2342 677; x_wconf 88' lang='lat' dir='ltr'><strong>aut</strong></span> <span class='ocrx_word' id='word_1_196' title='bbox 2372 622 2487 678; x_wconf 88' lang='lat' dir='ltr'><strong>odii</strong></span> <span class='ocrx_word' id='word_1_197' title='bbox 2519 622 3035 695; x_wconf 75' lang='lat' dir='ltr'><strong>nutrimento,quaa</strong></span> <span class='ocrx_word' id='word_1_198' title='bbox 3066 628 3316 695; x_wconf 84' lang='lat' dir='ltr'><strong>possunt</strong></span> <span class='ocrx_word' id='word_1_199' title='bbox 3346 623 3614 680; x_wconf 64' lang='lat' dir='ltr'><strong>homines</strong></span> 
     </span>
    </p>
   </div>
   <div class='ocr_carea' id='block_1_35' title="bbox 1962 709 3609 784">
    <p class='ocr_par' dir='ltr' id='par_1_35' title="bbox 1962 709 3609 784">
     <span class='ocr_line' id='line_1_35' title="bbox 1962 709 3609 784; baseline 0.005 -22"><span class='ocrx_word' id='word_1_200' title='bbox 1962 725 1997 763; x_wconf 93' lang='lat' dir='ltr'><strong>a</strong></span> <span class='ocrx_word' id='word_1_201' title='bbox 2024 709 2117 764; x_wconf 89' lang='lat' dir='ltr'><strong>via</strong></span> <span class='ocrx_word' id='word_1_202' title='bbox 2173 710 2434 766; x_wconf 89' lang='lat' dir='ltr'><strong>veritatis</strong></span> <span class='ocrx_word' id='word_1_203' title='bbox 2491 716 2835 784; x_wconf 84' lang='lat' dir='ltr'><strong>pervertere,</strong></span> <span class='ocrx_word' id='word_1_204' title='bbox 2866 716 2923 767; x_wconf 92' lang='lat' dir='ltr'><strong>et</strong></span> <span class='ocrx_word' id='word_1_205' title='bbox 2953 730 2987 767; x_wconf 91' lang='lat' dir='ltr'><strong>a</strong></span> <span class='ocrx_word' id='word_1_206' title='bbox 3017 712 3161 768; x_wconf 88' lang='lat' dir='ltr'><strong>calle</strong></span> <span class='ocrx_word' id='word_1_207' title='bbox 3219 714 3609 781; x_wconf 85' lang='lat' dir='ltr'><strong>rectitudinis,</strong></span> 
     </span>
    </p>
   </div>
   <div class='ocr_carea' id='block_1_36' title="bbox 1962 798 3614 873">
    <p class='ocr_par' dir='ltr' id='par_1_36' title="bbox 1962 798 3614 873">
     <span class='ocr_line' id='line_1_36' title="bbox 1962 798 3614 873; baseline 0.004 -21"><span class='ocrx_word' id='word_1_208' title='bbox 1962 798 2107 870; x_wconf 91' lang='lat' dir='ltr'><strong>proh</strong></span> <span class='ocrx_word' id='word_1_209' title='bbox 2140 798 2337 854; x_wconf 89' lang='lat' dir='ltr'><strong>dolor!</strong></span> <span class='ocrx_word' id='word_1_210' title='bbox 2370 798 2681 867; x_wconf 87' lang='lat' dir='ltr'><strong>declinare,</strong></span> <span class='ocrx_word' id='word_1_211' title='bbox 2716 818 2948 873; x_wconf 88' lang='lat' dir='ltr'><strong>semper</strong></span> <span class='ocrx_word' id='word_1_212' title='bbox 3007 802 3191 856; x_wconf 88' lang='lat' dir='ltr'><strong>Deum</strong></span> <span class='ocrx_word' id='word_1_213' title='bbox 3250 818 3369 873; x_wconf 85' lang='lat' dir='ltr'><strong>prce</strong></span> <span class='ocrx_word' id='word_1_214' title='bbox 3429 802 3614 859; x_wconf 88' lang='lat' dir='ltr'><strong>oculis</strong></span> 
     </span>
    </p>
   </div>
   <div class='ocr_carea' id='block_1_37' title="bbox 1962 887 3613 963">
    <p class='ocr_par' dir='ltr' id='par_1_37' title="bbox 1962 887 3613 963">
     <span class='ocr_line' id='line_1_37' title="bbox 1962 887 3613 963; baseline 0.004 -22"><span class='ocrx_word' id='word_1_215' title='bbox 1962 887 2266 955; x_wconf 88' lang='lat' dir='ltr'><strong>habentes,</strong></span> <span class='ocrx_word' id='word_1_216' title='bbox 2296 905 2577 960; x_wconf 87' lang='lat' dir='ltr'><strong>personas</strong></span> <span class='ocrx_word' id='word_1_217' title='bbox 2624 890 2982 962; x_wconf 89' lang='lat' dir='ltr'><strong>principum,</strong></span> <span class='ocrx_word' id='word_1_218' title='bbox 3015 895 3071 945; x_wconf 91' lang='lat' dir='ltr'><strong>et</strong></span> <span class='ocrx_word' id='word_1_219' title='bbox 3099 895 3371 957; x_wconf 88' lang='lat' dir='ltr'><strong>terrores,</strong></span> <span class='ocrx_word' id='word_1_220' title='bbox 3406 892 3507 963; x_wconf 89' lang='lat' dir='ltr'><strong>qui</strong></span> <span class='ocrx_word' id='word_1_221' title='bbox 3540 893 3613 948; x_wconf 91' lang='lat' dir='ltr'><strong>ad</strong></span> 
     </span>
    </p>
   </div>
   <div class='ocr_carea' id='block_1_38' title="bbox 1962 978 3613 1052">
    <p class='ocr_par' dir='ltr' id='par_1_38' title="bbox 1962 978 3613 1052">
     <span class='ocr_line' id='line_1_38' title="bbox 1962 978 3613 1052; baseline 0.003 -20"><span class='ocrx_word' id='word_1_222' title='bbox 1962 979 2199 1049; x_wconf 86' lang='lat' dir='ltr'><strong>tempus</strong></span> <span class='ocrx_word' id='word_1_223' title='bbox 2230 978 2567 1051; x_wconf 79' lang='lat' dir='ltr'><strong>insurgunt,</strong></span> <span class='ocrx_word' id='word_1_224' title='bbox 2589 984 2646 1033; x_wconf 90' lang='lat' dir='ltr'><strong>et</strong></span> <span class='ocrx_word' id='word_1_225' title='bbox 2667 978 2726 1033; x_wconf 88' lang='lat' dir='ltr'><strong>in</strong></span> <span class='ocrx_word' id='word_1_226' title='bbox 2750 983 3010 1052; x_wconf 90' lang='lat' dir='ltr'><strong>tempore</strong></span> <span class='ocrx_word' id='word_1_227' title='bbox 3042 978 3613 1045; x_wconf 84' lang='lat' dir='ltr'><strong>ﬁniuntur,contem-</strong></span> 
     </span>
    </p>
   </div>
   <div class='ocr_carea' id='block_1_39' title="bbox 1965 1066 3614 1141">
    <p class='ocr_par' dir='ltr' id='par_1_39' title="bbox 1965 1066 3614 1141">
     <span class='ocr_line' id='line_1_39' title="bbox 1965 1066 3614 1141; baseline 0.004 -22"><span class='ocrx_word' id='word_1_228' title='bbox 1965 1070 2192 1134; x_wconf 81' lang='lat' dir='ltr'><strong>nentes,</strong></span> <span class='ocrx_word' id='word_1_229' title='bbox 2226 1066 2364 1138; x_wconf 90' lang='lat' dir='ltr'><strong>quid</strong></span> <span class='ocrx_word' id='word_1_230' title='bbox 2398 1066 2456 1121; x_wconf 90' lang='lat' dir='ltr'><strong>in</strong></span> <span class='ocrx_word' id='word_1_231' title='bbox 2502 1066 2597 1122; x_wconf 88' lang='lat' dir='ltr'><strong>his</strong></span> <span class='ocrx_word' id='word_1_232' title='bbox 2635 1068 2880 1138; x_wconf 90' lang='lat' dir='ltr'><strong>justius,</strong></span> <span class='ocrx_word' id='word_1_233' title='bbox 2916 1068 3125 1141; x_wconf 89' lang='lat' dir='ltr'><strong>quidve</strong></span> <span class='ocrx_word' id='word_1_234' title='bbox 3169 1069 3432 1125; x_wconf 87' lang='lat' dir='ltr'><strong>veracius</strong></span> <span class='ocrx_word' id='word_1_235' title='bbox 3479 1087 3614 1125; x_wconf 89' lang='lat' dir='ltr'><strong>cum</strong></span> 
     </span>
    </p>
   </div>
   <div class='ocr_carea' id='block_1_40' title="bbox 1964 1153 3616 1225">
    <p class='ocr_par' dir='ltr' id='par_1_40' title="bbox 1964 1153 3616 1225">
     <span class='ocr_line' id='line_1_40' title="bbox 1964 1153 3616 1225; baseline 0.004 -18"><span class='ocrx_word' id='word_1_236' title='bbox 1964 1153 2100 1209; x_wconf 89' lang='lat' dir='ltr'><strong>fatis</strong></span> <span class='ocrx_word' id='word_1_237' title='bbox 2131 1154 2330 1211; x_wconf 89' lang='lat' dir='ltr'><strong>missis</strong></span> <span class='ocrx_word' id='word_1_238' title='bbox 2361 1155 2580 1211; x_wconf 89' lang='lat' dir='ltr'><strong>nostris</strong></span> <span class='ocrx_word' id='word_1_239' title='bbox 2610 1155 2867 1212; x_wconf 89' lang='lat' dir='ltr'><strong>invenire</strong></span> <span class='ocrx_word' id='word_1_240' title='bbox 2896 1156 3216 1225; x_wconf 87' lang='lat' dir='ltr'><strong>valueritis,</strong></span> <span class='ocrx_word' id='word_1_241' title='bbox 3252 1158 3461 1213; x_wconf 91' lang='lat' dir='ltr'><strong>horum</strong></span> <span class='ocrx_word' id='word_1_242' title='bbox 3486 1175 3616 1213; x_wconf 86' lang='lat' dir='ltr'><strong>con-</strong></span> 
     </span>
    </p>
   </div>
   <div class='ocr_carea' id='block_1_41' title="bbox 1965 1243 3614 1319">
    <p class='ocr_par' dir='ltr' id='par_1_41' title="bbox 1965 1243 3614 1319">
     <span class='ocr_line' id='line_1_41' title="bbox 1965 1243 3614 1319; baseline 0.004 -23"><span class='ocrx_word' id='word_1_243' title='bbox 1965 1258 2143 1297; x_wconf 87' lang='lat' dir='ltr'><strong>sensu</strong></span> <span class='ocrx_word' id='word_1_244' title='bbox 2174 1243 2416 1299; x_wconf 79' lang='lat' dir='ltr'><strong>definire</strong></span> <span class='ocrx_word' id='word_1_245' title='bbox 2443 1249 2498 1300; x_wconf 91' lang='lat' dir='ltr'><strong>et</strong></span> <span class='ocrx_word' id='word_1_246' title='bbox 2529 1248 2785 1301; x_wconf 83' lang='lat' dir='ltr'><strong>statuere</strong></span> <span class='ocrx_word' id='word_1_247' title='bbox 2829 1245 3029 1319; x_wconf 89' lang='lat' dir='ltr'><strong>procul</strong></span> <span class='ocrx_word' id='word_1_248' title='bbox 3078 1246 3255 1301; x_wconf 89' lang='lat' dir='ltr'><strong>dubio</strong></span> <span class='ocrx_word' id='word_1_249' title='bbox 3304 1247 3614 1314; x_wconf 78' lang='lat' dir='ltr'><strong>studentis,</strong></span> 
     </span>
    </p>
   </div>
   <div class='ocr_carea' id='block_1_42' title="bbox 1965 1331 3617 1407">
    <p class='ocr_par' dir='ltr' id='par_1_42' title="bbox 1965 1331 3617 1407">
     <span class='ocr_line' id='line_1_42' title="bbox 1965 1331 3617 1407; baseline 0.005 -23"><span class='ocrx_word' id='word_1_250' title='bbox 1965 1336 2236 1387; x_wconf 90' lang='lat' dir='ltr'><strong>caventes</strong></span> <span class='ocrx_word' id='word_1_251' title='bbox 2268 1331 2376 1387; x_wconf 92' lang='lat' dir='ltr'><strong>hoc</strong></span> <span class='ocrx_word' id='word_1_252' title='bbox 2407 1334 2562 1405; x_wconf 90' lang='lat' dir='ltr'><strong>quod</strong></span> <span class='ocrx_word' id='word_1_253' title='bbox 2594 1351 2697 1406; x_wconf 87' lang='lat' dir='ltr'><strong>per</strong></span> <span class='ocrx_word' id='word_1_254' title='bbox 2726 1334 3069 1407; x_wconf 88' lang='lat' dir='ltr'><strong>prophetam</strong></span> <span class='ocrx_word' id='word_1_255' title='bbox 3098 1335 3313 1391; x_wconf 88' lang='lat' dir='ltr'><strong>dicitur</strong></span> <span class='ocrx_word' id='word_1_256' title='bbox 3346 1353 3357 1391; x_wconf 76' lang='grc' dir='ltr'>ε</span> <span class='ocrx_word' id='word_1_257' title='bbox 3397 1340 3500 1394; x_wconf 63' lang='lat' dir='ltr'><strong>Vae</strong></span> <span class='ocrx_word' id='word_1_258' title='bbox 3530 1337 3617 1393; x_wconf 78' lang='lat' dir='ltr'><strong>his</strong></span> 
     </span>
    </p>
   </div>
   <div class='ocr_carea' id='block_1_43' title="bbox 1966 1420 3616 1497">
    <p class='ocr_par' dir='ltr' id='par_1_43' title="bbox 1966 1420 3616 1497">
     <span class='ocr_line' id='line_1_43' title="bbox 1966 1420 3616 1497; baseline 0.004 -23"><span class='ocrx_word' id='word_1_259' title='bbox 1966 1422 2065 1490; x_wconf 89' lang='lat' dir='ltr'><strong>qui</strong></span> <span class='ocrx_word' id='word_1_260' title='bbox 2091 1420 2281 1477; x_wconf 85' lang='lat' dir='ltr'><strong>dicunt</strong></span> <span class='ocrx_word' id='word_1_261' title='bbox 2311 1423 2515 1477; x_wconf 85' lang='lat' dir='ltr'><strong>bonum</strong></span> <span class='ocrx_word' id='word_1_262' title='bbox 2545 1425 2772 1491; x_wconf 87' lang='lat' dir='ltr'><strong>malum,</strong></span> <span class='ocrx_word' id='word_1_263' title='bbox 2805 1432 2857 1479; x_wconf 92' lang='lat' dir='ltr'><strong>et</strong></span> <span class='ocrx_word' id='word_1_264' title='bbox 2882 1425 3091 1479; x_wconf 85' lang='lat' dir='ltr'><strong>malum</strong></span> <span class='ocrx_word' id='word_1_265' title='bbox 3121 1424 3318 1480; x_wconf 84' lang='lat' dir='ltr'><strong>bonum</strong></span> <span class='ocrx_word' id='word_1_266' title='bbox 3347 1443 3366 1480; x_wconf 87' lang='lat'><strong><em>:</em></strong></span> <span class='ocrx_word' id='word_1_267' title='bbox 3396 1427 3495 1497; x_wconf 87' lang='lat' dir='ltr'><strong>qui</strong></span> <span class='ocrx_word' id='word_1_268' title='bbox 3517 1442 3616 1497; x_wconf 87' lang='lat' dir='ltr'><strong>po-</strong></span> 
     </span>
    </p>
   </div>
   <div class='ocr_carea' id='block_1_44' title="bbox 1964 1512 3619 1586">
    <p class='ocr_par' dir='ltr' id='par_1_44' title="bbox 1964 1512 3619 1586">
     <span class='ocr_line' id='line_1_44' title="bbox 1964 1512 3619 1586; baseline 0.004 -23"><span class='ocrx_word' id='word_1_269' title='bbox 1964 1518 2107 1564; x_wconf 89' lang='lat' dir='ltr'><strong>nunt</strong></span> <span class='ocrx_word' id='word_1_270' title='bbox 2135 1512 2383 1567; x_wconf 76' lang='lat' dir='ltr'><strong>tenebras</strong></span> <span class='ocrx_word' id='word_1_271' title='bbox 2433 1512 2625 1580; x_wconf 75' lang='lat' dir='ltr'><strong>lucem,</strong></span> <span class='ocrx_word' id='word_1_272' title='bbox 2653 1521 2705 1567; x_wconf 78' lang='lat' dir='ltr'><strong>et</strong></span> <span class='ocrx_word' id='word_1_273' title='bbox 2731 1513 2906 1568; x_wconf 83' lang='lat' dir='ltr'><strong>lucem</strong></span> <span class='ocrx_word' id='word_1_274' title='bbox 2954 1513 3201 1569; x_wconf 77' lang='lat' dir='ltr'><strong>tenebras</strong></span> <span class='ocrx_word' id='word_1_275' title='bbox 3233 1532 3252 1569; x_wconf 92' lang='lat'><em>:</em></span> <span class='ocrx_word' id='word_1_276' title='bbox 3285 1516 3383 1586; x_wconf 87' lang='lat' dir='ltr'><strong>qui</strong></span> <span class='ocrx_word' id='word_1_277' title='bbox 3427 1515 3619 1571; x_wconf 83' lang='lat' dir='ltr'><strong>dicunt</strong></span> 
     </span>
    </p>
   </div>
   <div class='ocr_carea' id='block_1_45' title="bbox 1967 1598 3618 1670">
    <p class='ocr_par' dir='ltr' id='par_1_45' title="bbox 1967 1598 3618 1670">
     <span class='ocr_line' id='line_1_45' title="bbox 1967 1598 3618 1670; baseline 0.004 -19"><span class='ocrx_word' id='word_1_278' title='bbox 1967 1598 2123 1653; x_wconf 83' lang='lat' dir='ltr'><strong>dulce</strong></span> <span class='ocrx_word' id='word_1_279' title='bbox 2180 1616 2452 1666; x_wconf 89' lang='lat' dir='ltr'><strong>amarum,</strong></span> <span class='ocrx_word' id='word_1_280' title='bbox 2482 1608 2534 1656; x_wconf 88' lang='lat' dir='ltr'><strong>et</strong></span> <span class='ocrx_word' id='word_1_281' title='bbox 2583 1617 2842 1656; x_wconf 86' lang='lat' dir='ltr'><strong>amarum</strong></span> <span class='ocrx_word' id='word_1_282' title='bbox 2901 1602 3057 1658; x_wconf 85' lang='lat' dir='ltr'><strong>dulce</strong></span> <span class='ocrx_word' id='word_1_283' title='bbox 3113 1604 3242 1670; x_wconf 78' lang='lat' dir='ltr'><strong>(Isa.</strong></span> <span class='ocrx_word' id='word_1_284' title='bbox 3273 1605 3349 1670; x_wconf 92' lang='lat' dir='ltr'><strong>v).</strong></span> <span class='ocrx_word' id='word_1_285' title='bbox 3383 1602 3530 1658; x_wconf 89' lang='lat' dir='ltr'><strong>Nam</strong></span> <span class='ocrx_word' id='word_1_286' title='bbox 3560 1606 3618 1658; x_wconf 92' lang='lat' dir='ltr'><strong>et</strong></span> 
     </span>
    </p>
   </div>
   <div class='ocr_carea' id='block_1_46' title="bbox 1969 1686 3617 1763">
    <p class='ocr_par' dir='ltr' id='par_1_46' title="bbox 1969 1686 3617 1763">
     <span class='ocr_line' id='line_1_46' title="bbox 1969 1686 3617 1763; baseline 0.004 -22"><span class='ocrx_word' id='word_1_287' title='bbox 1969 1686 2300 1760; x_wconf 87' lang='lat' dir='ltr'><strong>evangelica</strong></span> <span class='ocrx_word' id='word_1_288' title='bbox 2326 1688 2480 1744; x_wconf 89' lang='lat' dir='ltr'><strong>inter</strong></span> <span class='ocrx_word' id='word_1_289' title='bbox 2509 1694 2869 1763; x_wconf 70' lang='lat' dir='ltr'><strong>cestera,quae</strong></span> <span class='ocrx_word' id='word_1_290' title='bbox 2891 1707 3000 1747; x_wconf 91' lang='lat' dir='ltr'><strong>nos</strong></span> <span class='ocrx_word' id='word_1_291' title='bbox 3029 1691 3100 1746; x_wconf 89' lang='lat' dir='ltr'><strong>ad</strong></span> <span class='ocrx_word' id='word_1_292' title='bbox 3133 1692 3278 1748; x_wconf 89' lang='lat' dir='ltr'><strong>bene</strong></span> <span class='ocrx_word' id='word_1_293' title='bbox 3304 1692 3617 1747; x_wconf 90' lang='lat' dir='ltr'><strong>vivendum</strong></span> 
     </span>
    </p>
   </div>
   <div class='ocr_carea' id='block_1_47' title="bbox 1969 1775 3619 1853">
    <p class='ocr_par' dir='ltr' id='par_1_47' title="bbox 1969 1775 3619 1853">
     <span class='ocr_line' id='line_1_47' title="bbox 1969 1775 3619 1853; baseline 0.005 -23"><span class='ocrx_word' id='word_1_294' title='bbox 1969 1775 2228 1843; x_wconf 89' lang='lat' dir='ltr'><strong>instruit,</strong></span> <span class='ocrx_word' id='word_1_295' title='bbox 2263 1779 2551 1835; x_wconf 89' lang='lat' dir='ltr'><strong>sententia</strong></span> <span class='ocrx_word' id='word_1_296' title='bbox 2581 1778 2858 1834; x_wconf 90' lang='lat' dir='ltr'><strong>admonet</strong></span> <span class='ocrx_word' id='word_1_297' title='bbox 2886 1780 3125 1837; x_wconf 89' lang='lat' dir='ltr'><strong>dicens:</strong></span> <span class='ocrx_word' id='word_1_298' title='bbox 3159 1782 3341 1838; x_wconf 85' lang='lat' dir='ltr'><strong>Nolite</strong></span> <span class='ocrx_word' id='word_1_299' title='bbox 3360 1781 3619 1853; x_wconf 78' lang='lat' dir='ltr'><strong>judicare</strong></span> 
     </span>
    </p>
   </div>
   <div class='ocr_carea' id='block_1_48' title="bbox 1968 1866 3614 1940">
    <p class='ocr_par' dir='ltr' id='par_1_48' title="bbox 1968 1866 3614 1940">
     <span class='ocr_line' id='line_1_48' title="bbox 1968 1866 3614 1940; baseline 0.004 -20"><span class='ocrx_word' id='word_1_300' title='bbox 1968 1866 2263 1921; x_wconf 81' lang='lat' dir='ltr'><strong>secundum</strong></span> <span class='ocrx_word' id='word_1_301' title='bbox 2292 1868 2606 1935; x_wconf 75' lang='lat' dir='ltr'><strong>facicm,sed</strong></span> <span class='ocrx_word' id='word_1_302' title='bbox 2624 1869 2840 1940; x_wconf 72' lang='lat' dir='ltr'><strong>justum</strong></span> <span class='ocrx_word' id='word_1_303' title='bbox 2858 1868 3137 1940; x_wconf 82' lang='lat' dir='ltr'><strong>judicium</strong></span> <span class='ocrx_word' id='word_1_304' title='bbox 3165 1869 3413 1940; x_wconf 86' lang='lat' dir='ltr'><strong>judicate</strong></span> <span class='ocrx_word' id='word_1_305' title='bbox 3439 1871 3614 1938; x_wconf 85' lang='lat' dir='ltr'><strong>(Joan.</strong></span> 
     </span>
    </p>
   </div>
   <div class='ocr_carea' id='block_1_49' title="bbox 1970 1954 3620 2029">
    <p class='ocr_par' dir='ltr' id='par_1_49' title="bbox 1970 1954 3620 2029">
     <span class='ocr_line' id='line_1_49' title="bbox 1970 1954 3620 2029; baseline 0.004 -21"><span class='ocrx_word' id='word_1_306' title='bbox 1970 1954 2066 2024; x_wconf 71' lang='grc' dir='ltr'><strong>ιχ).</strong></span> <span class='ocrx_word' id='word_1_307' title='bbox 2104 1954 2411 2010; x_wconf 89' lang='lat' dir='ltr'><strong>Psalmista</strong></span> <span class='ocrx_word' id='word_1_308' title='bbox 2441 1972 2673 2028; x_wconf 92' lang='lat' dir='ltr'><strong>quoque</strong></span> <span class='ocrx_word' id='word_1_309' title='bbox 2706 1957 2788 2011; x_wconf 89' lang='lat' dir='ltr'><strong>ait</strong></span> <span class='ocrx_word' id='word_1_310' title='bbox 2820 1973 2833 2011; x_wconf 92' lang='lat'><strong>:</strong></span> <span class='ocrx_word' id='word_1_311' title='bbox 2866 1959 2931 2014; x_wconf 88' lang='lat' dir='ltr'><strong>Si</strong></span> <span class='ocrx_word' id='word_1_312' title='bbox 2956 1973 3077 2014; x_wconf 81' lang='lat' dir='ltr'><strong>vere</strong></span> <span class='ocrx_word' id='word_1_313' title='bbox 3110 1960 3299 2029; x_wconf 84' lang='lat' dir='ltr'><strong>utique</strong></span> <span class='ocrx_word' id='word_1_314' title='bbox 3338 1959 3620 2029; x_wconf 73' lang='lat' dir='ltr'><strong>justitiam</strong></span> 
     </span>
    </p>
   </div>
   <div class='ocr_carea' id='block_1_50' title="bbox 1971 2043 3616 2119">
    <p class='ocr_par' dir='ltr' id='par_1_50' title="bbox 1971 2043 3616 2119">
     <span class='ocr_line' id='line_1_50' title="bbox 1971 2043 3616 2119; baseline 0.003 -22"><span class='ocrx_word' id='word_1_315' title='bbox 1971 2043 2283 2114; x_wconf 84' lang='lat' dir='ltr'><strong>loquimini,</strong></span> <span class='ocrx_word' id='word_1_316' title='bbox 2306 2045 2459 2115; x_wconf 78' lang='lat' dir='ltr'><strong>justo</strong></span> <span class='ocrx_word' id='word_1_317' title='bbox 2498 2044 2762 2116; x_wconf 87' lang='lat' dir='ltr'><strong>judicate,</strong></span> <span class='ocrx_word' id='word_1_318' title='bbox 2794 2046 2906 2116; x_wconf 84' lang='lat' dir='ltr'><strong>ﬁlii</strong></span> <span class='ocrx_word' id='word_1_319' title='bbox 2942 2046 3229 2102; x_wconf 81' lang='lat' dir='ltr'><strong>hominum</strong></span> <span class='ocrx_word' id='word_1_320' title='bbox 3256 2047 3428 2115; x_wconf 74' lang='lat' dir='ltr'><strong>(Psal.</strong></span> <span class='ocrx_word' id='word_1_321' title='bbox 3464 2048 3616 2119; x_wconf 83' lang='lat' dir='ltr'><strong>Lvu).</strong></span> 
     </span>
    </p>
   </div>
   <div class='ocr_carea' id='block_1_51' title="bbox 1970 2132 3616 2206">
    <p class='ocr_par' dir='ltr' id='par_1_51' title="bbox 1970 2132 3616 2206">
     <span class='ocr_line' id='line_1_51' title="bbox 1970 2132 3616 2206; baseline 0.003 -19"><span class='ocrx_word' id='word_1_322' title='bbox 1970 2132 2153 2203; x_wconf 85' lang='lat' dir='ltr'><strong>Igitur</strong></span> <span class='ocrx_word' id='word_1_323' title='bbox 2168 2148 2300 2187; x_wconf 91' lang='lat' dir='ltr'><strong>cum</strong></span> <span class='ocrx_word' id='word_1_324' title='bbox 2317 2132 2503 2189; x_wconf 86' lang='lat' dir='ltr'><strong>multa</strong></span> <span class='ocrx_word' id='word_1_325' title='bbox 2519 2133 2882 2206; x_wconf 90' lang='lat' dir='ltr'><strong>sint,quibus</strong></span> <span class='ocrx_word' id='word_1_326' title='bbox 2899 2138 3151 2191; x_wconf 88' lang='lat' dir='ltr'><strong>vestram</strong></span> <span class='ocrx_word' id='word_1_327' title='bbox 3172 2134 3616 2203; x_wconf 88' lang='lat' dir='ltr'><strong>fraternitatem,</strong></span> 
     </span>
    </p>
   </div>
   <div class='ocr_carea' id='block_1_52' title="bbox 1971 2220 3619 2295">
    <p class='ocr_par' dir='ltr' id='par_1_52' title="bbox 1971 2220 3619 2295">
     <span class='ocr_line' id='line_1_52' title="bbox 1971 2220 3619 2295; baseline 0.002 -20"><span class='ocrx_word' id='word_1_328' title='bbox 1971 2238 2087 2276; x_wconf 91' lang='lat' dir='ltr'><strong>non</strong></span> <span class='ocrx_word' id='word_1_329' title='bbox 2116 2220 2421 2276; x_wconf 89' lang='lat' dir='ltr'><strong>oblivionis</strong></span> <span class='ocrx_word' id='word_1_330' title='bbox 2451 2226 2553 2277; x_wconf 89' lang='lat' dir='ltr'><strong>aut</strong></span> <span class='ocrx_word' id='word_1_331' title='bbox 2576 2221 2918 2294; x_wconf 63' lang='lat' dir='ltr'><strong>ignorantia;</strong></span> <span class='ocrx_word' id='word_1_332' title='bbox 2948 2240 3127 2279; x_wconf 89' lang='lat' dir='ltr'><strong>causa</strong></span> <span class='ocrx_word' id='word_1_333' title='bbox 3157 2224 3229 2279; x_wconf 91' lang='lat' dir='ltr'><strong>de</strong></span> <span class='ocrx_word' id='word_1_334' title='bbox 3258 2223 3422 2280; x_wconf 91' lang='lat' dir='ltr'><strong>vobis</strong></span> <span class='ocrx_word' id='word_1_335' title='bbox 3458 2223 3619 2295; x_wconf 85' lang='lat' dir='ltr'><strong>judi-</strong></span> 
     </span>
    </p>
   </div>
   <div class='ocr_carea' id='block_1_53' title="bbox 1971 2309 3620 2384">
    <p class='ocr_par' dir='ltr' id='par_1_53' title="bbox 1971 2309 3620 2384">
     <span class='ocr_line' id='line_1_53' title="bbox 1971 2309 3620 2384; baseline 0.003 -19"><span class='ocrx_word' id='word_1_336' title='bbox 1971 2314 2191 2377; x_wconf 88' lang='lat' dir='ltr'><strong>cantes,</strong></span> <span class='ocrx_word' id='word_1_337' title='bbox 2226 2309 2327 2365; x_wconf 91' lang='lat' dir='ltr'><strong>sed</strong></span> <span class='ocrx_word' id='word_1_338' title='bbox 2359 2309 2663 2366; x_wconf 90' lang='lat' dir='ltr'><strong>charitatis</strong></span> <span class='ocrx_word' id='word_1_339' title='bbox 2693 2312 2957 2368; x_wconf 89' lang='lat' dir='ltr'><strong>studium</strong></span> <span class='ocrx_word' id='word_1_340' title='bbox 2991 2312 3428 2384; x_wconf 88' lang='lat' dir='ltr'><strong>amplectentes,</strong></span> <span class='ocrx_word' id='word_1_341' title='bbox 3461 2329 3620 2371; x_wconf 85' lang='lat' dir='ltr'><strong>com-</strong></span> 
     </span>
    </p>
   </div>
   <div class='ocr_carea' id='block_1_54' title="bbox 1971 2400 3617 2471">
    <p class='ocr_par' dir='ltr' id='par_1_54' title="bbox 1971 2400 3617 2471">
     <span class='ocr_line' id='line_1_54' title="bbox 1971 2400 3617 2471; baseline 0.002 -16"><span class='ocrx_word' id='word_1_342' title='bbox 1971 2416 2210 2455; x_wconf 90' lang='lat' dir='ltr'><strong>monere</strong></span> <span class='ocrx_word' id='word_1_343' title='bbox 2260 2400 2559 2471; x_wconf 89' lang='lat' dir='ltr'><strong>possimus</strong></span> <span class='ocrx_word' id='word_1_344' title='bbox 2591 2418 2605 2456; x_wconf 92' lang='lat'>:</span> <span class='ocrx_word' id='word_1_345' title='bbox 2638 2400 2760 2456; x_wconf 61' lang='lat' dir='ltr'><strong>hinc</strong></span> <span class='ocrx_word' id='word_1_346' title='bbox 2808 2401 2937 2457; x_wconf 89' lang='lat' dir='ltr'><strong>ideo</strong></span> <span class='ocrx_word' id='word_1_347' title='bbox 2987 2402 3258 2457; x_wconf 85' lang='lat' dir='ltr'><strong>sufﬁcere</strong></span> <span class='ocrx_word' id='word_1_348' title='bbox 3303 2402 3617 2471; x_wconf 88' lang='lat' dir='ltr'><strong>credimus,</strong></span> 
     </span>
    </p>
   </div>
   <div class='ocr_carea' id='block_1_55' title="bbox 1972 2488 3619 2563">
    <p class='ocr_par' dir='ltr' id='par_1_55' title="bbox 1972 2488 3619 2563">
     <span class='ocr_line' id='line_1_55' title="bbox 1972 2488 3619 2563; baseline 0.003 -20"><span class='ocrx_word' id='word_1_349' title='bbox 1972 2488 2111 2560; x_wconf 85' lang='lat' dir='ltr'><strong>quia</strong></span> <span class='ocrx_word' id='word_1_350' title='bbox 2141 2490 2211 2543; x_wconf 90' lang='lat' dir='ltr'><strong>ad</strong></span> <span class='ocrx_word' id='word_1_351' title='bbox 2248 2488 2417 2561; x_wconf 91' lang='lat' dir='ltr'><strong>plura</strong></span> <span class='ocrx_word' id='word_1_352' title='bbox 2444 2505 2546 2544; x_wconf 90' lang='lat' dir='ltr'><strong>vos</strong></span> <span class='ocrx_word' id='word_1_353' title='bbox 2577 2494 2635 2545; x_wconf 89' lang='lat' dir='ltr'><strong>et</strong></span> <span class='ocrx_word' id='word_1_354' title='bbox 2663 2490 3027 2562; x_wconf 61' lang='lat' dir='ltr'><strong>evangelicae,</strong></span> <span class='ocrx_word' id='word_1_355' title='bbox 3061 2495 3238 2563; x_wconf 88' lang='lat' dir='ltr'><strong>atque</strong></span> <span class='ocrx_word' id='word_1_356' title='bbox 3268 2491 3619 2563; x_wconf 74' lang='lat' dir='ltr'><strong>apostolicae,</strong></span> 
     </span>
    </p>
   </div>
   <div class='ocr_carea' id='block_1_56' title="bbox 1972 2576 3624 2651">
    <p class='ocr_par' dir='ltr' id='par_1_56' title="bbox 1972 2576 3624 2651">
     <span class='ocr_line' id='line_1_56' title="bbox 1972 2576 3624 2651; baseline 0.002 -20"><span class='ocrx_word' id='word_1_357' title='bbox 1972 2576 2440 2649; x_wconf 72' lang='lat' dir='ltr'><strong>propheticzeque</strong></span> <span class='ocrx_word' id='word_1_358' title='bbox 2471 2577 2739 2634; x_wconf 90' lang='lat' dir='ltr'><strong>lectionis</strong></span> <span class='ocrx_word' id='word_1_359' title='bbox 2769 2578 3046 2651; x_wconf 87' lang='lat' dir='ltr'><strong>dogmata</strong></span> <span class='ocrx_word' id='word_1_360' title='bbox 3074 2578 3132 2633; x_wconf 92' lang='lat' dir='ltr'><strong>in</strong></span> <span class='ocrx_word' id='word_1_361' title='bbox 3165 2578 3386 2635; x_wconf 85' lang='lat' dir='ltr'><strong>talibus</strong></span> <span class='ocrx_word' id='word_1_362' title='bbox 3407 2596 3624 2635; x_wconf 87' lang='lat' dir='ltr'><strong>memo-</strong></span> 
     </span>
    </p>
   </div>
   <div class='ocr_carea' id='block_1_57' title="bbox 1973 2666 3621 2741">
    <p class='ocr_par' dir='ltr' id='par_1_57' title="bbox 1973 2666 3621 2741">
     <span class='ocr_line' id='line_1_57' title="bbox 1973 2666 3621 2741; baseline 0.002 -22"><span class='ocrx_word' id='word_1_363' title='bbox 1973 2667 2060 2719; x_wconf 85' lang='lat' dir='ltr'><strong>ria</strong></span> <span class='ocrx_word' id='word_1_364' title='bbox 2088 2666 2501 2721; x_wconf 88' lang='lat' dir='ltr'><strong>transcendere</strong></span> <span class='ocrx_word' id='word_1_365' title='bbox 2518 2683 2633 2720; x_wconf 91' lang='lat' dir='ltr'><strong>non</strong></span> <span class='ocrx_word' id='word_1_366' title='bbox 2653 2667 3271 2723; x_wconf 88' lang='lat' dir='ltr'><strong>dubitamus.’l‘antum</strong></span> <span class='ocrx_word' id='word_1_367' title='bbox 3291 2673 3467 2741; x_wconf 87' lang='lat' dir='ltr'><strong>est,ut</strong></span> <span class='ocrx_word' id='word_1_368' title='bbox 3485 2686 3621 2726; x_wconf 88' lang='lat' dir='ltr'><strong>cum</strong></span> 
     </span>
    </p>
   </div>
   <div class='ocr_carea' id='block_1_58' title="bbox 1973 2755 3623 2827">
    <p class='ocr_par' dir='ltr' id='par_1_58' title="bbox 1973 2755 3623 2827">
     <span class='ocr_line' id='line_1_58' title="bbox 1973 2755 3623 2827; baseline 0.002 -18"><span class='ocrx_word' id='word_1_369' title='bbox 1973 2755 2266 2826; x_wconf 68' lang='lat' dir='ltr'><strong>aequitatis</strong></span> <span class='ocrx_word' id='word_1_370' title='bbox 2302 2755 2539 2827; x_wconf 90' lang='lat' dir='ltr'><strong>justitia</strong></span> <span class='ocrx_word' id='word_1_371' title='bbox 2586 2755 2645 2809; x_wconf 91' lang='lat' dir='ltr'><strong>in</strong></span> <span class='ocrx_word' id='word_1_372' title='bbox 2698 2756 2967 2827; x_wconf 65' lang='lat' dir='ltr'><strong>praesenti</strong></span> <span class='ocrx_word' id='word_1_373' title='bbox 3014 2756 3462 2823; x_wconf 86' lang='lat' dir='ltr'><strong>examinatione,</strong></span> <span class='ocrx_word' id='word_1_374' title='bbox 3496 2758 3623 2813; x_wconf 83' lang='lat' dir='ltr'><strong>sine</strong></span> 
     </span>
    </p>
   </div>
   <div class='ocr_carea' id='block_1_59' title="bbox 1974 2842 3619 2916">
    <p class='ocr_par' dir='ltr' id='par_1_59' title="bbox 1974 2842 3619 2916">
     <span class='ocr_line' id='line_1_59' title="bbox 1974 2842 3619 2916; baseline 0.001 -17"><span class='ocrx_word' id='word_1_375' title='bbox 1974 2844 2170 2915; x_wconf 88' lang='lat' dir='ltr'><strong>aliquo</strong></span> <span class='ocrx_word' id='word_1_376' title='bbox 2201 2842 2335 2899; x_wconf 91' lang='lat' dir='ltr'><strong>dolo</strong></span> <span class='ocrx_word' id='word_1_377' title='bbox 2368 2842 2450 2898; x_wconf 89' lang='lat' dir='ltr'><strong>vel</strong></span> <span class='ocrx_word' id='word_1_378' title='bbox 2476 2843 2703 2899; x_wconf 69' lang='lat' dir='ltr'><strong>invidia:</strong></span> <span class='ocrx_word' id='word_1_379' title='bbox 2724 2843 3136 2913; x_wconf 88' lang='lat' dir='ltr'><strong>macula,sicut</strong></span> <span class='ocrx_word' id='word_1_380' title='bbox 3153 2846 3372 2916; x_wconf 75' lang='lat' dir='ltr'><strong>praefati</strong></span> <span class='ocrx_word' id='word_1_381' title='bbox 3390 2861 3619 2913; x_wconf 89' lang='lat' dir='ltr'><strong>sumus,</strong></span> 
     </span>
    </p>
   </div>
   <div class='ocr_carea' id='block_1_60' title="bbox 1974 2932 3620 3006">
    <p class='ocr_par' dir='ltr' id='par_1_60' title="bbox 1974 2932 3620 3006">
     <span class='ocr_line' id='line_1_60' title="bbox 1974 2932 3620 3006; baseline 0.001 -19"><span class='ocrx_word' id='word_1_382' title='bbox 1974 2933 2114 3006; x_wconf 88' lang='lat' dir='ltr'><strong>quia</strong></span> <span class='ocrx_word' id='word_1_383' title='bbox 2144 2932 2258 2988; x_wconf 92' lang='lat' dir='ltr'><strong>Deo</strong></span> <span class='ocrx_word' id='word_1_384' title='bbox 2290 2937 2571 3005; x_wconf 82' lang='lat' dir='ltr'><strong>praesente</strong></span> <span class='ocrx_word' id='word_1_385' title='bbox 2619 2933 2917 3000; x_wconf 90' lang='lat' dir='ltr'><strong>assistitis,</strong></span> <span class='ocrx_word' id='word_1_386' title='bbox 2950 2934 3348 3006; x_wconf 84' lang='lat' dir='ltr'><strong>proximorum</strong></span> <span class='ocrx_word' id='word_1_387' title='bbox 3389 2950 3620 3003; x_wconf 88' lang='lat' dir='ltr'><strong>causas,</strong></span> 
     </span>
    </p>
   </div>
   <div class='ocr_carea' id='block_1_61' title="bbox 1975 3021 3622 3094">
    <p class='ocr_par' dir='ltr' id='par_1_61' title="bbox 1975 3021 3622 3094">
     <span class='ocr_line' id='line_1_61' title="bbox 1975 3021 3622 3094; baseline 0.001 -17"><span class='ocrx_word' id='word_1_388' title='bbox 1975 3039 2108 3077; x_wconf 90' lang='lat' dir='ltr'><strong>cum</strong></span> <span class='ocrx_word' id='word_1_389' title='bbox 2134 3023 2261 3093; x_wconf 88' lang='lat' dir='ltr'><strong>jam</strong></span> <span class='ocrx_word' id='word_1_390' title='bbox 2291 3021 2464 3077; x_wconf 91' lang='lat' dir='ltr'><strong>dictis</strong></span> <span class='ocrx_word' id='word_1_391' title='bbox 2496 3021 2697 3077; x_wconf 88' lang='lat' dir='ltr'><strong>missis</strong></span> <span class='ocrx_word' id='word_1_392' title='bbox 2730 3021 2969 3090; x_wconf 89' lang='lat' dir='ltr'><strong>nostris,</strong></span> <span class='ocrx_word' id='word_1_393' title='bbox 2990 3023 3072 3078; x_wconf 90' lang='lat' dir='ltr'><strong>ita</strong></span> <span class='ocrx_word' id='word_1_394' title='bbox 3092 3023 3253 3093; x_wconf 88' lang='lat' dir='ltr'><strong>juste</strong></span> <span class='ocrx_word' id='word_1_395' title='bbox 3281 3026 3339 3078; x_wconf 89' lang='lat' dir='ltr'><strong>et</strong></span> <span class='ocrx_word' id='word_1_396' title='bbox 3367 3022 3622 3094; x_wconf 87' lang='lat' dir='ltr'><strong>irrepre-</strong></span> 
     </span>
    </p>
   </div>
   <div class='ocr_carea' id='block_1_62' title="bbox 1976 3108 3625 3183">
    <p class='ocr_par' dir='ltr' id='par_1_62' title="bbox 1976 3108 3625 3183">
     <span class='ocr_line' id='line_1_62' title="bbox 1976 3108 3625 3183; baseline 0.001 -17"><span class='ocrx_word' id='word_1_397' title='bbox 1976 3108 2341 3166; x_wconf 87' lang='lat' dir='ltr'><strong>hensibiliter</strong></span> <span class='ocrx_word' id='word_1_398' title='bbox 2372 3126 2506 3165; x_wconf 88' lang='lat' dir='ltr'><strong>cum</strong></span> <span class='ocrx_word' id='word_1_399' title='bbox 2538 3110 2639 3166; x_wconf 87' lang='lat' dir='ltr'><strong>Dei</strong></span> <span class='ocrx_word' id='word_1_400' title='bbox 2680 3111 2889 3167; x_wconf 88' lang='lat' dir='ltr'><strong>timore</strong></span> <span class='ocrx_word' id='word_1_401' title='bbox 2936 3112 3177 3167; x_wconf 81' lang='lat' dir='ltr'><strong>definire</strong></span> <span class='ocrx_word' id='word_1_402' title='bbox 3224 3110 3525 3183; x_wconf 84' lang='lat' dir='ltr'><strong>satagatis,</strong></span> <span class='ocrx_word' id='word_1_403' title='bbox 3560 3114 3625 3167; x_wconf 88' lang='lat' dir='ltr'><strong>ut</strong></span> 
     </span>
    </p>
   </div>
   <div class='ocr_carea' id='block_1_63' title="bbox 215 3184 3659 3283">
    <p class='ocr_par' dir='ltr' id='par_1_63' title="bbox 215 3184 3659 3283">
     <span class='ocr_line' id='line_1_63' title="bbox 215 3184 3659 3283; baseline -0.005 -14"><span class='ocrx_word' id='word_1_404' title='bbox 215 3184 308 3269; x_wconf 68' lang='lat' dir='ltr'><strong>eis</strong></span> <span class='ocrx_word' id='word_1_405' title='bbox 338 3184 475 3283; x_wconf 75' lang='lat' dir='ltr'><strong>erga</strong></span> <span class='ocrx_word' id='word_1_406' title='bbox 503 3206 795 3282; x_wconf 84' lang='lat' dir='ltr'><strong>proximos</strong></span> <span class='ocrx_word' id='word_1_407' title='bbox 825 3203 884 3258; x_wconf 90' lang='lat' dir='ltr'><strong>in</strong></span> <span class='ocrx_word' id='word_1_408' title='bbox 917 3184 1282 3257; x_wconf 80' lang='lat' dir='ltr'><strong>discutienda</strong></span> <span class='ocrx_word' id='word_1_409' title='bbox 1321 3216 1461 3255; x_wconf 90' lang='lat' dir='ltr'><strong>cura</strong></span> <span class='ocrx_word' id='word_1_410' title='bbox 1508 3201 1866 3268; x_wconf 89' lang='lat' dir='ltr'><strong>conceditur,</strong></span> <span class='ocrx_word' id='word_1_411' title='bbox 1897 3184 1941 3249; x_wconf 65' lang='grc' dir='ltr'><strong>(Σ</strong></span> <span class='ocrx_word' id='word_1_412' title='bbox 1979 3199 2215 3255; x_wconf 89' lang='lat' dir='ltr'><strong>illorum</strong></span> <span class='ocrx_word' id='word_1_413' title='bbox 2246 3199 2523 3254; x_wconf 87' lang='lat' dir='ltr'><strong>omnibus</strong></span> <span class='ocrx_word' id='word_1_414' title='bbox 2555 3204 2874 3271; x_wconf 79' lang='lat' dir='ltr'><strong>vestraeque</strong></span> <span class='ocrx_word' id='word_1_415' title='bbox 2923 3199 3251 3255; x_wconf 80' lang='lat' dir='ltr'><strong>sanctitatis</strong></span> <span class='ocrx_word' id='word_1_416' title='bbox 3300 3207 3659 3254; x_wconf 75' lang='lat' dir='ltr'><strong>consensus’</strong></span> 
     </span>
    </p>
   </div>
   <div class='ocr_carea' id='block_1_64' title="bbox 216 3289 1872 3366">
    <p class='ocr_par' dir='ltr' id='par_1_64' title="bbox 216 3289 1872 3366">
     <span class='ocr_line' id='line_1_64' title="bbox 216 3289 1872 3366; baseline -0.008 -7"><span class='ocrx_word' id='word_1_417' title='bbox 216 3306 455 3359; x_wconf 85' lang='lat' dir='ltr'><strong>tantum</strong></span> <span class='ocrx_word' id='word_1_418' title='bbox 485 3297 581 3353; x_wconf 89' lang='lat' dir='ltr'><strong>his</strong></span> <span class='ocrx_word' id='word_1_419' title='bbox 611 3295 737 3351; x_wconf 89' lang='lat' dir='ltr'><strong>sine</strong></span> <span class='ocrx_word' id='word_1_420' title='bbox 766 3306 1149 3366; x_wconf 88' lang='lat' dir='ltr'><strong>personarum</strong></span> <span class='ocrx_word' id='word_1_421' title='bbox 1181 3289 1514 3361; x_wconf 88' lang='lat' dir='ltr'><strong>acceptione</strong></span> <span class='ocrx_word' id='word_1_422' title='bbox 1536 3290 1608 3344; x_wconf 89' lang='lat' dir='ltr'><strong>ad</strong></span> <span class='ocrx_word' id='word_1_423' title='bbox 1631 3290 1721 3345; x_wconf 90' lang='lat' dir='ltr'><strong>sui</strong></span> <span class='ocrx_word' id='word_1_424' title='bbox 1743 3306 1872 3345; x_wconf 89' lang='lat' dir='ltr'><strong>cus-</strong></span> 
     </span>
    </p>
   </div>
   <div class='ocr_carea' id='block_1_65' title="bbox 218 3378 1868 3460">
    <p class='ocr_par' dir='ltr' id='par_1_65' title="bbox 218 3378 1868 3460">
     <span class='ocr_line' id='line_1_65' title="bbox 218 3378 1868 3460; baseline -0.008 -13"><span class='ocrx_word' id='word_1_425' title='bbox 218 3391 444 3447; x_wconf 84' lang='lat' dir='ltr'><strong>todiam</strong></span> <span class='ocrx_word' id='word_1_426' title='bbox 474 3401 654 3460; x_wconf 89' lang='lat' dir='ltr'><strong>pavor</strong></span> <span class='ocrx_word' id='word_1_427' title='bbox 682 3398 817 3439; x_wconf 88' lang='lat' dir='ltr'><strong>cum</strong></span> <span class='ocrx_word' id='word_1_428' title='bbox 855 3379 977 3436; x_wconf 88' lang='lat' dir='ltr'><strong>zelo</strong></span> <span class='ocrx_word' id='word_1_429' title='bbox 1024 3378 1392 3434; x_wconf 86' lang='lat' dir='ltr'><strong>rectitudinis</strong></span> <span class='ocrx_word' id='word_1_430' title='bbox 1439 3378 1638 3451; x_wconf 87' lang='lat' dir='ltr'><strong>procul</strong></span> <span class='ocrx_word' id='word_1_431' title='bbox 1689 3379 1868 3435; x_wconf 91' lang='lat' dir='ltr'><strong>dubio</strong></span> 
     </span>
    </p>
   </div>
   <div class='ocr_carea' id='block_1_66' title="bbox 215 3466 1869 3541">
    <p class='ocr_par' dir='ltr' id='par_1_66' title="bbox 215 3466 1869 3541">
     <span class='ocr_line' id='line_1_66' title="bbox 215 3466 1869 3541; baseline -0.009 -5"><span class='ocrx_word' id='word_1_432' title='bbox 215 3475 486 3537; x_wconf 89' lang='lat' dir='ltr'><strong>adhiberi</strong></span> <span class='ocrx_word' id='word_1_433' title='bbox 516 3474 783 3537; x_wconf 90' lang='lat' dir='ltr'><strong>debet,ne</strong></span> <span class='ocrx_word' id='word_1_434' title='bbox 813 3470 1188 3524; x_wconf 88' lang='lat' dir='ltr'><strong>immemores</strong></span> <span class='ocrx_word' id='word_1_435' title='bbox 1209 3466 1369 3522; x_wconf 91' lang='lat' dir='ltr'><strong>illius</strong></span> <span class='ocrx_word' id='word_1_436' title='bbox 1391 3467 1721 3541; x_wconf 78' lang='lat' dir='ltr'><strong>apostolicae</strong></span> <span class='ocrx_word' id='word_1_437' title='bbox 1744 3484 1869 3524; x_wconf 88' lang='lat' dir='ltr'><strong>sen-</strong></span> 
     </span>
    </p>
   </div>
   <div class='ocr_carea' id='block_1_67' title="bbox 212 3558 1869 3630">
    <p class='ocr_par' dir='ltr' id='par_1_67' title="bbox 212 3558 1869 3630">
     <span class='ocr_line' id='line_1_67' title="bbox 212 3558 1869 3630; baseline -0.007 -5"><span class='ocrx_word' id='word_1_438' title='bbox 212 3568 415 3626; x_wconf 72' lang='lat' dir='ltr'><strong>tentia:</strong></span> <span class='ocrx_word' id='word_1_439' title='bbox 466 3564 775 3621; x_wconf 79' lang='lat' dir='ltr'><strong>videantur</strong></span> <span class='ocrx_word' id='word_1_440' title='bbox 829 3558 1122 3614; x_wconf 89' lang='lat' dir='ltr'><strong>dicentis:</strong></span> <span class='ocrx_word' id='word_1_441' title='bbox 1163 3558 1536 3630; x_wconf 76' lang='lat' dir='ltr'><strong>Unusquisque</strong></span> <span class='ocrx_word' id='word_1_442' title='bbox 1582 3559 1869 3629; x_wconf 83' lang='lat' dir='ltr'><strong>propriam</strong></span> 
     </span>
    </p>
   </div>
   <div class='ocr_carea' id='block_1_68' title="bbox 210 3646 1862 3723">
    <p class='ocr_par' dir='ltr' id='par_1_68' title="bbox 210 3646 1862 3723">
     <span class='ocr_line' id='line_1_68' title="bbox 210 3646 1862 3723; baseline -0.008 -9"><span class='ocrx_word' id='word_1_443' title='bbox 210 3656 515 3714; x_wconf 87' lang='lat' dir='ltr'><strong>mercedem</strong></span> <span class='ocrx_word' id='word_1_444' title='bbox 564 3651 791 3723; x_wconf 88' lang='lat' dir='ltr'><strong>accipiet</strong></span> <span class='ocrx_word' id='word_1_445' title='bbox 841 3646 1139 3703; x_wconf 78' lang='lat' dir='ltr'><strong>secundum</strong></span> <span class='ocrx_word' id='word_1_446' title='bbox 1185 3662 1349 3701; x_wconf 76' lang='lat' dir='ltr'><strong>suum</strong></span> <span class='ocrx_word' id='word_1_447' title='bbox 1398 3646 1637 3702; x_wconf 86' lang='lat' dir='ltr'><strong>laborem</strong></span> <span class='ocrx_word' id='word_1_448' title='bbox 1669 3646 1713 3717; x_wconf 89' lang='grc' dir='ltr'><strong>(ι</strong></span> <span class='ocrx_word' id='word_1_449' title='bbox 1742 3646 1862 3702; x_wconf 82' lang='lat' dir='ltr'><strong>Cor.</strong></span> 
     </span>
    </p>
   </div>
   <div class='ocr_carea' id='block_1_69' title="bbox 206 3734 1864 3816">
    <p class='ocr_par' dir='ltr' id='par_1_69' title="bbox 206 3734 1864 3816">
     <span class='ocr_line' id='line_1_69' title="bbox 206 3734 1864 3816; baseline -0.008 -14"><span class='ocrx_word' id='word_1_450' title='bbox 206 3751 321 3816; x_wconf 80' lang='grc' dir='ltr'><strong>ιιι).</strong></span> <span class='ocrx_word' id='word_1_451' title='bbox 357 3745 503 3802; x_wconf 84' lang='lat' dir='ltr'><strong>Nam</strong></span> <span class='ocrx_word' id='word_1_452' title='bbox 561 3758 694 3796; x_wconf 90' lang='lat' dir='ltr'><strong>cum</strong></span> <span class='ocrx_word' id='word_1_453' title='bbox 751 3738 905 3793; x_wconf 89' lang='lat' dir='ltr'><strong>inter</strong></span> <span class='ocrx_word' id='word_1_454' title='bbox 960 3735 1284 3791; x_wconf 90' lang='lat' dir='ltr'><strong>multarum</strong></span> <span class='ocrx_word' id='word_1_455' title='bbox 1336 3734 1864 3790; x_wconf 89' lang='lat' dir='ltr'><strong>ecclesiasticarum</strong></span> 
     </span>
    </p>
   </div>
   <div class='ocr_carea' id='block_1_70' title="bbox 210 3821 1864 3904">
    <p class='ocr_par' dir='ltr' id='par_1_70' title="bbox 210 3821 1864 3904">
     <span class='ocr_line' id='line_1_70' title="bbox 210 3821 1864 3904; baseline -0.009 -13"><span class='ocrx_word' id='word_1_456' title='bbox 210 3851 437 3901; x_wconf 90' lang='lat' dir='ltr'><strong>rerum,</strong></span> <span class='ocrx_word' id='word_1_457' title='bbox 468 3848 597 3904; x_wconf 64' lang='lat' dir='ltr'><strong>quae</strong></span> <span class='ocrx_word' id='word_1_458' title='bbox 630 3829 699 3884; x_wconf 90' lang='lat' dir='ltr'><strong>ad</strong></span> <span class='ocrx_word' id='word_1_459' title='bbox 726 3826 979 3884; x_wconf 88' lang='lat' dir='ltr'><strong>salutem</strong></span> <span class='ocrx_word' id='word_1_460' title='bbox 1009 3829 1067 3880; x_wconf 92' lang='lat' dir='ltr'><strong>et</strong></span> <span class='ocrx_word' id='word_1_461' title='bbox 1096 3823 1229 3879; x_wconf 82' lang='lat' dir='ltr'><strong>fidei</strong></span> <span class='ocrx_word' id='word_1_462' title='bbox 1262 3822 1617 3879; x_wconf 88' lang='lat' dir='ltr'><strong>soliditatem</strong></span> <span class='ocrx_word' id='word_1_463' title='bbox 1664 3821 1864 3896; x_wconf 85' lang='lat' dir='ltr'><strong>pepuli</strong></span> 
     </span>
    </p>
   </div>
   <div class='ocr_carea' id='block_1_71' title="bbox 208 3911 1863 3996">
    <p class='ocr_par' dir='ltr' id='par_1_71' title="bbox 208 3911 1863 3996">
     <span class='ocr_line' id='line_1_71' title="bbox 208 3911 1863 3996; baseline -0.01 -15"><span class='ocrx_word' id='word_1_464' title='bbox 208 3925 313 3981; x_wconf 89' lang='lat' dir='ltr'><strong>Dei</strong></span> <span class='ocrx_word' id='word_1_465' title='bbox 345 3921 635 3996; x_wconf 88' lang='lat' dir='ltr'><strong>pertinere</strong></span> <span class='ocrx_word' id='word_1_466' title='bbox 665 3918 951 3981; x_wconf 89' lang='lat' dir='ltr'><strong>videntur,</strong></span> <span class='ocrx_word' id='word_1_467' title='bbox 985 3918 1183 3969; x_wconf 90' lang='lat' dir='ltr'><strong>noster</strong></span> <span class='ocrx_word' id='word_1_468' title='bbox 1229 3911 1586 3984; x_wconf 87' lang='lat' dir='ltr'><strong>apostolicus</strong></span> <span class='ocrx_word' id='word_1_469' title='bbox 1628 3913 1863 3967; x_wconf 89' lang='lat' dir='ltr'><strong>animus</strong></span> 
     </span>
    </p>
   </div>
   <div class='ocr_carea' id='block_1_72' title="bbox 207 4000 1863 4075">
    <p class='ocr_par' dir='ltr' id='par_1_72' title="bbox 207 4000 1863 4075">
     <span class='ocr_line' id='line_1_72' title="bbox 207 4000 1863 4075; baseline -0.01 -5"><span class='ocrx_word' id='word_1_470' title='bbox 207 4029 424 4070; x_wconf 85' lang='lat' dir='ltr'><strong>causas</strong></span> <span class='ocrx_word' id='word_1_471' title='bbox 482 4007 907 4070; x_wconf 86' lang='lat' dir='ltr'><strong>cxtenderetur,</strong></span> <span class='ocrx_word' id='word_1_472' title='bbox 941 4004 1012 4059; x_wconf 92' lang='lat' dir='ltr'><strong>de</strong></span> <span class='ocrx_word' id='word_1_473' title='bbox 1056 4002 1448 4075; x_wconf 88' lang='lat' dir='ltr'><strong>quarumdam</strong></span> <span class='ocrx_word' id='word_1_474' title='bbox 1510 4000 1863 4061; x_wconf 82' lang='lat' dir='ltr'><strong>feminarum</strong></span> 
     </span>
    </p>
   </div>
   <div class='ocr_carea' id='block_1_73' title="bbox 208 4089 1859 4166">
    <p class='ocr_par' dir='ltr' id='par_1_73' title="bbox 208 4089 1859 4166">
     <span class='ocr_line' id='line_1_73' title="bbox 208 4089 1859 4166; baseline -0.008 -7"><span class='ocrx_word' id='word_1_475' title='bbox 208 4098 629 4163; x_wconf 88' lang='lat' dir='ltr'><strong>controversia,</strong></span> <span class='ocrx_word' id='word_1_476' title='bbox 660 4094 1039 4166; x_wconf 75' lang='lat' dir='ltr'><strong>Theutbergze</strong></span> <span class='ocrx_word' id='word_1_477' title='bbox 1070 4091 1292 4147; x_wconf 87' lang='lat' dir='ltr'><strong>scilicet</strong></span> <span class='ocrx_word' id='word_1_478' title='bbox 1311 4094 1487 4162; x_wconf 89' lang='lat' dir='ltr'><strong>atque</strong></span> <span class='ocrx_word' id='word_1_479' title='bbox 1506 4089 1859 4159; x_wconf 65' lang='lat' dir='ltr'><strong>Waldradm,</strong></span> 
     </span>
    </p>
   </div>
   <div class='ocr_carea' id='block_1_74' title="bbox 209 4178 1861 4256">
    <p class='ocr_par' dir='ltr' id='par_1_74' title="bbox 209 4178 1861 4256">
     <span class='ocr_line' id='line_1_74' title="bbox 209 4178 1861 4256; baseline -0.007 -9"><span class='ocrx_word' id='word_1_480' title='bbox 209 4190 535 4247; x_wconf 89' lang='lat' dir='ltr'><strong>admodum</strong></span> <span class='ocrx_word' id='word_1_481' title='bbox 561 4186 713 4242; x_wconf 88' lang='lat' dir='ltr'><strong>sicut</strong></span> <span class='ocrx_word' id='word_1_482' title='bbox 741 4181 1130 4256; x_wconf 88' lang='lat' dir='ltr'><strong>quorumdam</strong></span> <span class='ocrx_word' id='word_1_483' title='bbox 1165 4179 1557 4247; x_wconf 85' lang='lat' dir='ltr'><strong>referentium,</strong></span> <span class='ocrx_word' id='word_1_484' title='bbox 1592 4178 1731 4251; x_wconf 89' lang='lat' dir='ltr'><strong>quia</strong></span> <span class='ocrx_word' id='word_1_485' title='bbox 1759 4196 1861 4252; x_wconf 87' lang='lat' dir='ltr'><strong>pa-</strong></span> 
     </span>
    </p>
   </div>
   <div class='ocr_carea' id='block_1_75' title="bbox 210 4268 1861 4338">
    <p class='ocr_par' dir='ltr' id='par_1_75' title="bbox 210 4268 1861 4338">
     <span class='ocr_line' id='line_1_75' title="bbox 210 4268 1861 4338; baseline -0.008 -1"><span class='ocrx_word' id='word_1_486' title='bbox 210 4279 454 4338; x_wconf 89' lang='lat' dir='ltr'><strong>storalis</strong></span> <span class='ocrx_word' id='word_1_487' title='bbox 470 4292 577 4332; x_wconf 88' lang='lat' dir='ltr'><strong>nos</strong></span> <span class='ocrx_word' id='word_1_488' title='bbox 594 4290 735 4329; x_wconf 91' lang='lat' dir='ltr'><strong>cura</strong></span> <span class='ocrx_word' id='word_1_489' title='bbox 753 4272 824 4328; x_wconf 90' lang='lat' dir='ltr'><strong>ad</strong></span> <span class='ocrx_word' id='word_1_490' title='bbox 848 4270 1206 4327; x_wconf 88' lang='lat' dir='ltr'><strong>audiendum</strong></span> <span class='ocrx_word' id='word_1_491' title='bbox 1239 4268 1861 4333; x_wconf 84' lang='lat' dir='ltr'><strong>commoverat,relatio</strong></span> 
     </span>
    </p>
   </div>
   <div class='ocr_carea' id='block_1_76' title="bbox 210 4356 1864 4431">
    <p class='ocr_par' dir='ltr' id='par_1_76' title="bbox 210 4356 1864 4431">
     <span class='ocr_line' id='line_1_76' title="bbox 210 4356 1864 4431; baseline -0.008 -5"><span class='ocrx_word' id='word_1_492' title='bbox 210 4370 476 4426; x_wconf 89' lang='lat' dir='ltr'><strong>intentos</strong></span> <span class='ocrx_word' id='word_1_493' title='bbox 509 4363 780 4430; x_wconf 87' lang='lat' dir='ltr'><strong>reddidit,</strong></span> <span class='ocrx_word' id='word_1_494' title='bbox 805 4364 861 4417; x_wconf 90' lang='lat' dir='ltr'><strong>et</strong></span> <span class='ocrx_word' id='word_1_495' title='bbox 883 4375 958 4415; x_wconf 89' lang='lat' dir='ltr'><strong>ne</strong></span> <span class='ocrx_word' id='word_1_496' title='bbox 990 4358 1187 4431; x_wconf 89' lang='lat' dir='ltr'><strong>aliquo</strong></span> <span class='ocrx_word' id='word_1_497' title='bbox 1216 4356 1503 4412; x_wconf 66' lang='lat' dir='ltr'><strong>violentiae</strong></span> <span class='ocrx_word' id='word_1_498' title='bbox 1535 4357 1737 4412; x_wconf 91' lang='lat' dir='ltr'><strong>morbo</strong></span> <span class='ocrx_word' id='word_1_499' title='bbox 1760 4374 1864 4430; x_wconf 90' lang='lat' dir='ltr'><strong>per</strong></span> 
     </span>
    </p>
   </div>
   <div class='ocr_carea' id='block_1_77' title="bbox 209 4445 1860 4527">
    <p class='ocr_par' dir='ltr' id='par_1_77' title="bbox 209 4445 1860 4527">
     <span class='ocr_line' id='line_1_77' title="bbox 209 4445 1860 4527; baseline -0.008 -12"><span class='ocrx_word' id='word_1_500' title='bbox 209 4457 501 4515; x_wconf 89' lang='lat' dir='ltr'><strong>desidiam</strong></span> <span class='ocrx_word' id='word_1_501' title='bbox 546 4469 686 4527; x_wconf 78' lang='lat' dir='ltr'><strong>grex</strong></span> <span class='ocrx_word' id='word_1_502' title='bbox 736 4450 1012 4523; x_wconf 86' lang='lat' dir='ltr'><strong>fatigetur</strong></span> <span class='ocrx_word' id='word_1_503' title='bbox 1057 4447 1418 4517; x_wconf 86' lang='lat' dir='ltr'><strong>Dominicus,</strong></span> <span class='ocrx_word' id='word_1_504' title='bbox 1452 4447 1523 4501; x_wconf 91' lang='lat' dir='ltr'><strong>ad</strong></span> <span class='ocrx_word' id='word_1_505' title='bbox 1573 4445 1860 4501; x_wconf 88' lang='lat' dir='ltr'><strong>medelam</strong></span> 
     </span>
    </p>
   </div>
   <div class='ocr_carea' id='block_1_78' title="bbox 1978 3286 3622 3361">
    <p class='ocr_par' dir='ltr' id='par_1_78' title="bbox 1978 3286 3622 3361">
     <span class='ocr_line' id='line_1_78' title="bbox 1978 3286 3622 3361; baseline -0.001 -17"><span class='ocrx_word' id='word_1_506' title='bbox 1978 3293 2152 3361; x_wconf 89' lang='lat' dir='ltr'><strong>atque</strong></span> <span class='ocrx_word' id='word_1_507' title='bbox 2174 3287 2467 3359; x_wconf 90' lang='lat' dir='ltr'><strong>judicium</strong></span> <span class='ocrx_word' id='word_1_508' title='bbox 2498 3286 2771 3359; x_wconf 64' lang='lat' dir='ltr'><strong>aequitate</strong></span> <span class='ocrx_word' id='word_1_509' title='bbox 2803 3288 3024 3361; x_wconf 88' lang='lat' dir='ltr'><strong>fulgere</strong></span> <span class='ocrx_word' id='word_1_510' title='bbox 3073 3288 3358 3344; x_wconf 88' lang='lat' dir='ltr'><strong>videatur.</strong></span> <span class='ocrx_word' id='word_1_511' title='bbox 3393 3287 3539 3342; x_wconf 89' lang='lat' dir='ltr'><strong>Nam</strong></span> <span class='ocrx_word' id='word_1_512' title='bbox 3572 3287 3622 3343; x_wconf 90' lang='lat' dir='ltr'><strong>si</strong></span> 
     </span>
    </p>
   </div>
   <div class='ocr_carea' id='block_1_79' title="bbox 1977 3376 3625 3449">
    <p class='ocr_par' dir='ltr' id='par_1_79' title="bbox 1977 3376 3625 3449">
     <span class='ocr_line' id='line_1_79' title="bbox 1977 3376 3625 3449; baseline 0 -17"><span class='ocrx_word' id='word_1_513' title='bbox 1977 3394 2079 3434; x_wconf 91' lang='lat' dir='ltr'><strong>vos</strong></span> <span class='ocrx_word' id='word_1_514' title='bbox 2108 3377 2195 3432; x_wconf 85' lang='lat' dir='ltr'><strong>vel</strong></span> <span class='ocrx_word' id='word_1_515' title='bbox 2226 3377 2358 3433; x_wconf 91' lang='lat' dir='ltr'><strong>illos</strong></span> <span class='ocrx_word' id='word_1_516' title='bbox 2389 3377 2448 3431; x_wconf 90' lang='lat' dir='ltr'><strong>in</strong></span> <span class='ocrx_word' id='word_1_517' title='bbox 2480 3376 2740 3448; x_wconf 89' lang='lat' dir='ltr'><strong>aliquam</strong></span> <span class='ocrx_word' id='word_1_518' title='bbox 2789 3381 3037 3448; x_wconf 90' lang='lat' dir='ltr'><strong>partem,</strong></span> <span class='ocrx_word' id='word_1_519' title='bbox 3070 3393 3176 3449; x_wconf 90' lang='lat' dir='ltr'><strong>pro</strong></span> <span class='ocrx_word' id='word_1_520' title='bbox 3218 3377 3625 3448; x_wconf 85' lang='lat' dir='ltr'><strong>cujuscunque</strong></span> 
     </span>
    </p>
   </div>
   <div class='ocr_carea' id='block_1_80' title="bbox 1977 3463 3622 3534">
    <p class='ocr_par' dir='ltr' id='par_1_80' title="bbox 1977 3463 3622 3534">
     <span class='ocr_line' id='line_1_80' title="bbox 1977 3463 3622 3534; baseline -0.001 -13"><span class='ocrx_word' id='word_1_521' title='bbox 1977 3467 2234 3534; x_wconf 82' lang='lat' dir='ltr'><strong>favore,a</strong></span> <span class='ocrx_word' id='word_1_522' title='bbox 2253 3465 2549 3521; x_wconf 86' lang='lat' dir='ltr'><strong>canonicis</strong></span> <span class='ocrx_word' id='word_1_523' title='bbox 2577 3470 2635 3522; x_wconf 90' lang='lat' dir='ltr'><strong>et</strong></span> <span class='ocrx_word' id='word_1_524' title='bbox 2665 3470 3001 3522; x_wconf 88' lang='lat' dir='ltr'><strong>sanctorum</strong></span> <span class='ocrx_word' id='word_1_525' title='bbox 3035 3470 3272 3521; x_wconf 89' lang='lat' dir='ltr'><strong>Patrum</strong></span> <span class='ocrx_word' id='word_1_526' title='bbox 3304 3463 3622 3520; x_wconf 87' lang='lat' dir='ltr'><strong>institutio-</strong></span> 
     </span>
    </p>
   </div>
   <div class='ocr_carea' id='block_1_81' title="bbox 1974 3553 3620 3628">
    <p class='ocr_par' dir='ltr' id='par_1_81' title="bbox 1974 3553 3620 3628">
     <span class='ocr_line' id='line_1_81' title="bbox 1974 3553 3620 3628; baseline -0.001 -17"><span class='ocrx_word' id='word_1_527' title='bbox 1974 3556 2333 3628; x_wconf 89' lang='lat' dir='ltr'><strong>nibus,quod</strong></span> <span class='ocrx_word' id='word_1_528' title='bbox 2367 3572 2481 3610; x_wconf 89' lang='lat' dir='ltr'><strong>non</strong></span> <span class='ocrx_word' id='word_1_529' title='bbox 2514 3555 3106 3628; x_wconf 89' lang='lat' dir='ltr'><strong>optamus,declinare</strong></span> <span class='ocrx_word' id='word_1_530' title='bbox 3126 3553 3620 3628; x_wconf 83' lang='lat' dir='ltr'><strong>perspexerimus,</strong></span> 
     </span>
    </p>
   </div>
   <div class='ocr_carea' id='block_1_82' title="bbox 1974 3641 3623 3719">
    <p class='ocr_par' dir='ltr' id='par_1_82' title="bbox 1974 3641 3623 3719">
     <span class='ocr_line' id='line_1_82' title="bbox 1974 3641 3623 3719; baseline -0.002 -18"><span class='ocrx_word' id='word_1_531' title='bbox 1974 3662 2218 3719; x_wconf 86' lang='lat' dir='ltr'><strong>arguere</strong></span> <span class='ocrx_word' id='word_1_532' title='bbox 2241 3661 2356 3700; x_wconf 92' lang='lat' dir='ltr'><strong>non</strong></span> <span class='ocrx_word' id='word_1_533' title='bbox 2390 3644 2750 3699; x_wconf 88' lang='lat' dir='ltr'><strong>dubitamus.</strong></span> <span class='ocrx_word' id='word_1_534' title='bbox 2785 3644 2846 3699; x_wconf 91' lang='lat' dir='ltr'><strong>Si</strong></span> <span class='ocrx_word' id='word_1_535' title='bbox 2876 3660 3010 3700; x_wconf 90' lang='lat' dir='ltr'><strong>vero</strong></span> <span class='ocrx_word' id='word_1_536' title='bbox 3040 3642 3291 3699; x_wconf 89' lang='lat' dir='ltr'><strong>aliarum</strong></span> <span class='ocrx_word' id='word_1_537' title='bbox 3321 3641 3623 3699; x_wconf 86' lang='lat' dir='ltr'><strong>ecclesias-</strong></span> 
     </span>
    </p>
   </div>
   <div class='ocr_carea' id='block_1_83' title="bbox 1974 3730 3618 3799">
    <p class='ocr_par' dir='ltr' id='par_1_83' title="bbox 1974 3730 3618 3799">
     <span class='ocr_line' id='line_1_83' title="bbox 1974 3730 3618 3799; baseline -0.003 -9"><span class='ocrx_word' id='word_1_538' title='bbox 1974 3735 2226 3790; x_wconf 89' lang='lat' dir='ltr'><strong>ticarum</strong></span> <span class='ocrx_word' id='word_1_539' title='bbox 2258 3732 2581 3789; x_wconf 86' lang='lat' dir='ltr'><strong>utilitatum</strong></span> <span class='ocrx_word' id='word_1_540' title='bbox 2605 3732 2662 3787; x_wconf 93' lang='lat' dir='ltr'><strong>in</strong></span> <span class='ocrx_word' id='word_1_541' title='bbox 2684 3732 2887 3789; x_wconf 91' lang='lat' dir='ltr'><strong>eodem</strong></span> <span class='ocrx_word' id='word_1_542' title='bbox 2904 3731 3152 3788; x_wconf 89' lang='lat' dir='ltr'><strong>concilio</strong></span> <span class='ocrx_word' id='word_1_543' title='bbox 3171 3749 3263 3787; x_wconf 86' lang='lat' dir='ltr'><strong>res</strong></span> <span class='ocrx_word' id='word_1_544' title='bbox 3278 3730 3618 3799; x_wconf 89' lang='lat' dir='ltr'><strong>acciderint,</strong></span> 
     </span>
    </p>
   </div>
   <div class='ocr_carea' id='block_1_84' title="bbox 1973 3820 3621 3896">
    <p class='ocr_par' dir='ltr' id='par_1_84' title="bbox 1973 3820 3621 3896">
     <span class='ocr_line' id='line_1_84' title="bbox 1973 3820 3621 3896; baseline -0.001 -19"><span class='ocrx_word' id='word_1_545' title='bbox 1973 3824 2150 3896; x_wconf 88' lang='lat' dir='ltr'><strong>digno</strong></span> <span class='ocrx_word' id='word_1_546' title='bbox 2181 3822 2446 3877; x_wconf 85' lang='lat' dir='ltr'><strong>examine</strong></span> <span class='ocrx_word' id='word_1_547' title='bbox 2472 3825 2894 3894; x_wconf 68' lang='lat' dir='ltr'><strong>pertractantes</strong></span> <span class='ocrx_word' id='word_1_548' title='bbox 2933 3838 3032 3877; x_wconf 90' lang='lat' dir='ltr'><strong>eas</strong></span> <span class='ocrx_word' id='word_1_549' title='bbox 3080 3838 3214 3877; x_wconf 89' lang='lat' dir='ltr'><strong>cum</strong></span> <span class='ocrx_word' id='word_1_550' title='bbox 3269 3820 3364 3876; x_wconf 91' lang='lat' dir='ltr'><strong>Dei</strong></span> <span class='ocrx_word' id='word_1_551' title='bbox 3413 3820 3621 3875; x_wconf 87' lang='lat' dir='ltr'><strong>timore</strong></span> 
     </span>
    </p>
   </div>
   <div class='ocr_carea' id='block_1_85' title="bbox 1972 3909 3620 3982">
    <p class='ocr_par' dir='ltr' id='par_1_85' title="bbox 1972 3909 3620 3982">
     <span class='ocr_line' id='line_1_85' title="bbox 1972 3909 3620 3982; baseline -0.003 -14"><span class='ocrx_word' id='word_1_552' title='bbox 1972 3911 2215 3968; x_wconf 79' lang='lat' dir='ltr'><strong>definire</strong></span> <span class='ocrx_word' id='word_1_553' title='bbox 2254 3910 2522 3982; x_wconf 87' lang='lat' dir='ltr'><strong>satagite.</strong></span> <span class='ocrx_word' id='word_1_554' title='bbox 2556 3909 2615 3964; x_wconf 92' lang='lat' dir='ltr'><strong>Si</strong></span> <span class='ocrx_word' id='word_1_555' title='bbox 2650 3913 2844 3964; x_wconf 90' lang='lat' dir='ltr'><strong>autem</strong></span> <span class='ocrx_word' id='word_1_556' title='bbox 2876 3909 3075 3981; x_wconf 89' lang='lat' dir='ltr'><strong>aliqua</strong></span> <span class='ocrx_word' id='word_1_557' title='bbox 3105 3911 3163 3964; x_wconf 90' lang='lat' dir='ltr'><strong>in</strong></span> <span class='ocrx_word' id='word_1_558' title='bbox 3186 3925 3252 3965; x_wconf 90' lang='lat' dir='ltr'><strong>eo</strong></span> <span class='ocrx_word' id='word_1_559' title='bbox 3282 3909 3456 3964; x_wconf 89' lang='lat' dir='ltr'><strong>fuerit</strong></span> <span class='ocrx_word' id='word_1_560' title='bbox 3483 3925 3620 3964; x_wconf 81' lang='lat' dir='ltr'><strong>con-</strong></span> 
     </span>
    </p>
   </div>
   <div class='ocr_carea' id='block_1_86' title="bbox 1970 3996 3621 4069">
    <p class='ocr_par' dir='ltr' id='par_1_86' title="bbox 1970 3996 3621 4069">
     <span class='ocr_line' id='line_1_86' title="bbox 1970 3996 3621 4069; baseline -0.002 -14"><span class='ocrx_word' id='word_1_561' title='bbox 1970 3998 2154 4055; x_wconf 90' lang='lat' dir='ltr'><strong>tentio</strong></span> <span class='ocrx_word' id='word_1_562' title='bbox 2185 4001 2331 4065; x_wconf 92' lang='lat' dir='ltr'><strong>orta,</strong></span> <span class='ocrx_word' id='word_1_563' title='bbox 2357 3998 2416 4051; x_wconf 91' lang='lat' dir='ltr'><strong>in</strong></span> <span class='ocrx_word' id='word_1_564' title='bbox 2449 4014 2565 4069; x_wconf 88' lang='lat' dir='ltr'><strong>qua</strong></span> <span class='ocrx_word' id='word_1_565' title='bbox 2594 3996 2967 4053; x_wconf 80' lang='lat' dir='ltr'><strong>difﬁnitionis</strong></span> <span class='ocrx_word' id='word_1_566' title='bbox 2998 4014 3212 4069; x_wconf 90' lang='lat' dir='ltr'><strong>ponere</strong></span> <span class='ocrx_word' id='word_1_567' title='bbox 3241 3996 3621 4068; x_wconf 89' lang='lat' dir='ltr'><strong>nequiveritis</strong></span> 
     </span>
    </p>
   </div>
   <div class='ocr_carea' id='block_1_87' title="bbox 1972 4085 3619 4158">
    <p class='ocr_par' dir='ltr' id='par_1_87' title="bbox 1972 4085 3619 4158">
     <span class='ocr_line' id='line_1_87' title="bbox 1972 4085 3619 4158; baseline -0.001 -15"><span class='ocrx_word' id='word_1_568' title='bbox 1972 4088 2219 4144; x_wconf 87' lang='lat' dir='ltr'><strong>fortasse</strong></span> <span class='ocrx_word' id='word_1_569' title='bbox 2262 4101 2594 4151; x_wconf 90' lang='lat' dir='ltr'><strong>censuram,</strong></span> <span class='ocrx_word' id='word_1_570' title='bbox 2623 4091 2821 4141; x_wconf 90' lang='lat' dir='ltr'><strong>nostro</strong></span> <span class='ocrx_word' id='word_1_571' title='bbox 2869 4102 2998 4141; x_wconf 90' lang='lat' dir='ltr'><strong>eam</strong></span> <span class='ocrx_word' id='word_1_572' title='bbox 3040 4085 3265 4158; x_wconf 87' lang='lat' dir='ltr'><strong>judicio</strong></span> <span class='ocrx_word' id='word_1_573' title='bbox 3324 4102 3619 4141; x_wconf 87' lang='lat' dir='ltr'><strong>reservare</strong></span> 
     </span>
    </p>
   </div>
   <div class='ocr_carea' id='block_1_88' title="bbox 1971 4173 3631 4253">
    <p class='ocr_par' dir='ltr' id='par_1_88' title="bbox 1971 4173 3631 4253">
     <span class='ocr_line' id='line_1_88' title="bbox 1971 4173 3631 4253; baseline -0.003 -20"><span class='ocrx_word' id='word_1_574' title='bbox 1971 4175 2625 4234; x_wconf 88' lang='lat' dir='ltr'><strong>sancimus.Statuimus</strong></span> <span class='ocrx_word' id='word_1_575' title='bbox 2656 4179 2945 4241; x_wconf 88' lang='lat' dir='ltr'><strong>autem,ut</strong></span> <span class='ocrx_word' id='word_1_576' title='bbox 2964 4180 3175 4231; x_wconf 90' lang='lat' dir='ltr'><strong>cuncta</strong></span> <span class='ocrx_word' id='word_1_577' title='bbox 3191 4192 3320 4247; x_wconf 63' lang='lat' dir='ltr'><strong>quae</strong></span> <span class='ocrx_word' id='word_1_578' title='bbox 3338 4173 3397 4228; x_wconf 91' lang='lat' dir='ltr'><strong>in</strong></span> <span class='ocrx_word' id='word_1_579' title='bbox 3417 4174 3631 4253; x_wconf 28' lang='lat' dir='ltr'><strong>eodem.</strong></span> 
     </span>
    </p>
   </div>
   <div class='ocr_carea' id='block_1_89' title="bbox 1970 4261 3623 4337">
    <p class='ocr_par' dir='ltr' id='par_1_89' title="bbox 1970 4261 3623 4337">
     <span class='ocr_line' id='line_1_89' title="bbox 1970 4261 3623 4337; baseline -0.004 -14"><span class='ocrx_word' id='word_1_580' title='bbox 1970 4265 2212 4323; x_wconf 92' lang='lat' dir='ltr'><strong>concilio</strong></span> <span class='ocrx_word' id='word_1_581' title='bbox 2245 4268 2472 4337; x_wconf 85' lang='lat' dir='ltr'><strong>peracta</strong></span> <span class='ocrx_word' id='word_1_582' title='bbox 2507 4264 2724 4318; x_wconf 87' lang='lat' dir='ltr'><strong>fuerint</strong></span> <span class='ocrx_word' id='word_1_583' title='bbox 2754 4280 2819 4317; x_wconf 90' lang='lat' dir='ltr'><strong>ac</strong></span> <span class='ocrx_word' id='word_1_584' title='bbox 2842 4263 3102 4331; x_wconf 81' lang='lat' dir='ltr'><strong>definita,</strong></span> <span class='ocrx_word' id='word_1_585' title='bbox 3129 4268 3326 4320; x_wconf 90' lang='lat' dir='ltr'><strong>nostro</strong></span> <span class='ocrx_word' id='word_1_586' title='bbox 3348 4261 3623 4335; x_wconf 63' lang='lat' dir='ltr'><strong>praesula-</strong></span> 
     </span>
    </p>
   </div>
   <div class='ocr_carea' id='block_1_90' title="bbox 1968 4350 3620 4429">
    <p class='ocr_par' dir='ltr' id='par_1_90' title="bbox 1968 4350 3620 4429">
     <span class='ocr_line' id='line_1_90' title="bbox 1968 4350 3620 4429; baseline -0.004 -18"><span class='ocrx_word' id='word_1_587' title='bbox 1968 4356 2054 4412; x_wconf 90' lang='lat' dir='ltr'><strong>tui</strong></span> <span class='ocrx_word' id='word_1_588' title='bbox 2086 4358 2387 4429; x_wconf 88' lang='lat' dir='ltr'><strong>gestorum</strong></span> <span class='ocrx_word' id='word_1_589' title='bbox 2419 4352 2567 4409; x_wconf 90' lang='lat' dir='ltr'><strong>serie</strong></span> <span class='ocrx_word' id='word_1_590' title='bbox 2594 4352 3003 4407; x_wconf 89' lang='lat' dir='ltr'><strong>incunctanter</strong></span> <span class='ocrx_word' id='word_1_591' title='bbox 3055 4352 3396 4425; x_wconf 80' lang='lat' dir='ltr'><strong>significetis</strong></span> <span class='ocrx_word' id='word_1_592' title='bbox 3431 4369 3444 4407; x_wconf 90' lang='lat'><strong>:</strong></span> <span class='ocrx_word' id='word_1_593' title='bbox 3478 4354 3543 4406; x_wconf 91' lang='lat' dir='ltr'><strong>ut</strong></span> <span class='ocrx_word' id='word_1_594' title='bbox 3571 4350 3620 4405; x_wconf 91' lang='lat' dir='ltr'><strong>si</strong></span> 
     </span>
    </p>
   </div>
   <div class='ocr_carea' id='block_1_91' title="bbox 1971 4438 3622 4516">
    <p class='ocr_par' dir='ltr' id='par_1_91' title="bbox 1971 4438 3622 4516">
     <span class='ocr_line' id='line_1_91' title="bbox 1971 4438 3622 4516; baseline -0.004 -16"><span class='ocrx_word' id='word_1_595' title='bbox 1971 4462 2059 4510; x_wconf 89' lang='lat' dir='ltr'><strong>ea,</strong></span> <span class='ocrx_word' id='word_1_596' title='bbox 2083 4443 2328 4516; x_wconf 70' lang='lat' dir='ltr'><strong>justitiae</strong></span> <span class='ocrx_word' id='word_1_597' title='bbox 2380 4439 2837 4514; x_wconf 88' lang='lat' dir='ltr'><strong>pulchritudine,</strong></span> <span class='ocrx_word' id='word_1_598' title='bbox 2870 4439 3273 4512; x_wconf 90' lang='lat' dir='ltr'><strong>probabilique</strong></span> <span class='ocrx_word' id='word_1_599' title='bbox 3321 4438 3622 4493; x_wconf 89' lang='lat' dir='ltr'><strong>sanctione</strong></span> 
     </span>
    </p>
   </div>
   <div class='ocr_carea' id='block_1_92' title="bbox 208 4525 3622 4618">
    <p class='ocr_par' dir='ltr' id='par_1_92' title="bbox 208 4525 3622 4618">
     <span class='ocr_line' id='line_1_92' title="bbox 208 4525 3622 4618; baseline -0.006 -15"><span class='ocrx_word' id='word_1_600' title='bbox 208 4525 625 4618; x_wconf 67' lang='lat' dir='ltr'><strong>recuperanda:</strong></span> <span class='ocrx_word' id='word_1_601' title='bbox 657 4539 926 4597; x_wconf 90' lang='lat' dir='ltr'><strong>sanitatis</strong></span> <span class='ocrx_word' id='word_1_602' title='bbox 958 4537 1164 4593; x_wconf 91' lang='lat' dir='ltr'><strong>ardore</strong></span> <span class='ocrx_word' id='word_1_603' title='bbox 1194 4535 1497 4592; x_wconf 89' lang='lat' dir='ltr'><strong>charitatis</strong></span> <span class='ocrx_word' id='word_1_604' title='bbox 1547 4534 1862 4591; x_wconf 88' lang='lat' dir='ltr'><strong>ferventius</strong></span> <span class='ocrx_word' id='word_1_605' title='bbox 1895 4553 1937 4618; x_wconf 76' lang='grc' dir='ltr'>υ</span> <span class='ocrx_word' id='word_1_606' title='bbox 1969 4533 2208 4590; x_wconf 81' lang='lat' dir='ltr'><strong>deﬁnita</strong></span> <span class='ocrx_word' id='word_1_607' title='bbox 2264 4530 2753 4604; x_wconf 81' lang='lat' dir='ltr'><strong>perspexerimus,</strong></span> <span class='ocrx_word' id='word_1_608' title='bbox 2788 4528 2905 4618; x_wconf 86' lang='lat' dir='ltr'><strong>Deo</strong></span> <span class='ocrx_word' id='word_1_609' title='bbox 2964 4527 3351 4618; x_wconf 84' lang='lat' dir='ltr'><strong>omnipotenti</strong></span> <span class='ocrx_word' id='word_1_610' title='bbox 3402 4525 3622 4597; x_wconf 75' lang='lat' dir='ltr'><strong>gratias</strong></span> 
     </span>
    </p>
   </div>
   <div class='ocr_carea' id='block_1_93' title="bbox 209 4621 1862 4700">
    <p class='ocr_par' dir='ltr' id='par_1_93' title="bbox 209 4621 1862 4700">
     <span class='ocr_line' id='line_1_93' title="bbox 209 4621 1862 4700; baseline -0.008 -8"><span class='ocrx_word' id='word_1_611' title='bbox 209 4634 500 4692; x_wconf 87' lang='lat' dir='ltr'><strong>invitavit.</strong></span> <span class='ocrx_word' id='word_1_612' title='bbox 535 4629 813 4687; x_wconf 76' lang='lat' dir='ltr'><strong>Praedicta</strong></span> <span class='ocrx_word' id='word_1_613' title='bbox 844 4626 1061 4700; x_wconf 89' lang='lat' dir='ltr'><strong>quippe</strong></span> <span class='ocrx_word' id='word_1_614' title='bbox 1088 4624 1459 4694; x_wconf 83' lang='lat' dir='ltr'><strong>Theutberga</strong></span> <span class='ocrx_word' id='word_1_615' title='bbox 1488 4621 1693 4680; x_wconf 89' lang='lat' dir='ltr'><strong>multis</strong></span> <span class='ocrx_word' id='word_1_616' title='bbox 1720 4623 1862 4679; x_wconf 90' lang='lat' dir='ltr'><strong>vici-</strong></span> 
     </span>
    </p>
   </div>
   <div class='ocr_carea' id='block_1_94' title="bbox 208 4712 1866 4792">
    <p class='ocr_par' dir='ltr' id='par_1_94' title="bbox 208 4712 1866 4792">
     <span class='ocr_line' id='line_1_94' title="bbox 208 4712 1866 4792; baseline -0.01 -9"><span class='ocrx_word' id='word_1_617' title='bbox 208 4727 325 4783; x_wconf 90' lang='lat' dir='ltr'><strong>bus</strong></span> <span class='ocrx_word' id='word_1_618' title='bbox 356 4723 555 4780; x_wconf 88' lang='lat' dir='ltr'><strong>sedem</strong></span> <span class='ocrx_word' id='word_1_619' title='bbox 585 4716 965 4792; x_wconf 87' lang='lat' dir='ltr'><strong>apostolicam</strong></span> <span class='ocrx_word' id='word_1_620' title='bbox 995 4713 1339 4787; x_wconf 82' lang='lat' dir='ltr'><strong>lacrymosis</strong></span> <span class='ocrx_word' id='word_1_621' title='bbox 1376 4712 1590 4768; x_wconf 90' lang='lat' dir='ltr'><strong>litteris</strong></span> <span class='ocrx_word' id='word_1_622' title='bbox 1639 4712 1866 4768; x_wconf 90' lang='lat' dir='ltr'><strong>studuit</strong></span> 
     </span>
    </p>
   </div>
   <div class='ocr_carea' id='block_1_95' title="bbox 210 4802 1864 4888">
    <p class='ocr_par' dir='ltr' id='par_1_95' title="bbox 210 4802 1864 4888">
     <span class='ocr_line' id='line_1_95' title="bbox 210 4802 1864 4888; baseline -0.009 -16"><span class='ocrx_word' id='word_1_623' title='bbox 210 4813 549 4888; x_wconf 88' lang='lat' dir='ltr'><strong>appellare:</strong></span> <span class='ocrx_word' id='word_1_624' title='bbox 584 4809 645 4863; x_wconf 92' lang='lat' dir='ltr'><strong>in</strong></span> <span class='ocrx_word' id='word_1_625' title='bbox 677 4806 895 4879; x_wconf 90' lang='lat' dir='ltr'><strong>quibus</strong></span> <span class='ocrx_word' id='word_1_626' title='bbox 935 4805 1112 4861; x_wconf 71' lang='lat' dir='ltr'><strong>affatu</strong></span> <span class='ocrx_word' id='word_1_627' title='bbox 1155 4802 1335 4859; x_wconf 84' lang='lat' dir='ltr'><strong>ﬂebili</strong></span> <span class='ocrx_word' id='word_1_628' title='bbox 1383 4819 1591 4875; x_wconf 87' lang='lat' dir='ltr'><strong>puram</strong></span> <span class='ocrx_word' id='word_1_629' title='bbox 1640 4819 1701 4858; x_wconf 85' lang='lat' dir='ltr'><strong>se</strong></span> <span class='ocrx_word' id='word_1_630' title='bbox 1749 4818 1864 4874; x_wconf 89' lang='lat' dir='ltr'><strong>quo</strong></span> 
     </span>
    </p>
   </div>
   <div class='ocr_carea' id='block_1_96' title="bbox 210 4890 1864 4967">
    <p class='ocr_par' dir='ltr' id='par_1_96' title="bbox 210 4890 1864 4967">
     <span class='ocr_line' id='line_1_96' title="bbox 210 4890 1864 4967; baseline -0.009 -6"><span class='ocrx_word' id='word_1_631' title='bbox 210 4904 530 4961; x_wconf 86' lang='lat' dir='ltr'><strong>accusatur</strong></span> <span class='ocrx_word' id='word_1_632' title='bbox 558 4893 1231 4967; x_wconf 89' lang='lat' dir='ltr'><strong>crimine,inquit,atque</strong></span> <span class='ocrx_word' id='word_1_633' title='bbox 1259 4891 1571 4948; x_wconf 90' lang='lat' dir='ltr'><strong>insontem.</strong></span> <span class='ocrx_word' id='word_1_634' title='bbox 1591 4890 1676 4945; x_wconf 91' lang='lat' dir='ltr'><strong>Ad</strong></span> <span class='ocrx_word' id='word_1_635' title='bbox 1708 4891 1864 4963; x_wconf 89' lang='lat' dir='ltr'><strong>quod</strong></span> 
     </span>
    </p>
   </div>
   <div class='ocr_carea' id='block_1_97' title="bbox 211 4980 1865 5066">
    <p class='ocr_par' dir='ltr' id='par_1_97' title="bbox 211 4980 1865 5066">
     <span class='ocr_line' id='line_1_97' title="bbox 211 4980 1865 5066; baseline -0.009 -17"><span class='ocrx_word' id='word_1_636' title='bbox 211 4992 516 5066; x_wconf 86' lang='lat' dir='ltr'><strong>negotium</strong></span> <span class='ocrx_word' id='word_1_637' title='bbox 549 4992 605 5044; x_wconf 89' lang='lat' dir='ltr'><strong>et</strong></span> <span class='ocrx_word' id='word_1_638' title='bbox 626 4984 836 5059; x_wconf 90' lang='lat' dir='ltr'><strong>judicii</strong></span> <span class='ocrx_word' id='word_1_639' title='bbox 863 4980 1453 5048; x_wconf 89' lang='lat' dir='ltr'><strong>discretionem,sicut</strong></span> <span class='ocrx_word' id='word_1_640' title='bbox 1464 4980 1590 5052; x_wconf 89' lang='lat' dir='ltr'><strong>jam</strong></span> <span class='ocrx_word' id='word_1_641' title='bbox 1611 4984 1865 5035; x_wconf 91' lang='lat' dir='ltr'><strong>vestram</strong></span> 
     </span>
    </p>
   </div>
   <div class='ocr_carea' id='block_1_98' title="bbox 210 5069 1865 5147">
    <p class='ocr_par' dir='ltr' id='par_1_98' title="bbox 210 5069 1865 5147">
     <span class='ocr_line' id='line_1_98' title="bbox 210 5069 1865 5147; baseline -0.009 -9"><span class='ocrx_word' id='word_1_642' title='bbox 210 5080 643 5138; x_wconf 87' lang='lat' dir='ltr'><strong>fraternitatem</strong></span> <span class='ocrx_word' id='word_1_643' title='bbox 675 5090 861 5147; x_wconf 88' lang='lat' dir='ltr'><strong>nuper</strong></span> <span class='ocrx_word' id='word_1_644' title='bbox 890 5090 993 5146; x_wconf 92' lang='lat' dir='ltr'><strong>per</strong></span> <span class='ocrx_word' id='word_1_645' title='bbox 1022 5070 1372 5145; x_wconf 90' lang='lat' dir='ltr'><strong>apostolicos</strong></span> <span class='ocrx_word' id='word_1_646' title='bbox 1394 5069 1585 5141; x_wconf 90' lang='lat' dir='ltr'><strong>apices</strong></span> <span class='ocrx_word' id='word_1_647' title='bbox 1609 5085 1865 5125; x_wconf 89' lang='lat' dir='ltr'><strong>commo-</strong></span> 
     </span>
    </p>
   </div>
   <div class='ocr_carea' id='block_1_99' title="bbox 214 5158 1867 5235">
    <p class='ocr_par' dir='ltr' id='par_1_99' title="bbox 214 5158 1867 5235">
     <span class='ocr_line' id='line_1_99' title="bbox 214 5158 1867 5235; baseline -0.01 -8"><span class='ocrx_word' id='word_1_648' title='bbox 214 5187 354 5228; x_wconf 89' lang='lat' dir='ltr'><strong>nere</strong></span> <span class='ocrx_word' id='word_1_649' title='bbox 383 5165 774 5230; x_wconf 88' lang='lat' dir='ltr'><strong>decrevimus,</strong></span> <span class='ocrx_word' id='word_1_650' title='bbox 808 5161 1125 5235; x_wconf 90' lang='lat' dir='ltr'><strong>apostolico</strong></span> <span class='ocrx_word' id='word_1_651' title='bbox 1153 5177 1255 5215; x_wconf 91' lang='lat' dir='ltr'><strong>vos</strong></span> <span class='ocrx_word' id='word_1_652' title='bbox 1286 5158 1616 5215; x_wconf 86' lang='lat' dir='ltr'><strong>hortamine</strong></span> <span class='ocrx_word' id='word_1_653' title='bbox 1664 5158 1867 5213; x_wconf 89' lang='lat' dir='ltr'><strong>adesse</strong></span> 
     </span>
    </p>
   </div>
   <div class='ocr_carea' id='block_1_100' title="bbox 213 5247 1866 5327">
    <p class='ocr_par' dir='ltr' id='par_1_100' title="bbox 213 5247 1866 5327">
     <span class='ocr_line' id='line_1_100' title="bbox 213 5247 1866 5327; baseline -0.01 -11"><span class='ocrx_word' id='word_1_654' title='bbox 213 5260 508 5321; x_wconf 91' lang='lat' dir='ltr'><strong>volumus,</strong></span> <span class='ocrx_word' id='word_1_655' title='bbox 569 5249 1233 5327; x_wconf 80' lang='lat' dir='ltr'><strong>quatenusapontiﬁcii</strong></span> <span class='ocrx_word' id='word_1_656' title='bbox 1293 5247 1478 5304; x_wconf 90' lang='lat' dir='ltr'><strong>nostri</strong></span> <span class='ocrx_word' id='word_1_657' title='bbox 1538 5247 1718 5303; x_wconf 86' lang='lat' dir='ltr'><strong>latere</strong></span> <span class='ocrx_word' id='word_1_658' title='bbox 1770 5263 1866 5301; x_wconf 87' lang='lat' dir='ltr'><strong>ve-</strong></span> 
     </span>
    </p>
   </div>
   <div class='ocr_carea' id='block_1_101' title="bbox 216 5336 1864 5414">
    <p class='ocr_par' dir='ltr' id='par_1_101' title="bbox 216 5336 1864 5414">
     <span class='ocr_line' id='line_1_101' title="bbox 216 5336 1864 5414; baseline -0.01 -9"><span class='ocrx_word' id='word_1_659' title='bbox 216 5347 519 5405; x_wconf 89' lang='lat' dir='ltr'><strong>nientibus</strong></span> <span class='ocrx_word' id='word_1_660' title='bbox 578 5341 799 5410; x_wconf 87' lang='lat' dir='ltr'><strong>missis,</strong></span> <span class='ocrx_word' id='word_1_661' title='bbox 830 5340 1169 5414; x_wconf 79' lang='lat' dir='ltr'><strong>synodicam</strong></span> <span class='ocrx_word' id='word_1_662' title='bbox 1219 5336 1339 5393; x_wconf 91' lang='lat' dir='ltr'><strong>illic</strong></span> <span class='ocrx_word' id='word_1_663' title='bbox 1397 5336 1864 5403; x_wconf 89' lang='lat' dir='ltr'><strong>celebrationem,</strong></span> 
     </span>
    </p>
   </div>
   <div class='ocr_carea' id='block_1_102' title="bbox 216 5424 1871 5511">
    <p class='ocr_par' dir='ltr' id='par_1_102' title="bbox 216 5424 1871 5511">
     <span class='ocr_line' id='line_1_102' title="bbox 216 5424 1871 5511; baseline -0.011 -15"><span class='ocrx_word' id='word_1_664' title='bbox 216 5436 540 5511; x_wconf 83' lang='lat' dir='ltr'><strong>apostolica</strong></span> <span class='ocrx_word' id='word_1_665' title='bbox 569 5431 700 5490; x_wconf 84' lang='lat' dir='ltr'><strong>fulti</strong></span> <span class='ocrx_word' id='word_1_666' title='bbox 727 5430 1093 5495; x_wconf 85' lang='lat' dir='ltr'><strong>auctoritate,</strong></span> <span class='ocrx_word' id='word_1_667' title='bbox 1124 5443 1259 5482; x_wconf 89' lang='lat' dir='ltr'><strong>cum</strong></span> <span class='ocrx_word' id='word_1_668' title='bbox 1291 5424 1648 5481; x_wconf 85' lang='lat' dir='ltr'><strong>fraternitate</strong></span> <span class='ocrx_word' id='word_1_669' title='bbox 1678 5428 1871 5480; x_wconf 88' lang='lat' dir='ltr'><strong>vestra</strong></span> 
     </span>
    </p>
   </div>
   <div class='ocr_carea' id='block_1_103' title="bbox 288 5514 1872 5616">
    <p class='ocr_par' dir='ltr' id='par_1_103' title="bbox 288 5514 1872 5616">
     <span class='ocr_line' id='line_1_103' title="bbox 288 5514 1872 5616; baseline -0.011 -14"><span class='ocrx_word' id='word_1_670' title='bbox 288 5549 369 5614; x_wconf 89' lang='lat' dir='ltr'><strong>(a)</strong></span> <span class='ocrx_word' id='word_1_671' title='bbox 398 5543 560 5600; x_wconf 85' lang='lat' dir='ltr'><strong>Hanc</strong></span> <span class='ocrx_word' id='word_1_672' title='bbox 592 5538 899 5616; x_wconf 84' lang='lat' dir='ltr'><strong>epistolam</strong></span> <span class='ocrx_word' id='word_1_673' title='bbox 929 5537 988 5592; x_wconf 89' lang='lat' dir='ltr'><strong>in</strong></span> <span class='ocrx_word' id='word_1_674' title='bbox 1020 5535 1196 5616; x_wconf 72' lang='lat' dir='ltr'><strong>editis</strong></span> <span class='ocrx_word' id='word_1_675' title='bbox 1222 5514 1601 5616; x_wconf 74' lang='lat' dir='ltr'><strong>conciliorum</strong></span> <span class='ocrx_word' id='word_1_676' title='bbox 1628 5530 1872 5616; x_wconf 63' lang='lat' dir='ltr'><strong>mendis</strong></span> 
     </span>
    </p>
   </div>
   <div class='ocr_carea' id='block_1_104' title="bbox 212 5605 1878 5676">
    <p class='ocr_par' dir='ltr' id='par_1_104' title="bbox 212 5605 1878 5676">
     <span class='ocr_line' id='line_1_104' title="bbox 212 5605 1878 5676; baseline -0.01 0"><span class='ocrx_word' id='word_1_677' title='bbox 212 5605 361 5676; x_wconf 31' lang='lat' dir='ltr'><strong>hinc,</strong></span> <span class='ocrx_word' id='word_1_678' title='bbox 384 5616 521 5673; x_wconf 90' lang='lat' dir='ltr'><strong>inde</strong></span> <span class='ocrx_word' id='word_1_679' title='bbox 552 5605 876 5671; x_wconf 77' lang='lat' dir='ltr'><strong>scatentem</strong></span> <span class='ocrx_word' id='word_1_680' title='bbox 896 5606 1198 5667; x_wconf 81' lang='lat' dir='ltr'><strong>emendavi</strong></span> <span class='ocrx_word' id='word_1_681' title='bbox 1217 5608 1290 5664; x_wconf 89' lang='lat' dir='ltr'><strong>ad</strong></span> <span class='ocrx_word' id='word_1_682' title='bbox 1308 5620 1575 5662; x_wconf 89' lang='lat' dir='ltr'><strong>normam</strong></span> <span class='ocrx_word' id='word_1_683' title='bbox 1605 5605 1878 5663; x_wconf 87' lang='lat' dir='ltr'><strong>editionis</strong></span> 
     </span>
    </p>
   </div>
   <div class='ocr_carea' id='block_1_105' title="bbox 1972 4615 3625 4690">
    <p class='ocr_par' dir='ltr' id='par_1_105' title="bbox 1972 4615 3625 4690">
     <span class='ocr_line' id='line_1_105' title="bbox 1972 4615 3625 4690; baseline -0.007 -11"><span class='ocrx_word' id='word_1_684' title='bbox 1972 4623 2295 4679; x_wconf 84' lang='lat' dir='ltr'><strong>referamus</strong></span> <span class='ocrx_word' id='word_1_685' title='bbox 2323 4637 2337 4677; x_wconf 89' lang='lat'><strong>:</strong></span> <span class='ocrx_word' id='word_1_686' title='bbox 2361 4621 2410 4677; x_wconf 93' lang='lat' dir='ltr'><strong>si</strong></span> <span class='ocrx_word' id='word_1_687' title='bbox 2435 4637 2567 4675; x_wconf 90' lang='lat' dir='ltr'><strong>vero</strong></span> <span class='ocrx_word' id='word_1_688' title='bbox 2599 4617 3085 4690; x_wconf 64' lang='lat' dir='ltr'><strong>injustitia,quod</strong></span> <span class='ocrx_word' id='word_1_689' title='bbox 3108 4615 3471 4681; x_wconf 89' lang='lat' dir='ltr'><strong>nolumus,et</strong></span> <span class='ocrx_word' id='word_1_690' title='bbox 3490 4631 3625 4669; x_wconf 90' lang='lat' dir='ltr'><strong>con-</strong></span> 
     </span>
    </p>
   </div>
   <div class='ocr_carea' id='block_1_106' title="bbox 1972 4706 3624 4775">
    <p class='ocr_par' dir='ltr' id='par_1_106' title="bbox 1972 4706 3624 4775">
     <span class='ocr_line' id='line_1_106' title="bbox 1972 4706 3624 4775; baseline -0.005 -8"><span class='ocrx_word' id='word_1_691' title='bbox 1972 4710 2288 4767; x_wconf 89' lang='lat' dir='ltr'><strong>trarietatis</strong></span> <span class='ocrx_word' id='word_1_692' title='bbox 2320 4709 2535 4766; x_wconf 89' lang='lat' dir='ltr'><strong>fuerint</strong></span> <span class='ocrx_word' id='word_1_693' title='bbox 2566 4713 2695 4764; x_wconf 88' lang='lat' dir='ltr'><strong>acta</strong></span> <span class='ocrx_word' id='word_1_694' title='bbox 2723 4706 3139 4775; x_wconf 88' lang='lat' dir='ltr'><strong>intentione,ea</strong></span> <span class='ocrx_word' id='word_1_695' title='bbox 3169 4720 3445 4760; x_wconf 90' lang='lat' dir='ltr'><strong>renovare</strong></span> <span class='ocrx_word' id='word_1_696' title='bbox 3464 4720 3624 4759; x_wconf 86' lang='lat' dir='ltr'><strong>sum-</strong></span> 
     </span>
    </p>
   </div>
   <div class='ocr_carea' id='block_1_107' title="bbox 1974 4790 3619 4873">
    <p class='ocr_par' dir='ltr' id='par_1_107' title="bbox 1974 4790 3619 4873">
     <span class='ocr_line' id='line_1_107' title="bbox 1974 4790 3619 4873; baseline -0.007 -16"><span class='ocrx_word' id='word_1_697' title='bbox 1974 4817 2207 4873; x_wconf 90' lang='lat' dir='ltr'><strong>mopere</strong></span> <span class='ocrx_word' id='word_1_698' title='bbox 2228 4800 2566 4872; x_wconf 91' lang='lat' dir='ltr'><strong>jubeamus.</strong></span> <span class='ocrx_word' id='word_1_699' title='bbox 2593 4798 2803 4853; x_wconf 89' lang='lat' dir='ltr'><strong>Missos</strong></span> <span class='ocrx_word' id='word_1_700' title='bbox 2833 4796 3071 4868; x_wconf 89' lang='lat' dir='ltr'><strong>quidem</strong></span> <span class='ocrx_word' id='word_1_701' title='bbox 3098 4793 3284 4850; x_wconf 90' lang='lat' dir='ltr'><strong>nostri</strong></span> <span class='ocrx_word' id='word_1_702' title='bbox 3315 4790 3619 4865; x_wconf 84' lang='lat' dir='ltr'><strong>pontificii,</strong></span> 
     </span>
    </p>
   </div>
   <div class='ocr_carea' id='block_1_108' title="bbox 1974 4880 3621 4962">
    <p class='ocr_par' dir='ltr' id='par_1_108' title="bbox 1974 4880 3621 4962">
     <span class='ocr_line' id='line_1_108' title="bbox 1974 4880 3621 4962; baseline -0.007 -16"><span class='ocrx_word' id='word_1_703' title='bbox 1974 4892 2125 4946; x_wconf 91' lang='lat' dir='ltr'><strong>utin</strong></span> <span class='ocrx_word' id='word_1_704' title='bbox 2183 4889 2373 4962; x_wconf 89' lang='lat' dir='ltr'><strong>prima</strong></span> <span class='ocrx_word' id='word_1_705' title='bbox 2430 4886 2675 4959; x_wconf 89' lang='lat' dir='ltr'><strong>epistola</strong></span> <span class='ocrx_word' id='word_1_706' title='bbox 2718 4889 2923 4941; x_wconf 61' lang='lat' dir='ltr'><strong>vestra;</strong></span> <span class='ocrx_word' id='word_1_707' title='bbox 2977 4881 3271 4940; x_wconf 88' lang='lat' dir='ltr'><strong>dilectioni</strong></span> <span class='ocrx_word' id='word_1_708' title='bbox 3327 4880 3621 4955; x_wconf 60' lang='lat' dir='ltr'><strong>significa-</strong></span> 
     </span>
    </p>
   </div>
   <div class='ocr_carea' id='block_1_109' title="bbox 1973 4967 3620 5050">
    <p class='ocr_par' dir='ltr' id='par_1_109' title="bbox 1973 4967 3620 5050">
     <span class='ocr_line' id='line_1_109' title="bbox 1973 4967 3620 5050; baseline -0.007 -16"><span class='ocrx_word' id='word_1_709' title='bbox 1973 4979 2186 5045; x_wconf 89' lang='lat' dir='ltr'><strong>vimus,</strong></span> <span class='ocrx_word' id='word_1_710' title='bbox 2223 4995 2324 5050; x_wconf 92' lang='lat' dir='ltr'><strong>pro</strong></span> <span class='ocrx_word' id='word_1_711' title='bbox 2375 4976 2729 5049; x_wconf 90' lang='lat' dir='ltr'><strong>quibusdam</strong></span> <span class='ocrx_word' id='word_1_712' title='bbox 2778 4971 3194 5030; x_wconf 88' lang='lat' dir='ltr'><strong>ecclesiasticis</strong></span> <span class='ocrx_word' id='word_1_713' title='bbox 3246 4967 3620 5035; x_wconf 89' lang='lat' dir='ltr'><strong>utilitatibus,</strong></span> 
     </span>
    </p>
   </div>
   <div class='ocr_carea' id='block_1_110' title="bbox 1976 5059 3623 5140">
    <p class='ocr_par' dir='ltr' id='par_1_110' title="bbox 1976 5059 3623 5140">
     <span class='ocr_line' id='line_1_110' title="bbox 1976 5059 3623 5140; baseline -0.006 -18"><span class='ocrx_word' id='word_1_714' title='bbox 1976 5068 2191 5140; x_wconf 90' lang='lat' dir='ltr'><strong>quibus</strong></span> <span class='ocrx_word' id='word_1_715' title='bbox 2223 5067 2442 5121; x_wconf 84' lang='lat' dir='ltr'><strong>fuimus</strong></span> <span class='ocrx_word' id='word_1_716' title='bbox 2473 5062 2758 5135; x_wconf 89' lang='lat' dir='ltr'><strong>occupati,</strong></span> <span class='ocrx_word' id='word_1_717' title='bbox 2792 5063 3086 5118; x_wconf 89' lang='lat' dir='ltr'><strong>destinare</strong></span> <span class='ocrx_word' id='word_1_718' title='bbox 3119 5059 3508 5132; x_wconf 86' lang='lat' dir='ltr'><strong>nequivimus.</strong></span> <span class='ocrx_word' id='word_1_719' title='bbox 3543 5060 3623 5112; x_wconf 85' lang='lat' dir='ltr'><strong>En</strong></span> 
     </span>
    </p>
   </div>
   <div class='ocr_carea' id='block_1_111' title="bbox 1975 5147 3624 5226">
    <p class='ocr_par' dir='ltr' id='par_1_111' title="bbox 1975 5147 3624 5226">
     <span class='ocr_line' id='line_1_111' title="bbox 1975 5147 3624 5226; baseline -0.005 -15"><span class='ocrx_word' id='word_1_720' title='bbox 1975 5155 2204 5211; x_wconf 86' lang='lat' dir='ltr'><strong>Christo</strong></span> <span class='ocrx_word' id='word_1_721' title='bbox 2220 5152 2854 5226; x_wconf 78' lang='lat' dir='ltr'><strong>juvante,strenuitatiz</strong></span> <span class='ocrx_word' id='word_1_722' title='bbox 2876 5150 3162 5223; x_wconf 88' lang='lat' dir='ltr'><strong>pollentes</strong></span> <span class='ocrx_word' id='word_1_723' title='bbox 3184 5147 3429 5205; x_wconf 89' lang='lat' dir='ltr'><strong>scientia</strong></span> <span class='ocrx_word' id='word_1_724' title='bbox 3448 5150 3624 5218; x_wconf 91' lang='lat' dir='ltr'><strong>atque</strong></span> 
     </span>
    </p>
   </div>
   <div class='ocr_carea' id='block_1_112' title="bbox 1977 5235 3624 5311">
    <p class='ocr_par' dir='ltr' id='par_1_112' title="bbox 1977 5235 3624 5311">
     <span class='ocr_line' id='line_1_112' title="bbox 1977 5235 3624 5311; baseline -0.007 -11"><span class='ocrx_word' id='word_1_725' title='bbox 1977 5244 2259 5309; x_wconf 89' lang='lat' dir='ltr'><strong>doctrina,</strong></span> <span class='ocrx_word' id='word_1_726' title='bbox 2320 5240 2822 5299; x_wconf 88' lang='lat' dir='ltr'><strong>reverentissimos</strong></span> <span class='ocrx_word' id='word_1_727' title='bbox 2880 5256 3035 5295; x_wconf 90' lang='lat' dir='ltr'><strong>nunc</strong></span> <span class='ocrx_word' id='word_1_728' title='bbox 3094 5238 3344 5311; x_wconf 88' lang='lat' dir='ltr'><strong>dirigere</strong></span> <span class='ocrx_word' id='word_1_729' title='bbox 3409 5235 3624 5290; x_wconf 86' lang='lat' dir='ltr'><strong>missos</strong></span> 
     </span>
    </p>
   </div>
   <div class='ocr_carea' id='block_1_113' title="bbox 1976 5324 3624 5399">
    <p class='ocr_par' dir='ltr' id='par_1_113' title="bbox 1976 5324 3624 5399">
     <span class='ocr_line' id='line_1_113' title="bbox 1976 5324 3624 5399; baseline -0.006 -12"><span class='ocrx_word' id='word_1_730' title='bbox 1976 5332 2361 5398; x_wconf 86' lang='lat' dir='ltr'><strong>decrevimus,</strong></span> <span class='ocrx_word' id='word_1_731' title='bbox 2393 5329 2798 5385; x_wconf 83' lang='lat' dir='ltr'><strong>Rhadoaldum</strong></span> <span class='ocrx_word' id='word_1_732' title='bbox 2847 5328 3069 5384; x_wconf 90' lang='lat' dir='ltr'><strong>scilicet</strong></span> <span class='ocrx_word' id='word_1_733' title='bbox 3117 5332 3291 5399; x_wconf 87' lang='lat' dir='ltr'><strong>atque</strong></span> <span class='ocrx_word' id='word_1_734' title='bbox 3338 5324 3624 5380; x_wconf 83' lang='lat' dir='ltr'><strong>Joannem</strong></span> 
     </span>
    </p>
   </div>
   <div class='ocr_carea' id='block_1_114' title="bbox 1976 5410 3626 5493">
    <p class='ocr_par' dir='ltr' id='par_1_114' title="bbox 1976 5410 3626 5493">
     <span class='ocr_line' id='line_1_114' title="bbox 1976 5410 3626 5493; baseline -0.007 -16"><span class='ocrx_word' id='word_1_735' title='bbox 1976 5419 2302 5493; x_wconf 84' lang='lat' dir='ltr'><strong>episcopos,</strong></span> <span class='ocrx_word' id='word_1_736' title='bbox 2336 5418 2647 5474; x_wconf 88' lang='lat' dir='ltr'><strong>deliciosos</strong></span> <span class='ocrx_word' id='word_1_737' title='bbox 2704 5421 2761 5472; x_wconf 90' lang='lat' dir='ltr'><strong>et</strong></span> <span class='ocrx_word' id='word_1_738' title='bbox 2818 5416 3186 5473; x_wconf 90' lang='lat' dir='ltr'><strong>consiliarios</strong></span> <span class='ocrx_word' id='word_1_739' title='bbox 3240 5417 3493 5480; x_wconf 86' lang='lat' dir='ltr'><strong>nostros,</strong></span> <span class='ocrx_word' id='word_1_740' title='bbox 3523 5410 3626 5484; x_wconf 91' lang='lat' dir='ltr'><strong>qui</strong></span> 
     </span>
    </p>
   </div>
   <div class='ocr_carea' id='block_1_115' title="bbox 1984 5518 3622 5599">
    <p class='ocr_par' dir='ltr' id='par_1_115' title="bbox 1984 5518 3622 5599">
     <span class='ocr_line' id='line_1_115' title="bbox 1984 5518 3622 5599; baseline -0.003 -15"><span class='ocrx_word' id='word_1_741' title='bbox 1984 5528 2150 5584; x_wconf 85' lang='lat' dir='ltr'><strong>Rom.</strong></span> <span class='ocrx_word' id='word_1_742' title='bbox 2183 5525 2563 5599; x_wconf 84' lang='lat' dir='ltr'><strong>epistolarum</strong></span> <span class='ocrx_word' id='word_1_743' title='bbox 2618 5523 3053 5599; x_wconf 76' lang='lat' dir='ltr'><strong>Pontificiarum</strong></span> <span class='ocrx_word' id='word_1_744' title='bbox 3100 5540 3194 5599; x_wconf 74' lang='lat' dir='ltr'><strong>an.</strong></span> <span class='ocrx_word' id='word_1_745' title='bbox 3245 5521 3379 5580; x_wconf 80' lang='lat'><strong>1591</strong></span> <span class='ocrx_word' id='word_1_746' title='bbox 3420 5536 3433 5577; x_wconf 89' lang='lat'><strong>:</strong></span> <span class='ocrx_word' id='word_1_747' title='bbox 3468 5518 3622 5597; x_wconf 85' lang='lat' dir='ltr'><strong>quod</strong></span> 
     </span>
    </p>
   </div>
   <div class='ocr_carea' id='block_1_116' title="bbox 1987 5595 3331 5674">
    <p class='ocr_par' dir='ltr' id='par_1_116' title="bbox 1987 5595 3331 5674">
     <span class='ocr_line' id='line_1_116' title="bbox 1987 5595 3331 5674; baseline -0.003 -16"><span class='ocrx_word' id='word_1_748' title='bbox 1987 5600 2163 5658; x_wconf 88' lang='lat' dir='ltr'><strong>etiam</strong></span> <span class='ocrx_word' id='word_1_749' title='bbox 2192 5595 2250 5657; x_wconf 73' lang='lat' dir='ltr'><strong>et</strong></span> <span class='ocrx_word' id='word_1_750' title='bbox 2272 5599 2333 5655; x_wconf 89' lang='lat' dir='ltr'><strong>in</strong></span> <span class='ocrx_word' id='word_1_751' title='bbox 2363 5597 2584 5655; x_wconf 72' lang='lat' dir='ltr'><strong>caeteris</strong></span> <span class='ocrx_word' id='word_1_752' title='bbox 2622 5595 2951 5674; x_wconf 67' lang='lat' dir='ltr'><strong>prmatitum</strong></span> <span class='ocrx_word' id='word_1_753' title='bbox 2981 5600 3089 5655; x_wconf 88' lang='lat' dir='ltr'><strong>est.</strong></span> <span class='ocrx_word' id='word_1_754' title='bbox 3123 5595 3331 5654; x_wconf 73' lang='lat' dir='ltr'><strong>MANSI.</strong></span> 
     </span>
    </p>
   </div>
  </div>
