3894 6204
159 306 296 368 8οὃ

1396 307 1806 371 EPISTOL/E
1849 306 1947 368 ET
1992 305 2375 369 DECRETA.

3480 311 3599 371 806

166 455 285 510 per
314 438 718 512 apostolorum
770 439 1221 497 intercessiones
1251 439 1545 496 desiderat
1574 438 1843 513 magniﬁ—
1874 440 1928 508 Α
1959 440 2115 496 mine
2164 441 2508 497 defraudare
2564 442 2898 509 tentavcris,
2939 441 3090 499 scias
3142 448 3199 499 te
3256 443 3605 516 praesulatus

166 528 432 584 centiam
466 528 746 595 obtinere,
770 546 873 601 pro
904 529 1005 584 Dei
1034 546 1229 585 amore
1261 529 1509 603 gratiam
1541 530 1836 601 percipere

164 616 389 685 valeat,
417 622 475 673 et
506 618 578 673 de
607 618 699 675 sui
730 617 1031 674 affectione
1072 622 1281 673 nostrae
1330 617 1677 690 praesulatus
1708 636 1835 674 ora-

167 704 333 763 culis
363 706 821 763 consolationem
864 711 1147 774 resumat,
1175 711 1464 780 quatenus
1514 708 1613 779 qui
1647 724 1708 763 se
1735 725 1838 779 per

164 791 478 851 infelicem
511 795 745 868 culpam
771 814 803 850 a
827 812 1033 851 norma
1054 796 1347 868 a-quitatis
1370 795 1696 854 declinasse
1719 814 1835 853 non

168 883 447 955 ambigit,
468 882 755 939 medelam
776 883 1175 956 apostolorum
1195 888 1495 957 agnoscat,
1509 890 1566 940 et
1581 885 1739 957 apud
1754 902 1840 941 se-

166 969 406 1027 niorem
426 975 685 1028 vestrum
701 971 1185 1041 venialem,vobis
1196 973 1562 1045 juvantibus,
1575 975 1835 1047 vigorem

166 1059 461 1115 obtineat.
488 1060 732 1117 Dextera
752 1078 855 1117 vos
883 1050 1150 1135 Superna:
1180 1067 1446 1135 protegat
1484 1065 1833 1135 majestatis,

166 1153 233 1204 et
261 1151 339 1204 ab
371 1150 648 1206 omnibus
691 1167 927 1224 semper
975 1151 1424 1208 adversitatibus
1474 1153 1836 1226 maculisque

166 1238 476 1296 custodire
506 1240 799 1312 dignetur.

417 1417 490 1455 AD
521 1416 866 1456 STEPHANUM
896 1417 1151 1457 COMITEM
1182 1419 1601 1459 ARVERNORUM.

823 1490 1011 1562 (Anno
1042 1491 1195 1560 862.)

160 1579 334 1653 lueet
352 1585 413 1633 ut
432 1578 684 1650 Sigonem
710 1580 1099 1635 Arvernensem
1123 1583 1433 1653 episcopum
1452 1582 1708 1639 Ecclesiae
1725 1600 1838 1638 suae

239 1649 449 1725 dejecto
470 1649 759 1725 pervasere
796 1653 1066 1716 restituat,
1099 1649 1164 1707 et'
1185 1649 1388 1725 synodo
1438 1654 1743 1723 legatorum
1772 1654 1836 1710 tle

243 1721 474 1792 objectis
503 1723 887 1793 satis/acturus
916 1739 973 1777 se
999 1725 1179 1779 sistat.

692 1811 882 1883 [Apud
914 1811 1123 1878 Mansi,
1159 1812 1317 1885 ibid.)

245 1899 540 1955 NICOLAUS
571 1898 902 1972 episcopus,
943 1917 1148 1956 servus
1199 1918 1498 1957 servorum
1550 1903 1649 1958 Dei
1698 1904 1835 1959 ὃτι-ιιι

174 2004 384 2043 PHAXO
413 1987 629 2044 comiti.

243 2079 388 2143 Quae
417 2082 474 2132 et
506 2082 725 2149 quanta
757 2082 960 2133 contra
991 2079 1303 2135 eanonicas
1330 2084 1385 2135 et
1415 2080 1838 2139 ecclesiasticas

168 2165 439 2240 regulas,
463 2166 580 2221 imo
603 2171 805 2222 contra
836 2167 1125 2222 naturalia
1146 2169 1286 2239 jura
1317 2170 1690 2241 pertinaciter
1712 2188 1839 2244 ege-

161 2255 279 2321 ris,
306 2255 463 2311 sedis
495 2255 846 2328 apostolicae,
871 2272 999 2328 quae
1024 2257 1242 2329 ubique
1273 2274 1341 2312 ex
1370 2258 1697 2316 ministerio
1723 2261 1840 2333 sibi

159 2345 396 2400 credito
434 2344 778 2416 spiritaliter
806 2349 1015 2417 praesto
1047 2350 1155 2413 est,
1181 2346 1573 2419 cognitionem
1597 2352 1835 2410 omnino

153 2450 284 2488 non
316 2433 475 2489 latet.
504 2435 573 2489 Et
592 2433 728 2489 licet
747 2437 909 2490 tanto
934 2434 1052 2489 sint
1076 2435 1208 2491 odio
1231 2453 1265 2491 a
1292 2438 1508 2493 nostris
1531 2440 1832 2497 mentibus

152 2522 608 2594 repellenda,ut
628 2522 685 2577 in
708 2527 765 2577 te
787 2539 989 2578 eorum
1022 2524 1428 2580 auctoritatem
1464 2528 1669 2584 merito
1698 2531 1833 2584 mit-

157 2617 288 2666 tere
312 2611 371 2665 in
390 2610 551 2682 virga
565 2627 874 2683 cogamur:
895 2616 957 2666 ut
981 2618 1175 2667 tamen
1195 2612 1385 2687 adhuc
1410 2620 1465 2668 te
1490 2616 1832 2688 resipiscere

167 2718 203 2756 a
228 2700 414 2755 tantis
436 2699 609 2756 malis
628 2705 953 2772 sperantes,
973 2700 1080 2756 has
1098 2702 1280 2757 nostri
1303 2703 1664 2774 apostolatus
1686 2706 1833 2762 litte-

163 2808 274 2847 ras
299 2789 405 2844 tibi
437 2788 768 2862 dirigimus,
795 2793 858 2844 ut
883 2790 1183 2846 submissa
1212 2791 1543 2863 pertinaciae
1579 2798 1689 2849 tuae
1713 2812 1828 2851 cer-

162 2880 316 2947 vice,
341 2882 680 2934 sanctorum
727 2879 1097 2934 sacerdotum
1146 2879 1450 2952 praceptis
1497 2899 1723 2954 pareas,
1757 2885 1829 2941 de

161 2968 485 3043 praeteritis
530 2968 956 3039 pmnitudinem
997 2985 1189 3041 geras,
1212 2973 1270 3023 et
1318 2986 1353 3024 a
1397 2970 1615 3028 futuris
1647 2977 1722 3040 te,
1756 2991 1828 3029 ne

158 3057 594 3129 perseverando
616 3056 674 3110 in
698 3056 917 3111 talibus
938 3055 995 3110 in
1021 3056 1237 3112 diaboli
1265 3056 1504 3129 laqueos
1528 3061 1830 3133 sempiter-

161 3164 281 3203 nos
309 3146 557 3211 incidas,
581 3144 1002 3216 circumspecte
1025 3162 1090 3200 ac
1111 3145 1359 3201 solerter
1379 3148 1694 3205 custodias.
1714 3150 1827 3206 Cae-
1859 3177 1902 3242 ρ

160 3243 361 3291 terum
388 3236 548 3307 quia,
574 3235 729 3306 quod
773 3233 865 3288 his
908 3235 1161 3307 nequius
1194 3241 1398 3303 exstat,
1418 3242 1619 3292 contra
1658 3256 1831 3295 omne

163 3326 329 3397 quod
363 3324 704 3380 Christianae
737 3322 1003 3396 religioni
1036 3324 1561 3397 convenit,dejecto
1586 3330 1829 3384 sanctis-

163 3413 327 3469 simo
349 3413 563 3485 Sigone
582 3413 925 3467 Arvernensi
952 3414 1246 3485 episcopo,
1264 3412 1322 3468 in
1348 3413 1540 3469 locum
1562 3414 1690 3487 ejus
1707 3435 1832 3490 per-

160 3519 437 3559 vasorem
458 3502 721 3556 Adonem
744 3499 1023 3556 clericum
1045 3501 1434 3571 substituisti;
1460 3505 1832 3578 praecipimus

160 3592 273 3648 tibi
298 3590 643 3647 auctoritate
664 3590 765 3645 Dei
787 3590 1227 3661 omnipotentis,
1250 3590 1674 3666 beatorumque
1696 3613 1832 3669 apo-

160 3680 458 3738 stolorum
482 3679 812 3752 principum
832 3678 977 3734 Petri
998 3695 1064 3734 ac
1082 3678 1265 3749 Pauli,
1282 3684 1347 3735 ut
1368 3681 1592 3737 nullam
1619 3701 1832 3755 passus

159 3787 417 3836 moram,
443 3766 887 3824 sanctissimum
919 3766 1194 3839 Sigonem
1222 3768 1586 3842 episcopum,
1608 3773 1830 3844 dejecto

161 3875 499 3932 pervasere,
514 3855 770 3913 ecclesiae
794 3873 913 3911 sua:
935 3856 1257 3917 restitutas.
1279 3862 1337 3913 et
1362 3858 1418 3912 in
1451 3860 1612 3914 omni
1637 3878 1831 3919 sacer-

161 3949 311 4005 dotii
346 3946 629 4021 dignitate
669 3961 802 4000 eum
836 3961 1072 4000 manere
1106 3945 1317 4000 amodo
1364 3946 1650 4004 dimittas.
1683 3951 1828 4006 Nam

158 4037 307 4110 quia
327 4034 614 4091 nonnulla
637 4032 934 4104 impudica
956 4050 1022 4087 ac
1043 4032 1466 4090 scelestissima
1482 4036 1552 4091 de
1575 4040 1628 4091 te
1650 4037 1832 4097 incul-

160 4130 398 4191 cantur,
427 4122 748 4196 apostolica
783 4122 1131 4177 auctoritate
1167 4123 1491 4191 sancimus,
1523 4128 1587 4180 ut
1625 4126 1696 4182 de
1735 4128 1829 4185 his

160 4214 509 4287 plenissime
558 4210 991 4279 satisfacturus,
1025 4210 1083 4265 in
1119 4216 1454 4267 nostrorum
1501 4212 1829 4287 legatorum

158 4301 608 4376 praesentia,qui
624 4298 953 4356 constitutae
974 4316 1008 4354 a
1030 4300 1197 4356 nobis
1217 4302 1441 4373 synodo
1463 4320 1711 4374 praeesse
1734 4306 1829 4362 de-

154 4393 413 4457 bebunt,
438 4391 497 4446 in
519 4390 643 4445 loco
674 4389 907 4461 praeﬁxo
944 4404 1244 4444 oecerrure
1268 4391 1525 4447 studeas.
1549 4392 1828 4466 Quodque

159 4481 207 4537 si
246 4480 597 4553 neglexeris,
624 4482 681 4533 et
710 4477 1082 4550 praesentiam
1108 4483 1273 4534 tuam
1313 4496 1346 4533 a
1377 4482 1653 4553 synodico
1694 4500 1826 4539 exa-

236 4607 317 4675 (a)
351 4602 615 4659 Contulit
645 4602 797 4675 hanc
827 4601 1134 4675 epistolam
1175 4602 1511 4675 Harduinus
1544 4623 1677 4662 cum
1713 4625 1823 4665 ms.

161 4673 386 4749 arChivi
413 4674 794 4749 Turonensis,
820 4675 975 4729 unde
997 4674 1185 4729 varias
1208 4673 1487 4731 lectiones
1510 4678 1825 4749 adnotavit,

162 4765 323 4821 quas
356 4748 411 4821 in
435 4752 605 4821 textu
629 4745 838 4821 habes.

242 4820 319 4891 (ὁ)
351 4818 653 4891 Salomoni
678 4818 797 4885 regi
833 4817 1394 4891 ItrittonutnLTertio
1423 4823 1479 4874 et
1510 4819 1737 4883 ultimo,
1766 4825 1830 4876 ut

162 4888 444 4962 est‘apud
499 4888 830 4962 Gratiarum
851 4888 905 4954 3,
933 4905 1031 4958 qu.
1062 4889 1280 4962 6,__Il:ec
1308 4891 1527 4962 _quippe
1567 4901 1660 4947 est.
1714 4893 1825 4948 Sed

165 4958 570 5034 male—ibidem
593 4959 819 5034 _Joat_1ni
836 4975 1023 5034 papae
1041 4958 1263 5034 tribuit
1307 4958 1475 5034 hanc
1497 4962 1826 5034 epistolam,

163 5050 306 5088 cum
341 5032 418 5088 sit
448 5031 691 5088 Nicolai.
718 5030 939 5085 Profert
957 5034 1015 5085 et
1039 5030 1385 5084 Hincmarus
1418 5030 1828 5091 Lau'dunensis

165 5103 225 5159 in
261 5103 441 5175 priori
475 5101 809 5175 defensione
855 5118 964 5156 sua
1000 5100 1216 5175 locum,
1250 5117 1319 5156 ex
1347 5100 1529 5175 altera
1562 5105 1825 5175 ejusdem

165 5172 519 5254 argumenti
535 5175 607 5229 ad
626 5172 1008 5254 _S_alomnonem
1029 5172 1300 5227 eumdem
1326 5172 1568 5254 epistola
1588 5172 1824 5254 Adriani

164 5243 333 5319 papa:
366 5247 521 5319 nond
575 5246 730 5319 edita
763 5262 776 5300 :
808 5243 911 5299 Sed
958 5251 1008 5319 et
1050 5258 1317 5319 prazsens,
1352 5243 1564 5319 inquit,
1597 5248 1829 5304 domnus

161 5315 310 5390 papa
346 5318 624 5374 Adrianus
668 5316 786 5373 haec
810 5331 879 5390 ea;
907 5315 1137 5390 epistola
1182 5331 1359 5390 nuper
1389 5315 1458 5370 ad
1485 5319 1830 5374 Salomonem

163 5388 357 5445 ducem
384 5390 805 5462 Brittannorum
832 5388 1114 5462 destinata
1154 5388 1245 5462 sui
1292 5402 1631 5462 suorumque
1652 5390 1830 5462 ofﬁcii

162 5477 277 5517 non
308 5463 598 5517 immemor
624 5458 909 5515 manda-vit
941 5476 958 5511 :
991 5457 1333 5512 Sacerdotes
1372 5475 1504 5515 vero
1530 5457 1718 5516 vobis
1742 5462 1826 5516 vi-

167 5533 435 5606 cinarum
457 5532 775 5606 dicrceseop
798 5544 1053 5606 superse
1070 5526 1217 5606 alios
1229 5526 1535 5606 deplorant
1551 5548 1829 5606 superpo-

169 5604 314 5665 sitos
344 5604 683 5664 sacerdotes
728 5598 1109 5673 Britannicas,
1144 5600 1193 5658 si
1225 5598 1422 5659 tamen
1471 5598 1824 5676 sacerdotes,

1948 529 2130 583 nostri
2159 531 2503 585 auctoritate
2536 546 2570 584 a
2599 531 2718 586 vini
2764 535 2822 586 et
2849 532 3117 587 carnium
3163 532 3606 605 participatione

1946 616 2184 672 omnino
2237 617 2833 684 exeommunieatum,
2859 621 3242 693 quoadusque
3292 622 3487 676 Romm
3544 622 3603 677 in

1946 711 2148 762 nostra
2169 707 2406 778 speciali
2434 709 2744 779 praesentia
2766 708 3093 764 districtum
3118 711 3417 781 positurus
3437 711 3607 767 ratio-

1945 811 2079 849 nem
2114 796 2379 851 assistas.
2407 797 2688 853 Pervasor
2709 814 2838 852 vero
2871 802 3083 853 sanctae
3106 799 3492 854 Arvernensis
3515 816 3605 855 ec-

1949 882 2161 948 clesiae,
2185 885 2234 940 si
2266 889 2399 957 post
2437 884 2588 941 hanc
2630 890 2892 941 nostram
2924 886 3328 943 deﬁnitionem
3366 887 3484 943 illic
3514 905 3606 944 re-

1946 973 2160 1028 morari
2181 974 2510 1040 tentaverit,
2526 978 2582 1030 et
2600 974 2835 1046 aliquod
2857 974 3344 1047 impedimentum
3365 977 3545 1032 sancti
3555 995 3607 1033 s-

1948 1060 2098 1117 simo
2121 1062 2323 1135 Sigoni
2345 1063 2619 1135 episeopo
2644 1064 2832 1119 facere
2855 1081 3207 1138 quacunque
3233 1070 3607 1138 argumenta-

1944 1150 2101 1205 tione
2124 1151 2586 1224 praesumpserit,
2614 1152 2761 1208 sciat
2791 1168 2852 1208 se
2882 1153 3006 1225 pari
3032 1155 3205 1210 modo
3234 1172 3350 1211 non
3372 1159 3603 1212 tantum

1946 1255 1980 1293 a
2003 1239 2124 1296 vini
2155 1244 2211 1295 et
2241 1241 2747 1311 carnium,verum
2779 1245 2835 1296 et
2865 1258 2899 1297 a
2926 1244 3185 1316 corporis
3211 1247 3269 1299 et
3297 1245 3604 1317 sanguinis

1946 1328 2179 1384 Domini
2212 1330 2394 1385 nostri
2436 1331 2573 1387 Jesu
2609 1330 2823 1386 Christi
2878 1333 3323 1405 participatione
3370 1335 3605 1406 penitus

1945 1434 2073 1473 esse
2105 1418 2462 1489 sejunctum,
2490 1419 2752 1490 quandiu
2786 1420 3396 1492 nostrisjussionibus
3427 1422 3604 1478 obsti-

1945 1510 2079 1561 nate
2110 1507 2168 1562 in
2203 1508 2572 1580 praesentiam
2614 1507 2994 1581 apostolicam
3042 1509 3238 1566 venire
3285 1510 3597 1568 distulerit.

1944 1596 2096 1652 Bene
2131 1597 2276 1653 vale.

2234 1776 2308 1814 AD
2348 1775 2692 1815 SALOMONEM
2731 1777 2921 1816 REGEM
2962 1777 3312 1816 BRITTONUM.

2590 1849 2776 1917 (Anno
2805 1848 2953 1920 862.)

1948 1938 2021 1991 De
2052 1937 2358 2011 renovando
2399 1939 2689 2009 ejectorum
2731 1941 3104 2009 episcoporum
3153 1941 3408 1996 examine
3455 1940 3601 2011 apud

2019 2009 2485 2083 archiepiscopum
2519 2011 3011 2083 Turonensem,_vel
3059 2011 3203 2081 apud
3233 2011 3418 2083 sedem
3465 2009 3600 2083 apo-

2016 2080 2265 2135 stolicam
2296 2098 2312 2133 :
2344 2088 2393 2134 et
2423 2080 2487 2135 de
2505 2081 2634 2152 jure
2665 2081 3071 2151 metropolitani
3092 2080 3243 2153 apud
3281 2080 3596 2137 Britamios.

2462 2170 2649 2241 (Apud
2682 2169 2889 2236 Mansi,
2925 2169 3086 2238 ibid.)

2017 2258 2306 2313 NICOLAUS
2335 2257 2667 2330 epis00pus,
2693 2275 2895 2313 servus
2925 2275 3226 2314 servorum
3258 2259 3358 2315 Dei
3382 2262 3477 2330 (a),
3502 2259 3603 2315 SA-

1946 2364 2157 2402 LOMONI
2190 2346 2308 2419 regi
2343 2346 2689 2401 Brittonum.

2015 2438 2086 2506 (ὁ)
2113 2436 2457 2492 Benedictus
2486 2440 2635 2490 Deus
2658 2440 2717 2491 et
2738 2436 2904 2491 Pater
2927 2435 3158 2491 Domini
3182 2438 3294 2492 mei
3321 2438 3467 2508 [ms.,
3497 2455 3599 2492 no-

1942 2526 2070 2596 stri]
2091 2526 2230 2582 Jesu
2261 2525 2477 2579 Christi
2512 2524 2611 2596 qui
2645 2541 2748 2597 per
2779 2542 3006 2597 magnae
3040 2526 3449 2583 misericordia:
3480 2544 3599 2581 suaa

1940 2615 2190 2687 gratiam
2224 2615 2366 2670 adeo
2388 2619 2503 2670 tum
2537 2630 2635 2669 cor
2666 2612 3048 2669 sublimitatis
3077 2614 3371 2671 illustrare
3400 2615 3600 2689 digna-

1940 2709 2034 2758 tus
2066 2709 2176 2769 est,
2200 2707 2265 2758 ut
2299 2703 2506 2758 merito
2529 2719 2631 2775 pro
2659 2702 2957 2774 sapientia:
2988 2708 3101 2759 tute
3134 2704 3358 2777 fulgore
3379 2705 3477 2760 ubi
3500 2704 3599 2760 ha-

1938 2792 2110 2858 bitas,
2136 2809 2250 2847 non
2276 2792 2402 2863 jam
2427 2790 2721 2857 occidens,
2747 2791 2846 2846 sed
2871 2791 3065 2847 oriens
3091 2792 3395 2848 habeatur.
3421 2793 3597 2849 Ortus

1937 2882 2093 2937 enim
2114 2884 2203 2937 est
2229 2881 2288 2935 in
2309 2880 2474 2936 vobis
2492 2879 2577 2935 sol
2600 2878 2866 2951 justitiaa,
2882 2880 3036 2952 quod
3059 2879 3185 2952 ipse
3198 2881 3463 2937 Christus
3483 2886 3594 2949 est,

1936 2975 1994 3025 et
2038 2967 2399 3025 inﬁdelitatis
2456 2967 2709 3023 tenebraa
2768 2968 3126 3023 defecerunt.
3154 2970 3264 3025 Sed
3317 2986 3596 3043 rogamus

1936 3059 2207 3114 eumdem
2244 3057 2705 3129 omnipotentem
2734 3056 2940 3123 Deum,
2960 3061 3025 3112 ut
3054 3057 3227 3113 sicuti
3259 3061 3426 3114 rectae
3460 3057 3595 3113 fidei

1936 3146 2294 3220 agnitionem
2328 3147 2419 3219 pic.
2441 3145 2752 3215 concessit,
2777 3145 2857 3200 ita
2878 3162 3109 3219 quoque
3129 3146 3293 3201 bonae
3314 3147 3597 3218 operatio-

1942 3236 2033 3291 nis
2086 3236 2376 3309 benignus
2435 3234 2723 3307 largiatur
2778 3233 3068 3289 effectum.
3107 3236 3182 3289 De
3232 3239 3435 3290 caetero
3468 3233 3591 3307 lens.

1941 3326 2064 3381 add.
2092 3325 2195 3397 fili]
2231 3325 2375 3381 sciat
2423 3322 2736 3397 prudentia
2766 3327 2886 3389 tua,
2918 3340 3025 3379 nos
3072 3323 3142 3380 de
3183 3323 3382 3395 ejectis
3428 3328 3485 3379 et
3534 3324 3595 3378 in

1939 3413 2083 3470 locis
2104 3414 2337 3470 illorum
2360 3413 2492 3469 aliis
2517 3411 2851 3485 subrogatis
2876 3412 3186 3485 episcopis,
3207 3412 3516 3485 diligenter
3535 3412 3594 3468 in

1942 3502 2192 3559 archivis
2223 3507 2435 3559 sanctae
2466 3502 2763 3569 Romanis,
2798 3501 2890 3556 cui
2933 3516 3148 3573 magna
3178 3500 3596 3573 omnipotentis

1941 3593 2041 3649 Dei
2075 3592 2449 3648 miseratione
2481 3589 2865 3656 deservimus,
2890 3589 3145 3646 ecclesiae
3178 3589 3516 3662 requisisse,
3540 3594 3598 3645 et

1941 3681 2126 3737 multo
2173 3680 2341 3737 aliter
2389 3681 2448 3736 in
2497 3679 2931 3752 exemplaribus
2983 3678 3532 3752 epistolarum,quaa
3564 3696 3599 3735 a

1940 3769 2346 3827 decessoribus
2377 3768 2544 3834 meis,
2578 3769 2758 3824 beatae
2794 3767 3063 3824 videlicet
3094 3767 3385 3824 memoria:
3410 3769 3597 3823 Leone

1940 3876 2007 3914 ac
2032 3859 2337 3914 Benedicto
2370 3855 2767 3930 pontificibus,
2789 3860 2964 3928 atque
2988 3874 3021 3911 a
3044 3873 3156 3924 me,
3181 3856 3517 3924 Nomenoio,
3541 3861 3599 3912 et

1940 3946 2066 4012 tibi,
2091 3962 2197 4001 nec
2228 3962 2344 4000 non
2367 3944 2803 4015 archiepiscopo
2827 3943 3115 3999 Turonico
3140 3945 3288 4000 data:
3310 3949 3469 4012 sunt,
3494 3961 3597 4016 pa-

1938 4051 2073 4105 pam
2100 4035 2349 4089 Leonem
2374 4032 2503 4106 [Μδ.
2532 4034 2829 4098 Turon.,ct
2851 4033 3013 4104 regni
3041 4032 3123 4086 tui
3150 4032 3440 4104 episcopis
3460 4031 3597 4088 mis-

1939 4140 2015 4178 sae
2038 4126 2195 4189 sunt,
2220 4120 2533 4187 invenisse,
2549 4136 2727 4191 quam
2750 4123 2810 4173 tu
2836 4118 2893 4173 in
2917 4119 3128 4174 litteris
3154 4120 3272 4175 tuis
3300 4119 3593 4191 perhibes,

1939 4210 2204 4282 quamvis
2223 4226 2327 4265 nec
2350 4209 2543 4264 discas
2568 4208 2624 4262 in
2651 4207 2917 4280 apicibus
2944 4208 3310 4276 tuis,sanctaa
3335 4208 3596 4265 recorda-

1938 4299 2115 4355 tionis
2148 4315 2358 4370 papam
2383 4297 2809 4367 Leonem,etc.]
2828 4296 3146 4353 Nomenoio
3175 4298 3480 4353 consilium
3505 4297 3593 4353 vel

1939 4388 2346 4444 auctoritatem
2377 4386 2702 4459 deponendi
2736 4385 3040 4457 episcopos
3064 4386 3358 4453 tribuisse,
3381 4386 3594 4458 quippe

1939 4494 2114 4551 quem
2136 4480 2365 4533 constat
2390 4474 2707 4530 multifario
2730 4472 3048 4546 multisque
3071 4474 3281 4542 modis,
3297 4491 3369 4529 ne
3392 4474 3499 4529 hoc
3520 4473 3594 4530 ab

1937 4607 1993 4658 et
2022 4620 2135 4658 non
2170 4602 2357 4673 magis
2388 4616 2727 4673 pervaseres
2758 4602 2815 4654 et
2845 4596 3171 4673 sacrilegos
3201 4597 3348 4673 tales
3380 4598 3589 4673 dixeri:

1940 4674 2218 4750 mus._Qui
2252 4668 2510 4750 etiam,si
2546 4672 2813 4742 quaedam
2845 4668 3352 4750 habent'negotia,‘
3372 4686 3486 4724 non
3518 4669 3591 4750 ad

1940 4744 2186 4801 concilia
2224 4741 2632 4816 episcoporum
2665 4758 2966 4797 occurrere
2995 4741 3453 4816 permittuntur,
3488 4741 3590 4794 sed

1938 4823 2140 4872 contra
2171 4810 2367 4870 sacros
2400 4810 2672 4881 canones,
2697 4818 2753 4869 et
2782 4810 3140 4867 venerabiles
3169 4810 3347 4883 leges,
3373 4812 3444 4883 ad
3468 4827 3590 4883 saa-

1938 4888 2223 4944 cularium
2266 4886 2589 4941 tribunalia
2635 4884 3072 4957 pertrahuntur,
3106 4899 3211 4937 nec
3234 4882 3593 4957 suscipiunt

1939 4957 2266 5032 episcopale
2307 4952 2667 5032 institutum,
2689 4956 2799 5032 sed
2832 4955 3067 5032 illatum
3109 4958 3309 5032 contra
3358 4952 3590 5032 regulas
3657 4976 3661 4979 “

1937 5025 2219 5103 populare
2249 5028 2559 5103 incurrunt
2595 5027 2924 5103 judicium;
2959 5030 3016 5081 et
3053 5025 3412 5103 ipsismorte
3437 5025 3589 5103 pra;-

1936 5095 2148 5168 ventis,
2175 5098 2401 5181 rapitur
2423 5098 2470 5180 si
2493 5095 2648 5180 quod
2674 5102 3034 5181 remanserat
3054 5095 3406 5181 subsidium.
3428 5095 3592 5178 Judi-

1938 5166 2148 5227 cantur
2180 5166 2357 5225 etiam
2380 5166 2635 5241 episcopi
2660 5186 2693 5223 a
2719 5168 3039 5241 lectoribus
3060 5173 3117 5241 et
3132 5166 3311 5241 glaicis
3343 5166 3590 5221 homini-

1939 5244 2051 5299 bus
2069 5259 2216 5314 quos
2249 5258 2362 5314 non
2387 5238 2643 5314 oportuit
2673 5240 2783 5294 nisi
2813 5239 3111 5314 canonicis
3131 5238 3380 5314 legibus,
3398 5241 3455 5292 et
3474 5253 3591 5314 me-

1937 5309 2306 5385 tropolitanis
2338 5309 2440 5385 aut
2480 5311 2650 5385 nobis
2691 5310 3099 5385 praesentibus,
3124 5309 3587 5385 saltem__exami-

1938 5380 2087 5451 nari,
2115 5384 2341 5439 dicente
2374 5382 2620 5438 Domino
2672 5380 2773 5453 per
2819 5380 3162 5453 prophetam
3197 5399 3209 5436 :
3243 5381 3417 5435 Nolite
3464 5388 3588 5453 tau-

1934 5474 2059 5529 gere
2088 5456 2314 5529 christos
2358 5469 2521 5529 meos,
2554 5452 2691 5529 alia
2719 5452 3160 5529 prophetis_meis
3209 5453 3377 5529 nolite
3420 5452 3587 5529 malit

1936 5524 2104 5599 'gnari
2132 5525 2305 5594 (Psal.
2340 5525 2481 5593 CIV);
2516 5529 2572 5579 et
2601 5524 2815 5578 iterum
2853 5539 2865 5576 :
2902 5524 3018 5650 gui
3052 5539 3144 5579 vos
3193 5525 3394 5596 tangit,
3427 5524 3588 5598 quasi

1937 5617 2032 5650 am
2063 5604 2255 5650 tanaat
2282 5597 2553 5650 pupillam
2578 5595 2726 5650 oculi
2750 5595 2861 5650 mei
2890 5596 2906 5650 (
2950 5595 3070 5650 ach.
3102 5594 3187 5650 nl.
3217 5594 3387 5650 Sum.

1937 5594 2032 5677 aut
2063 5604 2255 5671 tangat
2277 5597 2553 5673 pupillam
2578 5595 2726 5655 oculi
2750 5595 2861 5654 mei
2890 5594 3070 5670 (Zach.
3102 5594 3187 5670 ιι).
3217 5594 3387 5655 sm.
