3894 6204
370 290 487 350 807

1740 287 2052 352 NICOLAI
2102 288 2335 350 ΡΑΡίΕ
2380 292 2427 351 Ι.

3668 294 3767 357 808

372 422 500 477 aliis
527 440 703 495 quam
729 440 762 479 a
785 427 940 479 certo
971 422 1379 495 episcoporum
1409 440 1653 483 numero
1676 424 1857 490 ﬁeret,
1884 438 2028 495 praa-
2055 423 2112 489 Α
2142 422 2391 480 libenter
2419 425 2672 481 attende.
2704 424 3017 482 Hortamur
3055 424 3211 481 enim
3251 424 3501 498 gloriam
3531 429 3769 493 tum,et

377 512 624 583 cepisse.
650 512 794 567 Nam
819 511 1140 568 Nomenoio
1162 511 1490 569 consulenti
1524 511 1666 584 quid
1689 512 1760 567 de
1781 510 2032 583 Spiritus

370 599 556 655 sancti
576 599 732 672 grati
740 599 1623 673 amvenundantibusoporteret
1638 600 1760 656 fieri
1766 643 1785 671 ,
1802 616 2033 672 respon-

366 687 455 743 dit
477 687 619 745 nihil
648 687 921 761 inquiens
944 693 1156 760 praeter
1174 690 1330 761 quod
1356 688 1543 745 sancti
1570 706 1827 745 canones
1857 705 2033 761 super

366 775 459 831 his
491 776 861 848 praecipiunt,
888 777 1050 850 ipsas
1083 777 1317 850 regulas
1349 778 1618 850 apicibus
1642 778 1764 834 suis
1786 778 2031 833 interse-

369 880 524 921 rens.
549 865 695 921 Nam
728 865 999 938 qualiter,
1034 870 1092 922 et
1133 884 1167 923 a
1198 872 1363 939 quot,
1385 866 1476 922 vel
1507 884 1540 925 a
1570 867 1789 939 quibus
1840 866 2033 923 sanxit

365 953 676 1026 episcopos
698 955 1099 1021 condemnari,
1122 956 1385 1013 scribens
1409 957 1611 1013 eodem
1635 960 1894 1029 tempore
1915 956 2033 1012 Bri-

365 1041 617 1100 tannicas
646 1043 901 1117 regionis
939 1044 1236 1117 episcopis
1268 1046 1563 1101 evidenter
1607 1045 1761 1101 inter
1801 1050 2026 1114 caetera,

365 1137 432 1189 ut
462 1132 667 1188 eadem
697 1132 828 1206 ipsa
855 1133 1031 1190 verba
1060 1151 1373 1207 ponamus,
1395 1135 1669 1203 decrevit,
1698 1150 1863 1207 aeque
1884 1152 2025 1207 prae-

369 1220 593 1293 cipiens
619 1226 683 1279 ut
703 1222 902 1279 omnia
923 1222 1043 1278 sint
1063 1223 1122 1279 in
1144 1223 1406 1282 conciliis
1428 1223 1857 1296 episcoporum.
1880 1224 2025 1285 Nam

375 1308 1045 1371 nullamdamnationem
1058 1311 1464 1383 episcoporum
1476 1327 1605 1368 esse
1623 1328 1882 1383 unquam
1897 1329 2027 1368 cen-

379 1414 601 1466 semus,
627 1399 739 1455 nisi
793 1404 895 1455 aut
930 1403 1064 1459 ante
1094 1400 1240 1471 [ms.,
1264 1400 1377 1459 nisi
1408 1400 1467 1455 in
1497 1401 1651 1471 ante]
1696 1399 2025 1473 legitimum

377 1505 691 1546 numerum
715 1488 1145 1561 episcoporum,
1163 1489 1261 1561 qui
1283 1491 1347 1545 ﬁt
1367 1507 1469 1562 per
1484 1490 1790 1546 duodecim
1807 1490 2026 1562 episco-

365 1581 615 1649 pos,aut
660 1581 813 1632 certe
865 1579 1109 1650 probata
1159 1578 1451 1634 sententia
1502 1596 1604 1651 per
1654 1578 2027 1652 septuaginta

362 1666 602 1722 idoneos
635 1670 837 1733 testes,
857 1667 958 1739 qui
990 1666 1135 1727 tales
1165 1667 1305 1736 sint,
1337 1667 1439 1739 qui
1480 1671 1535 1723 et
1577 1684 1851 1723 accusare
1890 1684 2023 1743 pos-

362 1754 504 1823 sint,
532 1758 590 1810 et
620 1754 784 1827 prius
815 1756 888 1811 ad
934 1771 1103 1811 sacra
1151 1755 1367 1813 Christi
1417 1761 1670 1829 quatuor
1708 1757 2020 1831 Evangelia

364 1849 735 1899 sacramenta
764 1849 1058 1916 praestent,
1087 1846 1241 1917 quod
1282 1844 1362 1900 nil
1404 1845 1616 1902 falsum
1647 1846 2014 1918 depromant,

357 1932 513 1987 sicut
544 1932 713 1988 nobis
745 1932 954 1988 beatus
984 1932 1279 1999 Silvester,
1304 1937 1361 1990 et
1407 1937 1609 1990 sancta
1639 1934 1901 1991 Romana
1931 1940 2015 1991 te-

358 2037 493 2076 nere
515 2020 744 2077 videtur
766 2020 1045 2077 Ecclesia.
1070 2024 1252 2090 Quam
1276 2028 1516 2079 secutus
1532 2024 1801 2079 decessor
1826 2041 2012 2092 meus,

358 2113 571 2164 sanctae
596 2109 889 2167 memoria
912 2110 1282 2178 Benedictus,
1299 2110 1438 2183 quia
1468 2115 1670 2166 contra
1691 2112 2014 2168 decessoris

357 2195 449 2251 sui
479 2197 800 2263 decretum,
822 2214 939 2253 non
971 2197 1042 2252 ab
1072 2197 1384 2271 episcopis,
1406 2199 1505 2254 sed
1531 2216 1564 2254 a
1586 2199 1769 2266 laicis,
1795 2201 2013 2272 episco-

357 2301 462 2357 pos
493 2284 553 2338 in
585 2285 819 2357 regione
851 2290 951 2341 tua
981 2290 1329 2359 cognoverat
1359 2304 1486 2342 esse
1531 2288 1805 2359 dejectos,
1828 2290 2013 2345 multa

356 2374 635 2429 maestitia
684 2378 741 2429 et
794 2374 1201 2451 indignatione
1258 2375 1536 2448 repletus,
1565 2377 1796 2450 scripsit
1854 2380 2006 2451 quod

357 2460 519 2517 nulla
551 2462 698 2518 ratio
744 2462 959 2519 sineret
989 2464 1293 2538 episcopos
1325 2482 1359 2521 θ.
1387 2466 1627 2522 sedibus
1676 2466 1802 2523 suis
1848 2467 2007 2540 pelli,

355 2566 504 2623 quos
535 2551 928 2607 duodenarius
961 2569 1247 2611 numerus
1278 2570 1392 2609 non
1441 2554 1726 2626 ejecissct.
1752 2556 2007 2619 Quorum

354 2638 602 2713 vestigia
631 2644 686 2695 et
723 2657 830 2715 ego
865 2657 1094 2714 quoque
1134 2648 1371 2699 secutus
1399 2644 1602 2699 eadem
1635 2644 1857 2715 censui,
1891 2645 2006 2701 imo

355 2732 412 2783 et
441 2744 668 2796 censeo,
704 2745 809 2786 nec
840 2729 1021 2787 ullam
1071 2748 1241 2803 posse
1288 2732 1593 2805 episcopos
1625 2733 1716 2788 sui
1768 2733 2007 2799 honoris

357 2818 649 2873 sustinere
673 2818 989 2891 jacturam,
1015 2836 1162 2893 quos
1196 2837 1308 2877 non
1335 2825 1564 2876 constat
1595 2822 1774 2879 fuisse
1804 2840 1838 2878 a
1868 2823 2007 2879 duo-

352 2905 538 2961 decim
571 2906 881 2980 episcopis,
916 2913 1199 2983 prazsente
1242 2909 1613 2982 primamque
1654 2912 2004 2968 sententiam

352 2993 796 3068 metropolitano
827 2995 1098 3069 episcopo
1117 2997 1584 3063 obtinente,cum
1606 2998 2007 3057 examinarent

352 3083 602 3138 auditos.
626 3084 732 3149 Qui
765 3084 873 3140 etsi
917 3085 1137 3141 crimen
1185 3085 1421 3159 aliquod
1467 3089 1717 3144 confessi
1749 3106 1876 3145 esse
1908 3090 2002 3145 di-

2142 528 2276 567 cum
2306 513 2598 584 aequivoco
2620 516 2720 570 tuo
2743 513 3182 586 sapientissimo
3205 512 3521 575 Salomone
3543 512 3771 573 dilectio-

2143 617 2276 655 nem
2299 605 2461 657 tuam
2485 602 2892 669 admonemus,
2915 602 3141 660 dicente
3165 620 3177 657 :
3201 603 3364 669 Audi,
3390 604 3481 675 ﬁli
3509 604 3612 670 mi,
3633 602 3771 659 disci-

2136 690 2355 762 plinam
2390 692 2567 762 patris
2618 692 2722 756 tui,
2753 698 2900 746 etne
2928 691 3171 747 dimittas
3220 692 3393 761 legem
3440 692 3639 747 matris
3682 700 3773 750 tua:

2142 778 2320 850 (Prov.
2354 782 2415 848 1).
2443 780 2515 852 (3,
2550 797 2607 852 q.
2639 781 2693 835 6.
2727 781 2855 837 llaec
2911 782 3110 854 quippe
3150 799 3168 835 :
3211 780 3310 836 ubi
3369 780 3498 836 haec
3555 780 3772 851 epistola

2137 867 2349 923 Joanni
2382 885 2543 942 papae
2575 867 2899 940 tribuitur.)
2929 869 3059 925 Hec
3090 869 3309 942 quippe
3340 872 3484 925 sunt
3515 875 3773 941 praecepta

2138 956 2239 1012 Dei
2273 956 2459 1029 patris
2489 956 2595 1023 tui,
2620 960 2676 1011 et
2706 956 2827 1012 haec
2871 962 2961 1013 est
2991 956 3081 1013 lex
3112 955 3378 1013 Ecclesia:
3418 946 3632 1012 matris
3658 962 3769 1013 tuze.

2136 1045 2418 1102 Videlicet
2446 1050 2511 1101 ut
2530 1062 2737 1102 omnes
2758 1045 3063 1118 episcopos
3084 1046 3246 1120 regni
3281 1045 3368 1102 tui
3394 1045 3473 1101 ad
3496 1045 3772 1103 Turonen-

2138 1150 2262 1189 scm
2297 1134 2803 1206 archiepiscopum
2838 1134 3069 1190 mittere
3099 1151 3216 1191 non
3248 1134 3562 1201 detrectes,
3591 1134 3776 1209 ipsius-

2136 1239 2249 1294 que
2274 1222 2566 1294 judicium
2602 1222 2897 1295 postulare
2928 1239 3041 1277 non
3090 1222 3448 1297 dedigneris.
3477 1224 3610 1295 Ipse
3638 1224 3770 1289 enim

2136 1315 2226 1366 est
2273 1310 2781 1383 metropolitanus,
2815 1328 3137 1383 omnesque
3186 1311 3447 1384 episcOpi
3502 1311 3663 1383 regni
3703 1313 3771 1366 tui

2134 1400 2263 1471 ejus
2295 1400 2647 1473 suﬂ'raganei
2678 1404 2837 1468 sunt,
2860 1399 3016 1457 sicut
3059 1401 3534 1473 conscriptiones
3579 1401 3773 1472 prede-

2134 1505 2436 1545 cessorum
2469 1505 2735 1544 meorum
2760 1488 3054 1546 evidenter
3082 1490 3420 1556 ostendunt,
3449 1489 3554 1561 qui
3588 1491 3775 1561 praede-

2135 1594 2394 1635 cessores
2417 1583 2570 1645 tuos,
2586 1577 2725 1648 quia
2746 1578 2880 1634 illos
2896 1578 2969 1633 ab
2992 1577 3179 1650 ipsius
3194 1595 3335 1635 cura
3354 1578 3772 1645 subtraxerant,

2133 1667 2267 1721 forti
2289 1666 2613 1722 invectione
2642 1666 2935 1739 corripere
2966 1668 3359 1723 studuerunt:
3382 1667 3658 1739 quamvis
3685 1685 3771 1723 nec

2134 1759 2333 1810 nostra
2363 1755 2580 1827 scripta
2613 1772 2790 1828 super
2807 1754 2915 1810 hac
2936 1772 2997 1811 re
3028 1755 3211 1811 missa
3232 1757 3439 1812 deesse
3459 1755 3769 1812 videantur.

2125 1845 2385 1915 Cumque
2430 1859 2627 1898 coram
2689 1844 3038 1916 praesignato
3084 1843 3458 1900 Tuaonensis
3518 1842 3765 1899 Ecclesiae

2125 1931 2391 2004 presule,
2417 1935 2473 1987 et
2503 1932 2730 2005 integro
2761 1949 3005 1989 numero
3028 1932 3406 2007 collegarum,
3435 1932 3499 1988 id
3529 1939 3619 1988 est
3647 1934 3766 1988 duo-

2125 2020 2311 2075 decim
2374 2026 2781 2094 episcoporum
2840 2020 3129 2078 celebrato
3188 2028 3513 2089 conventu,
3573 2022 3766 2078 fuerint

2123 2109 2286 2181 ejecti
2310 2109 2565 2182 episcopi
2598 2109 2941 2183 regulariter
2960 2111 3299 2178 examinati,
3323 2111 3762 2183 apparueritque

2122 2199 2276 2270 quod
2309 2199 2586 2253 canonice
2608 2198 2823 2254 fuerint
2853 2199 3043 2270 ejecti,
3067 2199 3213 2271 ipsis
3240 2198 3297 2253 in
3329 2217 3442 2255 sua
3464 2201 3763 2271 dejectione

2125 2287 2521 2353 manentibus,
2563 2286 2900 2359 quicunque
2932 2289 2989 2342 in
3033 2287 3176 2344 locis
3207 2305 3409 2344 eorum
3466 2289 3762 2344 consecrati

2121 2379 2280 2444 sunt,
2316 2379 2590 2448 poterunt
2633 2378 2837 2448 utique
2884 2377 3258 2449 episcopatus
3306 2377 3536 2434 honore
3592 2378 3759 2450 potiri.

2119 2464 2281 2528 Quod
2314 2464 2363 2520 si
2393 2465 2562 2536 ejeeti
2613 2464 2872 2537 episcopi
2924 2466 3187 2521 insontes
3217 2466 3437 2522 fuerint
3486 2465 3759 2524 declaratii
3860 2532 3861 2545 ξ

2117 2552 2209 2608 his
2241 2554 2455 2608 amotis
2487 2554 2587 2625 qui
2621 2553 2739 2609 illis
2783 2554 3086 2626 subrogati
3132 2559 3291 2621 sunt,
3316 2553 3615 2610 Ecclesias
3644 2571 3760 2609 suas

2115 2640 2228 2713 ipsi
2261 2641 2567 2714 recipiant.
2593 2643 2739 2699 Nam
2761 2659 2895 2698 cum
2930 2648 3330 2699 antecessores
3352 2644 3475 2698 mei
3510 2644 3630 2714 [ma
3652 2645 3755 2698 add.

2118 2731 2388 2802 Romani]
2420 2730 2705 2803 praesules
2734 2731 3077 2804 ejectionem
3106 2748 3308 2787 eorum
3342 2733 3757 2805 episcoporum,

2115 2820 2216 2893 qui
2248 2820 2320 2875 ab
2354 2819 2629 2875 Ecclesiis
2659 2820 2786 2876 suis
2816 2819 3045 2893 expulsi
3075 2824 3233 2884 sunt,
3257 2838 3373 2876 non
3406 2821 3756 2887 admiserint,
3860 2819 3861 2885 ἕ

2114 2926 2220 2964 nec
2250 2909 2697 2981 approbaverint
2719 2908 2867 2983 [ms.,
2892 2909 3259 2965 admiserunt
3278 2926 3386 2965 nec
3413 2911 3753 2983 approbave-

2114 2998 2293 3068 runt],
2328 3015 2433 3053 nec
2463 2998 2643 3070 ipsos,
2670 2999 2770 3071 qui
2800 2999 2884 3055 eis
2915 2999 3215 3071 subrogati
3245 3003 3403 3067 sunt,
3436 3000 3751 3056 viventibus

2114 3085 2253 3152 illis,
2288 3085 2582 3159 legitimos
2611 3086 2916 3159 episcopos
2945 3088 3234 3143 dixerunt.
3257 3088 3408 3143 Sane
3438 3088 3495 3143 si
3528 3088 3670 3144 forte
3691 3089 3749 3142 ad

353 3176 583 3238 cuntur,
601 3177 790 3245 potest
820 3174 974 3229 credi
996 3174 1150 3246 quod
1173 3174 1223 3228 vi
1250 3156 1336 3230 vel
1367 3175 1676 3231 formidine
1701 3179 1839 3233 fassi
1870 3184 2001 3234 tan-
2032 3156 2075 3222 (ἶ
2114 3156 2513 3230 Turonensem
2567 3156 3071 3248 archiepiscopum
3125 3176 3354 3231 mittere
3403 3177 3749 3249 dedignaris,

351 3264 563 3326 tum,et
591 3278 706 3316 non
736 3261 985 3317 confessi
1011 3262 1225 3317 fuerint
1254 3264 1408 3334 quod
1441 3281 1556 3320 non
1588 3265 2007 3341 fecerant,quia

352 3348 628 3403 videbant
656 3347 837 3404 laicos
868 3352 923 3403 et
956 3348 1262 3405 seculares
1288 3366 1551 3422 quosque
1568 3368 1686 3406 una
1709 3369 1844 3408 cum
1872 3371 2005 3428 rege

353 3440 556 3491 contra
588 3454 649 3493 se
681 3437 1275 3509 conspirantes,quod
1305 3455 1410 3494 nec
1440 3438 1646 3496 saltem
1677 3442 1999 3499 audierant.

353 3524 655 3597 Siquidem
688 3525 787 3596 qui
833 3542 930 3581 ore
987 3530 1240 3594 tantum,
1266 3531 1321 3581 et
1380 3544 1495 3583 non
1554 3531 1725 3585 corde
1784 3532 2004 3603 profert

354 3613 508 3684 quod
541 3612 700 3681 dicit,
746 3631 861 3669 non
901 3615 1227 3683 confitetur,
1266 3616 1366 3671 sed
1397 3616 1655 3689 loquitur
1686 3638 1702 3673 :
1735 3621 2001 3692 quamvis

353 3717 469 3756 non
501 3700 768 3756 videatur
787 3703 812 3773 j
823 3707 953 3758 usta
973 3704 1279 3772 confessio,
1307 3723 1432 3778 qua:
1456 3723 1568 3762 non
1592 3707 1850 3781 legitimo
1873 3728 2002 3782 pro-

351 3792 593 3844 vocatur
648 3789 935 3847 examine.
969 3795 1047 3847 De
1096 3791 1361 3848 Gislardo
1393 3797 1586 3850 autem
1643 3800 1699 3851 et
1751 3800 1999 3855 Actardo

354 3878 498 3950 [ms.,
520 3878 755 3934 Aitardo
790 3888 842 3935 et
876 3881 957 3936 sic
1004 3880 1223 3952 ubique]
1264 3881 1554 3957 episc0pis
1592 3885 2000 3951 [Nannetensi-

350 3967 505 4038 bus],
529 3968 599 4023 de
632 3967 849 4040 quibus
895 3970 1205 4043 scripsisti,
1229 3972 1415 4028 multo
1465 3972 1652 4041 aliter,
1681 3992 1855 4047 quam
1897 3980 2001 4033 tua

352 4057 637 4112 referebat
693 4057 960 4131 epistola,
1006 4058 1066 4114 in
1126 4060 1340 4116 scrinio
1397 4065 1596 4117 nostro
1652 4064 1996 4136 reperimus.

354 4145 511 4200 Licet
540 4162 653 4202 non
686 4147 833 4203 bene
877 4148 1050 4204 faciat
1078 4150 1383 4217 Actardus,
1409 4150 1546 4223 quia
1575 4152 1764 4210 denuo
1796 4171 1998 4211 conse-

352 4238 475 4288 crat
501 4251 647 4306 quos
679 4234 984 4293 Gislardus
1028 4238 1086 4293 in
1118 4255 1183 4294 eo
1216 4239 1403 4312 gradu
1449 4240 1815 4315 dignoscitur
1841 4243 1998 4299 ordi-

352 4338 564 4378 nasse:
591 4327 786 4379 tamen
824 4327 1111 4384 Actardus
1142 4327 1436 4384 invenitur
1482 4334 1614 4385 ante
1663 4331 1997 4388 Gislardum

349 4410 720 4485 episcopatus
749 4413 1005 4470 officium
1028 4417 1380 4490 suscepisse.
1408 4417 1664 4489 Denique
1695 4420 1997 4477 sanctissi-

2113 3264 2284 3320 stude
2305 3265 2453 3319 duos
2474 3265 2779 3337 episcopos
2801 3266 2871 3321 de
2901 3265 3180 3338 expulsis,
3204 3270 3263 3321 et
3291 3267 3441 3321 duos
3466 3268 3544 3323 de
3574 3267 3750 3322 subro-

2111 3353 2286 3426 gatis,
2312 3370 2429 3408 una
2458 3370 2593 3409 cum
2637 3353 2834 3426 gloriae
2872 3358 2986 3409 tuae
3037 3353 3248 3427 legato,
3279 3354 3350 3409 ad
3382 3354 3749 3427 apostolicam

2112 3442 2310 3497 sedem
2333 3442 2487 3497 beati
2519 3442 2670 3498 Petri
2697 3442 3114 3511 transmittere,
3131 3443 3232 3513 ubi
3257 3443 3438 3516 digna
3469 3442 3750 3499 examina-

2109 3532 2267 3586 tione
2289 3530 2610 3603 praemissa,
2635 3532 2736 3603 qui
2766 3530 3011 3604 legitimi
3034 3531 3292 3605 episcopi
3317 3532 3438 3587 sint.
3462 3536 3746 3605 appareat,

2111 3625 2169 3675 et
2197 3636 2332 3675 suae
2366 3619 2652 3675 Ecclesiae
2690 3619 3089 3693 irregulariter
3130 3638 3245 3676 non
3276 3620 3578 3676 amittant.
3610 3619 3746 3677 Nihil

2109 3709 2265 3764 enim
2297 3707 2453 3763 aliud
2489 3712 2577 3764 est
2598 3708 2752 3781 quod
2782 3707 2842 3763 in
2865 3709 3135 3780 praesenti
3158 3709 3385 3782 negetio
3409 3710 3652 3782 penitus
3670 3708 3748 3763 de-

2110 3797 2261 3851 ﬁniri
2287 3795 2489 3868 possit.
2509 3795 2654 3860 Quia
2680 3813 2814 3852 vero
2847 3814 3062 3870 magna
3090 3798 3225 3869 quis
3255 3797 3331 3852 sit
3361 3798 3748 3871 metropolita-

2108 3902 2222 3940 nus
2241 3885 2396 3956 apud
2420 3884 2727 3941 Britannos
2745 3886 3039 3941 contentio
3061 3891 3171 3956 est,
3194 3886 3332 3942 licet
3358 3886 3530 3942 nulla
3553 3903 3748 3942 memo-

2108 3973 2196 4029 ria
2216 3973 2426 4041 sit,vos
2457 3973 2514 4027 in
2545 3976 2736 4029 vestra
2765 3975 3000 4047 regione
3022 3974 3199 4030 ullam
3232 3975 3521 4032 habuisse
3552 3981 3747 4032 metro-

2107 4060 2427 4135 politanam
2459 4060 2605 4135 [ms.,
2650 4062 3046 4137 metropolim]
3089 4063 3418 4133 ecclesiam,
3453 4069 3653 4120 tamen
3704 4063 3745 4120 si

2104 4150 2269 4216 libet,
2294 4154 2603 4222 postquam
2637 4150 2790 4205 Deus
2836 4150 2989 4206 inter
3014 4168 3115 4207 vos
3159 4169 3359 4224 pacem
3392 4158 3451 4208 et
3479 4153 3745 4209 dilectum

2106 4239 2294 4295 filium
2319 4245 2585 4294 nostrum
2599 4238 2870 4295 Carolum
2894 4239 3217 4313 gloriosum
3237 4241 3581 4310 constituet,
3598 4240 3747 4297 facile

2105 4327 2215 4383 hoc
2256 4326 2521 4399 poteritis
2572 4327 2888 4384 advertere.
2922 4330 3084 4395 Quod
3132 4328 3185 4386 si
3233 4329 3377 4386 adeo
3426 4328 3746 4404 [ms.,'ideo]

2106 4415 2529 4473 contentiosius
2552 4416 2847 4488 agendum
2869 4416 3125 4485 creditis,
3146 4417 3219 4473 ad
3242 4422 3515 4475 nostrum
3539 4422 3746 4491 aposto-

353 4516 487 4590 mus
510 4501 621 4556 Leo
638 4518 790 4575 papa
810 4504 1127 4560 Nomenoio
1155 4505 1440 4572 scribens,
1466 4504 1616 4560 inter
1636 4511 1839 4562 caetera
1860 4526 1997 4580 praz-
2027 4524 2077 4590 Β
2108 4504 2292 4561 latum
2320 4503 2612 4560 destinare
2640 4505 2971 4562 contendite
2996 4522 3008 4561 :
3029 4511 3321 4578 quatenus
3351 4512 3556 4564 nostro
3584 4506 3745 4563 libra-

350 4587 588 4661 cipuum
621 4590 808 4646 virum
840 4594 1154 4648 Actardum
1193 4592 1471 4664 appellat,
1493 4597 1552 4648 et
1581 4592 1737 4649 hunc
1786 4612 1996 4655 sanum

351 4693 575 4752 sapere,
605 4683 661 4734 et
691 4697 900 4736 sanum
945 4681 1171 4747 docere,
1203 4680 1391 4736 vivere
1423 4696 1490 4735 ac
1528 4697 1867 4752 permanere
1898 4688 1996 4743 de-

348 4767 581 4824 nuntiat
607 4786 621 4824 :
646 4768 977 4825 Gislardum
998 4787 1131 4825 vero
1161 4772 1441 4841 tanquam
1473 4769 1731 4840 prmdicti
1762 4776 1999 4831 Actardi

349 4855 619 4913 sedulum
644 4857 969 4913 invasorem
992 4858 1249 4912 denotat.
1276 4856 1377 4911 His
1404 4872 1539 4928 ergo
1559 4873 1627 4913 ac
1656 4857 1997 4931 hujusmodi

348 4945 776 5013 controversiis,
818 4964 884 5001 ac
927 4944 1373 5001 difﬁcultatibus
1417 4947 1798 5017 enumeratis,
1832 4955 1889 5006 et
1916 4953 1997 5007 ita

348 5033 613 5104 repertis,
647 5033 965 5101 babitis,ac
998 5033 1332 5104 comp‘ertis,
1352 5050 1466 5088 non
1502 5051 1819 5105 possumus
1841 5057 1875 5095 a
1905 5058 1995 5098 re-

347 5119 487 5191 gula
514 5124 853 5177 sanctorum
883 5127 1142 5194 patrum,
1175 5126 1275 5176 aut
1306 5138 1340 5177 a
1371 5122 1524 5179 sedis
1554 5123 1734 5195 hujus
1764 5127 1994 5186 institu-

346 5207 608 5264 tionibus
651 5208 907 5264 tndebite
941 5214 1084 5275 [ms.,
1119 5214 1187 5264 ut
1215 5225 1249 5264 a
1278 5209 1435 5266 sedis
1466 5216 1578 5267 tua:
1611 5213 1993 5274 institutioni-

348 5295 460 5350 bus
488 5310 724 5367 quoque
754 5295 1176 5370 indebite.etc.]
1208 5297 1517 5356 declinare.
1555 5303 1666 5359 Sed
1697 5305 1745 5361 si
1775 5306 1861 5363 vis
1892 5308 1993 5364 Dei

348 5380 765 5454 omnipotentis
796 5381 1257 5442 benedictionem
1287 5388 1599 5462 percipere,
1632 5392 1717 5448 vel
1752 5394 1801 5450 si
1831 5413 1992 5452 vera-

348 5470 494 5527 citer
513 5470 715 5523 nostra
732 5472 1005 5543 consequi
1028 5480 1316 5549 praecepta
1345 5477 1662 5550 desideras,
1679 5483 1992 5541 consilium

347 5572 548 5615 meum
570 5552 788 5628 accipe,
803 5561 861 5615 et
880 5562 1033 5634 quod
1057 5564 1161 5624 tibi
1188 5582 1293 5643 per
1321 5565 1473 5629 hanc
1501 5569 1779 5645 paginam
1799 5573 1992 5632 indico

2108 4593 2425 4664 mine,quae
2456 4592 2631 4649 fuerit
2678 4594 2831 4665 apud
2865 4610 2968 4651 vos
3010 4595 3339 4667 antiquitus
3368 4596 3742 4668 archiepisco-

2106 4682 2259 4754 palis
2288 4681 2553 4748 ecclesia,
2586 4681 2716 4738 luce
2755 4681 2972 4739 clarius
3010 4683 3358 4753 innotescat,
3381 4689 3441 4741 et
3484 4685 3744 4756 deinceps

2107 4771 2265 4827 omni
2289 4769 2670 4843 ambiguitate
2697 4770 3083 4844 recisa,quem
3106 4773 3271 4845 sequi
3297 4773 3558 4846 episcOpi
3582 4772 3743 4830 vestri

2104 4860 2373 4925 debeant,
2390 4857 2798 4914 incunctanter
2818 4865 3156 4933 agnoscant.
3176 4861 3375 4934 Neque
3391 4863 3550 4918 enim
3568 4860 3742 4918 Eccle-

2105 4949 2225 5004 sias
2238 4947 2468 5003 Domini
2490 4964 2591 5019 per
2603 4947 2955 5004 discordiam
2976 4950 3510 5021 regumdivisiones
3525 4951 3740 5023 aliquas

2103 5038 2222 5109 pati
2235 5036 2322 5092 vel
2345 5037 2561 5092 damna
2573 5034 3201 5110 [ms.,perdiscordiam
3221 5056 3427 5112 regum
3439 5039 3738 5096 divisiones

2104 5126 2301 5198 aliqua
2322 5125 2439 5197 pati
2464 5124 2703 5198 damna]
2728 5142 2965 5182 necesse
2986 5131 3073 5182 est
3097 5144 3111 5182 :
3136 5143 3270 5183 cum
3293 5133 3581 5201 quantum
3602 5144 3667 5183 ex
3685 5143 3735 5182 se

2102 5219 2192 5271 est
2221 5230 2443 5287 pacem,
2469 5230 2647 5286 quam
2678 5214 3015 5286 praedicant,
3044 5233 3274 5272 servare
3302 5217 3577 5273 studeant
3604 5215 3734 5271 invi-

2102 5320 2249 5371 cem,
2272 5303 2410 5359 etin
2449 5319 2675 5359 omnes.
2699 5303 2801 5359 His
2834 5303 2915 5359 ita
2945 5303 3282 5377 praelibatis,
3306 5322 3412 5379 per
3463 5322 3566 5363 nos
3586 5311 3731 5361 tuam

2102 5392 2249 5449 scire
2279 5390 2551 5447 volumus
2571 5391 2992 5461 excellentiam,
3008 5393 3147 5465 quia
3171 5393 3222 5451 si
3243 5394 3466 5452 nostris
3491 5393 3732 5467 paternis

2102 5480 2342 5537 monitis
2372 5478 2680 5546 obedieris,
2713 5485 2772 5537 et
2813 5485 2935 5537 tam
2981 5481 3053 5538 de
3102 5483 3238 5554 jure
3294 5481 3728 5558 metropolitani,

2103 5586 2277 5649 quam
2300 5569 2371 5626 de
2393 5570 2764 5629 renovatione
2793 5569 3078 5630 examinis
3108 5572 3427 5647 ejectorum
3450 5572 3728 5652 episc0po-
