3894 6204
139 380 244 444 813

1323 373 1729 437 EPISTULA?
1770 374 1877 438 ET
1913 376 2274 439 DECRETA
2289 421 2304 437 .

3397 371 3538 442 814⁷

202 511 317 565 limo
345 504 595 561 breuiter
624 519 727 576 pro
752 503 923 559 celeri
959 508 1164 559 uestrae
1212 507 1591 577 exposuimus
1625 525 1753 579 por-
1786 510 1840 575 Α
1871 510 2137 564 Ecclesia)
2172 508 2766 581 Bellovacensisjuris
2797 510 2980 565 fuisse
3010 502 3366 567 omnimodis
3388 529 3515 585 pro-

138 598 307 657 titoris
336 591 587 666 epistola
620 592 985 659 necessitate,
1020 592 1121 665 qui
1154 594 1400 649 festinus
1429 602 1655 650 uestros
1679 616 1759 652 re-

137 702 312 745 meare
341 682 609 754 cupiebat
636 682 709 739 ad
742 681 887 736 fines
913 699 926 749 ;
961 686 1019 737 et
1051 698 1153 754 pro
1186 682 1544 753 quibusdam
1576 683 1759 739 eccle-

136 772 367 833 siasticis
399 768 771 836 utilitatibus,
805 769 865 825 in
916 770 1132 841 quibus
1179 771 1445 843 occupati
1497 788 1753 827 eramus.

135 866 378 936 Congruo
406 875 511 930 pro
553 858 768 930 quibus
790 862 1049 930 tempore
1089 858 1365 914 idoneum
1382 850 1756 932 uestralega-

134 959 241 1008 tum
273 946 646 1005 beatitudinis
696 951 872 1018 atque
921 946 1116 1019 apices
1172 952 1370 1003 nostro
1415 948 1755 1019 prasulatui

133 1039 399 1097 destinare
427 1034 673 1108 satagite
700 1053 713 1103 ;
747 1039 804 1091 et
832 1040 971 1090 tunc
1002 1034 1234 1107 plenius
1286 1036 1525 1109 perfecti
1566 1054 1755 1109 usque

131 1131 190 1186 de
218 1127 302 1183 his
331 1124 624 1193 omnibus,
658 1140 914 1196 superna
962 1124 1206 1179 inuante
1254 1125 1465 1198 gratia,
1498 1125 1755 1197 promul-

128 1234 248 1292 gare
277 1214 599 1281 studemus,
636 1217 961 1285 uestraque
994 1213 1292 1269 sanctitati
1345 1212 1595 1286 dirigere
1626 1232 1754 1286 pro-

127 1320 400 1361 curamus.
434 1301 719 1374 Optamus
741 1301 1118 1357 sanctitatem
1138 1306 1396 1359 uestram
1429 1302 1487 1356 in
1519 1302 1752 1359 Christo

125 1410 263 1450 nunc
290 1395 344 1449 et
371 1406 604 1463 semper
631 1390 779 1446 bene
805 1389 1024 1446 ualere.

804 1505 1053 1562 XXVIII.

125 1613 328 1654 NICOLAI
378 1612 395 1649 Ι
436 1611 807 1650 Ριηνιιεωυκ
847 1611 961 1650 PRO
1010 1611 1269 1651 ECCLESIA
1317 1610 1746 1651 BELLOVACENSI.

742 1693 932 1762 (Anno
964 1692 1113 1761 863.)

116 1802 356 1857 Ecclesia:
384 1799 756 1855 Bellovacensi
800 1798 1086 1869 conﬁrmat
1131 1801 1472 1854 monasteria
1505 1799 1750 1854 Oratorii

265 1879 316 1928 et
340 1871 604 1937 Flaviaci,
637 1887 672 1925 α
701 1869 892 1925 Carolo
925 1870 1100 1926 Calvo
1129 1885 1259 1938 rege
1297 1885 1571 1925 concessa.

66 1982 71 1987 ’
141 1989 230 2055 [Ex
253 1985 432 2043 Gallia
461 1984 811 2051 Christiana,
840 1988 984 2039 tom.
1016 1985 1082 2053 X,
1113 1984 1264 2040 inter
1302 1986 1709 2055 instrumenta]

172 2103 446 2159 NICOLAUS
475 2101 807 2175 episcopus,
839 2117 1042 2157 servus
1088 2117 1389 2156 servorum
1422 2100 1544 2169 Dei,
1580 2116 1736 2156 reve—

112 2191 440 2248 rendissimo
472 2195 530 2246 et
573 2189 945 2246 sanctissimo
1003 2189 1186 2246 ODONI
1225 2189 1518 2260 episcopo,
1551 2194 1607 2243 et
1637 2205 1739 2260 per

109 2278 537 2337 techarissima
585 2277 977 2335 Bellovacensi
1019 2276 1307 2345 Ecclesiae,
1363 2277 1615 2333 salutem
1673 2276 1733 2331 in

111 2372 462 2442 perpetuum.

175 2458 508 2528 Quicunque
538 2456 597 2511 in
651 2455 834 2527 hujus
879 2455 1131 2511 labentis
1182 2454 1378 2511 saculi
1431 2455 1648 2511 fuerint
1676 2455 1735 2510 in

114 2544 294 2617 aliquo
324 2543 544 2600 detenti
574 2544 935 2607 discrimine,
968 2561 1039 2600 ne
1075 2543 1235 2599 velut
1288 2544 1347 2599 in
1398 2543 1737 2600 ﬂuctuantis

114 2635 278 2690 maris
308 2633 552 2706 pelagus
582 2632 807 2689 viribus
828 2632 1158 2688 inﬁrmitati
1190 2632 1497 2687 infeliciter
1527 2633 1747 2688 demer-

119 2727 334 2795 gantur,
367 2721 601 2777 nullum
648 2721 862 2777 melius
916 2739 1035 2776 sua
1086 2726 1334 2793 possunt
1380 2720 1746 2777 infirmitatis

116 2811 359 2866 invenire
393 2809 764 2865 salutiferum
783 2815 1015 2882 portum
1049 2827 1226 2881 quam
1251 2809 1745 2875 sedcmillius,cui

116 2899 293 2954 divino
322 2898 559 2954 oraculo
588 2898 809 2953 dictum
841 2903 966 2953 est:
1003 2900 1076 2953 Tu
1123 2899 1428 2969 aliquando
1456 2914 1747 2953 conversus

114 2987 361 3056 conﬁrma
388 2990 596 3058 fratres
627 2994 767 3042 tuos.
813 2986 977 3041 Unde
1025 2985 1165 3057 quia
1222 3003 1328 3041 nos
1382 2986 1557 3041 vicem
1591 2985 1751 3041 illius

113 3091 207 3145 per
234 3075 661 3131 abundantiam
692 3091 960 3147 superna
988 3074 1190 3147 gratiae
1253 3075 1309 3129 in
1367 3078 1490 3129 tota
1537 3074 1753 3130 Christi

112 3162 409 3219 universali
426 3164 685 3219 Ecclesia
706 3163 1279 3236 gerimus,debemus
1303 3162 1569 3219 omnium
1593 3163 1752 3217 infir-

1870 599 2061 653 batur.
2096 600 2229 661 Qua
2279 603 2473 653 tamen
2528 599 2908 667 monasteria,
2951 602 3009 655 et
3065 600 3231 671 prius
3277 600 3513 673 quidem

1871 703 2049 758 quam
2083 686 2465 742 sacularibus
2512 686 2722 742 collata
2764 687 3016 754 fuerant,
3049 692 3287 761 propter
3327 689 3515 746 civilis

1868 775 2172 831 discordia
2204 774 2551 831 seditionem
2578 791 2693 830 non
2720 792 2925 847 parum
2943 776 3175 832 fuerant
3193 778 3512 846 destrui-ta,

1865 868 1923 919 et
1953 880 2109 919 nunc
2156 867 2396 936 propter
2441 863 2808 919 barbaricam
2853 863 3246 920 incursionem
3278 865 3515 938 penitus

1866 956 2007 1008 sunt
2033 969 2252 1020 eversa,
2285 954 2430 1008 adeo
2464 956 2527 1006 ut
2558 968 2675 1007 non
2716 951 2906 1007 solum
2941 953 3115 1008 rebus
3140 953 3364 1025 privata
3393 955 3515 1010 sint

1863 1040 2342 1113 propriis,verum
2358 1041 2772 1096 canonicorum
2786 1058 3203 1113 sacrarumque
3215 1041 3512 1114 virginum

1863 1128 2100 1197 chorus,
2132 1129 2233 1202 qui
2263 1130 2429 1201 prius
2452 1128 2570 1184 illic
2593 1129 3089 1199 habitaverant,ex
3110 1130 3513 1186 maximoinde

1862 1218 1940 1274 sit
1961 1217 2217 1287 ablatus,
2243 1224 2301 1274 et
2329 1217 2579 1274 ecclesia
2607 1222 2845 1290 totaque
2892 1218 3135 1274 adiﬁcia
3186 1218 3363 1274 simul
3394 1219 3514 1275 sint

1862 1306 2180 1375 destructa,
2214 1323 2318 1361 nec
2350 1323 2485 1377 spes
2514 1305 2635 1361 ulla
2657 1310 2837 1361 restat
2849 1305 3235 1363 restitutionis
3256 1306 3508 1375 illorum,

1860 1395 1911 1450 si
1942 1393 2032 1451 vel
2063 1395 2320 1467 reposita
2354 1395 2589 1462 fuerint,
2622 1394 2681 1449 in
2714 1394 3082 1450 saecularium
3115 1395 3440 1468 manus,vel
3462 1395 3512 1452 si

1863 1484 2086 1556 absque
2116 1488 2347 1555 pastore
2379 1483 2773 1539 ecclesiastico
2813 1482 3094 1557 deget-int,
3128 1488 3194 1539 ut
3223 1484 3511 1541 hactenus

1861 1573 2123 1628 fuerunt.
2156 1572 2319 1628 Unde
2349 1578 2451 1629 tua
2470 1572 2639 1645 petiit
2665 1573 3170 1642 venerabilitas,ut
3200 1573 3271 1629 de
3299 1573 3508 1629 iisdem

1861 1661 1977 1717 sibi
2008 1661 2379 1718 monasteriis
2410 1660 2665 1718 ecclesia
2708 1665 2821 1717 tua
2871 1660 3242 1734 privilegium
3294 1664 3505 1718 nostra

1857 1750 2223 1805 auctoritatis
2262 1750 2443 1819 ﬁeret,
2495 1755 2551 1806 et
2609 1767 2714 1806 nec
2770 1749 2888 1817 tuis
2936 1767 3043 1807 nec
3094 1766 3508 1808 successorum

1855 1842 2091 1895 tuorum
2120 1838 2485 1911 temporibus
2513 1838 2730 1895 auferri
2754 1840 2827 1894 ab
2848 1838 3097 1895 ecclesia
3117 1838 3508 1896 Bellovacensi

1851 1927 2057 1999 possit.
2086 1926 2411 1982 Insinuavit
2425 1944 2657 1999 quoque
2674 1944 2852 1999 super
2870 1927 3073 1983 eadem
3086 1943 3149 1983 re
3168 1928 3339 1983 nobis
3359 1927 3509 1999 peti-

1846 2016 2037 2071 tiones
2067 2015 2479 2088 gloriosissimi
2513 2020 2570 2070 et
2600 2015 2932 2071 charissimi
2962 2015 3066 2070 {iiii
3103 2016 3285 2072 nostri
3316 2015 3506 2072 Caroli

1847 2104 2001 2177 regis
2012 2104 2284 2159 similiter
2296 2103 3059 2176 efflagitantisﬂuapropter
3069 2103 3507 2160 considerantes

1840 2194 2066 2265 justam
2099 2191 2377 2265 piamque
2408 2192 2530 2247 fore
2559 2192 3226 2264 petitionem.quatenus
3246 2196 3305 2247 et
3325 2190 3505 2247 eccle-

1846 2281 1934 2336 sia
1947 2279 2366 2336 Bellovacensis
2379 2278 2795 2335 devastationis
2808 2279 3075 2335 subsidia
3086 2296 3202 2336 non
3215 2280 3507 2351 deessent,

1846 2373 1904 2424 et
1947 2368 2187 2441 praefata
2242 2368 2600 2424 monasteria
2656 2367 2954 2441 religionis
3011 2368 3215 2424 ordine
3272 2368 3510 2441 penitus

1846 2457 2178 2530 exspoliata
2200 2475 2315 2513 non
2345 2461 2670 2524 manerent,
2703 2458 3067 2513 decrevimus
3084 2457 3209 2513 fieri
3232 2458 3388 2530 quod
3411 2475 3510 2531 po-

1852 2546 2211 2614 stulabatur,
2246 2550 2302 2602 et
2328 2545 2648 2617 apostolica
2695 2544 3043 2602 auctoritate
3093 2546 3412 2603 statuimus
3441 2552 3509 2602 ut

1855 2637 2096 2708 prafata
2111 2634 2720 2699 monasteria,scilicet
2734 2634 3064 2690 Flaviacum
3077 2640 3133 2691 et
3144 2635 3500 2703 Oratorium,

1854 2723 2213 2797 benignitate
2225 2723 2409 2779 Caroli
2425 2722 2659 2795 gloriosi
2676 2722 2828 2795 regis
2841 2722 3229 2779 Bellovacensi
3244 2724 3499 2780 ecclesia

1857 2812 2084 2877 collata,
2118 2829 2250 2867 cum
2282 2812 2559 2866 omnibus
2589 2828 2716 2882 qua
2749 2812 3051 2882 possident
3071 2810 3327 2868 ecclesia
3358 2829 3499 2884 pra-

1856 2904 1986 2957 fata
2013 2900 2310 2973 perpetuis
2340 2905 2397 2955 et
2428 2900 2641 2955 futuris
2670 2900 3034 2971 temporibus
3064 2905 3342 2972 perpetuo
3375 2918 3501 2956 ma-

1860 3006 1996 3046 nere
2026 2989 2308 3060 subjecta,
2342 3005 2447 3044 nec
2480 2988 2553 3042 ab
2595 2987 2715 3042 ulla
2744 2988 3019 3060 deinceps
3068 2988 3156 3044 vel
3206 2988 3383 3062 regali
3414 2990 3503 3045 vel

1851 3077 2120 3150 judiciali
2151 3076 2583 3149 potestate,sive
2614 3077 2685 3132 de
2707 3080 2996 3148 potestate
3024 3080 3126 3132 tua
3154 3077 3257 3148 qui
3281 3077 3505 3150 impra-

1860 3167 2184 3223 sentiarum
2217 3165 2482 3236 ejusdem
2515 3164 2771 3220 ecclesia
2794 3165 3103 3237 episcopus
3119 3181 3248 3221 esse
3272 3165 3509 3238 dignos-

111 3251 1599 3317 mantiumimbecilllitatibussubvenire,etmanum
1622 3268 1755 3307 con-
1785 3238 1828 3304 Ο
1863 3255 2158 3323 ceris,sive
2189 3270 2597 3310 successorum
2619 3258 2854 3309 tuorum
2885 3254 3218 3309 antistitum
3248 3253 3508 3311 ecclesia

111 3340 453 3397 ﬁrmationis
481 3345 695 3396 nostra
752 3340 991 3396 omnino
1051 3339 1249 3395 libenti
1293 3339 1604 3413 porrigere.
1639 3341 1750 3396 Sed

111 3429 377 3500 quoniam
410 3429 699 3485 sanctitas
730 3434 833 3484 tua
863 3429 1063 3485 retulit
1093 3446 1160 3484 ac
1190 3429 1491 3502 suggessit
1520 3433 1751 3501 aposto-

110 3516 242 3572 latui
274 3522 479 3575 nostro
514 3519 669 3590 quod
701 3518 949 3574 ecclesia
980 3517 1402 3573 Bellovacensis
1445 3518 1753 3590 provincia

110 3605 488 3673 Rhemorum,
523 3607 842 3672 cui,divina
873 3607 1103 3663 favente
1128 3606 1754 3679 gratia,venerabilitas

111 3697 204 3749 tua
228 3712 483 3767 praesse
515 3694 1101 3768 dignoscitur,rerum
1132 3694 1509 3751 facultatibus
1540 3695 1753 3767 quibus

111 3782 396 3854 prioribus
426 3784 795 3856 temporibus
830 3784 1152 3850 fruebatur,
1186 3800 1288 3856 per
1332 3787 1624 3839 terrenam
1647 3800 1752 3855 po-

111 3874 370 3929 testatem
399 3872 632 3946 privata
652 3872 954 3940 mansit,et
979 3872 1278 3928 modernis
1302 3888 1534 3943 quoque
1550 3871 1755 3928 diebus

109 3976 467 4033 paganorum
493 3960 831 4017 incursione
843 3961 1064 4032 pariter
1075 3960 1571 4032 etdepradatione
1590 3959 1757 4016 valde

110 4053 411 4106 attenuata
442 4050 644 4119 fuerit,
652 4067 755 4122 pro
769 4066 886 4122 qua
913 4066 973 4105 re
988 4048 1276 4105 sollicitus
1290 4048 1571 4121 pastorali
1594 4065 1752 4115 cura,

108 4137 182 4210 pii
198 4138 486 4212 principis
506 4138 876 4195 clementiam
892 4138 1176 4194 sanctitas
1190 4142 1292 4193 tua
1303 4136 1755 4203 adiit,auxilium

108 4232 304 4297 petens
339 4233 405 4287 ut
438 4228 552 4284 sibi
603 4244 743 4301 grex
799 4227 1154 4284 commissus
1188 4244 1381 4283 rerum
1412 4225 1611 4298 inopia
1641 4243 1754 4281 non

111 4314 415 4388 deperiret,
450 4333 630 4391 quam
661 4316 749 4372 vel
779 4316 1166 4373 violentorum
1216 4333 1428 4371 manus
1460 4314 1754 4382 intulerat,

107 4403 187 4458 vel
218 4404 459 4462 hostilis
493 4404 735 4463 vastitas
764 4405 1082 4478 irrogasset
1102 4409 1179 4472 ;et
1210 4405 1259 4460 si
1295 4421 1407 4460 non
1435 4403 1594 4459 aliud
1618 4421 1757 4459 con.-

111 4491 413 4550 solationis
446 4493 782 4551 subsidium
804 4495 1000 4562 ferret,
1036 4493 1242 4549 saltem
1275 4493 1345 4548 de
1376 4493 1549 4548 rebus
1570 4492 1757 4548 eidem

1862 3344 2049 3417 ipsius
2078 3342 2196 3400 ullo
2229 3343 2401 3398 modo
2434 3343 2769 3407 auferenda,
2801 3358 2867 3397 eo
2902 3346 3096 3397 tamen
3120 3342 3322 3398 ordine
3344 3346 3409 3398 ut
3438 3343 3511 3399 de

1862 3434 2037 3489 rebus
2067 3432 2289 3488 eisdem
2322 3430 2694 3486 monasteriis
2723 3430 2952 3487 collatis
2995 3431 3113 3487 sive
3142 3431 3509 3488 conferendis

1862 3521 2115 3578 ecclesiae
2148 3519 2571 3576 Bellovacensis
2611 3519 3056 3576 necessitatibus
3104 3520 3505 3588 subveniatur,

1863 3614 2037 3683 prout
2068 3609 2334 3665 voluntas
2366 3613 2423 3665 et
2470 3606 2763 3680 judicium
2796 3608 3053 3681 episcopi
3086 3608 3187 3680 qui
3217 3608 3512 3681 praefuerit

1863 3700 2052 3757 eidem
2084 3698 2340 3754 ecclesia
2371 3697 2711 3765 decreverit,
2741 3701 2799 3753 et
2852 3697 3209 3754 monasteria
3247 3697 3376 3771 ipsa
3404 3714 3511 3754 nec

1865 3789 1925 3844 in
1953 3788 2213 3844 adificiis
2241 3788 2573 3853 domorum,
2607 3803 2712 3842 nec
2760 3786 2820 3841 in
2871 3787 3295 3844 restauratione
3324 3787 3511 3843 eccle-

1866 3878 2221 3945 siarum,nec
2252 3876 2310 3929 in
2340 3875 2686 3931 necessitate
2703 3874 2820 3929 Deo
2844 3874 2962 3929 illic
2985 3874 3365 3930 servientium
3380 3876 3514 3931 sub-

1862 3965 2015 4021 sidia
2043 3964 2484 4028 defraudentur,
2518 3962 2621 4016 sed
2653 3961 2734 4015 ita
2764 3978 2963 4017 rerum
2985 3962 3292 4034 dispositio
3319 3962 3422 4016 ﬁat
3437 3963 3511 4018 ab

1862 4052 2134 4124 episcopo
2162 4048 2579 4107 Bellovacensis
2609 4049 2959 4115 ecclesia,ut
2979 4053 3036 4105 et
3058 4050 3185 4121 ipsa
3216 4054 3512 4105 monaste-

1864 4139 1951 4194 ria
1974 4140 2145 4209 juxta
2173 4138 2415 4192 modum
2434 4135 2778 4191 facultatum
2794 4136 2907 4192 sibi
2925 4134 3266 4191 collaturum
3294 4139 3516 4192 restau-

1864 4232 2088 4297 rentur,
2122 4230 2179 4282 et
2208 4228 2645 4292 conserventur,
2679 4228 2737 4279 et
2783 4222 2902 4279 illic
2953 4224 3069 4280 Deo
3129 4224 3514 4281 militantium

1865 4317 1985 4373 sive
2016 4314 2368 4371 feminarum
2400 4313 2518 4369 sive
2537 4311 2795 4368 virorum
2828 4328 3000 4368 sexus
3032 4312 3517 4383 fuerit,subsidiis

1865 4403 2214 4462 necessariis
2239 4403 2332 4475 adj
2343 4398 2610 4468 uventur,
2643 4405 2933 4473 quatenus
2957 4400 3084 4457 loca
3112 4402 3228 4458 Deo
3250 4402 3441 4457 dicata
3460 4406 3518 4458 et

1866 4512 1958 4550 res
1988 4492 2105 4548 illis
2136 4491 2399 4548 ecclesiis
2422 4489 2641 4546 collata
2660 4490 2739 4545 ibi
2760 4490 3138 4562 potissimum
3162 4489 3511 4557 deserviant,

109 4581 361 4638 ecclesia
375 4582 630 4638 sublatis
644 4580 1758 4657 aliquodrestitutionisauxiliumpietas
1794 4601 1838 4666 ι)
1871 4582 1970 4638 ubi
2003 4582 2119 4638 Deo
2152 4579 2411 4636 ﬁdelium
2434 4578 2757 4635 oblationes
2771 4595 2899 4635 esse
2923 4577 3143 4635 collata
3160 4593 3520 4651 cognoscun-

119 4668 356 4741 gloriosi
389 4670 550 4744 regis
579 4670 767 4727 Caroli
799 4688 912 4728 non
937 4671 1267 4743 denegaret,
1293 4670 1463 4741 cujus
1493 4669 1763 4741 precibus

111 4757 475 4831 religiositas
507 4759 659 4833 regis
690 4764 872 4826 mota,
904 4776 995 4816 res
1027 4759 1259 4830 quidem
1295 4758 1558 4815 sublatas
1587 4758 1763 4814 exin-

114 4849 275 4919 tegro
308 4864 431 4903 non
467 4849 774 4904 restituere
805 4866 866 4905 se
904 4865 1077 4921 posse
1121 4848 1282 4915 dixit,
1319 4864 1390 4903 ne
1421 4864 1538 4903 sua
1570 4846 1763 4918 reipu-

106 4933 269 4991 blica
298 4934 583 4991 militiam
596 4937 941 4993 defraudare
954 4938 1248 4993 videretur
1267 4937 1546 4992 :conferre
1568 4939 1763 4991 tamen

110 5022 385 5080 solatium
418 5028 636 5080 saneta
668 5025 1061 5082 Bellovacensi
1083 5025 1339 5081 ecclesiae
1354 5025 1601 5096 benigne
1632 5040 1767 5096 ερο-

107 5112 328 5183 pondit.
367 5112 766 5176 Quamobrem
799 5114 1087 5171 concessit
1116 5113 1168 5169 ei
1197 5114 1311 5169 duo
1344 5111 1766 5168 monasteriain

107 5202 307 5257 eadem
344 5201 740 5260 Bellovacensi
773 5203 1032 5260 Ecclesia
1059 5203 1396 5272 constituta,
1438 5201 1766 5257 Oratorium

105 5289 375 5347 videlicet
429 5292 588 5362 quod
650 5292 761 5348 fuit
818 5291 959 5348 olim
1011 5291 1271 5364 puellare
1328 5290 1679 5353 coenobium,
1715 5293 1772 5345 et

115 5378 486 5448 Flaviacnm,
520 5378 580 5435 in
612 5398 727 5453 quo
774 5380 1040 5437 canonici
1088 5379 1516 5445 habitaverunt,
1544 5395 1646 5450 pro
1678 5394 1771 5433 re-

114 5467 607 5540 compensatione
640 5469 942 5525 Fontaneti
975 5467 1505 5539 monasterii,quod
1536 5466 1772 5538 quidem

106 5556 549 5612 monasterium
569 5558 865 5613 veracium
889 5557 1133 5614 testium
1155 5560 1212 5611 et
1239 5553 1656 5627 irrefragabilis
1678 5571 1777 5610 au-

105 5644 404 5703 ctoritatis
440 5644 881 5721 Scripturarum
930 5643 1252 5706 assertione
1289 5643 1537 5719 praefata
1569 5643 1776 5701 matris

1872 4677 1989 4738 tur,
2023 4670 2159 4743 quia
2190 4685 2295 4725 nec
2328 4668 2489 4740 pium
2513 4685 2618 4724 nec
2643 4669 2875 4740 justum
2906 4684 3034 4723 esse
3056 4666 3519 4739 cognoscitur,ut

1874 4759 2129 4817 ecclesia
2160 4758 2411 4831 prafata
2428 4757 2511 4812 ita
2524 4756 2648 4813 suis
2667 4758 2841 4813 rebus
2854 4755 3259 4829 spolientur,et
3277 4753 3519 4812 alterius
3594 4757 3598 4760 ⁴

1874 4848 2128 4905 ecclesia
2160 4845 2611 4902 necessitatibus
2639 4846 2987 4911 deserviant,
3006 4849 3071 4900 ut
3100 4859 3521 4900 earumneces—

1874 4934 2593 4994 sitatibusnullavideatur
2608 4951 2749 4990 cura
2768 4933 3218 5006 impendi.Unde
3234 4930 3522 4989 sollicitus

1873 5026 2067 5082 videat
2097 5026 2404 5098 episcopus
2435 5023 2880 5090 Bellovacensis,
2913 5026 2979 5077 ut
3023 5021 3144 5078 sive
3188 5020 3258 5077 de
3286 5020 3521 5076 feminis

1874 5114 1994 5169 illic
2025 5114 2139 5170 Deo
2173 5112 2657 5179 deservientibus,
2692 5113 2811 5168 sive
2859 5112 2931 5166 de
2977 5112 3267 5182 cujusque
3296 5109 3520 5165 ordinis

1875 5203 2037 5269 viris,
2072 5202 2191 5258 sive
2221 5202 2291 5257 de
2324 5201 2815 5256 monasteriorum
2849 5199 3269 5256 restauratione
3296 5202 3354 5254 et
3384 5214 3524 5254 con-

1880 5291 2204 5349 servatione
2234 5307 2363 5346 eam
2394 5306 2595 5344 curam
2660 5288 2963 5360 suscipiat,
2997 5291 3288 5360 quatenus
3318 5291 3377 5343 et
3403 5287 3520 5342 Deo

1883 5381 2073 5437 dicata
2100 5379 2311 5435 domus
2340 5378 2584 5450 dignum
2616 5394 2676 5433 se
2696 5376 2911 5432 habere
2922 5381 3356 5449 procuratorem
3378 5391 3521 5447 gau-

1883 5470 2036 5533 deat,
2062 5470 2119 5523 et
2147 5466 2272 5539 ipse
2302 5466 2401 5538 qui
2435 5464 2727 5538 praefuerit
2753 5469 2943 5520 rector
2972 5481 3235 5538 superna
3264 5479 3522 5519 censura

1876 5555 2171 5629 judicium
2216 5559 2451 5627 propter
2492 5553 2909 5626 negligentiam
2966 5571 3083 5609 non
3137 5553 3415 5609 incurrat.
3458 5552 3525 5608 In

1889 5642 2259 5708 sacularium
2272 5656 2414 5705 vero
2444 5658 2657 5702 manus
2688 5647 2866 5718 atque
2884 5645 3231 5720 potestatem
3261 5640 3391 5717 ipse
3408 5656 3530 5702 mo~
