3894 6204
188 453 311 518 817

1409 455 1822 520 EPISTOLE
1861 454 1964 518 ET
2005 452 2394 519 DECRETA.

3495 447 3618 522 818

195 587 521 656 dendi,nisi
546 587 693 645 forte
719 587 791 644 ab
825 587 1034 644 abbate
1065 589 1531 656 monasterii,vel
1551 589 1852 658 fratribus,
1885 590 1941 657 Α
1973 589 2302 661 restituant,
2335 593 2393 646 et
2441 589 2596 662 quod
2652 590 2727 647 de
2784 588 3083 663 republica
3141 607 3249 646 sua
3304 566 3627 650 retribuere

194 678 561 736 necessitatis
612 695 810 748 causa,
835 678 923 734 vel
972 678 1301 734 dilectionis
1358 678 1564 751 gratia,
1616 684 1855 736 vocatus

193 769 521 835 advenerit;
573 784 644 822 ne
695 767 1140 839 importunitate
1185 767 1300 833 sui,
1333 767 1854 840 ministrorumque

193 875 440 916 suorum
465 856 1115 928 inquietudine,fratres
1136 858 1223 912 vel
1255 857 1496 913 abbates
1524 858 1854 912 sustineant

194 947 380 1003 ullam
415 945 767 1001 molestiam.
793 945 992 1016 Neque
1034 945 1092 999 in
1133 946 1394 1001 ecclesiis
1423 946 1697 1017 praedicto
1728 964 1850 1003 mo-

194 1035 454 1091 nasterio
476 1033 879 1105 subjectis,vel
899 1033 959 1088 in
983 1035 1336 1106 presbyteris
1354 1035 1573 1090 eisdem
1591 1035 1853 1091 ecclesiis

195 1125 510 1190 ordinatis,
556 1122 814 1194 aliquam
862 1126 1046 1177 tentet
1097 1123 1284 1178 facere
1332 1124 1849 1195 perturbationem,

195 1213 287 1268 vel
341 1211 556 1276 abbati,
590 1210 679 1266 vel
734 1211 1034 1278 fratribus,
1075 1227 1285 1266 novam
1329 1213 1759 1279 constituendo,
1795 1217 1852 1268 et

193 1302 506 1373 antiquam
536 1300 1022 1355 consuetudinem
1052 1299 1349 1368 violando;
1383 1301 1483 1356 sed
1506 1301 1658 1356 sicut
1689 1317 1852 1373 regu-

193 1389 399 1446 lariter
453 1393 511 1444 et
567 1387 842 1443 canonice
899 1389 1187 1460 disposita
1218 1393 1376 1454 sunt,
1411 1394 1467 1444 et
1504 1389 1675 1461 longo
1722 1391 1849 1461 jam

188 1487 456 1551 tempore
500 1477 814 1541 manentia,
850 1477 931 1532 ita
962 1494 1193 1549 quoque
1244 1477 1456 1533 futuris
1487 1478 1850 1550 temporibus

189 1571 474 1622 maneant
490 1566 857 1622 inconcussa.
873 1567 986 1620 Nec
1006 1570 1286 1637 potestate
1299 1567 1646 1638 episcopalis
1664 1567 1848 1623 fastus

189 1655 760 1720 abutens,violenter
781 1658 983 1709 contra
1005 1655 1322 1710 constituta
1342 1656 1633 1726 majorum
1657 1656 1848 1728 dispo-

189 1763 334 1800 nere
364 1744 501 1800 velit
545 1743 764 1815 aliquid
811 1744 1089 1799 adversus
1118 1743 1476 1798 voluntatem
1511 1745 1757 1812 abbatis,
1791 1750 1849 1800 et

189 1834 444 1888 fratrum
484 1833 543 1888 in
583 1825 710 1904 ipso
742 1832 1002 1888 coenobio
1043 1833 1159 1887 Deo
1199 1837 1549 1904 quocunque
1588 1837 1846 1905 tempore

187 1921 597 1976 militantium.
612 1920 1020 1977 Ordinationes
1038 1937 1165 1992 quae
1187 1920 1526 1976 necessaria;
1550 1921 1765 1976 iuerint
1787 1922 1846 1976 in
1877 1957 1925 2022 B

187 2009 712 2075 monasterio,sive
743 2009 813 2064 de
845 2009 1170 2075 monachis,
1193 2010 1311 2066 sive
1337 2011 1406 2065 de
1438 2010 1754 2078 canonicis,
1790 2015 1848 2066 et

187 2116 345 2171 quas
375 2098 647 2170 petierint
683 2099 866 2154 abbas
911 2103 967 2153 et
1008 2099 1237 2166 fratres,
1261 2115 1430 2171 agere
1460 2115 1575 2154 non
1597 2100 1843 2155 differat.

187 2188 404 2244 Altaris
435 2203 667 2259 quoque
705 2191 762 2242 et
807 2186 1184 2242 basilicarum
1234 2187 1690 2252 benedictiones,
1725 2188 1844 2244 sive

185 2276 679 2342 consecrationes,
699 2281 874 2348 prout
896 2276 1216 2332 necessitas
1242 2276 1644 2348 postulaverit,
1667 2276 1753 2332 vel
1785 2278 1845 2333 in

183 2367 320 2439 ipso
351 2364 723 2432 monasterio,
747 2365 833 2420 vel
865 2365 923 2419 in
956 2365 1113 2436 agris
1165 2365 1352 2436 ipsius
1405 2365 1744 2421 monasterii
1775 2366 1844 2420 li-

184 2456 396 2511 benter
416 2455 692 2510 concedat
720 2471 732 2508 :
759 2453 1015 2510 chrisma
1036 2471 1288 2525 quoque,
1306 2453 1616 2526 oleumque
1643 2472 1844 2510 conse-

185 2548 419 2599 cratum
470 2559 571 2613 per
601 2541 866 2614 singulos
897 2559 1082 2598 annos
1114 2543 1370 2614 praebere
1422 2559 1535 2597 non
1569 2543 1796 2597 differat
1829 2560 1841 2598 :

184 2637 248 2689 et
281 2649 384 2704 pro
430 2630 520 2686 his
577 2631 851 2708 omnibus
910 2631 1138 2686 nullum
1196 2648 1414 2687 munus
1473 2632 1739 2704 accipiat,
1774 2649 1845 2688 ne

184 2720 448 2793 Spiritus
495 2719 682 2775 sancti
717 2709 978 2791 gratiam
1009 2720 1258 2775 vendere
1307 2724 1569 2786 conatus,
1592 2720 1843 2776 Simonis

185 2809 652 2874 damnationem,
676 2809 830 2880 quod
863 2808 1034 2875 absit,
1070 2808 1376 2864 sustineat.
1412 2809 1526 2863 Hoc
1559 2808 1842 2864 constitu-

185 2903 322 2953 tum
356 2913 468 2952 non
519 2895 708 2952 solum
759 2896 1098 2968 episc0pum
1143 2896 1842 2963 Ambianensem,verum

185 2987 374 3043 etiam
406 3002 610 3041 omnes
652 3002 754 3057 per
801 2984 996 3040 Gallia:
1029 2985 1470 3056 Germaniaeque
1515 2985 1844 3057 provincias

187 3075 522 3147 episcopos,
555 3073 890 3145 ubicunque
940 3073 1240 3145 praefatum
1286 3074 1707 3128 monasterium
1757 3075 1840 3129 vel

181 3163 491 3228 ecclesias,
513 3162 600 3218 vel
635 3161 925 3234 agros,vel
948 3162 1202 3217 famulos
1225 3162 1436 3217 habere
1457 3162 1840 3234 dignoscitur,

180 3252 499 3308 observare
530 3251 655 3307 sine
695 3251 1089 3318 cunctatione,
1114 3267 1214 3306 sen
1255 3250 1710 3307 contradictione
1741 3253 1840 3306 de-

180 3341 512 3408 cernimus,
529 3344 592 3394 ut
613 3339 810 3395 nullus
834 3339 1306 3412 potestatisjure,
1323 3341 1392 3395 de
1421 3340 1594 3394 rebus
1619 3340 1839 3411 praefati
1872 3320 1913 3386 (ἶ

180 3428 552 3495 monasterii,
568 3428 694 3484 sine
709 3428 1005 3484 voluntate
1022 3428 1249 3484 abbatis
1269 3429 1631 3500 fratrumque
1657 3429 1845 3501 ipsius

174 3518 434 3574 coenobii
468 3518 773 3585 abutatur;
807 3518 908 3572 sed
941 3522 1218 3572 maneant
1247 3517 1446 3571 omnia
1475 3535 1601 3588 quae
1635 3517 1844 3573 collata

173 3611 349 3673 sunt,
375 3607 726 3678 fuerintque,
753 3606 811 3660 in
844 3606 1084 3661 rectoris
1133 3605 1320 3678 ipsius
1351 3607 1688 3660 monasterii
1741 3624 1843 3679 po-

171 3699 415 3759 testate,
439 3700 496 3750 et
525 3694 779 3766 regulari
825 3694 1228 3766 dispositione,
1259 3711 1450 3766 neque
1501 3695 1576 3750 sit
1627 3694 1843 3767 aliquis

171 3785 272 3842 vel
304 3785 634 3858 regum,vel
661 3784 839 3840 ullius
863 3785 1187 3857 potestatis,
1203 3801 1307 3840 seu
1330 3785 1636 3857 dignitatis
1659 3785 1843 3842 fultus

174 3874 395 3948 gradu,
430 3872 531 3945 qui
570 3874 641 3928 de
692 3873 1032 3928 monasterii
1093 3873 1314 3945 praefati
1363 3874 1558 3939 rebus,
1582 3873 1669 3928 vel
1720 3874 1845 3929 vio-

175 3963 394 4028 lenter,
425 3961 515 4016 vel
546 3965 811 4032 potenter
863 3961 1098 4016 invadat
1151 3960 1394 4032 aliquid,
1438 3961 1525 4016 vel
1584 3961 1838 4033 diripiat.

175 4051 472 4106 Abbatem
505 4066 639 4104 vero
671 4049 876 4104 fratres
907 4049 1095 4120 ipsius
1141 4048 1474 4103 monasterii
1509 4050 1579 4104 de
1611 4066 1673 4104 se
1699 4049 1842 4119 ipsis

178 4136 441 4210 eligendi
472 4153 703 4209 semper
729 4137 984 4192 habeant
1014 4142 1380 4208 potestatem,
1407 4141 1463 4190 et
1482 4155 1610 4192 eam
1643 4154 1841 4208 perso-

179 4244 328 4282 nam
362 4226 599 4298 eligant,
617 4243 743 4297 quae
776 4225 1046 4281 monachi
1073 4225 1436 4297 propositum
1465 4229 1522 4280 et
1552 4226 1754 4280 habitu
1786 4230 1843 4281 et

179 4314 456 4370 moribus
497 4315 856 4386 profiteatur,
881 4331 996 4369 non
1047 4313 1415 4384 canonicum,
1450 4319 1552 4369 aut
1601 4313 1836 4382 laicum,

179 4420 380 4475 neque
397 4402 637 4458 alterius
661 4403 996 4458 monasterii
1021 4403 1403 4458 monachum:
1423 4404 1699 4474 quoniam
1723 4421 1842 4458 mo-

179 4491 434 4548 nachico
459 4491 648 4546 ordini
681 4492 970 4562 praeficere
991 4490 1078 4545 vel
1111 4489 1447 4557 laicum,vel
1471 4491 1837 4558 canonicum,

179 4599 303 4636 non
338 4584 429 4636 est
459 4596 687 4635 servare
717 4579 942 4635 ordinis
972 4579 1415 4650 professionem,
1442 4581 1541 4634 sed
1567 4585 1836 4646 evertere,

1965 679 2195 747 debent,
2226 679 2282 734 id
2323 681 2562 736 reddere
2590 679 2771 736 velint
2799 681 2869 736 de
2921 680 3014 737 his
3063 697 3189 752 qua:
3221 680 3432 737 collata
3481 687 3625 738 sunt

1964 769 2100 824 Deo.
2125 771 2247 835 Qua
2276 771 2346 825 de
2378 787 2438 825 re
2460 771 2832 842 praecipimus
2879 769 3138 835 omnino,
3172 774 3237 824 ut
3268 772 3620 828 monasterio

1965 858 2268 914 beatorum
2303 859 2453 914 Petri
2486 876 2552 914 ac
2579 859 2932 931 Pauli,quod
2955 859 3208 914 Corbeiae
3230 859 3463 927 dicitur,
3489 860 3617 916 nul-

1964 946 2080 1002 lam
2113 948 2431 1019 praeﬁciant
2479 948 2912 1020 personam,vel
2944 966 3012 1004 ex
3060 948 3169 1004 sibi
3200 947 3614 1018 militantibus,

1961 1035 2050 1091 vel
2080 1054 2147 1092 ex
2188 1037 2409 1093 alienos
2441 1039 2798 1093 monasterio
2831 1042 3151 1110 sumptam,
3177 1055 3304 1109 quae
3351 1054 3465 1092 non
3515 1055 3619 1110 per

1962 1124 2300 1181 electionem
2333 1130 2602 1181 sumatur
2633 1126 3014 1197 probabilem,
3045 1127 3164 1182 sive
3195 1127 3264 1181 de
3295 1125 3465 1192 laico,
3497 1125 3615 1184 sive

1961 1214 2032 1269 de
2063 1213 2361 1282 canonico,
2384 1214 2501 1270 sive
2533 1215 2602 1270 de
2632 1232 2982 1286 quocunque
3015 1216 3190 1270 fuerit
3219 1215 3437 1270 ordine.
3462 1215 3612 1279 Quo-

1961 1303 2120 1357 niam
2142 1319 2276 1358 vero
2297 1303 2495 1358 multae
2523 1308 2865 1376 quaeruntur
2891 1305 2962 1359 ab
2991 1303 3345 1376 importunis
3366 1303 3614 1359 homini-

1960 1392 2072 1446 bus
2115 1391 2496 1464 malignitatis
2526 1393 2882 1460 occasiones,
2906 1397 2962 1448 et
3000 1409 3235 1448 necesse
3265 1396 3354 1447 est
3383 1409 3614 1464 semper

1960 1481 2272 1536 adversarii
2306 1481 2422 1536 tela
2450 1482 2649 1554 clypeo
2682 1481 3057 1553 protectionis
3089 1480 3389 1552 repellere,
3413 1481 3610 1537 decer-

1959 1567 2157 1625 nimus
2188 1575 2254 1624 ut
2283 1569 2485 1636 abbas,
2510 1575 2820 1642 postquam
2855 1570 3071 1625 electus
3095 1569 3266 1625 fuerit
3295 1573 3352 1624 et
3381 1570 3610 1625 ordina-

1959 1660 2075 1722 tus,
2110 1657 2272 1712 nulla
2319 1663 2605 1730 potestate
2633 1659 2979 1731 praevalente
3027 1659 3356 1730 dejiciatur,
3392 1658 3503 1714 nisi
3548 1659 3607 1713 in

1958 1746 2222 1802 criminis
2269 1764 2447 1803 causa
2505 1748 2680 1804 fuerit
2736 1748 3156 1820 deprehensus,
3182 1750 3352 1819 cujus
3401 1748 3607 1803 merito

1959 1834 2198 1890 rectoris
2230 1852 2342 1890 non
2372 1837 2578 1892 debeat
2607 1837 3020 1891 administrare
3043 1835 3323 1891 ofﬁcium.
3352 1836 3607 1891 Infamia:

1956 1939 2086 1978 vero
2119 1925 2509 1991 maculis,seu
2561 1925 2824 1980 criminis
2856 1925 3106 1996 alicujus
3155 1925 3525 1980 denotatione
3557 1926 3605 1980 si

1957 2011 2131 2068 fuerit
2151 2015 2466 2084 appetitus,
2482 2031 2597 2069 non
2621 2018 2826 2086 praeter
2845 2013 3185 2068 canonicam
3203 2017 3260 2068 et
3280 2013 3605 2085 regularem

1955 2101 2282 2173 deponatur
2301 2103 2814 2158 examinationem.
2841 2102 2958 2158 Hoc
2988 2118 3122 2158 vero
3148 2103 3533 2157 constitutum
3555 2101 3606 2157 si

1955 2190 2132 2245 fuerit
2152 2192 2224 2245 ab
2257 2191 2454 2262 aliquo
2480 2191 2939 2263 prmvaricatum,
2966 2207 3069 2262 per
3097 2191 3437 2262 episcopum
3468 2192 3604 2245 Am-

1956 2279 2576 2351 bianensem,quisque
2589 2279 2682 2334 ille
2701 2279 2969 2346 fuerit,ex
2984 2284 3184 2334 nostra
3203 2278 3602 2346 conveniatur,

1955 2369 2318 2436 auctoritate,
2343 2373 2408 2422 ut
2437 2385 2570 2423 eum
2605 2367 2706 2440 qui
2738 2369 2919 2439 hujus
2950 2368 3106 2422 sedis
3137 2367 3456 2422 constituta
3476 2383 3608 2421 con-

1952 2456 2215 2523 vulserit,
2243 2457 2566 2524 conveniat,
2591 2463 2647 2513 et
2679 2457 3007 2528 iniquitatis
3035 2473 3152 2511 suae
3184 2455 3416 2527 culpam
3443 2471 3607 2511 com-

1955 2551 2208 2612 moneat,
2233 2546 2444 2617 cuique
2476 2546 2733 2618 periculo
2765 2545 3137 2616 subjiciatur,
3174 2549 3379 2600 notum
3411 2539 3604 2599 faciat.

1953 2635 2115 2700 Quod
2175 2635 2222 2689 si
2281 2634 2368 2690 vel
2431 2635 2553 2706 ipse
2611 2634 2948 2706 neglexerit,
2999 2633 3086 2688 vel
3141 2632 3484 2704 despexerit,
3517 2631 3606 2688 vel

1953 2723 2220 2778 timuerit
2266 2724 2567 2795 perficere,
2598 2721 3082 2794 metropolitanus
3120 2722 3430 2793 episcopus
3469 2737 3604 2776 con-

1950 2817 2158 2868 ventus
2189 2829 2223 2866 a
2257 2812 2530 2867 fratribus
2570 2811 2758 2883 ipsius
2789 2810 3055 2878 ccenobii,
3081 2827 3390 2882 personam
3425 2809 3605 2880 hujus

1951 2899 2272 2956 sanctionis
2301 2899 2658 2956 violatricem
2691 2899 2851 2955 adire
2889 2915 3003 2953 non
3050 2899 3300 2964 ditferat,
3335 2901 3394 2952 et
3421 2898 3602 2969 hujus

1953 2990 2133 3044 nostri
2165 2989 2376 3045 decreti
2419 2988 2889 3044 testiﬁcationem
2920 2987 3264 3056 innotescat,
3298 2989 3480 3057 utque
3529 2986 3601 3042 ab

1951 3095 2016 3133 eo
2047 3078 2199 3149 quod
2233 3094 2404 3149 prave
2435 3076 2618 3150 gessit
2645 3077 2907 3132 recedere
2951 3092 3067 3130 non
3103 3079 3463 3141 moretur,ex
3493 3091 3603 3129 sua

1951 3169 2267 3237 nostraque
2298 3165 2642 3221 auctoritate
2673 3167 3048 3219 contestetur.
3072 3165 3144 3218 At
3185 3163 3234 3217 si
3265 3161 3361 3216 ille
3393 3167 3600 3217 contu-

1951 3255 2193 3310 maciter
2213 3254 2270 3308 in
2296 3254 2384 3309 sui
2413 3253 2546 3308 facti
2582 3252 3006 3324 perpetratione
3041 3267 3381 3324 permanere
3401 3250 3598 3306 decre-

1951 3342 2115 3408 verit,
2141 3348 2196 3398 et
2226 3359 2339 3398 non
2363 3343 2517 3413 quod
2550 3342 2749 3413 inique
2780 3342 2962 3413 gessit
2983 3341 3270 3412 corrigere
3303 3339 3594 3407 maluerit,

1952 3431 2245 3487 licentiam
2279 3432 2531 3486 habeant
2575 3432 2782 3485 fratres
2815 3428 3154 3484 monasterii
3202 3428 3459 3500 praedicti
3492 3429 3608 3483 Ro-

1954 3537 2189 3576 manam
2212 3519 2712 3591 apostolicamque
2736 3520 2932 3574 sedem
2958 3519 3140 3588 adire,
3165 3522 3221 3572 et
3243 3515 3609 3573 necessitatis

1953 3627 2071 3667 suae
2095 3626 2303 3665 causas
2326 3613 2458 3663 ante
2476 3625 2710 3680 papam,
2727 3609 2826 3680 qui
2851 3613 2910 3661 tu
2923 3624 2990 3663 nc
3017 3606 3210 3673 fuerit,
3227 3605 3389 3660 urbis
3412 3605 3607 3660 Romae

1953 3700 2261 3771 deponere,
2284 3702 2341 3752 et
2369 3698 2672 3768 praasentis
2693 3696 2966 3768 praecepti
2991 3694 3468 3752 constitutionem
3491 3710 3610 3749 ma-

1953 3788 2228 3844 nifestare
2253 3805 2265 3842 :
2294 3787 2494 3858 sicque
2517 3787 2818 3841 Romanus
2849 3785 3128 3857 pontifex,
3153 3783 3391 3855 cognita
3410 3799 3610 3852 causa,

1947 3877 2117 3947 justae
2167 3875 2559 3930 damnationis
2591 3874 2882 3930 sententia
2938 3891 3102 3929 reum
3152 3872 3436 3927 mulctare
3493 3887 3608 3926 non

1951 3963 2352 4018 cunctetur.Si
2387 3963 2520 4033 quis
2553 3978 2686 4016 vero
2721 3962 3092 4015 sacerdotum
3125 3959 3213 4014 vel
3238 3959 3604 4025 clericorum,

1952 4051 2103 4106 hanc
2153 4048 2591 4104 constitutionis
2653 4052 2860 4101 nostrae
2922 4047 3196 4117 paginam
3257 4060 3603 4115 agnoscens,

1951 4143 2151 4195 contra
2180 4155 2308 4193 eam
2356 4137 2552 4192 venire
2591 4135 2918 4200 tentaverit,
2944 4133 3166 4188 ordinis
3199 4131 3288 4186 sui
3322 4129 3605 4201 dignitate

1949 4231 2168 4294 careat;
2201 4226 2390 4280 laicus
2425 4225 3002 4293 vero,cujuscunque
3034 4221 3112 4275 sit
3153 4218 3481 4291 potestatis,
3513 4218 3602 4273 vel

1949 4315 2273 4388 dignitatis,
2299 4313 2346 4368 si
2380 4313 2560 4383 hujus
2590 4310 2874 4383 privilegii
2911 4311 3142 4364 decreta
3173 4308 3232 4362 in
3265 4307 3462 4379 aliquo
3481 4306 3601 4361 vio-

1947 4403 2173 4473 laverit,
2193 4420 2355 4457 reum
2380 4418 2442 4456 se
2463 4400 2655 4455 divino
2671 4398 2895 4470 judicio
2917 4398 3162 4453 existere
3183 4398 3253 4452 de
3275 4399 3604 4468 perpetrata

1951 4492 2258 4563 iniquitate
2290 4494 2623 4562 cognoscat,
2648 4493 2704 4543 et
2745 4487 2859 4542 nisi
2890 4485 2975 4541 vel
3006 4501 3073 4540 ea
3105 4501 3230 4556 quae
3261 4483 3333 4537 ab
3365 4499 3432 4537 eo
3462 4486 3603 4537 sunt

1950 4581 2104 4636 mala
2161 4579 2358 4634 abl'ta
2418 4576 2758 4644 restituerit,
2799 4575 2885 4630 vel
2935 4574 3112 4645 digna
3147 4571 3295 4643 [ediL
3329 4572 3480 4625 Rom.
3513 4568 3602 4624 vel

179 4669 347 4742 quod
370 4669 779 4739 unusquisque
801 4665 1147 4739 praepositus
1169 4668 1338 4736 cujus
1360 4672 1448 4722 est
1465 4667 1842 4740 ordinis,ejus
1871 4684 1918 4747 D
1948 4668 2232 4741 legitima]
2257 4667 2597 4740 poenitentia
2643 4664 2846 4720 illicite
2895 4667 3025 4718 acta
3071 4659 3385 4723 deﬂeverit,
3415 4656 3514 4747 Dei
3545 4661 3603 4712 et

175 4773 422 4829 quoque
453 4757 563 4810 erit
591 4761 647 4810 et
678 4758 1030 4828 propagator
1060 4771 1072 4808 :
1110 4771 1215 4810 nec
1258 4756 1403 4810 bene
1434 4755 1703 4828 disponet
1734 4756 1837 4811 ali-

178 4845 426 4918 quando
449 4845 854 4916 cujuscunque
875 4842 1098 4898 militiae
1118 4843 1318 4911 vitam,
1335 4847 1508 4916 cujus
1533 4862 1648 4900 non
1673 4845 1844 4900 fuerit

180 4935 315 5006 ipse
348 4933 448 5005 qui
481 4933 741 5004 disponit
779 4932 1103 4987 aemulator.
1129 4932 1240 4987 Sed
1272 4949 1461 5004 neque
1505 4949 1622 5001 rex,
1656 4950 1843 5004 neque

181 5025 452 5094 potestas
484 5020 703 5092 aliqua,
737 5020 918 5075 ullam
960 5020 1310 5076 monasterio
1343 5020 1675 5075 Corbeiensi
1707 5038 1845 5091 pra:-

177 5114 375 5184 ponat
403 5123 927 5181 personam,quam
961 5125 1075 5163 non
1109 5109 1316 5163 fratres
1348 5109 1535 5179 ipsius
1565 5107 1846 5180 elegerint

183 5197 556 5254 monasterii.
579 5198 802 5253 Debent
821 5198 979 5253 enim
1003 5196 1208 5251 mundi
1243 5195 1534 5267 principes
1566 5196 1844 5252 honorem

184 5292 470 5360 praestare
501 5286 637 5352 Deo,
664 5302 836 5357 quem
870 5285 980 5340 sibi
1011 5285 1213 5341 volunt
1243 5284 1503 5355 praestari
1533 5302 1567 5339 a
1600 5287 1728 5352 Deo,
1761 5286 1842 5339 vi-

179 5375 405 5431 delicet
436 5379 502 5429 ut
533 5374 1032 5445 quemadmodum
1055 5372 1298 5444 cupiunt
1327 5389 1360 5427 a
1389 5373 1505 5427 Deo
1536 5373 1646 5428 sibi
1680 5374 1849 5429 colla-

183 5468 324 5518 tum
349 5462 510 5535 regni
537 5462 818 5518 honorem
849 5461 1199 5526 conservari,
1225 5461 1308 5515 sic
1338 5460 1606 5514 Ecclesize
1635 5461 1845 5517 Christi

187 5568 367 5608 suam
408 5568 525 5606 non
573 5550 965 5622 dedignentur
996 5565 1222 5605 servare
1275 5548 1482 5620 legem.
1518 5550 1640 5604 Non
1688 5552 1845 5606 enim

184 5641 380 5706 decet,
406 5656 593 5711 neque
617 5641 848 5710 justum
879 5639 1060 5694 videri
1093 5638 1324 5710 poterit,
1354 5641 1418 5691 ut
1448 5637 1558 5691 sibi
1591 5638 1845 5694 militan-

187 5729 376 5798 tibus,
395 5729 466 5784 de
489 5727 757 5784 Ecclesiae
777 5727 991 5784 Christi
1021 5725 1495 5798 possessionibus
1521 5729 1847 5784 mercedem

1949 4759 2251 4814 beatorum
2285 4755 2684 4829 apostolorum
2728 4752 2880 4808 Petri
2930 4769 2995 4808 ac
3043 4747 3203 4806 Pauli
3253 4745 3602 4802 auctoritate

1951 4851 2126 4918 atque
2152 4850 2355 4901 nostra
2385 4843 2672 4900 sententia
2701 4840 3091 4898 anathematis
3110 4835 3342 4893 vinculo
3362 4834 3603 4889 innoda-

1950 4939 2068 5002 tus,
2108 4951 2142 4989 a
2172 4933 2570 4989 sacratissimo
2619 4946 2858 5003 corpore
2915 4946 2980 4984 ac
3030 4923 3316 4997 sanguine
3373 4920 3602 4977 Domini

1954 5022 2138 5078 nostri
2169 5023 2310 5078 Jesu
2333 5020 2548 5077 Christi
2577 5019 2802 5074 alienus
2840 5017 3068 5080 existat,
3091 5019 3266 5084 atque
3297 5012 3356 5066 in
3387 5014 3600 5066 aeterno

1953 5111 2218 5167 examine
2247 5109 2522 5165 districtis
2555 5107 2762 5162 ultioni
2796 5107 3115 5176 subjaceat.
3136 5099 3372 5157 Cunctis
3404 5102 3601 5154 autem

1953 5201 2141 5256 eidem
2173 5195 2487 5253 venerabili
2520 5194 2871 5250 monasterio
2903 5194 3070 5263 justa
3107 5188 3492 5266 servantibus,
3525 5185 3605 5240 sit

1956 5306 2066 5360 pax
2111 5287 2343 5342 Domini
2392 5284 2575 5339 nostri
2624 5284 2763 5338 Jesu
2795 5280 3028 5346 Christi,
3072 5282 3361 5350 quatenus
3409 5278 3464 5330 et
3508 5271 3604 5327 hic

1955 5378 2211 5431 fructum
2236 5375 2400 5428 bona:
2424 5371 2668 5427 actionis
2699 5369 3071 5440 recipiant,et
3091 5367 3244 5438 apud
3267 5363 3607 5419 districtum

1947 5464 2211 5535 judicem
2238 5461 2476 5533 praemia
2497 5466 2718 5514 aeterna:
2742 5456 2956 5528 quietis
2977 5455 3293 5510 inveniant.
3313 5452 3611 5521 Scriptum

1958 5570 2060 5625 per
2091 5567 2332 5604 manum
2369 5548 2578 5604 Leonis
2621 5547 2828 5602 notarii
2870 5545 3202 5618 regionarii,
3236 5547 3294 5598 et
3325 5535 3612 5596 scriniarii

1959 5643 2172 5696 sanctae
2214 5640 2485 5694 Romanae
2537 5635 2822 5702 Ecelesim,
2849 5635 2907 5689 in
2958 5650 3156 5688 mense
3202 5629 3405 5703 Aprili,
3460 5625 3612 5681 indi—

1963 5730 2152 5785 ctione
2199 5745 2274 5783 xi.
2311 5731 2451 5783 Data
2508 5743 2565 5781 ιν
2622 5724 2914 5781 Kalendas
2970 5721 3176 5791 Maias,
3208 5737 3310 5792 per
3363 5729 3608 5774 manum
