3894 6204
300 429 422 494 819

1673 433 1984 498 NICOLAI
2029 435 2259 498 PAP/E
2299 436 2346 498 Ι.

3613 429 3740 494 820

305 564 523 621 Tiberii
556 562 871 636 primicerii
914 567 1126 619 sancta:
1175 565 1329 621 sedis
1379 567 1732 639 apostolicae,
1764 569 1952 640 impc-
1985 573 2038 638 Α
2069 571 2252 625 nostri
2285 569 2497 642 pagina
2530 570 2809 642 continet,
2828 574 2949 624 tam
2979 568 3144 624 vobis
3167 584 3345 640 quam
3379 567 3618 624 cunctis
3639 583 3719 638 qu

312 658 479 709 rante
518 651 753 708 domino
814 652 1080 723 piissimo
1110 658 1371 726 Augusto
1426 658 1713 712 Ludovico
1765 675 1798 712 a
1846 659 1961 713 Deo

313 746 608 807 coronato,
654 757 888 813 magno,
941 743 1181 813 pacifico
1229 743 1601 816 imperatore.
1633 764 1726 800 an.
1762 765 1875 810 xxv,
1909 752 1966 801 et

313 834 448 902 post
479 830 607 900 ejus
630 846 848 884 annum
871 848 962 884 xw
987 834 1158 901 Vorte,
1193 837 1249 886 et
1279 837 1409 905 post
1442 834 1809 890 consulatum
1839 836 1965 905 ejus

317 935 470 974 anno
499 936 614 986 xxv,
644 919 876 990 Hann],
900 919 1219 976 indictione
1236 940 1326 978 an.

1061 1027 1221 1082 XXX.

321 1140 546 1180 NICOLAI
578 1140 948 1178 PRIVILEGIUM
973 1142 1081 1180 PRO
1104 1142 1553 1182 SANDIONYSIANO
1586 1145 1966 1184 MONASTERIO.

966 1215 1148 1285 (Anno
1185 1217 1336 1283 863.)

329 1302 513 1373 [Apud
545 1301 750 1368 Felib.,
786 1304 924 1356 Hist.
955 1303 1019 1357 de
1050 1305 1297 1444 [nituit/1e
1325 1306 1389 1360 de
1424 1307 1792 1362 Saint-Dem's
1824 1306 1976 1361 inter

1037 1393 1134 1444 pro
1172 1395 1201 1430 a
1233 1418 1245 1429 .

1037 1393 1245 1446 prooat.

398 1463 686 1517 NICOLAUS
708 1461 1036 1534 episcopus,
1064 1481 1265 1520 servus
1287 1482 1587 1522 servorum
1609 1467 1732 1531 Dei,
1753 1465 1979 1521 dilectis

332 1550 613 1606 fratribus
653 1567 718 1606 ac
761 1551 896 1605 {iliis
930 1553 1143 1608 nostris
1177 1554 1235 1607 in
1267 1555 1582 1610 venerabili
1626 1555 1980 1610 monasterio

333 1639 520 1694 sancti
555 1638 769 1694 Christi
802 1640 1073 1712 martyris
1106 1641 1362 1714 Dionysii
1411 1644 1520 1697 sub
1563 1643 1764 1716 regula
1795 1642 1978 1697 sancti

335 1727 626 1783 Benedicti
659 1726 932 1800 religiosa
973 1731 1408 1786 conversatione
1439 1732 1803 1803 degentibus,
1831 1747 1985 1785 nunc

335 1821 392 1872 et
420 1817 635 1874 futuris
666 1819 1050 1890 temporibus.

407 1909 650 1972 Quando
681 1908 748 1962 ad
792 1923 860 1962 ea
907 1924 1034 1979 qua:
1069 1909 1489 1965 catholicorum
1550 1927 1753 1983 regum
1814 1914 1990 1969 corda

339 1995 778 2068 pontificalibus
810 2002 949 2051 sunt
975 1997 1212 2052 monitis
1245 2001 1628 2069 provocanda,
1653 2001 1733 2056 ita
1765 2003 1988 2057 ardenti

340 2084 629 2139 desiderio
651 2083 847 2139 divina
868 2085 1239 2155 proveniente
1272 2087 1458 2159 gratia
1480 2090 1892 2158 succeduntur,
1927 2096 1992 2145 ut

345 2173 418 2227 ab
450 2173 534 2227 eis
574 2171 727 2227 ultro
779 2177 1117 2244 poscantur,
1149 2179 1311 2230 tanto
1341 2176 1516 2231 alacri
1567 2182 1624 2232 et
1672 2177 1799 2234 laeto
1852 2184 1992 2234 sunt

347 2261 544 2316 animo
574 2263 1196 2333 concedenda,quanto
1227 2269 1284 2318 et
1314 2282 1381 2319 ea
1412 2265 1539 2336 ipsa
1569 2284 1694 2338 qua:
1727 2267 1987 2338 cupiunt,

349 2349 398 2404 si
452 2348 674 2404 nollent
730 2352 935 2415 facere,
973 2352 1088 2423 peti
1148 2352 1487 2408 debuerant.
1524 2355 1788 2421 Proinde,
1825 2359 1994 2428 juxta

349 2438 568 2510 scripta
594 2437 863 2508 petitoria
905 2439 1007 2493 ﬁlii
1041 2441 1224 2495 nostri
1271 2441 1789 2512 praecellentissimi
1841 2446 1994 2516 regis

351 2517 564 2592 Karoii,
580 2527 920 2599 hujusmodi
935 2528 1296 2601 privilegium
1316 2532 1618 2603 praesentis
1630 2534 1995 2591 auctoritatis

351 2620 561 2672 nostra
583 2617 810 2672 decreto
842 2616 1027 2673 eidem
1063 2621 1415 2676 monasterio
1435 2621 1641 2677 vestris
1665 2623 1995 2695 futurisque

350 2704 718 2776 temporibus
759 2703 1154 2778 indulgemus,
1181 2710 1556 2764 concedimus
1587 2714 1763 2782 atque
1795 2713 1995 2767 ﬁrma-

351 2809 505 2860 mus,
523 2793 759 2848 utsicut
781 2794 902 2865 ipse
923 2794 1384 2866 gloriosissimus
1406 2797 1563 2853 ﬁlius
1587 2804 1785 2855 noster
1805 2801 1997 2855 divino

352 2883 563 2937 ductus
586 2884 886 2950 amore,de
902 2883 1053 2938 villis
1076 2902 1140 2940 ac
1167 2886 1668 2956 facultatibus,seu
1690 2890 1998 2961 stipendiis

350 2971 682 3042 specialiter
733 2972 1177 3039 monachorum,
1220 2980 1276 3030 et
1324 2976 1578 3032 ecclesiae
1638 2984 2002 3034 ornamento-

352 3077 504 3126 rum,
535 3060 623 3115 vel
672 3060 1144 3128 luminariorum,
1186 3080 1252 3118 ac
1303 3065 1858 3133 matriculariorum,
1897 3084 1999 3123 seu

354 3148 676 3221 hospitum.
702 3153 873 3221 atque
897 3167 1221 3222 pauperum
1246 3152 1450 3208 usibus
1473 3159 1716 3222 servata,
1739 3156 1826 3210 vel
1854 3173 2002 3210 cme-

356 3235 582 3303 liorata,
617 3253 720 3292 seu
769 3243 958 3305 aucta,
994 3239 1359 3296 ordinatione
1408 3258 1535 3311 quae
1585 3247 1844 3314 tempore
1895 3244 2000 3315 pia:

2074 660 2132 713 in
2165 676 2229 713 eo
2262 676 2378 731 quo
2409 659 2548 714 estis
2581 659 2786 714 ordine
2817 658 3059 728 locoque
3091 656 3508 723 successerint,
3532 655 3627 710 vel
3661 656 3749 710 eis

2075 764 2324 818 quorum
2358 747 2636 803 interesse
2670 748 2984 820 potuerint,
3019 747 3079 801 in
3111 751 3464 818 perpetuum
3498 761 3744 798 conser-

2074 837 2263 890 vanda
2311 837 2699 902 decernimus,
2736 836 2895 891 salva
2943 836 3001 889 in
3053 834 3328 890 omnibus
3378 850 3510 904 quae
3562 832 3749 903 hujus

2077 925 2294 979 decreti
2343 925 2555 997 pagina
2594 925 2970 980 continentur
2999 923 3364 989 auctoritate,
3400 926 3461 976 et
3522 921 3750 976 honore

2079 1019 2290 1068 sancta:
2322 1015 2594 1069 Romanae
2635 1013 2924 1079 Ecclesiae,
2949 1017 3006 1067 et
3037 1012 3194 1067 sedis
3243 1009 3585 1083 apostolicae
3638 1008 3758 1080 pri-

2078 1103 2302 1175 vilegio.
2333 1103 2390 1157 Si
2415 1103 2546 1174 quis
2570 1108 2768 1157 autem
2793 1101 3103 1156 temerario
3129 1118 3277 1156 ausu
3302 1117 3525 1171 magna
3546 1115 3758 1170 parva-

2080 1209 2146 1246 ve
2179 1208 2426 1263 persona
2449 1196 2652 1246 contra
2681 1191 2788 1246 hoc
2822 1195 3091 1245 nostrum
3124 1188 3519 1261 apostolicum
3546 1188 3757 1241 decre-

2083 1285 2210 1335 tum
2241 1297 2408 1351 agere
2441 1278 2902 1351 praesumpserit,
2928 1279 3074 1334 sciat
3106 1294 3168 1332 se
3198 1277 3604 1332 anathematis
3628 1276 3759 1329 vin-

2086 1369 2216 1424 culo
2257 1386 2384 1424 esse
2431 1369 2799 1434 innodatum,
2832 1373 2889 1423 et
2919 1385 2953 1422 a
2983 1384 3158 1440 regno
3219 1367 3318 1422 Dei
3379 1366 3673 1432 alienum,
3703 1371 3764 1419 et

2088 1476 2217 1512 cum
2244 1457 2519 1512 omnibus
2552 1457 2748 1528 impiis
2779 1457 2976 1511 aeterni
3009 1455 3260 1511 incendii
3291 1455 3592 1527 supplicio
3624 1471 3762 1508 con-

2089 1548 2429 1601 demnatum
2459 1562 2472 1599 :
2502 1551 2560 1599 at
2586 1563 2719 1600 vero
2753 1545 2850 1616 qui
2897 1546 3235 1599 observator
3263 1543 3559 1599 exstiterit
3611 1559 3761 1613 pree-

2091 1635 2242 1707 cepti
2265 1635 2463 1704 hujus,
2481 1633 2729 1705 gratiam
2750 1638 2924 1704 atque
2947 1632 3432 1696 misericordiam,
3447 1631 3771 1702 vitamque

2095 1730 2369 1779 aeternam
2411 1741 2444 1777 a
2489 1721 3040 1778 misericordissimo
3089 1721 3334 1776 Domino
3380 1721 3501 1776 Deo
3557 1726 3769 1774 nostro

2097 1811 2372 1881 consequi
2406 1815 2716 1865 mereatur.

2167 1901 2461 1971 Scriptum
2487 1917 2588 1970 per
2608 1916 2848 1954 manum
2869 1897 3178 1970 Sophronii
3203 1897 3413 1952 notarii
3439 1895 3770 1968 regionarii

2097 1994 2154 2043 et
2183 1989 2472 2044 scriniarii
2529 1993 2740 2042 sanctae
2798 1989 3070 2042 Romanae
3128 1984 3416 2053 Ecclesiae,
3453 1985 3516 2039 in
3562 2001 3772 2040 mense

2097 2077 2300 2149 Aprili,
2337 2077 2650 2132 indictione
2697 2076 3026 2132 undecima.
3063 2080 3089 2140 4r
3129 2076 3279 2130 Bene
3309 2074 3520 2128 valete.
3548 2073 3772 2128 Datum

2101 2170 2307 2238 quarto
2341 2166 2458 2220 Kal.
2493 2165 2675 2220 Maias
2725 2181 2826 2235 per
2883 2180 3126 2218 manum
3158 2162 3374 2217 Tiberii
3437 2161 3770 2234 primicerii

2101 2259 2313 2309 sanctae
2345 2254 2500 2309 sedis
2526 2253 2874 2325 apostolicae,
2900 2253 3226 2324 imperante
3248 2251 3467 2306 domno
3490 2249 3770 2322 piissimo

2101 2345 2362 2415 Augusto
2396 2343 2706 2406 Ludovico,
2725 2359 2759 2397 a
2789 2342 2903 2396 Deo
2931 2346 3223 2407 coronato,
3248 2355 3486 2412 magno,
3515 2339 3771 2410 paciﬁca

2102 2432 2470 2503 imperatore,
2495 2448 2648 2486 anno
2688 2434 2894 2502 quarto
2927 2429 3152 2485 decimo
3204 2428 3366 2501 regni
3422 2430 3578 2500 ejus,
3616 2427 3772 2481 indi-

2103 2522 2295 2576 ctione
2329 2519 2660 2575 undecima.

2327 2714 2590 2752 EPISTOLA
2621 2713 2841 2752 NICOLAI
2873 2714 2945 2750 AD
2979 2711 3249 2750 CAROLUM
3279 2710 3533 2748 CALVUM.

2747 2787 2932 2854 (Anno
2969 2784 3118 2855 863.)

2178 2876 2372 2947 [Apud
2415 2873 2667 2937 Dublet.,
2699 2875 2836 2928 Hist.
2869 2873 2932 2927 de
2971 2873 3337 2935 Saint-Denis,
3371 2887 3505 2943 pag.
3539 2872 3702 2937 456.]

2179 2965 2463 3019 NICOLAUS
2493 2962 2822 3034 episcopus,
2849 2979 3051 3016 servus
3080 2977 3379 3015 servorum
3415 2960 3539 3026 Dei,
3573 2958 3774 3014 excel-

2110 3052 2435 3106 lentissimo
2466 3051 2692 3106 CAROLO
2722 3051 2842 3123 regi
2875 3050 3150 3105 Franciae.

2181 3141 2456 3212 Supernae
2489 3140 2883 3195 miserationis
2913 3143 3180 3210 respectu
3213 3139 3281 3193 ad
3318 3138 3425 3193 hoc
3458 3137 3778 3210 regiminis

2111 3246 2312 3284 curam
2343 3229 2723 3301 suscipimus,
2756 3233 2821 3282 ut
2866 3229 2958 3299 pie
2991 3227 3355 3300 precantium
3384 3227 3532 3281 votis
3563 3227 3776 3281 favea-

358 3325 650 3380 memoriae
681 3325 961 3397 genitoris
1000 3326 1090 3380 sui
1133 3327 1402 3382 Ludovici
1425 3302 1780 3400 Augusti,‘ct
1809 3302 2000 3403 Βαξζο-
2033 3302 2074 3367 C
2113 3336 2266 3385 mus,
2301 3323 2357 3373 et
2386 3319 2456 3372 ad
2490 3317 2896 3372 stabiliendam
2939 3321 3276 3372 sanctorum
3311 3315 3682 3381 ﬁrmitatem,
3719 3316 3777 3368 in

352 3414 501 3468 berti
525 3414 821 3485 quondam
854 3415 1026 3485 regis,
1052 3420 1225 3486 atque
1256 3416 1500 3471 aliorum
1526 3436 1748 3490 regum,
1775 3437 1996 3474 necnon

351 3506 410 3555 et
440 3500 639 3572 Pepini
672 3500 868 3573 inclyti
895 3501 1044 3573 regis
1067 3504 1216 3558 atavi
1243 3504 1521 3575 ipsius,et
1544 3507 1733 3562 Karoli
1757 3507 2002 3580 impera-

349 3589 493 3643 toris
524 3589 666 3643 diva:
700 3590 994 3644 memoria:
1026 3592 1112 3645 avi
1159 3592 1364 3663 ipsius,
1389 3594 1594 3649 exinde
1626 3596 1811 3650 fuerat
1852 3597 2002 3653 facta

349 3677 674 3743 constituit,
708 3681 766 3732 et
796 3683 1081 3750 praecepto
1132 3698 1249 3734 sua:
1307 3681 1669 3737 auctoritatis
1730 3685 1997 3751 firmavit,

352 3763 838 3837 privilegiumque
867 3768 1295 3824 venerabilibus
1324 3769 1603 3826 fratribus
1635 3788 1700 3826 ac
1734 3773 1867 3828 ﬁliis
1897 3792 2002 3830 no-

355 3853 493 3909 stris
524 3853 811 3925 episcopis
843 3854 1074 3910 illarum
1110 3857 1412 3929 regionum
1439 3859 1558 3913 ﬁeri
1583 3864 1638 3914 et
1668 3861 1998 3916 conﬁrmari

358 3941 512 4011 fecit,
536 3941 616 3996 ita
645 3943 799 3998 sicut
828 3942 887 3998 in
920 3946 1120 4000 eodem
1154 3945 1470 4018 privilegio,
1496 3952 1669 4019 atque
1699 3951 2004 4020 praeceptis

357 4029 532 4102 regiis
565 4029 666 4084 filii
698 4031 881 4086 nostri
913 4033 1100 4088 Karoli
1132 4034 1334 4090 exinde
1357 4035 1490 4090 fatis
1512 4035 1858 4105 continetur,
1883 4054 2006 4108 per-

357 4122 530 4189 petuo
563 4119 902 4176 inconvulsa
942 4123 1784 4193 permaneant.Constituimus
1827 4127 2002 4180 etiam

357 4208 700 4263 auctoritate
722 4209 873 4264 beati
897 4211 1068 4277 Petri,
1097 4217 1159 4265 ut
1179 4211 1375 4266 nullus
1402 4229 1628 4284 regum,
1654 4229 1823 4269 nemo
1856 4214 2003 4268 anti-

357 4295 678 4362 stitum,vel
703 4297 1123 4368 abbatum,seu
1149 4300 1393 4372 quilibet
1424 4319 1774 4374 quacunque
1797 4303 2003 4374 praedi-

359 4381 456 4434 tus
486 4381 786 4453 dignitate,
817 4385 886 4439 de
918 4385 1010 4441 his
1041 4404 1165 4458 quae
1197 4387 1255 4442 in
1288 4390 1523 4459 praefato
1555 4389 1875 4461 privilegio,
1903 4408 2004 4445 seu

359 4467 419 4522 in
449 4471 752 4543 praeceptis
798 4472 984 4544 ipsius
1017 4475 1120 4529 filii
1161 4476 1343 4531 nostri
1376 4475 1589 4543 Karoli,
1623 4494 1692 4530 ex
1730 4477 1822 4532 his
1880 4496 2004 4550 quae

359 4558 752 4627 praemisimus
787 4561 951 4618 factis
995 4565 1344 4627 continetur,
1369 4562 1454 4617 vel
1497 4563 1555 4617 in
1595 4564 1790 4618 futuro
1823 4567 1893 4619 ab
1915 4584 2003 4634 eo,

2110 3407 2327 3478 quibus
2354 3407 2484 3461 laus
2507 3407 2703 3460 divina
2733 3407 2825 3460 die
2856 3410 3149 3476 noctuque
3175 3422 3276 3476 per
3298 3405 3634 3459 universam
3675 3405 3777 3459 Dei

2111 3494 2424 3550 Ecclesiam
2461 3512 2560 3566 per
2591 3496 2788 3549 orbem
2816 3493 3090 3549 diffusam
3128 3495 3236 3548 Deo
3270 3492 3648 3566 persolvitur,
3677 3510 3778 3548 au-

2112 3602 2232 3638 rem
2265 3584 2908 3638 accommodemus.Pro
2930 3583 3036 3637 hoc
3053 3582 3208 3636 enim
3229 3583 3531 3654 praemium
3561 3581 3773 3652 piissi-

2113 3690 2273 3727 mum
2305 3673 2459 3743 apud
2493 3672 2924 3726 misericordem
2949 3672 3263 3725 Dominum
3299 3671 3550 3742 recipere
3581 3671 3777 3724 credi-

2112 3762 2329 3816 mus.si
2362 3760 2712 3815 venerabilia
2760 3760 2886 3816 loca
2927 3764 3251 3832 opportune
3283 3759 3570 3825 ordinata,
3603 3763 3668 3814 et
3703 3760 3772 3814 ad

2113 3849 2410 3906 meliorem
2433 3855 2650 3904 statum
2671 3848 3196 3921 perducta,nostris
3216 3842 3435 3903 fuerint
3453 3846 3778 3920 privilegiis

2111 3939 2624 4010 roborata.lgitur,
2648 3937 2786 4010 quia
2817 3938 3024 3993 litteris
3071 3942 3181 3991 tuae
3231 3935 3628 4001 celsitudinis,
3689 3936 3770 3989 ﬁli

2112 4027 2476 4092 charissimc,
2513 4027 2681 4081 nobis
2736 4026 3039 4081 iunotuisti
3073 4027 3143 4080 de
3175 4025 3532 4079 monasterio
3574 4027 3782 4079 sancti

2112 4116 2325 4170 Christi
2358 4115 2630 4187 martyris
2660 4115 2933 4187 Dionysii,
2959 4113 3218 4186 speciali,
3242 4118 3307 4168 ut
3339 4113 3659 4185 scripsisti,
3685 4130 3787 4184 pa-

2112 4205 2264 4259 troni
2298 4205 2713 4276 tui,quondam
2738 4221 2771 4258 a
2798 4203 3084 4258 Ludovico
3122 4201 3239 4258 tilio
3272 4200 3583 4274 Dagoberti
3617 4203 3782 4273 regis

2114 4292 2472 4359 Franciaa,de
2499 4297 2780 4364 potestate
2811 4292 2969 4346 sedis
2994 4290 3293 4346 Parisiacaa
3328 4289 3615 4361 episcopi,
3643 4307 3782 4344 cum

2115 4381 2356 4436 consilio
2394 4381 2736 4453 pontiﬁcum
2797 4381 3062 4451 ejusdem
3123 4379 3322 4451 patriae
3382 4379 3538 4450 quod
3599 4378 3782 4433 fuerit

2115 4475 2400 4540 ereptum,
2429 4474 2486 4523 et
2517 4468 2730 4524 abhinc
2754 4470 2862 4523 sub
2896 4467 3182 4540 regimine
3212 4484 3438 4540 regum,
3463 4466 3549 4520 vel
3575 4465 3781 4522 claris-

2118 4558 2406 4613 simorum
2441 4558 2720 4612 abbatum
2754 4574 2984 4629 semper
3012 4555 3389 4627 dispositum,
3419 4571 3454 4610 a
3483 4556 3660 4610 nobis
3689 4572 3784 4626 po-

356 4643 444 4730 vel
468 4647 882 4717 aquibuslibet
903 4650 1032 4705 aliis
1064 4652 1135 4705 de
1166 4650 1398 4721 prOprio
1425 4649 1640 4705 fuerint
1661 4651 1754 4705 his
1786 4655 2006 4723 specia-
2042 4669 2087 4730 ι)
2120 4646 2351 4701 stulasti
2385 4651 2446 4700 ut
2481 4645 2844 4717 privilegium
2877 4645 3284 4717 episcoporum
3319 4645 3390 4698 de
3422 4643 3627 4698 eodem
3664 4659 3781 4698 m0-

359 4729 516 4788 libus
537 4735 891 4806 usibusjure
923 4737 1134 4792 collata
1165 4739 1274 4792 sub
1295 4737 1607 4806 cujuslibet
1630 4756 1817 4793 causa:
1840 4757 2009 4797 occa-

359 4819 678 4886 sione,sive
702 4825 1250 4895 spccie,quidquam
1280 4824 1539 4880 minuere
1562 4826 1646 4880 vel
1671 4828 1918 4895 auferre,
1953 4835 2008 4884 et

361 4906 480 4963 sive
502 4909 626 4965 suis
647 4911 852 4966 usibus
875 4910 1278 4982 applicare,ve1
1296 4911 1427 4966 aliis
1446 4911 1634 4983 (quasi
1659 4913 1768 4985 piis
1792 4917 2007 4985 causis)

362 5011 466 5066 pro
496 5014 613 5052 sua:
643 4999 894 5054 avaritia:
925 5000 1296 5054 excusatione
1328 5007 1644 5070 praesumat
1670 5005 2002 5073 concedere,

363 5084 463 5138 sed
496 5091 706 5141 cuncta
724 5103 850 5157 qum
883 5086 1134 5156 prazfatis
1157 5086 1361 5141 usibus
1384 5089 1823 5160 monachorum,
1848 5097 1898 5147 et
1922 5110 2008 5148 ec-

363 5169 549 5226 clesiae
581 5177 1078 5240 ornamentorum,
1102 5173 1189 5227 vel
1223 5173 1688 5246 luminariorum,
1729 5181 2003 5235 matricu-

366 5257 665 5324 lariorum,
689 5260 1010 5328 hospitum,
1039 5265 1096 5314 et
1135 5279 1454 5332 pauperum
1496 5266 1688 5322 oblata
1726 5273 1883 5335 sunt,
1916 5269 2001 5325 vel

366 5346 556 5399 offerri
589 5344 958 5416 contigerint,
983 5349 1221 5416 perenni
1269 5353 1528 5423 tempore
1576 5354 1796 5410 illibata
1825 5362 1880 5411 et
1908 5357 1965 5411 in
1985 5387 2003 5399 -

365 5430 662 5493 convulsa,
688 5447 753 5483 ac
775 5430 900 5484 sine
921 5432 1115 5505 aliqua
1146 5438 1548 5510 inquietudine
1571 5459 1772 5497 eorum
1799 5444 2001 5500 usibus

363 5535 466 5588 pro
480 5530 730 5602 quorum
745 5521 1162 5580 sustentatione
1178 5527 1711 5602 gubernationeque
1728 5549 2004 5586 concessa

358 5605 519 5667 sunt,
556 5598 745 5656 modis
775 5607 1048 5666 omnibus
1089 5614 1390 5684 profutura
1436 5598 1835 5687 permaneant.
1871 5623 2000 5673 Haec

357 5687 537 5757 igitur
565 5687 764 5742 omnia
793 5707 920 5761 Quae
969 5698 1305 5771 hujusmodi
1360 5705 1624 5776 praecepti
1673 5705 2000 5776 decretique

2119 4735 2372 4789 nasterio
2400 4735 2618 4788 factum
2666 4737 2865 4788 nostro
2904 4732 3225 4805 privilegio,
3252 4732 3368 4786 imo
3416 4731 3604 4804 magis
3639 4748 3780 4802 apo-

2117 4823 2400 4878 stolorum
2432 4821 2734 4894 principis,
2769 4822 3177 4876 roboraremus
3217 4820 3581 4886 auctoritate,
3616 4820 3777 4891 quod

2117 4911 2494 4966 licentissime
2516 4910 2838 4965 secundum
2863 4914 3026 4964 tuam
3050 4907 3516 4964 benevolentiam
3549 4908 3778 4978 petitio-

2118 5015 2249 5054 nem
2304 4999 2581 5053 fulcimus
2619 5015 2631 5052 ε
2666 4998 3008 5053 auctoritate
3057 4998 3350 5068 siquidem
3409 4996 3564 5051 beati
3622 4996 3772 5051 Petri

2116 5087 2514 5158 apostolorum
2542 5087 2827 5158 principis
2852 5087 2950 5158 qui
2973 5089 3321 5157 potestatem
3352 5083 3574 5157 ligandi
3597 5089 3772 5156 atque

2115 5176 2373 5231 solvendi
2420 5193 2454 5230 a
2498 5176 2745 5231 Domino
2794 5175 3016 5247 accepit
3052 5176 3255 5246 (Matth.
3289 5177 3428 5241 xvx),
3480 5174 3767 5245 cujusque

2112 5279 2218 5318 nos
2248 5262 2445 5316 vicarii
2477 5262 2803 5328 existimus,
2834 5261 3169 5317 stabilimus
3219 5267 3282 5316 ut
3343 5262 3468 5332 ipse
3527 5265 3765 5315 sanctus

2110 5348 2272 5405 locus
2303 5351 2452 5405 sicut
2484 5367 2686 5422 regum
2722 5350 3043 5422 praeceptis,
3072 5354 3130 5404 et
3151 5348 3470 5420 privilegiis
3491 5346 3761 5420 apostoli-

2109 5437 2192 5493 cis
2213 5443 2302 5493 est
2339 5438 2542 5506 fultus,
2575 5456 2677 5510 per
2724 5440 2922 5494 omnia
2955 5443 3238 5509 tempora,
3264 5437 3390 5492 sine
3421 5436 3758 5508 repetitione

2108 5527 2511 5597 cujuscunque
2543 5527 2798 5598 episcopi
2841 5526 3138 5581 Parisiacze
3171 5526 3351 5590 sedis,
3376 5530 3478 5578 aut
3507 5523 3755 5594 alicujus

2100 5611 2424 5684 judiciariae
2472 5615 2799 5686 potestatis,
2822 5613 2909 5669 vel
2950 5615 3356 5685 cujuscunque
3389 5611 3756 5683 praepotentis

2109 5700 2384 5768 hominis,
2413 5718 2642 5771 semper
2677 5701 2827 5757 sicut
2859 5706 3139 5774 praeoptat
3167 5706 3224 5757 et
3266 5700 3485 5772 expetit
3515 5701 3754 5756 benevo-
