3894 6204
156 325 301 392 829

1406 323 1813 390 EPISTOLJE
1853 322 1958 387 ET
2000 323 2391 389 DEGRETA.

3482 325 3604 392 830

154 461 483 536 religionis
514 477 695 519 causa
750 460 1023 535 conjugia
1065 460 1274 518 debere
1323 460 1562 517 dissolvi
1611 461 1835 526 dicunt,
1867 457 1924 526 Α
1953 475 2374 533 nunquamque
2396 459 2552 518 sedis
2574 459 2907 535 apostolica
2927 459 3284 518 mentionem
3308 459 3603 530 fecisset,a

162 550 489 607 sciendum
520 554 612 606 est
640 550 798 622 quia,
836 550 947 605 etsi
980 550 1089 605 hoc
1119 551 1377 605 humana
1407 550 1696 605 concessit
1724 549 1836 616 lex,

156 642 377 694 tamen
401 637 599 693 divina
622 638 945 710 prohibeat.
973 639 1115 694 Ecce
1139 639 1635 711 quemadmodum
1659 639 1839 710 impe-

159 726 312 783 riali
330 727 558 799 judicio
581 744 693 783 non
723 731 973 799 possunt
993 727 1386 784 ecclesiastica
1398 730 1537 799 jura
1558 726 1796 783 dissolvi
1820 745 1833 783 :

159 832 311 872 ecce
337 816 589 888 qualiter
613 817 767 888 quod
798 816 887 871 lex
917 816 1179 872 humana
1200 817 1507 884 concessit,
1533 816 1623 873 lex
1643 816 1839 873 divina

157 904 641 975 probibeat.Non
654 905 809 976 quod
827 904 1249 978 imperotorum
1265 904 1668 979 leges,quibus
1686 922 1838 978 saepe

157 992 438 1050 Ecclesia
460 992 614 1049 circa
634 993 937 1050 haereticos
960 994 1163 1063 utitur,
1180 1011 1335 1067 saepe
1358 995 1513 1050 circa
1532 1000 1832 1069 tyrannos,

159 1086 359 1154 atque
378 1082 534 1138 circa
555 1098 763 1154 pravos
793 1099 1058 1155 quosque
1087 1084 1437 1149 defenditur,
1453 1084 1720 1140 dicamus
1743 1102 1840 1157 pe~

159 1171 344 1226 nitus
365 1170 692 1226 renuendas
716 1187 729 1224 :
752 1172 852 1225 sed
877 1172 1031 1242 quod
1056 1189 1153 1227 eas
1173 1172 1539 1245 evangelicis,
1564 1174 1836 1245 apostoli-

157 1258 284 1329 cis,
312 1264 487 1332 atque
530 1258 826 1314 canonicis
873 1260 1373 1333 decretis,quibus
1418 1263 1836 1334 postponendae

157 1353 339 1416 sunt,
365 1347 595 1404 nullum
618 1365 788 1420 posse
810 1349 1022 1404 inferre
1048 1350 1451 1422 przejudicium
1474 1367 1831 1407 asseramus.

157 1435 523 1507 Quanquam
557 1434 911 1507 scripseritis
940 1435 1360 1508 appellationes
1382 1438 1510 1508 ejus
1534 1437 1835 1493 frustrato-

160 1523 319 1592 rias,
343 1524 746 1580 excusationes
775 1541 841 1579 ac
873 1524 1182 1581 dilationes
1214 1526 1397 1581 fuisse
1428 1531 1657 1581 tantum
1690 1542 1831 1597 que-

161 1618 397 1681 rentes,
413 1613 567 1685 quod
591 1613 808 1684 quibus
831 1614 1195 1685 argumentis
1216 1614 1485 1679 ﬁrmetis,
1508 1615 1830 1687 praesertim

158 1717 313 1757 cum
330 1701 725 1757 annuentibus
748 1700 858 1757 sibi
882 1703 1206 1757 canonibns
1229 1704 1608 1775 apostolicam
1633 1705 1830 1760 sedem

155 1789 503 1862 appellasse
553 1789 893 1889 solemniter
938 1790 1224 1861 videatur,
1265 1809 1381 1847 non
1434 1793 1599 1848 facile
1650 1798 1825 1865 patet.
1857 1822 1906 1890 Β

158 1880 400 1951 Quippe
424 1896 558 1934 cum
583 1895 752 1934 nemo
777 1879 939 1947 sciat,
964 1881 1291 1936 secundum
1313 1882 1574 1937 veritatis
1595 1886 1832 1938 attesta-

158 1968 566 2039 tionem,quae
594 1972 734 2023 sunt
779 1968 838 2022 in
869 1967 1127 2035 homine,
1153 1968 1264 2025 nisi
1286 1969 1530 2041 spiritus
1569 1972 1698 2041 ejus
1728 1971 1828 2043 qui

160 2057 226 2111 in
264 2056 396 2128 ipso
420 2060 527 2112 est.
554 2059 602 2124 (I
630 2056 749 2113 Cor.
776 2057 1018 2130 u).Quis
1040 2062 1235 2113 autem
1269 2058 1491 2114 nesciat
1509 2060 1829 2115 constituta

160 2144 542 2201 Sardicensis
573 2144 850 2201 concilii?
899 2162 1030 2218 quae
1060 2146 1406 2218 praecipiunt
1436 2151 1568 2218 post
1605 2147 1827 2219 aliquot

163 2232 433 2305 capitulo
463 2238 670 2305 quarto
696 2251 709 2288 :
740 2234 798 2290 Si
833 2234 965 2306 quis
990 2234 1300 2307 episcopus
1322 2236 1623 2307 judicatus
1653 2237 1827 2292 fuerit

165 2321 232 2377 in
268 2322 468 2395 aliqua
497 2339 694 2390 causa,
721 2327 775 2379 et
798 2324 1087 2395 putaverit
1118 2340 1181 2379 se
1210 2325 1425 2380 bonam
1457 2342 1693 2381 causam
1727 2326 1826 2381 ha-

164 2411 335 2479 bere,
356 2416 421 2466 ut
450 2412 664 2467 iterum
696 2411 1008 2467 concilium
1036 2412 1370 2486 [judicium]
1414 2418 1739 2481 renovetur,
1774 2415 1822 2470 si

160 2500 338 2556 vobis
368 2498 575 2573 placet,
595 2500 782 2556 sancti
816 2501 964 2556 Petri
988 2502 1235 2574 apostoli
1266 2502 1608 2559 memoriam
1641 2503 1824 2561 hono-

162 2606 376 2646 remus
397 2593 461 2644 ut
483 2588 775 2646 scribatur
792 2590 866 2645 ab
894 2590 983 2645 his
1006 2591 1107 2663 qui
1130 2608 1369 2647 causam
1390 2593 1820 2660 examinarunt,

160 2678 326 2734 Julio
346 2679 607 2735 Romano
624 2679 981 2752 episcopo,et
993 2680 1042 2736 si
1056 2681 1407 2750 judicaverit
1423 2682 1821 2738 renovandum

159 2784 297 2823 esse
323 2767 638 2839 judicium,
672 2772 1002 2833 renovetur,
1024 2773 1082 2824 et
1110 2770 1209 2825 det
1228 2770 1462 2841 judices
1496 2788 1508 2825 :
1544 2770 1593 2825 si
1624 2776 1820 2827 autem

160 2856 499 2928 probaverit
520 2856 695 2912 talem
716 2873 955 2912 causam
976 2874 1103 2913 esse
1123 2863 1189 2913 ut
1205 2876 1320 2914 non
1343 2858 1662 2927 refricetur,
1682 2878 1822 2932 prae.

159 2945 373 3001 sertim
421 2962 551 3017 quae
598 2949 731 3001 acta
785 2950 924 3001 sunt
981 2946 1030 3002 si
1090 2947 1425 3014 decreverit,
1475 2949 1821 3006 conﬁrmata

157 3038 361 3089 erunt.
388 3034 532 3089 Item
579 3032 767 3106 capite
817 3040 1038 3102 octavo,
1058 3036 1230 3093 Osius
1277 3037 1587 3110 episcOpus
1634 3037 1816 3095 dixit:

159 3120 393 3177 Placuit
423 3125 723 3191 autem,ut
750 3123 797 3179 si
853 3123 986 3196 quis
1042 3125 1449 3198 episcoporum
1509 3132 1820 3185 accusatus

1946 549 2132 617 vobis,
2149 550 2250 621 qui
2274 566 2513 605 causam
2536 552 2663 622 ejus
2685 551 3084 617 examinastis,
3110 551 3392 607 memoria
3414 552 3600 607 sancti

1948 638 2101 692 Petri
2135 638 2407 694 honorari
2430 630 2728 707 debuerat,
2746 645 2919 712 atque
2942 640 2991 696 ei
3018 640 3338 711 praescribi,
3358 644 3423 695 ut
3444 640 3494 696 si
3507 642 3603 713 ju-

1947 727 2167 782 dicaret
2199 729 2596 784 renovandum
2630 746 2759 785 esse
2782 730 3100 800 judicium,
3126 734 3519 796 renovaretur,
3544 734 3602 785 et

1947 816 2111 871 daret
2132 816 2384 887 judices.
2413 817 2602 872 Verba
2630 822 2781 874 certe
2814 817 2992 892 [forte,
3024 817 3113 872 vel
3159 822 3331 874 certe.
3365 819 3595 888 HARD.1,

1947 904 2101 960 sicut
2121 906 2393 978 superius
2415 907 3022 975 commemoravimus,
3038 923 3107 961 ex
3122 907 3387 977 ejusdem
3409 908 3573 963 conci

1945 992 2004 1048 lii
2038 994 2359 1060 sanctione,
2382 996 2536 1067 quod
2570 996 2618 1051 si
2649 997 2892 1069 probata
2911 996 3263 1064 viderentur,
3289 1000 3590 1054 statueret.

1946 1084 2055 1139 Sed
2088 1084 2229 1155 quid
2270 1085 2486 1139 mirum
2518 1085 2613 1150 sit,
2638 1084 2747 1140 hoc
2778 1085 2837 1139 in
2869 1086 3145 1156 despectu
3195 1085 3594 1157 apostolorum

1944 1172 2225 1244 principis
2238 1189 2337 1229 vos
2368 1173 2959 1245 contempsisse,cum
2984 1174 3055 1228 ad
3088 1173 3365 1244 injuriam
3396 1192 3596 1231 sacro-

1946 1278 2075 1315 rum
2098 1278 2410 1327 canonum,
2426 1266 2482 1317 et
2499 1262 2918 1318 venerabilium
2943 1262 3340 1319 Romanorum
3369 1263 3597 1336 pontiﬁ-

1943 1365 2076 1404 cum
2109 1351 2495 1419 decretorum,
2520 1356 2884 1423 perpetrasse
2918 1351 3109 1407 adhuc
3138 1353 3305 1424 pejus
3332 1351 3595 1409 invenia-

1944 1438 2126 1494 mini?
2147 1439 2386 1507 scilicet,
2415 1444 2482 1495 ut
2511 1444 2644 1512 post
2675 1440 3122 1513 appellationem
3151 1444 3208 1496 et
3238 1440 3595 1497 reclamatio-

1940 1544 2073 1583 nem
2106 1528 2374 1594 Rothadi,
2400 1528 2458 1584 in
2481 1530 2759 1585 cathedra
2788 1528 2976 1601 ipsius
3005 1528 3255 1585 alterum
3287 1546 3593 1586 consecra-

1941 1617 2083 1673 retis
2115 1616 2262 1689 [ediL
2296 1619 2447 1673 Rom.
2481 1618 3016 1689 consecraveritis]:
3053 1635 3187 1673 cum
3231 1619 3289 1673 id
3341 1619 3592 1675 manife-

1940 1705 2202 1762 stissime
2233 1724 2267 1761 a
2298 1707 2481 1762 sacris
2530 1706 2750 1780 regulis
2783 1711 3009 1763 constet
3038 1724 3166 1764 esse
3214 1706 3494 1773 alienum,
3528 1712 3594 1764 ut

1941 1794 2067 1850 loco
2089 1795 2339 1867 depositi
2367 1796 2604 1852 omnino
2637 1813 2751 1851 non
2775 1796 3099 1860 ordinetur,
3123 1796 3238 1851 nisi
3260 1813 3438 1852 causa
3466 1797 3590 1853 fue-

1940 1883 2014 1937 rit
2039 1884 2097 1937 in
2119 1884 2343 1955 judicio
2374 1884 2629 1957 episcopi
2662 1884 2907 1940 Romani
2941 1884 3344 1941 determinata.
3365 1886 3476 1941 Sed
3502 1885 3590 1940 di-

1939 1970 2088 2040 citis,
2112 1976 2245 2043 post
2274 1973 2723 2044 appellationem
2750 1972 3077 2045 apostolicae
3109 1973 3264 2028 sedis
3294 1972 3461 2028 illum
3490 1990 3588 2029 vo-

1936 2077 2063 2116 cem
2095 2065 2451 2127 mutasse,et
2479 2062 2885 2133 episcoporum
2932 2061 3244 2117 concilium
3277 2061 3586 2133 expetisse.

1936 2149 2158 2213 Quibus
2190 2167 2325 2204 cum
2365 2166 2505 2222 pace
2542 2155 2734 2205 vestra
2772 2150 3042 2217 fatemur,
3073 2149 3342 2221 quamvis
3382 2150 3588 2207 vestris

1935 2237 2360 2293 assertionibus
2381 2239 2553 2293 fidem
2574 2237 3046 2303 adhibeamus,et
3065 2237 3149 2292 ita
3170 2236 3375 2293 fecisse
3394 2236 3584 2293 illum.

1934 2325 2211 2398 quoniam
2238 2343 2349 2382 non
2374 2331 2464 2382 est
2485 2327 2639 2399 quod
2665 2326 2850 2398 possit
2866 2344 2981 2381 non
2999 2326 3154 2382 credi
3175 2326 3584 2395 sanctimonio,

1932 2416 2210 2471 veraciter
2241 2421 2580 2471 teneamus:
2603 2420 2801 2470 tamen
2828 2432 2943 2488 qua
2973 2415 3081 2471 hoc
3113 2415 3432 2472 intentione
3455 2430 3587 2488 ege-

1934 2503 2009 2559 rit
2031 2504 2124 2576 (a),
2149 2502 2235 2559 vel
2267 2505 2419 2576 quod
2454 2504 2502 2559 si
2534 2504 2928 2577 interrogetur
2958 2521 2992 2559 a
3021 2502 3211 2571 nobis,
3237 2504 3587 2576 respondere

1932 2592 2167 2664 penitus
2190 2609 2301 2648 non
2328 2592 2774 2665 ignoramus,ut
2803 2592 2955 2647 sicut
2984 2591 3043 2646 in
3076 2590 3227 2661 aliis,
3262 2597 3321 2647 et
3351 2593 3586 2649 incerta)

1932 2681 2013 2736 rei
2027 2681 2271 2736 dubium
2286 2697 2473 2754 usque
2487 2682 2746 2752 [forle,ob
2760 2681 2995 2736 incertae
3012 2681 3093 2735 rei
3113 2680 3359 2735 dubium
3373 2698 3581 2754 usque,

1931 2770 2134 2841 Hann]
2148 2770 2217 2824 ad
2236 2753 2541 2841 utriusque
2560 2770 2742 2841 partis
2759 2769 3248 2824 examinationem
3267 2769 3465 2838 procul
3479 2771 3585 2825 du-

1930 2859 2025 2915 bio
2057 2863 2362 2916 remeetur.
2389 2859 2668 2915 Praeterea
2713 2859 3133 2914 fraternitatem
3166 2862 3418 2913 vestram
3463 2875 3581 2914 non

1929 2948 2223 3005 credimus
2252 2948 2539 3021 ignorare,
2574 2952 2709 3003 ante
2751 2947 2822 3002 ad
2863 2947 3099 3001 fratrem
3130 2950 3395 3001 nostrum
3428 2946 3580 3002 Rhe-

1929 3053 2160 3092 morum
2191 3037 2529 3109 episcopum
2560 3035 2920 3108 apostolatus
2959 3034 3142 3089 nostri
3180 3051 3288 3089 nos
3328 3034 3582 3090 misissaa

1930 3125 2142 3197 apices,
2157 3130 2222 3181 ut
2243 3131 2343 3181 aut
2365 3125 2703 3197 saepefatum
2728 3124 3059 3180 Rothadum
3081 3121 3472 3178 venerabilem
3493 3122 3580 3178 in-

159 3209 366 3278 fuerit,
393 3215 450 3265 et
472 3187 885 3281 judicaverint.
908 3187 1259 3286 congregati.
1281 3215 1537 3288 episcopi
1571 3218 1819 3288 regionis
1847 3187 1892 3258 θ
1932 3187 2019 3269 fra
2037 3187 2276 3287 triginta
2299 3214 2424 3269 dies
2446 3187 2579 3286 post
2601 3213 2926 3268 litterarum
2949 3216 3283 3267 nostrarum
3306 3210 3417 3266 sibi
3441 3210 3579 3265 mis-

158 3298 445 3369 ipsius,et
465 3299 537 3355 de
549 3300 735 3373 gradu
754 3317 862 3356 suo
883 3318 1016 3357 eum
1040 3302 1429 3373 dejecerint,si
1448 3304 1823 3377 appellaverit

159 3387 267 3457 qui
303 3387 566 3458 dejectus
595 3392 774 3454 est,et
793 3389 1120 3462 confugerit
1150 3392 1219 3446 ad
1250 3391 1591 3465 episcopum
1615 3396 1820 3450 Roma-

162 3493 260 3531 nae
284 3475 647 3542 Ecclesia3,ct
664 3477 912 3532 voluerit
936 3496 995 3534 se
1019 3479 1293 3549 audiri,si
1317 3482 1549 3551 justum
1574 3488 1819 3555 putave—

154 3564 259 3631 rit,
290 3568 357 3618 ut
389 3570 697 3621 renovctur
726 3584 988 3634 examen,
1018 3568 1269 3624 scribere
1313 3569 1405 3625 his
1436 3570 1698 3627 ecclesiis
1729 3572 1815 3627 di-

152 3656 396 3726 gnetur,
428 3670 555 3725 qua:
584 3654 643 3709 in
676 3655 925 3710 finitima
954 3661 1010 3710 et
1039 3656 1302 3728 proxima
1333 3658 1628 3730 provincia
1656 3665 1813 3730 sunt,

151 3748 225 3797 ut
258 3740 372 3814 ipsi
405 3741 717 3814 diligenter
746 3744 983 3799 omnino
1015 3745 1335 3816 requirant,
1360 3750 1416 3802 et
1438 3748 1610 3818 juxta
1638 3749 1815 3805 ﬁdem

149 3829 466 3886 charitatis
498 3830 811 3887 difﬁniant.
836 3832 997 3896 Quod
1030 3833 1078 3888 si
1111 3833 1162 3889 is
1210 3835 1310 3905 qui
1361 3840 1527 3908 rogat
1573 3853 1813 3893 causam

149 3935 330 3974 suam
358 3919 572 3975 iterum
608 3920 819 3988 audiri,
843 3921 1247 3993 deprecatione
1278 3940 1386 3978 sua
1417 3925 1663 3980 moverit
1691 3927 1811 3997 epi-

145 4024 403 4079 scopum
432 4009 852 4076 Romanum,ut
872 4026 902 4064 e
923 4008 1102 4066 latere
1122 4027 1228 4066 suo
1251 4011 1655 4083 presbyterum
1683 4014 1813 4068 mit-

143 4100 259 4164 tat,
285 4095 397 4151 erit
434 4095 494 4151 in
540 4100 823 4169 potestate
869 4098 1146 4170 episcopi,
1180 4099 1321 4171 quid
1368 4099 1526 4169 velit,
1578 4104 1636 4157 et
1665 4103 1807 4173 quid

145 4182 423 4240 aestimet.
445 4186 516 4240 Et
545 4184 597 4242 si
626 4185 945 4241 decreverit
986 4187 1307 4243 mittendos
1356 4204 1505 4254 esse,
1529 4189 1627 4260 qui
1659 4207 1810 4261 prae-

144 4277 350 4329 sentes
372 4289 508 4329 cum
527 4273 818 4346 episcopis
844 4274 1134 4346 judicent,
1154 4275 1436 4332 habentes
1458 4278 1586 4348 ejus
1616 4282 1809 4335 aucto-

145 4361 387 4417 ritatem
412 4379 447 4418 a
466 4378 582 4434 quo
612 4362 887 4418 destinati
916 4368 1075 4430 sunt,
1092 4363 1202 4419 erit
1230 4363 1290 4419 in
1322 4381 1429 4420 suo
1460 4366 1721 4422 arbitrio.
1747 4366 1806 4423 Si

143 4466 284 4505 vero
310 4450 620 4506 crediderit
639 4451 941 4524 episcopos
965 4452 1250 4519 sufficere,
1266 4456 1331 4508 ut
1351 4454 1581 4525 negotio
1612 4454 1807 4511 termi-

1929 3320 2057 3358 sam
2079 3302 2383 3374 epistolam
2407 3302 2653 3374 pristino
2683 3300 2892 3374 gradui
2926 3298 3275 3371 restitueret,
3299 3304 3400 3354 aut
3439 3315 3575 3353 eum

1928 3408 2062 3446 cum
2094 3392 2299 3447 idoneo
2332 3409 2438 3446 suo
2469 3391 2681 3463 legato,
2710 3390 2756 3444 si
2791 3390 2916 3461 ipse
2944 3389 3140 3443 venire
3192 3405 3305 3443 non
3356 3390 3572 3458 posset,

1928 3497 2045 3535 una
2060 3496 2192 3535 cum
2213 3480 2647 3536 accusatoribus
2662 3479 2922 3549 ejusdem
2936 3476 3039 3531 viri
3051 3477 3121 3544 ,si
3138 3480 3334 3531 tamen
3351 3479 3576 3544 essent,

1927 3573 2103 3640 atque
2135 3586 2269 3625 cum
2328 3568 2687 3641 presbytero,
2711 3567 2812 3639 qui
2852 3583 3029 3622 causa
3075 3564 3416 3636 dejectionis
3445 3564 3575 3635 ejus

1926 3657 2053 3722 fuit,
2076 3658 2350 3713 misisset.
2370 3658 2531 3723 Quod
2555 3656 2603 3713 si
2630 3660 2905 3712 neutrum
2927 3671 3098 3728 agere
3116 3652 3415 3720 voluisset,
3444 3655 3577 3724 post

1924 3745 2164 3819 triginta
2184 3746 2307 3801 dies
2339 3746 2624 3818 praefixos,
2644 3761 2749 3800 nec
2778 3745 2925 3817 ipse,
2944 3760 3049 3799 nec
3073 3742 3321 3815 quilibet
3348 3740 3574 3813 episco-

1923 3851 2153 3906 porum,
2175 3834 2273 3906 qui
2304 3834 2365 3889 in
2396 3833 2755 3906 depositione
2785 3831 3009 3904 praefati
3039 3831 3293 3903 episcopi
3326 3847 3571 3886 consen-

1921 3927 2137 3984 serant,
2158 3922 2453 3977 licentiam
2477 3921 2791 3976 missarum
2815 3918 3101 3976 solemnia
3122 3918 3452 3975 celebrandi
3478 3936 3573 3991 pe-

1920 4010 2079 4065 nitus
2110 4009 2475 4075 habuissent,
2495 4025 2805 4080 quousque
2837 4025 2966 4080 quae
2996 4006 3311 4062 salubriter
3339 4006 3571 4062 decreta

1918 4098 2086 4153 nobis
2108 4102 2324 4161 essent,
2339 4090 2676 4152 Obedienter
2696 4112 2761 4151 ac
2782 4095 3029 4168 pleniter
3049 4095 3119 4150 ad
3143 4095 3411 4150 etl'ectum
3439 4111 3571 4150 con-

1917 4184 2331 4243 summationis
2352 4185 2756 4256 perducerent.
2778 4184 2888 4239 Sed
2909 4183 2980 4238 ad
2999 4183 3216 4255 scripta
3231 4186 3424 4239 vestra
3446 4186 3571 4238 ten-

1917 4274 2286 4344 dentes,qua:
2316 4289 2473 4327 nunc
2513 4288 2615 4343 per
2648 4272 2886 4326 fratrem
2918 4274 2975 4325 et
3019 4271 3428 4344 coepiscOpum
3462 4289 3565 4327 no-

1916 4366 2104 4417 strum
2137 4360 2395 4417 Odonem
2437 4361 2509 4416 ad
2543 4360 2740 4416 sedem
2783 4358 3165 4430 apostolicam
3205 4359 3562 4427 destinastis,

1915 4450 2246 4506 invenimus
2268 4451 2391 4520 jam
2422 4450 2641 4504 dictum
2665 4446 3104 4503 sanctissimum
3125 4448 3315 4502 virum
3338 4447 3564 4518 judicio

144 4555 296 4594 num
326 4538 656 4611 imponant,
678 4539 852 4596 faciet
888 4541 1045 4612 quod
1092 4540 1531 4612 sapientissimo
1563 4543 1805 4599 consilio
1835 4546 1883 4611 D
1914 4556 1979 4595 ac
2010 4556 2300 4595 consensu
2341 4542 2555 4603 vestro,
2584 4543 2642 4593 et
2679 4537 3019 4609 episcopatu
3069 4534 3383 4608 privatum,
3416 4540 3473 4591 et
3503 4536 3562 4590 in

132 4627 513 4697 judicaverit.
542 4626 654 4683 Sed
693 4627 846 4683 sicut
891 4627 952 4682 in
1000 4628 1444 4700 suggestionum
1474 4636 1800 4688 vestrarum

140 4713 482 4771 invenimus
511 4714 765 4787 scriptis,
792 4733 907 4771 non
932 4715 1209 4772 habuisse
1240 4717 1574 4774 Rothadum
1605 4720 1800 4792 appel-

138 4801 386 4857 lationis
414 4818 612 4859 vocem
670 4804 963 4859 affirmare
1019 4804 1334 4873 conamini,
1369 4823 1435 4862 eo
1466 4808 1620 4878 quod
1682 4825 1798 4864 non

139 4890 422 4947 habuerit
460 4892 673 4949 bonam
704 4908 943 4948 causam
976 4909 989 4946 :
1022 4909 1158 4947 cum
1198 4898 1426 4951 constet
1453 4896 1797 4967 saepefatum

142 4978 483 5035 Rothadum
516 4997 702 5053 usque
730 4980 904 5037 hodie
944 4981 1158 5037 bonam
1202 4998 1265 5037 se
1312 4982 1525 5039 habere
1554 5000 1795 5041 causam

140 5071 372 5139 putare,
396 5072 454 5122 et
478 5070 874 5126 venerandum
911 5068 1246 5136 concilium,
1280 5087 1395 5125 non
1439 5070 1629 5127 solum
1661 5090 1796 5129 eum

140 5155 245 5227 qui
280 5172 521 5213 causam
552 5157 747 5227 habet,
777 5158 879 5213 sed
910 5162 969 5213 et
998 5157 1166 5212 illum
1196 5158 1297 5229 pui
1332 5175 1391 5214 se
1423 5159 1635 5215 bonam
1666 5177 1797 5217 cau-

142 5261 271 5300 sam
294 5244 511 5302 habere
526 5246 732 5303 saltem
755 5246 1062 5319 putaverit,
1079 5246 1275 5302 sedem
1293 5246 1673 5318 apostolicam
1696 5266 1794 5323 ap-

140 5332 360 5404 pellare
382 5335 732 5407 permiserit,
747 5341 804 5392 et
824 5335 1003 5408 hujus
1023 5336 1097 5392 ab
1119 5353 1187 5391 ea
1216 5337 1613 5393 renovandum
1629 5339 1790 5409 judi-

138 5422 298 5478 cium
329 5423 665 5479 decreverit.
685 5424 933 5480 Maxime
964 5442 1097 5481 cum
1121 5426 1292 5496 juxta
1312 5425 1787 5484 constitutionem

135 5515 356 5567 sanctas
374 5512 557 5583 hujus
573 5513 1036 5585 synodi,etiamsi
1060 5529 1365 5585 nunquam
1387 5511 1784 5587 reclamasset,

207 5604 286 5669 (τι)
319 5601 510 5656 Locus
539 5602 844 5658 obscurus.

1912 4627 2264 4685 monasterio
2297 4627 2579 4682 hactenus
2609 4628 2736 4682 esse
2782 4629 3077 4680 retrusum
3106 4640 3119 4678 :
3146 4623 3387 4695 insuper
3414 4626 3471 4678 et
3501 4623 3561 4679 in

1908 4716 2187 4772 cathedra
2208 4716 2395 4789 ipsius
2414 4715 2658 4772 alterum
2677 4714 3016 4787 episcopum
3031 4712 3557 4776 ordinatum.Quod

1910 4820 2087 4878 quam
2105 4805 2182 4860 sit
2199 4804 2942 4875 exsecrandum,quamque
2964 4819 2997 4857 a
3019 4800 3190 4856 nobis
3212 4798 3375 4854 nulla
3396 4799 3561 4870 peni-

1907 4900 2004 4950 tus
2026 4893 2307 4966 patientia
2327 4892 2690 4949 tolerandum
2706 4934 2719 4956 ,
2737 4891 2851 4947 dici
2873 4907 2987 4946 non
3020 4887 3310 4961 praevalet,
3327 4887 3558 4942 etiamsi

1907 4982 2101 5038 cuncti
2123 4982 2382 5054 corporis
2399 4985 2562 5035 artus
2577 4983 2877 5035 vertantur
2894 4978 2951 5032 in
2968 4977 3220 5050 linguas.
3235 4976 3397 5031 Certe
3414 4975 3556 5031 dum

1907 5071 2335 5144 suggestiones,
2350 5068 2682 5133 relationes,
2703 5065 3196 5139 preces,consulta
3206 5068 3411 5120 vestra:
3428 5081 3556 5118 san-

1904 5160 2123 5216 ctitatis
2144 5157 2379 5230 scriptis
2400 5161 2574 5229 atque
2595 5154 2786 5211 verbis
2806 5153 3025 5210 nostris
3042 5153 3290 5209 fuissent
3309 5152 3553 5208 auribus

1902 5249 2211 5313 inculcata,
2227 5264 2360 5302 mox
2380 5250 2573 5301 mente
2593 5244 2992 5315 concepimus,
3009 5248 3065 5298 et
3087 5260 3231 5314 pene
3252 5245 3462 5297 cuncta
3487 5246 3555 5297 ut

1900 5352 2294 5397 annueremus
2334 5339 2507 5406 atque
2546 5332 2987 5404 indulgeremus
3018 5332 3442 5403 disposuimus.
3476 5332 3552 5386 At

1899 5426 1997 5483 ubi
2017 5422 2291 5496 injuriam
2316 5421 2500 5477 sancti
2521 5420 2852 5486 Petri,sedis
2871 5419 3202 5492 apostolicae
3224 5417 3552 5491 privilegio-

1896 5531 2029 5572 rum
2046 5510 2508 5577 immunitiones,
2525 5525 2825 5565 sacrorum
2849 5524 3138 5565 canonum
3162 5506 3549 5564 conculcatio-
