3894 6204
368 370 486 455 931

1737 390 2055 458 NICOLAI
2099 386 2331 454 ΡΑΡᾸΞ
2370 389 2422 454 Ι.

3680 386 3797 458 832

366 543 500 583 nem
531 525 962 600 perspeximus;
1004 526 1147 587 nihil
1181 528 1478 603 potuimus
1505 528 1669 587 vobis
1701 529 2009 604 propinare
2041 514 2088 594 Ᾱ
2122 530 2179 582 et
2192 526 2318 583 sine
2335 526 2675 599 pcenitentia
2692 526 3296 584 condemnatur.Nam
3311 527 3551 584 Metus
3566 527 3797 586 divinus

367 615 826 689 dulcedinis,qui
849 617 952 673 toti
972 618 1255 675 nimirum
1281 620 1484 693 repleti
1511 638 1718 676 sumus
1742 618 2018 673 amaritu-

367 703 828 777 dine.Siquidem
854 724 883 761 e
904 709 1193 763 contrario
1216 727 1317 781 pro
1344 710 1485 765 tanti
1509 712 1876 780 contemptus
1898 724 2018 762 mo-

362 791 416 847 le
436 792 613 866 digna
632 812 731 852 vos
754 795 1255 854 animadversione
1272 799 1553 855 canonica
1579 799 1880 855 severitate
1906 812 2019 851 me-

364 881 474 938 rito
497 884 863 955 puniremus,
890 886 1001 941 nisi
1026 887 1343 959 apostolica
1365 887 1686 943 moderatio
1711 886 2016 959 paululum

363 988 473 1026 nos
490 973 558 1027 ad
583 974 1150 1046 magnanimitatem,
1166 982 1221 1032 et
1241 980 1433 1031 vestra
1452 976 1682 1031 dilectio
1711 992 2017 1048 provocas—

366 1065 474 1115 set.
491 1061 650 1127 Quod
671 1067 865 1118 autem
893 1063 1146 1135 qualiter
1165 1064 1223 1120 in
1246 1082 1346 1120 vos
1365 1069 1760 1136 competenter
1775 1069 1830 1120 et
1855 1081 2020 1137 regu-

364 1146 567 1204 lariter
586 1167 1008 1219 exerceremus,
1032 1152 1143 1224 ipsi
1174 1170 1278 1210 nos
1311 1154 1519 1209 litteris
1541 1154 1749 1209 vestris
1771 1153 2015 1217 affatim,

366 1241 419 1294 et
469 1239 947 1295 manifestissime
1000 1242 1304 1309 docuistis,
1339 1243 1562 1315 (μιθεί
1612 1242 2019 1314 opportunitas

366 1325 758 1400 fuerit,colligi
780 1334 829 1384 et
852 1331 1078 1386 ostendi
1097 1330 1325 1387 facilius
1344 1331 1767 1404 possunt.Sane
1784 1331 2017 1386 interim

366 1415 685 1488 apostolica
713 1422 887 1490 atque
927 1420 1205 1475 canonica
1264 1419 1608 1475 auctoritate
1647 1418 1810 1475 vobis
1868 1419 2020 1473 dun-

364 1506 524 1560 taxat
554 1505 982 1580 episcopis,qui
1013 1508 1071 1563 in
1106 1509 1467 1580 depositione
1501 1514 1557 1563 et
1585 1508 1786 1565 exsilio
1818 1525 2019 1580 supra-

368 1591 508 1649 dicti
538 1593 791 1651 Rothadi
822 1595 908 1652 vel
931 1597 1227 1668 judicium
1256 1597 1631 1662 dedistis,vel
1665 1613 2019 1653 consensum

369 1682 721 1755 prebuistis,
747 1686 1118 1758 praecipimus
1140 1690 1205 1742 ut
1229 1704 1362 1742 eum
1385 1704 1519 1742 mox
1548 1687 1620 1741 ab
1642 1685 1843 1743 exsilio
1867 1702 2022 1740 revo-

370 1771 533 1826 cetis.
552 1772 621 1827 Et
642 1774 782 1845 quia
807 1775 1131 1832 secundum
1163 1774 1452 1831 indultam
1476 1775 1585 1832 sibi
1610 1793 1643 1830 a
1667 1775 1901 1847 scriptis
1926 1792 2020 1829 re-

2118 615 2351 688 justitia
2383 632 2584 671 recens
2636 615 2766 683 erit,
2798 616 3007 672 fratres
3053 616 3413 683 charissimi,
3468 619 3796 690 praesertim

2127 721 2261 761 cum
2286 704 2431 760 nihil
2459 705 2628 760 nobis
2646 703 2902 777 amplius
2920 705 2996 760 sit
3013 722 3148 760 cum
3168 705 3431 762 Rothado
3457 723 3644 778 quam
3664 724 3793 763 cum

2127 794 2402 849 omnibus
2422 793 2790 849 Christianis.
2807 793 3024 849 Verum
3048 793 3350 867 privilegia
3381 795 3545 851 sedis
3582 802 3795 851 nostra:

2127 900 2314 955 usque
2346 883 2417 937 ad
2452 886 2719 950 mortem,
2756 882 2952 938 divina
2983 888 3279 940 annuente
3309 883 3524 955 gratia,
3549 885 3797 957 vestigia

2126 975 2359 1045 patrum
2393 976 2731 1027 nostrorum
2778 976 3094 1044 sequentes
3145 972 3561 1028 defendemus.
3597 974 3715 1029 Sed
3747 980 3799 1029 et

2124 1078 2228 1116 vos
2260 1059 2362 1115 illa
2404 1064 2696 1132 quatenus
2741 1059 2985 1126 illibata,
3020 1064 3223 1133 utpote
3279 1062 3464 1116 totius
3524 1060 3798 1117 Ecclesia:

2128 1148 2360 1205 Domini
2410 1149 2688 1214 remedia,
2726 1149 3151 1215 custodiantur,
3197 1153 3319 1205 toto
3370 1151 3712 1217 conamine,
3746 1157 3800 1208 et

2128 1238 2404 1294 omnibus
2423 1238 2573 1292 votis
2597 1237 2823 1310 operari
2848 1255 2913 1293 ac
2941 1239 3185 1294 suadere
3206 1238 3797 1306 debeatis.Quoniam

2128 1326 2429 1399 privilegia
2460 1326 2615 1382 sedis
2650 1326 2983 1398 apostolicae
3014 1327 3275 1398 tegmina
3303 1333 3467 1394 sunt,
3499 1333 3567 1383 ut
3597 1328 3685 1384 ita
3715 1328 3800 1384 di-

2128 1431 2351 1483 camus,
2403 1415 2587 1471 totius
2643 1415 2914 1471 Ecclesize
2976 1415 3294 1481 catholicae,
3344 1416 3682 1489 privilegia,
3713 1416 3799 1472 iu-

2128 1520 2328 1576 quam,
2351 1504 2531 1575 hujus
2562 1502 2831 1559 Ecclesiae
2864 1504 3197 1559 munimina
3226 1509 3367 1560 sunt
3396 1504 3561 1560 circa
3592 1521 3797 1561 omnes

2129 1594 2383 1663 impetus
2407 1591 2782 1665 pravitatum.
2805 1591 2951 1647 Nam
2977 1593 3130 1665 quod
3164 1593 3430 1649 Rothado
3457 1593 3642 1649 hodie
3670 1610 3799 1649 con-

2126 1681 2452 1754 tigit,unde
2484 1680 2646 1737 scitis
2678 1681 2832 1753 quod
2857 1698 2987 1737 cras
3018 1681 3260 1737 cuilibet
3290 1698 3406 1737 non
3437 1682 3683 1737 eveniat
3709 1699 3796 1737 ve-

2128 1771 2356 1826 strum?
2377 1770 2472 1825 Sic
2494 1769 2810 1842 Apostolus
2839 1769 3119 1825 admonet
3148 1770 3350 1826 dicens
3375 1788 3389 1825 :
3416 1770 3533 1839 Qui
3554 1778 3724 1842 puta!
3748 1788 3798 1826 se

370 1858 523 1933 gulis
553 1858 869 1928 licentiam,
902 1863 1187 1920 hactenus
1219 1863 1511 1938 appellare
1531 1865 1727 1921 sedem
1750 1862 2021 1935 apostoli-
2046 1888 2098 1961 Β
2126 1868 2290 1926 stare,
2322 1859 2504 1915 videat
2536 1875 2608 1915 ne
2646 1859 2806 1914 cadat
2833 1861 2882 1961 ςι
3066 1860 3150 1961 Χ);
3177 1859 3341 1922 Quod
3373 1859 3422 1915 si
3455 1860 3795 1961 contigerit,

372 1963 500 2004 cam
514 1948 747 2018 dicitur,
762 1951 1005 2008 Romam
1025 1953 1190 2009 illum
1210 1953 1281 2009 ad
1299 1970 1469 2010 suam
1485 1970 1724 2009 causam
1742 1953 1801 2007 in
1820 1955 2021 2009 nostra

371 2036 690 2109 apostolica
709 2041 1019 2111 praesentia
1033 2042 1422 2115 peragendam
1436 2058 1501 2097 ac
1516 2042 2018 2098 determinandam

370 2124 684 2195 destinare,
709 2128 825 2183 imo
847 2128 1095 2202 dirigere
1118 2129 1277 2185 nullo
1310 2131 1482 2186 modo
1506 2128 1893 2202 postponatis.
1917 2129 2019 2185 Di-

370 2228 554 2286 gnum
587 2215 801 2287 quippe
830 2220 920 2272 est
949 2222 1033 2286 ut,
1057 2219 1155 2291 qui
1187 2223 1377 2274 vestro
1417 2218 1681 2274 omnium
1703 2217 1927 2289 judicio
1958 2218 2018 2274 in

370 2300 640 2358 exsilium
674 2304 989 2375 deputatus
1020 2310 1127 2375 est,
1155 2312 1343 2362 vestro
1377 2305 1453 2362 sit
1478 2323 1509 2363 e
1539 2308 1828 2362 contrario
1859 2323 2018 2362 com-

373 2388 538 2445 muni
561 2391 754 2448 studio
776 2393 927 2449 beati
951 2394 1100 2450 Petri
1132 2395 1444 2461 memoriae,
1462 2398 1517 2451 et
1538 2395 1658 2450 sedi
1685 2396 1813 2467 ejus
1842 2395 2020 2451 hono-

373 2479 532 2535 rifice
589 2485 994 2552 praesentatus.
1018 2483 1098 2539 Ex
1142 2483 1306 2539 vobis
1338 2501 1471 2541 vero
1530 2484 1922 2556 praecipimus,
1956 2488 2020 2539 ut

373 2568 509 2636 duo,
541 2568 629 2625 vel
656 2573 795 2638 tres,
828 2575 929 2627 aut
970 2576 1123 2628 certe
1156 2573 1205 2629 si
1247 2573 1388 2629 libet
1445 2573 1642 2645 plures
1689 2572 2016 2642 mittantur,

375 2657 475 2731 qui
497 2658 577 2713 ita
597 2659 825 2716 cunctis
843 2665 1100 2716 vestrum
1123 2661 1385 2717 omnium
1418 2661 1786 2733 praesentiam
1815 2662 2018 2735 praefe-

373 2749 523 2813 rant,
542 2752 605 2802 ut
624 2747 912 2822 quidquid
929 2750 1221 2824 agendum
1241 2755 1348 2819 est,
1364 2749 1449 2805 vel
1468 2751 1880 2824 experiendum
1902 2750 2020 2806 fue-

374 2835 470 2907 rit,
498 2836 767 2894 refricata
796 2854 923 2911 qum
973 2844 1100 2894 acta
1130 2842 1269 2895 sunt
1324 2843 1517 2896 vestra
1573 2838 1836 2895 omnium
1894 2834 2019 2895 vice

371 2941 613 2996 prorsus
644 2925 1032 2984 sciscitantur.
1048 2928 1211 2995 Quod
1233 2928 1281 2984 si
1300 2945 1401 2984 vos
1422 2942 1723 2984 occurrere
1754 2928 2020 3000 nequive-

372 3012 523 3081 ritis,
545 3012 793 3071 vicarios
812 3020 1035 3072 vestros
1058 3016 1271 3072 mittite
1297 3033 1308 3071 :
1335 3020 1392 3072 et
1420 3016 1503 3071 ita
1522 3033 1639 3071 una
1658 3032 1793 3070 cum
1818 3016 2018 3087 praefa-

374 3097 489 3157 fato
510 3101 783 3175 religioso
814 3104 990 3160 fratre
1018 3109 1209 3161 vestro
1232 3104 1496 3161 Rothado
1527 3104 1743 3177 pariter
1761 3104 2015 3175 veniant,

372 3187 430 3243 in
463 3191 759 3263 omnibus,
774 3192 925 3248 sicut
955 3192 1225 3265 superius
1246 3193 1519 3260 diximus,
1535 3193 1607 3248 ad
1628 3196 1837 3248 cuncta
1856 3209 2015 3249 exse-

373 3278 625 3350 quenda,
650 3280 734 3335 vel
767 3284 920 3336 certe
962 3281 1308 3352 experienda
1339 3299 1465 3353 quae
1499 3280 1775 3336 ventilata
1822 3297 2017 3337 coram

372 3366 541 3422 nobis
562 3368 1101 3437 exstiterint,vicem
1119 3373 1370 3424 vestram
1394 3374 1449 3425 et
1472 3386 1779 3441 personam
1803 3369 2020 3425 haben-

369 3456 652 3520 tes.Quod
675 3456 724 3511 si
748 3457 1070 3529 postposito
1102 3462 1298 3513 nostro
1318 3458 1730 3530 judicio,quod
1762 3458 2018 3514 auctori-

368 3546 489 3599 tate
518 3543 838 3615 apostolica
873 3545 1376 3618 promulgavimus
1414 3550 1589 3619 atque
1629 3547 2015 3618 decrevimus,

371 3646 673 3687 occurrere
684 3633 1079 3701 contemnitis,
1094 3634 1193 3689 Dei
1206 3634 1626 3708 omnipotentis
1640 3639 1697 3690 et
1713 3635 2016 3692 beatorum

370 3718 522 3775 Petri
552 3723 608 3775 et
639 3719 798 3776 Pauli
822 3721 1217 3793 apostolorum
1241 3723 1859 3795 principum,quorum
1891 3724 2016 3796 glo-

369 3806 523 3865 rioso
545 3824 727 3882 agone
748 3814 951 3866 sancta
979 3810 1099 3867 haec
1125 3811 1386 3868 Romana
1407 3810 1684 3877 Ecclesia,
1704 3811 1797 3867 cui
1821 3811 2017 3868 divina

369 3895 749 3969 dispositione
777 3917 1124 3971 praesumus,
1147 3905 1235 3956 est
1263 3900 1510 3956 Domino
1542 3904 1898 3967 consecrata,
1922 3904 2015 3956 at-

370 4002 483 4058 que
504 3990 837 4043 sanctorum
861 4005 1172 4056 canonum,
1190 4006 1442 4062 quorum
1463 4005 1565 4045 vos
1586 3993 2014 4061 contemptores

367 4075 602 4147 scriptis
621 4076 872 4148 propriis
893 4078 1222 4144 ostenditis,
1245 4092 1469 4133 necnon
1491 4081 1547 4133 et
1568 4081 1779 4135 nostrae
1803 4078 2015 4133 medio-

366 4163 589 4220 critatis
603 4165 947 4221 auctoritate
960 4166 1320 4223 amissarum
1335 4166 1636 4223 solemniis
1649 4166 2012 4223 celebrandis

365 4255 549 4306 estote
569 4270 1149 4326 prorsus,quousque
1171 4255 1387 4311 nostris
1408 4255 1860 4311 diﬂinitionibus
1881 4255 2013 4310 obe-

365 4338 558 4408 diutis,
592 4344 846 4397 extorres
880 4360 892 4398 :
926 4342 1010 4399 ita
1039 4360 1199 4411 sane,
1229 4349 1294 4400 ut
1324 4343 1373 4400 si
1421 4348 1555 4417 post
1582 4343 1799 4399 lcctum
1831 4341 2012 4413 huius

364 4428 497 4501 pagi
506 4445 590 4484 nae
612 4433 893 4499 tenorem,
912 4429 1066 4487 infra
1085 4433 1329 4506 triginta
1348 4432 1573 4488 dierum
1597 4432 2010 4503 spatiumque:

366 4516 436 4572 de
468 4516 730 4575 Rothado
759 4520 881 4576 viro
908 4519 1224 4577 venerabili
1265 4520 1569 4575 sanximus
1612 4520 1839 4590 agenda
1868 4519 2009 4585 fore,

2129 1954 2195 2004 ut
2212 1949 2405 2004 verbis
2426 1952 2665 2003 utamur
2687 1947 3063 2022 propheticis,
3080 1948 3151 2003 ad
3178 1949 3368 2019 cujus,
3394 1964 3563 2021 rogo,
3590 1948 3794 2004 confu-

2128 2038 2299 2111 gietis
2328 2036 2656 2093 auxilium?
2686 2037 2817 2093 Hinc
2847 2037 3088 2109 quidem
3121 2037 3192 2094 de
3227 2036 3499 2093 Rothado
3532 2036 3687 2093 satis
3717 2038 3794 2092 di-

2126 2126 2281 2182 xisse
2311 2125 2584 2182 sufﬁciat.
2609 2125 2893 2181 Caeterum
2918 2125 2987 2181 de
3019 2123 3324 2191 Balduino,
3348 2126 3423 2181 de
3453 2143 3578 2198 quo
3614 2124 3794 2180 multa

2122 2218 2248 2289 jam
2280 2213 2590 2288 scripsitis,
2614 2214 2762 2270 sciat
2809 2213 3108 2270 beatitudo
3137 2218 3351 2281 vestra,
3377 2232 3497 2271 non
3549 2231 3666 2270 nos
3713 2231 3793 2270 re-

2128 2304 2297 2377 gulas
2328 2307 2504 2376 atque
2551 2306 2755 2359 sancta
2785 2301 3017 2358 decreta
3044 2302 3189 2359 velle
3228 2319 3615 2375 corrumpere
3650 2320 3665 2358 :
3698 2305 3790 2359 sed

2129 2393 2270 2465 quia
2299 2394 2371 2448 ad
2402 2392 2612 2447 limina
2640 2390 3040 2464 apostolorum
3070 2391 3309 2448 veniens
3335 2409 3370 2447 a
3401 2391 3577 2448 nobis
3611 2409 3678 2448 se
3708 2409 3793 2465 pe-

2130 2480 2222 2536 tiit
2242 2480 2485 2552 ajuvari,
2506 2496 2844 2553 quanquam
2869 2497 3198 2547 nossemus,
3216 2481 3371 2552 quod
3400 2480 3562 2537 ﬁlius
3597 2487 3793 2536 noster

2128 2568 2369 2625 Carolus
2391 2568 2684 2643 gloriosus
2705 2585 2804 2625 rex
2830 2567 3096 2643 legaliter
3126 2573 3323 2642 posset
3341 2570 3417 2635 ei,
3437 2570 3488 2624 si
3511 2569 3710 2637 vellet,
3737 2576 3789 2625 et

2128 2657 2309 2714 ﬁliam
2341 2675 2511 2714 suam
2552 2654 2613 2713 in
2653 2674 2890 2715 uxorem
2933 2658 3249 2725 dimittere,
3272 2663 3330 2715 et
3368 2657 3787 2715 misericordiae

2127 2763 2247 2803 suae
2278 2747 2527 2820 gratiam
2559 2746 2848 2819 impartiri
2873 2764 2886 2803 :
2909 2750 3107 2803 tamen
3142 2763 3256 2803 non
3279 2747 3452 2819 jussa
3484 2745 3787 2816 misimus,

2129 2837 2227 2891 sed
2250 2852 2449 2908 preces
2473 2835 2819 2892 obtulimus.
2843 2836 3004 2903 Quod
3035 2840 3232 2892 textus
3262 2834 3653 2908 epistolarum
3685 2851 3790 2890 no—

2128 2928 2568 2996 strarum,quas
2607 2925 2679 2980 ad
2712 2926 2839 2997 jam
2880 2924 3067 2980 fatum
3098 2923 3669 2980 excellentissimum
3702 2940 3789 2979 ro-

2126 3017 2352 3086 gem,et
2376 3013 2558 3069 filiam
2590 3017 2851 3069 nostram
2882 3013 3167 3086 reginam,
3190 3013 3263 3069 ad
3296 3013 3353 3068 id
3393 3012 3788 3069 obtinendum

2126 3102 2467 3170 direximus,
2480 3102 2648 3158 vobis
2668 3101 2810 3159 satis
2833 3102 3043 3175 poterit
3066 3101 3343 3159 indicare.
3363 3102 3507 3157 Nam
3532 3118 3646 3173 pro
3669 3105 3789 3157 tam

2126 3196 2595 3264 praesumptuosa
2624 3192 2953 3247 temeritate
2983 3190 3171 3263 ipsius
3206 3191 3333 3257 viri,
3360 3191 3619 3246 maxime
3652 3207 3789 3246 cum

2130 3279 2570 3336 consideremus
2591 3278 2958 3336 dilectissimi
2983 3278 3086 3334 filii
3104 3279 3287 3335 nostri
3301 3278 3486 3335 Caroli
3504 3279 3793 3334 sublimis

2129 3367 2283 3440 regis
2331 3368 2754 3424 contrinionem
2801 3369 3014 3433 cordis,
3048 3371 3104 3424 et
3151 3369 3401 3441 pectoris
3448 3368 3793 3424 naturalem

2128 3457 2495 3523 aﬁ‘ectum,et
2524 3474 2632 3512 nos
2678 3455 2845 3514 valde
2895 3456 3215 3526 doluimus,
3235 3461 3290 3512 et
3317 3457 3367 3513 ei
3399 3460 3517 3512 tota
3564 3458 3794 3512 mentis

2127 3542 2428 3601 affectione
2449 3562 2636 3619 usque
2665 3544 2844 3603 hodie
2868 3544 3278 3618 compatimur.
3295 3546 3405 3602 Sed
3434 3549 3637 3601 vestra
3675 3546 3791 3600 fra-

2126 3633 2372 3689 ternitas
2404 3632 2733 3705 prevideat,
2759 3633 2913 3689 sicut
2944 3633 3025 3689 ait
3052 3633 3368 3707 Apostolus
3400 3649 3414 3687 :
3446 3633 3796 3690 Redimam

2125 3727 2349 3793 tempus,
2384 3723 2643 3793 quoniam
2671 3720 2787 3777 dies
2832 3722 2970 3777 mali
3012 3731 3144 3778 sunt
3173 3723 3385 3795 (Ephee.
3414 3725 3512 3791 v):
3546 3725 3614 3777 et
3637 3724 3792 3793 jam,

2124 3809 2279 3865 sicut
2309 3809 2422 3881 ipsi
2477 3810 2535 3865 in
2578 3813 2772 3865 vestra
2828 3810 3043 3883 pagina
3099 3809 3419 3878 testamini,
3448 3808 3794 3882 periculosa

2120 3910 2388 3970 tempora
2414 3898 2655 3954 instant.
2688 3899 2771 3956 Ne
2804 3914 2940 3971 ergo
2972 3899 3145 3971 pejus
3166 3898 3364 3954 adhud
3385 3898 3616 3971 aliquid
3644 3901 3791 3955 oris-

2122 3990 2237 4054 tur,
2270 3985 2719 4043 intervenientes
2759 3988 2913 4059 apud
2964 3988 3236 4044 eumdem
3281 3986 3789 4060 gloriosissimum

2122 4091 2340 4147 regem,
2365 4075 2556 4131 {ilium
2588 4079 2857 4132 nostrum
2889 4073 3327 4145 charissimum,
3351 4093 3463 4148 quo
3495 4080 3554 4131 et
3585 4076 3790 4150 ipsius

2121 4164 2314 4218 cordis
2359 4180 2660 4220 maerorem
2719 4163 2973 4236 pellatis,
3006 4169 3063 4220 et
3092 4164 3282 4220 eidem
3345 4163 3633 4221 Balduino
3671 4182 3789 4221 non

2120 4266 2547 4325 usquequaque
2576 4252 2913 4309 inﬂexibilis
2938 4258 3293 4326 perseveret;
3326 4254 3620 4325 praecipue
3644 4270 3792 4327 quo-

2121 4341 2281 4396 niam
2312 4339 2707 4411 apostolorum
2738 4340 2955 4397 auxilia
2984 4342 3330 4416 deprecatus
3355 4344 3462 4407 est,
3486 4345 3547 4397 et
3575 4342 3791 4398 divina

2120 4427 2392 4501 praesidia
2409 4426 2892 4501 requisivit.Nulli
2909 4429 3123 4486 etenim
3142 4444 3347 4503 regum
3363 4444 3536 4503 grave
3549 4442 3697 4486 ease
3712 4432 3791 4485 vi-

2122 4516 2243 4572 deri
2265 4516 2436 4573 debet
2457 4533 2733 4573 conservo
2750 4534 2855 4573 suo
2873 4516 3136 4573 debitum
3151 4519 3383 4573 centum
3399 4517 3791 4574 denariorum

366 4604 609 4662 minime
665 4608 1011 4664 studueritis
1067 4608 1363 4682 perficere.
1414 4606 1675 4662 Scientes
1732 4607 2007 4677 profecto,
2038 4620 2089 4691 ῃ
2119 4604 3791 4679 dimittere,quifortassesuoasummoregum,etDomino

365 4694 644 4765 quoniam
674 4695 724 4750 si
755 4700 886 4768 post
914 4694 1037 4751 haec
1077 4694 1137 4750 in
1186 4697 1523 4749 sanctarum
1573 4693 1908 4765 regularum
1955 4699 2013 4749 et
2120 4693 2496 4750 dominorum
2544 4693 2746 4750 decem
2797 4693 2985 4749 millia
3014 4692 3372 4750 talentorum
3410 4694 3523 4750 sibi
3556 4694 3791 4751 dimitti

365 4780 546 4853 [forte,
564 4786 854 4851 nostrum,
876 4780 1086 4855 Hann]
1108 4786 1443 4837 nostrarum
1466 4785 1862 4852 contemptum
1889 4781 2011 4838 fue-

362 4870 493 4926 ritis
522 4871 749 4927 diutius
777 4870 1119 4935 conversati,
1140 4870 1335 4940 ipsum
1359 4868 1595 4940 quidem
1619 4868 1951 4925 Rothadum
1978 4889 2013 4926 a

366 4956 555 5025 nobis,
575 4956 903 5028 apostolica:
927 4956 1085 5012 sedis
1108 4971 1288 5012 more.
1308 4971 1341 5009 a
1366 4955 1759 5011 damnationis
1778 4957 2011 5015 vinculo

363 5042 484 5099 fore
507 5043 871 5113 solvendum,
887 5048 1062 5116 atque
1080 5047 1392 5097 convocato
1409 5043 1813 5115 episcoporum
1837 5050 2007 5115 cmtu,

365 5130 586 5187 foveam
605 5149 782 5203 quam
817 5132 867 5187 ei
907 5130 1357 5202 parastis,vobis
1375 5131 1577 5203 procul
1596 5132 1772 5189 dubio
1794 5150 2010 5206 praepa-

363 5220 629 5275 randam.
657 5219 775 5275 Vos
808 5223 1024 5286 autem,
1049 5217 1437 5286 dilectissimi,
1472 5220 1650 5276 nolite
1680 5227 1881 5277 nostra
1909 5223 2011 5279 de-

363 5311 522 5363 creta
550 5305 793 5361 moleste
821 5306 969 5361 ferre
1000 5323 1013 5361 :
1052 5305 1191 5378 quia
1222 5305 1374 5363 sicut
1401 5308 1607 5365 beatus
1639 5310 2011 5368 Innocentius

362 5393 777 5452 Macedonibus
800 5392 1025 5462 scribit,
1042 5411 1214 5468 grave
1244 5413 1357 5452 non
1390 5398 1644 5470 oportuit
1662 5399 1843 5456 videri
1869 5400 2011 5473 piis-

362 5482 529 5539 simis
552 5480 849 5534 meutibus
865 5484 1093 5551 vestris,
1109 5485 1511 5559 cujuscunque
1536 5490 1835 5544 retractari
1851 5489 2012 5561 judi-

361 5571 517 5624 cium
543 5565 719 5649 :rquia
736 5565 949 5624 veritas
971 5572 1258 5645 exagitata
1285 5576 1497 5647 saepius
1520 5576 1707 5649 magis
1732 5575 2007 5649 splende-

389 5656 467 5709 cit
484 5652 544 5705 in
565 5648 713 5722 luce,
731 5659 786 5710 et
802 5658 1089 5727 pernicies
1110 5667 1375 5719 revocata
1392 5664 1448 5719 in
1465 5648 2010 5737 judiciumgravius

2120 4782 2433 4839 desiderat.
2450 4782 2622 4838 Porro
2645 4782 2787 4855 quid
2809 4782 2881 4838 de
2904 4781 3163 4838 Lotharii
3186 4784 3468 4839 uxoribus
3485 4786 3795 4840 censueri-

2121 4884 2275 4938 mus,
2294 4872 2530 4943 quando
2561 4874 2617 4926 et
2646 4871 2718 4926 de
2747 4870 2856 4926 hoc
2901 4875 3101 4928 nostro
3130 4870 3453 4944 scripsistis
3494 4873 3790 4944 praesula-

2118 4959 2227 5027 tui,
2259 4958 2319 5013 in
2351 4958 2732 5031 epistolarum
2771 4963 3127 5027 nostrarum,
3161 4974 3310 5032 quas
3351 4976 3455 5032 per
3482 4959 3704 5016 fratres
3730 4967 3789 5017 et

2119 5048 2492 5121 coepiscopos
2511 5050 2742 5103 nostros
2763 5046 3172 5104 Rhadoaldum
3191 5051 3543 5104 etJoannem
3564 5047 3628 5103 in
3648 5046 3781 5107 Gal.

2117 5133 2255 5191 liam
2281 5135 2574 5201 misimus,
2599 5134 2866 5208 poteritis
2887 5135 3320 5209 exemplaribus
3342 5136 3618 5207 reperire.
3638 5139 3781 5203 Qua

2118 5223 2385 5279 videlicet
2413 5223 2767 5296 exemplaria
2794 5240 2914 5279 una
2943 5238 3079 5279 cum
3118 5224 3591 5293 commonitorio,
3616 5226 3781 5298 quod

2118 5312 2375 5385 praefatis
2406 5312 2687 5368 fratribus
2730 5312 2948 5369 nostris
2979 5328 3083 5385 pro
3112 5312 3223 5369 hac
3252 5314 3459 5369 eadem
3490 5328 3675 5369 causa
3708 5315 3779 5370 ad

2120 5399 2459 5456 Lotharium
2491 5416 2687 5473 regem
2730 5401 2930 5457 missis
2981 5401 3273 5468 dedimus,
3294 5417 3399 5474 per
3448 5403 3696 5458 irati-em
3724 5406 3778 5458 et

2119 5487 2530 5560 coepiscopum
2578 5492 2845 5545 nostrum
2894 5490 3155 5546 Odonem
3209 5494 3414 5546 vestrae
3475 5490 3777 5547 sanctitati

2118 5576 2578 5633 transmisimus.
2600 5577 2662 5632 In
2684 5578 2902 5650 quibus
2924 5582 3191 5651 patenter
3210 5578 3683 5634 animadvertere
3702 5583 3778 5635 at.

2119 5680 2234 5735 que
2263 5664 2410 5722 scire
2441 5666 2894 5737 potestis,nobis
2925 5667 3167 5726 omnino
3197 5683 3314 5725 non
3347 5684 3499 5740 opus
3529 5684 3687 5738 esse,
3717 5672 3774 5722 ut
