3894 6204
130 358 259 429 833

1354 351 1773 417 EPISTOLIE
1805 349 1908 414 ET
1951 351 2346 420 DECRETA'.‘

3427 356 3555 425 εει

133 489 419 559 sentiam,
452 486 954 559 quemadmodum
982 502 1088 541 nos
1111 485 1332 542 hortari
1354 485 1643 552 voluistis,
1670 503 1793 540 me-
1826 486 1868 551 Α
1980 485 2024 539 Ο
2055 503 2229 557 quam
2262 503 2397 541 vera
2425 491 2532 556 est,
2566 486 2647 541 ﬁli
2706 486 3069 554 charissima,
3098 486 3199 543 illa
3238 489 3547 557 sententia,

132 578 260 633 lius
293 579 373 643 [in
408 576 538 632 edit.
574 579 729 629 Rom.
764 574 907 629 deest
930 573 1161 640 melius]
1192 576 1798 639 commutemusQuo-

136 666 304 724 niam
338 664 537 721 divina
566 663 794 719 favente
824 662 1271 737 gratia,tantum
1304 662 1575 735 cupimus
1598 662 1802 734 hujus-

140 755 309 812 modi
340 752 556 819 scelus,
590 753 913 809 secundum
938 751 1222 807 creditum
1247 752 1416 810 nobis
1447 751 1676 807 coalitus
1699 750 1803 805 mi-

142 842 487 908 nisterium,
510 840 582 897 ab
613 839 883 897 Ecclesiae
916 840 1063 896 facie
1094 840 1375 897 radicitus
1390 844 1714 913 amputare;
1738 843 1805 895 ut

143 933 199 988 si
232 932 343 988 hac
372 930 497 986 vice
525 930 679 985 idem
712 928 1024 986 Lotharius
1056 930 1299 987 monitis
1344 929 1701 996 salubribus,
1737 945 1803 985 ac

145 1018 611 1076 difﬁnitionibus
667 1018 884 1074 nostris
952 1018 1210 1090 prmlatis
1288 1020 1465 1090 (forte,
1524 1018 1801 1090 praefatis,

145 1108 390 1181 Hann],
422 1112 479 1162 et
501 1106 765 1181 epistolis
814 1106 1031 1163 nostris
1080 1105 1424 1180 regulariter
1462 1106 1569 1162 sibi
1606 1105 1806 1162 missis

149 1197 411 1255 noluerit
435 1196 690 1264 obedire,
726 1212 832 1251 nec
878 1195 950 1250 ad
1008 1195 1407 1268 paenitentiam
1457 1195 1809 1269 competenti

148 1284 555 1343 satisfactione
568 1283 869 1356 praemissa
892 1284 1243 1356 quantocius
1266 1284 1540 1358 repedare
1561 1301 1595 1339 a
1616 1284 1806 1351 nobis,

149 1380 335 1448 atque
364 1390 399 1430 a
439 1373 620 1429 totius
673 1371 939 1428 Ecclesiae
990 1388 1249 1445 corpore,
1303 1372 1582 1430 canonica
1634 1376 1809 1445 atque

148 1462 443 1537 apstolica
473 1461 765 1520 sententia
811 1460 1111 1529 efﬁcietur,
1164 1479 1284 1518 una
1338 1478 1473 1518 cum
1533 1462 1809 1518 omnibus

149 1551 489 1611 fautoribus
519 1554 574 1608 et
604 1548 1210 1608 communicatoribus
1241 1551 1385 1617 suis,
1413 1551 1647 1624 penitus
1670 1550 1809 1607 alie-

151 1659 296 1706 nus,
333 1638 623 1712 Praecipue
646 1655 779 1695 vero
811 1638 1003 1711 quoad
1027 1656 1161 1695 eum
1187 1656 1363 1712 quem
1382 1639 1698 1712 perhibetis
1715 1640 1810 1696 die

151 1730 375 1787 natalis
406 1728 640 1785 Domini
673 1745 849 1800 super
872 1727 1167 1785 adulteros
1189 1728 1809 1801 benedictionem,quze

154 1816 1045 1926 maledictio-potin:credenda
1074 1821 1182 1926 est,
1216 1817 1531 1889 protulisse
1561 1819 1643 1889 [in
1670 1818 1806 1917 edit.
1842 1859 1890 1926 Β

155 1909 315 1965 Rom.
345 1904 656 1980 petivisse].
690 1905 771 1961 Ne
800 1922 933 1961 vero
957 1905 1256 1979 simplices
1280 1906 1498 1980 quique
1530 1904 1811 1963 adulteris

154 1998 540 2069 aliquatenus
570 1993 818 2051 cessisse
842 1993 988 2051 falso
1020 2011 1125 2051 nos
1151 1994 1815 2068 epinentur,nonincon-

155 2102 309 2159 grue
340 2083 526 2140 nostri
555 2099 733 2155 super
752 2083 861 2139 hoc
882 2084 1064 2139 animi
1095 2090 1296 2140 votum
1329 2085 1608 2140 omnibus
1630 2084 1816 2138 fratri-

159 2176 278 2230 bus
310 2177 366 2230 et
407 2171 767 2245 coepiscopis
824 2173 1041 2228 nostris
1099 2173 1459 2239 intimantes,
1493 2179 1550 2228 et
1581 2171 1814 2228 concio-

158 2263 363 2319 nando
392 2262 453 2318 in
484 2258 746 2318 ecclesiis
773 2261 981 2316 vestris
1014 2262 1265 2335 publice,
1297 2260 1525 2318 cunctis
1555 2262 1611 2316 id
1643 2260 1715 2315 ad
1740 2258 1816 2315 li-

159 2352 418 2425 quidum
452 2349 706 2406 subditis
732 2350 1021 2422 exponite.
1079 2356 1154 2406 De
1197 2350 1474 2407 vocandis
1523 2356 1716 2406 autem
1750 2366 1818 2405 ex

159 2439 416 2514 singulis
448 2438 764 2512 provinciis
807 2456 911 2510 pro
933 2441 1342 2512 congreganda
1358 2440 1579 2513 synodo
1600 2438 1818 2511 cpisco-

159 2530 280 2602 pis,
316 2528 469 2584 unde
495 2527 839 2599 scripsistis,
869 2528 1015 2584 sciat
1045 2528 1327 2585 sanctitas
1356 2528 1817 2593 vestra,misisse

160 2636 278 2674 nos
308 2619 457 2674 duos
487 2634 517 2672 e
546 2616 725 2672 latere
756 2617 815 2671 in
848 2615 1098 2672 Galliam
1123 2617 1329 2672 fratres
1360 2620 1416 2672 et
1445 2616 1820 2687 coepiscopos

162 2712 429 2772 nostros,
462 2721 717 2777 quorum
749 2706 1024 2777 superius
1056 2705 1397 2761 memoriam
1429 2704 1697 2774 fecimus,
1721 2701 1822 2774 qui

164 2796 464 2868 synodum
498 2811 602 2867 pro
645 2795 1037 2849 examinanda
1093 2811 1274 2850 causa
1328 2794 1707 2864 Theutborgze
1766 2796 1823 2847 et

163 2884 505 2940 VValdradae
529 2882 883 2939 feminarum
916 2888 1300 2939 convocarent
1324 2884 1444 2940 :ubi
1470 2885 1526 2938 et
1556 2881 1724 2936 binos
1755 2897 1823 2935 ex

164 2973 343 3030 vobis
371 2971 672 3044 praesules,
704 2971 858 3027 sicut
887 2972 957 3027 de
986 2971 1117 3027 aliis
1144 2970 1359 3044 regnis,
1395 2972 1599 3027 adesse
1620 2985 1826 3042 praece—

164 3062 392 3135 pimus.
426 3059 532 3125 Qui
557 3059 671 3116 nisi
704 3064 876 3117 antea
898 3060 1109 3117 reversi
1134 3060 1433 3126 l‘uerint,et
1463 3076 1589 3131 quae
1603 3057 1826 3130 egerint

163 3150 913 3221 noverimus,nequaquam
944 3150 1015 3205 de
1047 3148 1296 3205 concilio
1328 3145 1825 3218 faciendoaliquid

1906 575 2422 644 quaiu,Salomonc
2447 578 2779 643 attestante,
2798 576 2868 632 de
2898 593 2960 632 se
2986 576 3284 649 Sapientia
3312 578 3549 649 profert,

1909 677 2043 716 cum
2094 662 2379 735 perhibet,
2434 664 2666 719 dicens:
2697 669 2807 719 Per
2852 680 2938 719 me
2998 680 3147 734 reges
3202 678 3449 735 regnant,
3503 669 3553 721 ei

1909 749 2089 820 legum
2118 751 2420 808 conditores
2439 752 2593 824 justa
2639 752 2974 809 decernunt!
3001 752 3181 825 (Prov.
3209 756 3360 825 vni.)
3390 754 3552 819 Quod

1910 838 2021 894 nisi
2040 856 2240 895 verum
2253 845 2738 914 esset,nunquam
2753 841 2991 897 omnino
3002 844 3196 896 vestra
3216 840 3555 897 sublimitas

1910 931 2083 982 tanta:
2114 928 2467 985 humilitatis
2496 934 2722 1002 poterat
2764 930 2967 985 decorc
2997 929 3214 985 vestiri.
3248 929 3410 993 Quod
3442 927 3556 985 nisi

1910 1032 2112 1072 verum
2130 1022 2617 1091 esset,nunquam
2636 1018 2993 1091 privatarum
3017 1017 3210 1091 legum
3227 1017 3556 1091 apostolicze

1915 1105 2071 1161 sedis
2091 1106 2323 1163 decreta
2343 1111 2462 1163 tam
2514 1106 2668 1162 facili
2722 1107 3063 1179 potuissetis
3093 1123 3297 1179 capere
3348 1107 3558 1163 mentis

1916 1194 2155 1250 intuitu.
2187 1196 2332 1251 Nam
2367 1212 2500 1251 cum
2534 1196 2605 1251 de
2636 1197 2889 1269 quodam
2912 1201 3111 1252 contra
3141 1196 3323 1251 Deum
3347 1212 3407 1251 se
3431 1196 3561 1251 effe-

1917 1288 2081 1338 rente
2113 1282 2379 1339 dicatur:
2414 1285 2533 1356 Ipse
2562 1302 2662 1340 rex
2696 1300 2859 1357 super
2903 1287 3187 1340 universos
3215 1286 3359 1356 ﬁlios
3378 1301 3561 1357 super-

1918 1373 2028 1427 bia?
2059 1371 2195 1444 (Job:
2228 1371 2365 1445 xu),
2402 1376 2458 1429 et
2487 1390 2588 1429 vos
2621 1390 2651 1429 e
2697 1374 2924 1429 diverso
2978 1390 3213 1429 summa
3259 1373 3562 1429 videamu

1918 1458 2246 1516 humilitate
2277 1461 2611 1534 praeditum,
2645 1462 2784 1535 quid
2837 1462 2949 1518 nisi
3008 1467 3260 1518 vestram
3308 1462 3562 1536 regalem

1917 1548 2319 1605 excellentiam
2352 1551 2678 1607 imitatione
2702 1550 2890 1607 filium
2914 1568 3040 1607 esse
3062 1550 3220 1607 illius
3240 1552 3564 1624 poterimus

1918 1639 2238 1707 advertere,
2273 1640 2369 1712 qui
2406 1641 2489 1697 ait
2514 1658 2527 1695 :
2560 1643 2763 1697 Discite
2791 1659 2824 1697 a
2843 1658 2928 1698 me
2946 1643 3079 1713 quia
3098 1643 3252 1697 mitis
3266 1658 3390 1696 sum
3400 1649 3451 1698 et
3468 1641 3567 1696 hn-

1916 1728 2068 1783 mitis
2097 1728 2255 1784 corde
2279 1732 2307 1783 ?
2328 1730 2530 1799 (Matth.
2563 1735 2673 1799 x1.)
2701 1730 2809 1786 Per
2838 1729 3186 1803 sapientiam
3234 1746 3370 1804 ergo
3400 1746 3565 1803 reges

1918 1822 2185 1889 regnant,
2221 1817 2360 1890 quia
2404 1818 2690 1891 sapientia
2738 1818 2947 1886 Patris,
2974 1820 3143 1889 juxta
3197 1817 3562 1891 Apostolum,

1923 1903 2189 1962 Christus
2220 1910 2309 1962 est
2342 1907 2390 1979 (1
2415 1908 2535 1963 Cor.
2570 1908 2631 1979 ι),
2662 1906 2761 1980 qui
2820 1912 2909 1964 est
2956 1925 3055 1963 rex
3101 1924 3327 1982 regum,
3362 1923 3565 1964 eorum

1924 1991 2146 2049 scilicet
2178 1995 2274 2067 qui
2290 2012 2493 2053 omnes
2517 2000 2711 2052 motus
2733 1994 3339 2069 corporis,omnesque
3352 1995 3568 2052 mentis

1923 2081 2158 2138 illicitos
2172 2084 2465 2156 appetitus
2480 2085 2828 2156 competenti
2843 2099 3039 2157 regere
3052 2084 3449 2140 moderamine
3466 2101 3567 2139 no-

1926 2174 2064 2225 runt
2089 2172 2181 2227 :de
2212 2188 2464 2244 quorum
2496 2188 2741 2229 numero
2763 2188 2867 2245 per
2897 2173 3157 2228 divinam
3189 2172 3571 2245 gratiam,vos

1926 2259 2103 2314 etiam
2135 2260 2523 2332 perspicimus
2554 2265 2609 2316 et
2638 2260 2926 2328 laetamur,
2952 2266 3008 2316 et
3037 2260 3154 2316 Deo
3184 2259 3570 2333 omnipotenti

1926 2347 2166 2421 gratias,
2200 2366 2268 2404 ex
2312 2365 2427 2420 quo
2478 2348 2757 2422 regnatis,
2791 2348 3149 2422 muitiplices
3204 2348 3568 2405 exhibemus.

1929 2438 2153 2492 Interea
2165 2438 2386 2493 noverit
2402 2437 2632 2494 dilectio
2644 2443 2834 2494 vestra
2848 2437 3574 2511 (a),Balduinum,utnobis

1929 2524 2375 2599 intimastis,qui
2406 2530 2604 2582 natam
2633 2530 2889 2582 vestram
2922 2526 3035 2583 sibi
3069 2527 3221 2583 furto
3242 2526 3300 2582 in
3335 2542 3573 2582 uxorem

1930 2618 2133 2668 contra
2165 2614 2253 2669 fas
2283 2613 2544 2679 sociavit,
2578 2632 2753 2687 quem
2778 2616 2905 2671 ideo
2933 2613 3245 2671 venerandi
3276 2614 3572 2688 prmsules,

1930 2701 2247 2757 Ecclesiam
2281 2702 2511 2757 Domini
2544 2703 2602 2758 in
2630 2720 2806 2777 regno
2820 2708 3009 2759 vestro
3032 2702 3580 2776 gubernantes,vin-

1931 2790 2077 2845 culis
2090 2791 2481 2847 anathematis
2496 2790 2930 2865 obligarunt,ad
2953 2791 3156 2846 limina
3176 2791 3575 2864 apostolorum

1931 2877 2267 2945 accessisse,
2296 2882 2353 2934 et
2372 2884 2435 2934 ut
2490 2896 2525 2934 a
2576 2879 2826 2935 vinculis
2884 2880 3220 2947 soiveretur,
3250 2884 3425 2952 atque
3473 2896 3579 2950 per

1934 2983 2041 3022 nos
2070 2966 2316 3039 gratiam
2346 2966 2647 3036 inveniret,
2683 2968 2880 3023 sedem
2929 2966 3145 3023 adiisse
3174 2966 3575 3039 apostolicam.

1933 3055 2050 3111 Nos
2077 3060 2272 3110 autem
2306 3072 2419 3111 non
2453 3055 2641 3111 solum
2663 3073 2796 3112 eum
2812 3072 2845 3110 a
2862 3054 3109 3111 vinculis
3125 3055 3365 3110 minime
3387 3054 3579 3111 absol-

1932 3144 2147 3213 vimus,
2183 3148 2283 3200 aut
2311 3143 2370 3200 in
2402 3144 2816 3201 communione
2847 3150 3046 3200 nostra
3079 3143 3444 3216 recepimus;
3477 3143 3579 3198 sed

160 3239 495 3295 deliberare
526 3237 750 3294 concite
780 3238 1299 3310 possumus.Licet
1330 3244 1640 3312 postquam
1674 3256 1821 3299 ano-
1854 3222 1897 3288 C
1936 3234 2130 3306 potius
2159 3238 2278 3289 tam
2310 3239 2842 3307 priesumptuosam
2891 3234 3278 3290 temeritatem
3310 3231 3581 3289 detestati

162 3329 264 3384 bis
296 3332 438 3384 sunt
468 3326 1085 3399 separati,audivimus
1108 3327 1447 3384 Lotharium
1470 3346 1503 3385 a
1535 3332 1671 3386 sede
1692 3349 1827 3405 apo-

162 3418 380 3474 stolica
394 3416 641 3489 petitum
664 3433 777 3470 non
799 3420 1166 3488 exspectasse
1180 3416 1826 3484 consultum,nimirum

160 3507 326 3578 quod
361 3504 704 3577 praeviderat
735 3522 841 3560 suo
866 3504 1465 3562 detestandominime
1497 3509 1826 3580 periturum

164 3594 427 3668 piaculo.
464 3594 779 3665 Postquam
809 3610 943 3649 vero
992 3593 1216 3666 przefati
1275 3596 1483 3652 fratres
1526 3599 1709 3654 nostri
1742 3616 1828 3655 re-

166 3684 329 3740 versi
363 3683 599 3751 fuerint,
634 3687 691 3738 et
720 3682 890 3738 nobis
923 3698 1050 3754 qua:
1101 3684 1390 3756 gesserint
1412 3688 1829 3757 enarraverint,

165 3773 403 3846 legatos
435 3772 680 3827 idoneos
710 3772 781 3826 ad
816 3771 1152 3839 concilium,
1189 3774 1343 3844 quod
1378 3774 1596 3847 petitis,
1632 3793 1835 3832 convo-

170 3862 433 3918 candum
466 3861 696 3917 mittere
727 3861 799 3916 ad
841 3859 1033 3915 locum
1094 3860 1466 3934 designatum
1491 3864 1607 3920 Deo
1642 3864 1803 3937 opitu

168 3951 338 4007 lante
368 3949 734 4007 curabimus.
768 3949 1151 4021 Omnipotens
1170 3955 1321 4006 Deus
1344 3952 1415 4006 ad
1442 3953 1765 4024 profectum
1779 3957 1836 4009 et

170 4039 515 4097 custodiam
548 4038 638 4094 sui
674 4038 890 4112 gregis,
921 4055 1099 4110 super
1127 4055 1301 4111 quem
1329 4055 1430 4095 vos
1461 4045 1716 4097 rectores
1738 4058 1834 4115 po-

171 4145 322 4184 nere
372 4126 576 4192 voluit,
605 4131 663 4182 et
720 4126 815 4182 hic
873 4125 1112 4183 illaesam
1171 4128 1542 4184 sanctitatem
1582 4133 1835 4185 vestram

171 4232 529 4275 conservare
558 4216 851 4288 dignetur,
883 4219 941 4270 et
961 4220 1091 4287 post
1113 4216 1449 4272 certaminis
1478 4210 1753 4273 coronam
1776 4218 1836 4274 in

174 4305 407 4363 caelesti
441 4304 633 4377 patria
664 4303 839 4360 faciat
871 4304 1166 4378 percipere
1186 4305 1525 4379 gloriosam.

890 4419 1127 4476 XXXVI.

564 4526 636 4566 AD
675 4526 947 4566 CAROLUM
987 4527 1216 4567 CALVUM
1255 4528 1467 4567 REGEM.

834 4600 1024 4672 (Anno
1055 4600 1205 4669 863.)

179 4706 478 4765 Intercedit
503 4724 604 4779 pro
633 4707 929 4780 Balduino,
959 4714 1010 4761 et
1064 4706 1129 4762 de
1178 4708 1416 4765 Rothado
1464 4708 1674 4764 indicat
1707 4708 1840 4780 quid

256 4778 547 4849 scripserit
603 4778 1099 4852 ad__Ilincmarum,
1132 4786 1182 4852 et
1230 4780 1470 4852 reliquos
1526 4778 1839 4852 episcopos:

258 4852 618 4922 hortaturque
642 4850 805 4904 illum
852 4851 1077 4905 Romam
1132 4850 1359 4922 dirigat;
1395 4853 1525 4906 Tum
1552 4850 1617 4906 de
1661 4850 1838 4907 aerio-

261 4923 422 5065 νιὴςυις
452 4922 650 4978 litteris
679 4923 797 4977 suis
824 4922 1117 4993 satisfecit,
1160 4925 1358 4993 quibus
1407 4922 1633 4979 Carolus
1661 4926 1845 4985 fuerat

261 5011 294 5049 ο
340 5008 528 5048 emus.

261 5008 528 5049 onensus.

261 5108 557 5164 Nucouus
591 5107 920 5180 episcopus,
954 5124 1156 5166 servus
1188 5124 1488 5164 servorum
1518 5108 1845 5180 Dei,dilicto

186 5197 317 5255 filio
347 5196 572 5253 Csaoao
603 5196 857 5269 glorioso
884 5196 1025 5267 regi.

269 5359 350 5430 (a)
360 5357 823 5430 Batduinum,qui
836 5364 1025 5430 natam
1038 5364 1293 5430 uestram.
1309 5354 1548 5430 [furtivae
1562 5356 1819 5428 primum
1830 5400 1845 5424 ,

189 5427 405 5504 postea
418 5427 857 5504 legitimzeinter
869 5428 1303 5504 Balduinumet
1319 5427 1522 5504 .ludith
1540 5427 1684 5504 aetas
1702 5433 1848 5504 sunt

193 5498 903 5573 nuptieﬁincmarumin
930 5500 1132 5555 eadem
1146 5498 1391 5571 epistola
1402 5500 1558 5573 apud
1583 5499 1850 5555 Flodoar-

194 5568 344 5629 dum
373 5589 387 5629 :
421 5568 450 5624 ές
483 5572 770 5629 Dominus
821 5571 999 5628 etiam
1058 5568 1257 5626 noster
1311 5568 1600 5639 rexfﬁlus
1636 5574 1845 5635 vester,

190 5642 340 5707 huic
370 5641 811 5723 desponsationi
859 5646 918 5703 et
971 5640 1369 5718 coniunctioni
1416 5641 1700 5703 interesse
1730 5657 1847 5701 non

1873 4588 1919 4654 D

1935 3340 2164 3389 sumus,
2196 3327 2369 3395 atque
2418 3322 2595 3378 vestri
2644 3321 2897 3396 pectoris
2947 3319 3275 3377 naturalem
3309 3321 3581 3376 affectum

1936 3412 2373 3467 considerantes
2401 3411 3045 3483 doluimus,vestrzeque
3077 3410 3370 3465 mmstitiaa
3401 3408 3581 3482 parti-

1938 3500 2095 3573 cipes
2127 3499 2333 3566 etlecti,
2365 3500 2531 3556 vobis
2579 3498 2869 3571 hodieque
2927 3499 3337 3572 compatimur.
3369 3498 3583 3554 Verum

1940 3587 2217 3662 quoniam
2241 3590 2311 3645 ad
2345 3589 2540 3645 divina
2572 3606 2699 3645 sese
2750 3588 3023 3661 praesidia
3065 3586 3334 3655 contulit,
3365 3590 3585 3641 amato-

1940 3693 2189 3750 rumque
2216 3683 2540 3734 vestrorum
2572 3678 2724 3733 Petri
2757 3694 2822 3734 ac
2845 3674 3590 3750 Pauliapostolorumprin—

1941 3766 2402 3839 cipum,sibimet
2414 3766 2649 3839 expetiit
2660 3767 2837 3822 alfore
2860 3765 3267 3833 subsidia,non
3289 3763 3589 3837 potuimus

1942 3856 2208 3911 omittere
2230 3856 2571 3927 quominus.
2606 3859 2671 3909 ut
2691 3856 2942 3928 gratiam
2971 3859 3225 3910 vestram
3243 3851 3588 3926 perciperet,

1944 3944 2100 4016 apud
2130 3944 2289 4016 piam
2334 3942 2735 3999 excellentiam
2784 3948 3039 3999 vestram
3080 3940 3587 3998 interveniremus.

1942 4032 2157 4088 Verum
2189 4036 2444 4087 vestram
2476 4031 2535 4085 in
2561 4031 2835 4086 emnibus
2854 4048 2971 4103 prae
3003 4028 3188 4085 oculis
3206 4028 3489 4083 habentes
3510 4027 3595 4081 di-

1944 4120 2276 4187 lectionem,
2311 4135 2651 4192 quanquam
2682 4119 2942 4174 sciamus
2976 4123 3030 4173 et
3048 4116 3229 4172 filiam
3261 4113 3591 4179 vestram,si

1946 4209 2105 4277 libet,
2140 4224 2311 4281 posse
2337 4224 2436 4264 vos
2465 4207 2516 4263 ei
2548 4206 2813 4279 legaliter
2837 4206 2897 4261 in
2929 4221 3169 4261 uxorem
3201 4203 3513 4269 dimittere,
3538 4205 3595 4257 et

1947 4297 2181 4371 pietatis
2211 4301 2411 4352 vestra:
2460 4294 2777 4351 clementer
2832 4295 3080 4367 gratiam
3137 4291 3446 4366 impertiri,
3478 4306 3595 4345 non

1948 4392 2144 4442 tamen
2182 4386 2357 4458 jussa
2403 4384 2697 4452 misimus,
2733 4384 2830 4438 sed
2867 4399 3067 4454 preces
3104 4380 3449 4437 obtulimus.
3481 4378 3594 4435 Sed

1950 4474 2227 4549 quoniam
2260 4474 2403 4529 dicit
2428 4472 2777 4545 Apostolus:
2811 4471 3156 4529 Redimentes
3203 4479 3431 4541 tempus,
3463 4483 3594 4539 quo-

1949 4567 2105 4621 niam
2133 4563 2248 4620 dies
2276 4563 2414 4619 mali
2462 4570 2592 4618 sunt
2622 4561 2838 4634 (Ephes.
2872 4560 2951 4633 v),
2984 4564 3041 4615 et
3071 4561 3143 4615 ab
3197 4576 3263 4613 eo
3320 4556 3600 4629 prmdicta

1954 4654 2279 4727 periculosa
2308 4652 2627 4709 novissima
2650 4668 2779 4708 ecce
2812 4653 2928 4719 iam
2962 4648 3278 4705 imminent
3308 4651 3596 4717 tempora,

1948 4742 2247 4817 provideat
2277 4740 2459 4798 solers
2487 4746 2681 4798 vestra
2710 4739 3071 4807 sublimitas,
3104 4755 3175 4794 ne
3204 4754 3272 4792 ex
3299 4734 3409 4790 hoc
3440 4733 3599 4789 dete-

1950 4834 2074 4888 rius
2106 4832 2295 4887 adhuc
2328 4832 2471 4886 forte
2493 4828 2714 4902 aliquid
2771 4830 3015 4887 oriatur.
3048 4829 3118 4883 Et
3150 4829 3233 4883 ita
3278 4841 3381 4881 vos
3429 4826 3601 4880 cauta

1951 4920 2278 4995 provisione
2310 4919 2574 4991 undique
2636 4923 2981 4992 temperate,
3024 4922 3088 4975 ut
3140 4932 3351 4973 maeror
3406 4912 3599 4970 cordis

1950 5010 2125 5067 vestri
2155 5008 2354 5082 procul
2384 5007 2673 5081 abigatur,
2703 5013 2760 5063 et
2790 5008 2943 5064 circa
2961 5009 3087 5079 jam
3125 5006 3345 5060 dictum
3371 5001 3600 5058 Baldui-

1952 5116 2095 5155 num
2126 5114 2313 5170 usque
2343 5098 2402 5151 in
2450 5097 2625 5151 finem
2676 5112 3050 5168 nequaquam
3108 5090 3481 5149 inexorabilis
3512 5087 3601 5144 vel

1952 5185 2287 5244 inﬂexibilis
2340 5186 2463 5257 [al.,
2522 5184 2975 5253 inexorabiliter,
3034 5184 3122 5241 vel
3180 5177 3598 5247 inﬂexibiliter,

1952 5347 2170 5405 voluit:
2205 5345 2305 5401 sed
2339 5344 2539 5400 missis
2570 5343 2815 5416 publica
2840 5344 2919 5400 rei
2952 5342 3419 5416 ministris,sicu_t
3438 5338 3603 5396 vobis

1954 5418 2246 5505 promisit,
2280 5413 2605 5505 secundum
2636 5415 2800 5505 leges
2835 5415 3031 5498 seaculi
3081 5432 3206 5505 eos”
3230 5413 3433 5505 uxprja
3462 5428 3603 5467 con-

1978 5488 2250 5547 unctione
2276 5485 2601 5542 adinvicem
2633 5484 2893 5559 copulari
2921 5486 3231 5559 promisit,
3266 5491 3331 5559 et
3353 5484 3605 5559 honores

1978 5510 2250 5547 unctione
2276 5510 2601 5542 BQIHVIUBUI
2633 5510 2893 5558 υυρωωἸ
2939 5510 3231 5559 μτυωιδιι,
3266 5510 3323 5541 οι
3354 5510 3602 5540 υυιιυιυδ

1947 5510 2240 5621 balduino
2271 5574 2374 5634 pro
2394 5560 2586 5616 vestra
2605 5556 2976 5626 solummodo
2998 5557 3276 5637 petitione
3300 5552 3602 5617 donavit.»
