3894 6204
350 432 469 493 847

1722 430 2038 494 NICOLAI
2082 431 2311 493 PAPIE
2353 432 2405 493 Ι.

3666 427 3794 490 848

353 564 550 630 sterio,
566 568 621 619 et
645 563 718 619 ab
743 563 1130 636 episcopis,et
1158 582 1193 621 a
1221 565 1460 639 regibus
1495 566 1849 622 Francorum
1874 582 2004 621 con-
2033 566 2088 635 Α
2120 581 2497 638 nequaquam
2532 564 2857 638 mancipari
2888 566 3081 621 denuo
3116 565 3438 639 potuisset.
3465 561 3532 618 In
3568 560 3799 634 legZLus

354 655 825 718 cessam,nostra
867 653 1239 709 ﬁrmaremus
1287 653 1651 724 auctoritate,
1684 660 1741 710 et
1786 654 2002 709 futuris

354 735 697 797 mansuram
727 742 1092 814 temporibus
1113 743 1541 799 roboraremus.
1557 743 2003 799 Considerantes

353 829 552 901 itaque
601 829 759 902 piam
802 847 935 887 esse
964 832 1440 904 postulationem,
1475 837 1532 888 et
1579 849 1875 888 servorum
1905 832 2005 887 Dei

356 918 538 991 quieti
569 919 1149 991 pernecessariam,et
1168 938 1299 994 quae
1321 938 1354 977 a
1375 922 1710 995 pastoribus
1733 921 2007 977 Ecclesia-

357 1024 489 1063 rum
519 1007 876 1081 postulanda
905 1014 1059 1066 esset
1087 1014 1262 1082 atque
1294 1012 1678 1084 procuranda,
1712 1011 1761 1065 si
1813 1010 2009 1066 minus

360 1112 490 1155 eam
506 1097 712 1154 mundi
735 1097 1028 1171 principes
1052 1105 1460 1172 procurarent;
1481 1100 1850 1156 decernimus
1872 1116 2009 1172 apo-

361 1185 610 1243 stolatus
642 1186 829 1243 nostri
859 1188 1224 1256 auctoritate,
1260 1194 1323 1244 ut
1352 1189 1773 1245 monasterium
1822 1188 2011 1244 sancti

363 1274 595 1335 Knrilefi
642 1277 1019 1345 confessoris,
1053 1278 1211 1334 intra
1257 1277 1475 1334 Gallias
1523 1278 1704 1333 situm
1751 1278 1811 1333 in
1866 1293 2015 1350 pago

359 1365 746 1421 Cenomanico
771 1382 950 1439 super
978 1365 1221 1422 ﬂuvium
1249 1367 1504 1435 Anisola,
1539 1384 1733 1422 rerum
1774 1382 2017 1422 suarum

361 1452 832 1510 habeatliberam
847 1455 906 1510 in
922 1453 1198 1511 omnibus
1213 1456 1535 1511 secundum
1550 1455 1815 1511 Ecclesia:
1835 1454 2021 1527 ipsius

364 1542 698 1611 utilitatem,
724 1546 781 1600 et
802 1560 1107 1601 servorum
1132 1545 1234 1600 Dei
1256 1544 2028 1618 compendia,dispensatio-

366 1648 521 1702 nem,
548 1636 613 1687 ut
640 1631 955 1705 episcopus
982 1634 1384 1690 Cenomanicze
1408 1634 1593 1702 urbis,
1629 1634 1751 1689 sive
1784 1634 2024 1689 Rotber-

364 1725 463 1777 tus
492 1720 594 1793 qui
626 1738 782 1776 nunc
812 1721 899 1776 illi
930 1722 1056 1778 sedi
1085 1723 1450 1795 praeest,sive
1482 1739 1851 1778 successores
1874 1724 2024 1793 ejus,

366 1808 592 1865 nullam
622 1810 927 1867 obtineant
959 1811 1018 1866 in
1051 1827 1117 1868 eo
1142 1812 1495 1867 monasterio
1516 1812 1909 1885 possessionis
1932 1811 2028 1866 do-

366 1897 773 1970 minationem,
798 1916 987 1972 neque
1020 1901 1328 1973 praefatum
1363 1901 1786 1957 monasterium
1812 1901 1882 1956 ad
1907 1918 2026 1955 sua:

367 1988 532 2045 urbis
552 1988 834 2045 inclinare
845 1993 1133 2045 conentur
1152 1989 1707 2061 subjectionem,sed
1732 1990 1912 2045 abbas
1926 1988 2023 2044 ille

367 2078 469 2150 qui
499 2093 656 2132 nunc
676 2076 756 2133 ibi
779 2082 869 2133 est
884 2077 1282 2151 Engilharius,
1305 2083 1362 2134 et
1395 2080 1601 2134 fratres
1622 2079 1883 2150 ejusdem
1909 2094 2028 2135 mo-

368 2165 632 2233 nasterii,
660 2166 1084 2223 dominationis
1106 2168 1210 2239 jus
1258 2168 1585 2223 secundum
1634 2167 2030 2223 ecciesiastica

368 2257 610 2322 statuta,
642 2258 702 2309 et
731 2254 1123 2327 praesentibus
1152 2258 1210 2311 et
1232 2254 1448 2311 futuris
1479 2255 1782 2312 obtineant
1803 2272 2032 2328 semper

370 2341 758 2415 temporibus.
787 2342 1092 2412 Videlicet,
1128 2348 1195 2399 ut
1217 2344 1507 2417 quidquid
1539 2344 1800 2401 oblatum
1829 2344 2029 2413 est,vel

374 2430 550 2487 fuerit
605 2432 880 2505 deinceps
931 2431 1015 2487 illi
1067 2433 1349 2503 emnobio,
1374 2433 1462 2489 vel
1511 2432 1569 2488 in
1621 2450 1785 2501 auro,
1829 2433 1917 2489 vel
1968 2433 2027 2488 in

380 2524 644 2594 argento,
673 2519 761 2576 vel
788 2521 849 2576 in
879 2519 1036 2594 agris
1063 2527 1122 2578 et
1152 2523 1410 2591 famulis,
1444 2522 1532 2579 vel
1582 2523 1640 2578 in
1680 2539 2030 2595 quacunque

377 2614 574 2665 rerum
601 2608 952 2676 substantia,
985 2627 1089 2666 nec
1120 2611 1432 2685 episcopus
1454 2612 2031 2678 Cenomanicus,sive

378 2697 714 2767 Rotbertus,
742 2698 841 2771 qui
872 2715 1030 2754 nunc
1060 2699 1146 2755 illi
1179 2700 1312 2757 urbi
1346 2705 1575 2774 praeest,
1608 2702 1727 2757 sive
1756 2702 1854 2773 qui
1900 2704 2032 2773 post

376 2801 511 2841 eum
533 2786 978 2843 Cenomanicam
1005 2788 1327 2845 Eeclesiam
1352 2790 1627 2856 rexerint,
1643 2807 1747 2845 nec
1778 2789 1898 2845 ulla
1919 2789 2034 2845 alia

374 2891 643 2947 persona,
675 2875 797 2931 sive
845 2876 1163 2946 saecularis,
1218 2878 1339 2934 sive
1388 2879 1804 2946 ecclesiastica,
1850 2877 2030 2934 ullam

373 2963 674 3020 obtineant
691 2964 779 3021 vel
801 2965 915 3021 sibi
936 2966 1235 3022 vindicent
1260 2968 1585 3039 portionem
1604 2986 1617 3035 ;
1642 2969 1741 3024 sed
1758 2972 2034 3024 maneant

374 3053 572 3108 omnia
593 3053 653 3109 in
674 3053 863 3127 ipsius
890 3055 1207 3122 abbatis,et
1224 3056 1471 3112 fratrum
1503 3057 1721 3113 ibidem
1744 3057 1860 3113 Deo
1886 3057 2035 3112 mili-

372 3143 621 3198 tantium
635 3143 1072 3216 dispensatione
1089 3162 1101 3200 :
1119 3148 1184 3199 ut
1198 3145 1485 3217 quidquid
1505 3161 1638 3202 secu
1649 3147 1829 3201 ndum
1849 3146 2034 3219 ipsius

376 3231 716 3287 monasterii
747 3231 1059 3288 utilitatem
1096 3232 1445 3305 regulariter
1474 3239 1531 3289 et
1550 3235 1825 3291 canonice
1844 3235 2036 3292 volue-

2121 654 2280 709 enim
2314 653 2623 721 habemus,
2651 659 2717 710 ut
2751 671 2960 710 omnes
2990 653 3349 727 quaestiones
3375 651 3535 707 infra
3564 650 3805 723 triginta

2119 759 2306 798 annos
2336 743 2658 798 terminum
2688 742 2999 815 accipiant.
3031 744 3114 799 De
3141 741 3569 798 ecclesiasticis
3599 747 3798 796 autem

2117 830 2337 898 causis,
2372 836 2504 903 post
2538 832 3063 905 quadragesimum
3098 848 3323 887 annum
3355 829 3525 885 nulla
3567 830 3807 902 querela

2118 920 2335 975 moveri
2370 924 2581 993 potest,
2615 921 2665 976 si
2701 937 2815 976 non
2850 920 3005 976 intra
3036 920 3145 977 hoc
3195 920 3457 992 spatium
3512 936 3806 975 annorum

2122 1009 2299 1063 fuerit
2323 1013 2506 1065 mota.
2539 1010 2609 1064 Et
2641 1026 2771 1066 ecce
2800 1008 2911 1065 hoc
2941 1009 3368 1065 monasterium
3391 1025 3424 1063 a
3444 1008 3647 1080 primo
3680 1025 3809 1080 rege

2123 1098 2480 1154 Francorum
2541 1097 2897 1169 Christiano,
2933 1098 2991 1153 id
3050 1102 3159 1166 est,
3211 1097 3503 1153 Clodoveo
3565 1095 3812 1169 ﬁlioque

2124 1187 2254 1257 ejus
2285 1186 2678 1256 Childeberto,
2715 1203 2848 1243 cum
2881 1187 3151 1242 habuerit
3178 1185 3538 1246 libertatem.
3561 1191 3622 1240 et
3645 1187 3811 1241 dein-

2128 1291 2264 1347 ceps
2289 1276 2362 1331 ab
2385 1276 2661 1332 omnibus
2684 1276 3184 1349 regibus,semper
3205 1275 3495 1331 manserit
3522 1273 3811 1355 liberum,

2127 1368 2183 1418 et
2214 1364 2273 1419 in
2299 1381 2496 1420 rerum
2529 1382 2775 1421 suarum
2805 1364 3317 1438 dispositionibus,
3349 1369 3409 1421 et
3447 1364 3510 1419 in
3567 1363 3813 1419 abbatis

2130 1452 2429 1522 electione,
2464 1470 2621 1509 nunc
2653 1454 2937 1527 repetitur
2965 1451 3133 1525 quasi
3166 1453 3224 1508 in
3257 1452 3483 1526 proprii
3506 1454 3683 1525 juris
3714 1454 3811 1508 do-

2132 1542 2512 1598 minationem
2534 1561 2547 1611 ;
2573 1560 2707 1598 cum
2735 1542 2784 1599 si
2805 1547 3037 1598 terrena
3058 1543 3352 1614 possessio
3374 1542 3695 1609 fuisset,et
3718 1559 3819 1615 per

2133 1635 2221 1686 tot
2236 1648 2421 1687 annos
2434 1632 2790 1705 possessoris
2804 1631 2895 1687 sui
2909 1630 3305 1687 dominatione
3319 1632 3621 1688 caruisset
3632 1631 3818 1697 ,nullo

2135 1721 2311 1775 modo
2342 1721 2667 1776 secundum
2698 1720 2856 1793 leges
2888 1719 3005 1776 sive
3037 1720 3263 1785 mundi,
3288 1720 3411 1776 sive
3439 1719 3815 1776 ecclesiasti-
3892 1719 3894 1759 l

2136 1826 2256 1875 cas,
2290 1810 2569 1881 antiquus
2599 1826 2903 1882 possessor
2929 1826 3060 1865 eam
3090 1808 3201 1865 sibi
3233 1807 3540 1865 vindicare
3582 1811 3814 1882 potuis-
3892 1822 3894 1875 ξ

2137 1902 2245 1953 set.
2279 1901 2349 1952 At
2377 1915 2529 1966 vero,
2556 1899 2710 1971 quod
2735 1903 2824 1954 est
2844 1897 3002 1953 dictu
3036 1896 3457 1963 nefas,Christi
3479 1900 3815 1971 possessio.

2137 2002 2292 2054 nem,
2326 1992 2384 2042 et
2407 2003 2705 2044 servorum
2737 1988 2835 2043 Dei
2868 1988 3341 2055 contubernium,
3376 1988 3547 2059 quod
3580 1991 3814 2044 terrena

2137 2079 2395 2148 potestas
2421 2074 2672 2133 liberum
2706 2093 2833 2132 esse
2856 2076 3164 2143 concessit,
3180 2075 3548 2149 episcopalis
3568 2077 3812 2133 ambitio

2138 2165 2197 2220 in
2228 2164 2524 2220 servitutis
2549 2166 2649 2237 jus
2679 2165 2976 2222 vindicare
3006 2170 3267 2221 conatur.
3290 2168 3561 2238 Apparet
3592 2166 3808 2239 itaque,

2138 2254 2544 2326 quisquisbaec
2568 2271 2835 2327 perverse
2849 2254 3231 2321 molitur,non
3250 2253 3489 2311 lucrum
3515 2256 3811 2328 requirere

2139 2342 2295 2415 quod
2325 2342 2465 2398 velit
2494 2342 2846 2409 animarum,
2876 2343 2979 2400 sed
3010 2342 3200 2417 magis
3248 2344 3698 2400 dominationis
3739 2346 3810 2400 fa-

2139 2436 2295 2486 stum
2337 2435 2395 2486 et
2441 2430 2604 2488 lucra
2651 2430 2989 2504 cupiditatis
3022 2431 3268 2489 inhiare.
3305 2431 3479 2489 Unde
3532 2435 3808 2489 omnibus

2140 2518 2330 2575 modis
2356 2519 2506 2574 hanc
2537 2519 2926 2592 perniciosam
2960 2520 3370 2593 reprimentes,
3386 2522 3806 2591 ambitionem,

2137 2608 2512 2680 praecipimus
2542 2613 2605 2663 ut
2634 2608 2949 2665 Rotbertus
2987 2608 3299 2682 episcopus
3345 2612 3803 2675 Cenomanicus,

2140 2703 2196 2753 et
2224 2698 2560 2769 quicunque
2594 2715 2901 2754 successor
2923 2699 3051 2770 ejus
3082 2699 3275 2754 fuerit.
3301 2699 3541 2755 nullam
3569 2701 3633 2755 in
3671 2719 3803 2774 pra-

2140 2786 2257 2841 fato
2289 2787 2644 2842 monasterio
2677 2785 2789 2842 sibi
2822 2786 3076 2842 vindicet
3106 2787 3347 2844 ditionis
3396 2793 3762 2861 potestatem
3791 2807 3804 2843 :

2142 2876 2242 2932 sed
2276 2880 2509 2931 maneat
2539 2876 2863 2931 secundum
2896 2893 3235 2932 concessam
3267 2877 3380 2931 sibi
3419 2879 3564 2949 jam
3618 2878 3811 2934 multis

2142 2964 2312 3019 annis
2344 2963 2879 3031 absolutionem,ab
2911 2965 3071 3019 omni
3101 2965 3425 3038 episcopali
3461 2974 3811 3039 pressuraet

2142 3053 2541 3109 dominatione
2569 3053 3104 3110 remotum.Nullus
3137 3055 3195 3109 in
3226 3071 3292 3110 eo
3319 3055 3671 3128 quidquam
3691 3058 3808 3112 vin-

2143 3142 2295 3198 dicet
2325 3142 2436 3198 sibi
2469 3143 2718 3215 prmfataa
2748 3142 3000 3199 civitatis
3022 3136 3592 3218 episcopus,'neque
3615 3163 3808 3219 perse,

2146 3248 2333 3304 neque
2364 3248 2467 3304 per
2496 3232 2798 3289 ministros
2831 3250 2990 3301 suos,
3014 3250 3201 3305 neque
3231 3251 3299 3289 ex
3331 3232 3603 3302 clericis,
3629 3253 3809 3308 neque

377 3319 496 3375 rint
523 3336 714 3393 agere,
741 3321 801 3375 in
821 3335 1023 3376 eorum
1047 3321 1225 3375 situm
1249 3321 1325 3375 sit
1363 3323 1881 3396 potestate.Neque
1911 3323 2031 3396 epi-
2063 3308 2106 3374 C
2147 3339 2214 3377 ex
2248 3320 2573 3387 monachis,
2602 3338 2790 3395 neque
2819 3339 2889 3377 ex
2920 3322 3237 3391 canonicis,
3263 3341 3463 3396 neque
3516 3342 3589 3380 ex
3632 3323 3808 3392 laicis,

377 3424 593 3481 seopus
622 3410 695 3465 ad
747 3409 1053 3481 praefatum
1102 3409 1549 3477 monasterium,
1585 3412 1751 3483 quasi
1784 3413 2030 3486 propriae

376 3497 686 3569 potestatis
726 3497 979 3553 abutens
1012 3498 1172 3568 jure,
1207 3497 1319 3553 nisi
1361 3502 1601 3555 vocatus
1632 3499 1704 3555 ab
1735 3502 1944 3558 abbate
1973 3507 2031 3558 et

374 3585 656 3641 fratribus
685 3585 941 3653 accedat,
958 3602 1029 3642 ne
1061 3586 1153 3642 sui
1183 3587 1466 3643 adventus
1487 3605 1762 3661 pressura
1781 3590 2027 3646 fratrum

376 3672 632 3745 quietem
659 3674 989 3745 perturbet;
1020 3691 1205 3747 neque
1234 3675 1399 3731 dolos
1430 3681 1531 3732 aut
1563 3678 2029 3736 machinationes

375 3762 525 3819 ullas
551 3762 640 3820 vel
673 3763 895 3833 abbati,
924 3763 1011 3821 vel
1038 3765 1337 3834 fratribus,
1372 3765 1489 3823 sive
1520 3784 1624 3840 per
1654 3785 1735 3836 se,
1768 3769 1887 3824 sive
1927 3786 2030 3841 per

374 3868 535 3921 suos,
556 3851 873 3925 aliquando
894 3852 1081 3910 facere
1108 3859 1452 3927 praesumat;
1478 3856 1623 3928 quin
1650 3856 1843 3929 potius
1865 3859 2030 3930 quid-

377 3940 516 4013 quid
538 3942 638 3998 Dei
660 3942 844 3999 servis
864 3942 923 3999 in
947 3943 1220 4016 pradicto
1239 3944 1594 4000 monasterio
1612 3948 2025 4002 commoranti-

372 4029 779 4098 bus,eonferre
809 4031 880 4087 ad
914 4032 1136 4089 ordinis
1158 4032 1249 4089 sui
1272 4035 1773 4090 conservationem
1808 4034 2029 4092 utiliter

373 4124 431 4175 et
461 4121 725 4176 modeste
753 4125 812 4176 et
841 4119 1089 4194 benigne
1111 4122 1385 4194 potuerit,
1400 4121 1457 4178 id
1490 4139 1593 4195 pro
1622 4122 1723 4179 Dei
1753 4140 1951 4180 amore
1971 4128 2028 4180 et

373 4208 741 4281 sempiternae
796 4210 1290 4267 remunerationis
1341 4211 1530 4283 gratia
1587 4210 1867 4284 perficiat.
1911 4213 2026 4269 Nec

371 4295 658 4353 violenter
686 4301 787 4353 aut
814 4297 1022 4354 callide
1055 4297 1192 4354 mali
1225 4300 1573 4373 quidquam,
1592 4305 1693 4356 aut
1721 4303 2025 4375 perturba-

373 4384 550 4442 tionis
576 4385 854 4442 moliatur
882 4388 941 4442 in
971 4387 1121 4458 illos,
1157 4389 1311 4446 sicut
1356 4391 1689 4446 audivimus
1737 4392 2025 4463 quosdam

375 4476 564 4532 facere
591 4473 864 4545 voluisse,
897 4479 1066 4550 quasi
1100 4477 1515 4550 inscriptiones
1545 4480 1833 4551 quasdam
1858 4497 2023 4536 mon-

376 4568 647 4634 strantes,
681 4565 897 4637 quibus
927 4567 1350 4623 monasterium
1384 4582 1502 4621 sua:
1534 4566 1751 4621 civitati
1791 4583 2022 4639 posses-

374 4653 559 4710 sionis
581 4656 715 4726 jure
738 4655 1042 4710 subditum
1065 4655 1189 4711 ﬁeri
1207 4654 1566 4742 conatisunt
1587 4671 1600 4708 :
1625 4671 1772 4726 quas
1795 4662 2024 4713 constat
2059 4677 2105 4742 D

375 4744 614 4799 omnino
642 4742 822 4800 falsas
847 4743 1052 4811 fuisse,
1082 4741 1559 4814 quandoquidem
1608 4742 1907 4817 privilegia
1938 4763 2026 4802 re-

374 4848 535 4903 gum,
553 4848 679 4904 qua:
709 4842 777 4887 ex
798 4832 1175 4903 antiquorum
1207 4846 1411 4902 regum
1434 4830 1788 4887 Francorum
1806 4836 2026 4906 tempo-

374 4921 540 4976 ribus
569 4919 705 4976 ollm
741 4920 1095 4977 monasterio
1124 4917 1209 4972 illi
1241 4933 1518 4974 concessa
1549 4923 1706 4987 sunt,
1738 4920 1845 4976 hoc
1894 4924 2022 4980 des-

374 5013 593 5075 truant,
610 5008 760 5063 sicut
791 5015 849 5062 et
880 5008 1008 5079 ipsa
1038 5010 1355 5074 testantur,
1389 5024 1516 5079 qua:
1550 5008 1604 5063 in
1636 5009 1886 5067 archivis
1908 5029 2025 5069 mo-

376 5097 617 5152 nasterii
667 5096 738 5151 ob
789 5095 1190 5150 testimonium
1241 5093 1353 5149 sibi
1399 5112 1685 5152 concessae
1734 5098 2022 5159 libertatis

374 5184 665 5254 hodieque
687 5187 1007 5238 servantur.
1025 5183 1187 5247 Quod
1219 5183 1265 5239 si
1295 5184 1562 5240 fortassis
1592 5187 2023 5261 contigisset,ut

375 5271 691 5343 aliquando
721 5271 1143 5325 monasterium
1172 5270 1317 5326 illud
1350 5274 1460 5329 sub
1502 5278 1787 5346 potestate
1835 5278 2023 5335 Ceno-

372 5358 589 5418 manici
620 5354 829 5412 fuisset
857 5357 1133 5430 episcopi,
1169 5361 1326 5431 quod
1360 5362 1535 5419 rebus
1565 5364 1709 5437 ipsis
1740 5368 2024 5438 probatur

369 5455 427 5504 et
446 5442 801 5503 testimoniis
832 5449 1187 5505 monasterio
1214 5449 1440 5507 collatis
1471 5469 1774 5526 nunquam
1810 5455 2017 5525 fuisse;

365 5541 566 5593 tamen
596 5532 919 5588 secundum
952 5534 1107 5610 leges
1129 5539 1344 5607 saeculi,
1380 5546 1511 5612 post
1540 5546 1625 5597 tot
1646 5543 1771 5613 jam
1804 5543 2015 5600 saecula

361 5628 418 5678 et
446 5629 741 5702 annorum
773 5622 964 5695 spatia
985 5629 1164 5701 repeti
1200 5627 1532 5685 nullatenus
1549 5631 1683 5699 jure
1706 5633 2009 5702 potuisset.

350 5714 413 5796 et
436 5700 600 5784 quod
631 5708 811 5769 semel
832 5700 1133 5792 acceperat
1154 5717 1629 5793 libertatem,jam
1652 5700 1763 5778 sub
1795 5720 2014 5777 ditione

2140 3410 2445 3483 potestatis
2466 3411 2622 3482 jure,
2654 3415 2756 3466 aut
2786 3410 3102 3485 episcopali
3135 3412 3311 3482 fastu,
3337 3412 3474 3469 sine
3508 3413 3811 3470 voluntate

2139 3500 2368 3555 abbatis
2398 3499 2584 3572 ipsius
2615 3499 2821 3568 loci,et
2844 3500 3093 3556 fratrum
3117 3500 3195 3556 ibi
3213 3501 3812 3575 degentium,prwsu-

2140 3593 2261 3644 mat
2280 3587 2500 3661 aliquid
2534 3588 2617 3645 vel
2639 3588 2708 3645 ad
2733 3584 3241 3657 ordina'ndum,vel
3264 3590 3336 3645 ad
3356 3591 3804 3663 disponendum

2139 3676 2226 3733 vel
2260 3679 2331 3733 ad
2355 3678 2802 3734 dominandum.
2831 3677 3240 3735 Ordinationes
3261 3695 3418 3746 vero,
3459 3696 3619 3752 quas
3643 3680 3812 3753 petie-
3892 3680 3894 3695 ⁵

2139 3767 2214 3822 rit
2243 3766 2547 3834 abbas,vel
2567 3766 2679 3839 ipsi
2713 3766 3047 3836 fratres,vel
3080 3766 3464 3824 ecclesiarum
3500 3786 3809 3825 consecra-

2138 3855 2441 3922 tiones,vel
2471 3855 2671 3911 altaris
2702 3855 3548 3925 benedictionem,chrismatis
3578 3874 3808 3930 quoque

2138 3943 2365 4017 oleique
2398 3944 2919 4001 sanctiﬁcationem
2965 3951 3140 4018 prout
3189 3945 3475 4018 petierint
3525 3947 3725 4002 abbas
3761 3954 3808 4001 et

2138 4033 2245 4089 loci
2277 4032 2436 4089 illius
2465 4033 2841 4101 habitatores,
2878 4052 2994 4090 non
3028 4039 3289 4090 moretur
3320 4038 3613 4106 praestare
3639 4054 3652 4090 :
3680 4037 3810 4108 quia

2138 4139 2355 4178 munus
2377 4123 2551 4178 olficii
2585 4123 2674 4178 sui
2703 4123 3013 4197 episcopus
3035 4141 3148 4180 non
3169 4140 3272 4197 pro
3298 4121 3450 4179 lucri
3481 4125 3807 4197 gratia,sed

2136 4228 2240 4283 pro
2271 4210 2500 4267 creditae
2524 4212 2633 4267 sibi
2658 4212 3113 4284 dispensationis
3137 4213 3466 4268 ministerio
3494 4213 3682 4269 debet
3706 4215 3807 4269 im-

2138 4300 2414 4372 pendere;
2446 4305 2501 4356 et
2532 4299 2906 4372 providentim
2940 4301 3249 4373 pastoralis
3280 4300 3531 4373 exstitit,
3568 4309 3642 4357 ut
3688 4320 3809 4358 cre-

2136 4387 2275 4444 ditis
2306 4387 2414 4444 sibi
2444 4387 2650 4445 ovibus
2679 4406 2747 4445 ex
2774 4405 2971 4445 amore
3003 4389 3195 4462 potius
3219 4406 3399 4462 quam
3421 4407 3493 4446 ex
3516 4397 3808 4464 potestate

2136 4476 2438 4533 consulere
2462 4476 2854 4549 quaerat,licet
2883 4476 2940 4533 in
2970 4479 3266 4551 subjectos
3295 4484 3547 4551 utraque
3594 4498 3807 4536 secun-

2136 4567 2276 4621 dum
2308 4571 2543 4638 tempus
2576 4565 2695 4622 sint
2727 4567 3055 4623 necessaria
3081 4583 3092 4623 :
3119 4568 3219 4623 sed
3242 4585 3411 4623 amor
3432 4569 3615 4624 debet
3640 4586 3807 4642 gene-

2135 4672 2263 4711 rare
2293 4654 2612 4725 solertiam,
2630 4658 2886 4728 potestas
2902 4672 3035 4712 vero
3057 4658 3444 4730 temperanda
3464 4662 3555 4713 est
3579 4675 3808 4727 amore,

2137 4749 2203 4800 ut
2233 4744 2427 4817 potius
2458 4744 2673 4799 Christi
2705 4744 2961 4800 charitas
2992 4745 3208 4801 ferveat
3257 4762 3435 4817 quam
3488 4747 3804 4818 potestatis

2134 4833 2291 4906 rigor
2320 4832 2651 4888 insolescat.
2683 4832 2966 4889 Abbatem
2996 4851 3130 4889 vero
3156 4834 3227 4889 de
3259 4851 3320 4889 se
3370 4833 3637 4907 eligendi
3698 4837 3804 4891 fra-

2134 4925 2250 4977 tres
2274 4921 2517 4978 omnobii
2536 4922 2724 4977 sancti
2749 4922 2971 4978 Karileti
2996 4939 3231 4995 semper
3268 4922 3525 4978 habeant
3546 4928 3803 4994 potesta-

2132 5016 2271 5077 tem,
2298 5027 2485 5083 neque
2514 5010 2572 5064 in
2605 5012 2735 5082 ejus
2782 5011 3085 5080 electione,
3117 5010 3375 5085 episcopi
3418 5011 3799 5068 Cenomanici

2131 5098 2444 5171 respiciant
2491 5098 2969 5155 constitutionem
3015 5104 3117 5156 aut
3170 5100 3653 5173 dispositionem,
3701 5100 3797 5155 sed

2132 5204 2541 5260 quemcunque
2570 5188 2815 5261 dignum
2845 5188 2982 5256 vita,
3010 5189 3295 5257 moribus,
3315 5192 3493 5261 atque
3529 5189 3797 5244 doctrina

2132 5277 2537 5349 prospexerint
2560 5276 2840 5349 pastorali
2857 5277 3133 5345 officio,et
3154 5278 3265 5333 sibi
3290 5277 3497 5334 utilem
3516 5282 3572 5333 et
3590 5283 3793 5351 aptum

2131 5366 2592 5438 dispensatorem
2620 5366 2981 5439 esse,ipsum
3012 5366 3542 5440 eligant,regisque
3564 5366 3629 5422 in
3654 5367 3794 5421 noti-

2130 5454 2275 5510 tiam
2306 5455 2591 5521 deferant,
2625 5459 2691 5510 ut
2720 5454 2847 5526 ejus
2879 5460 2936 5510 et
2978 5456 3355 5512 concessione
3406 5460 3463 5511 et
3494 5471 3789 5512 consensu

2128 5548 2477 5617 potestatem
2508 5543 2812 5617 regiminis
2844 5544 3109 5618 accipiat.
3142 5546 3341 5618 Neque
3375 5561 3480 5616 pro
3531 5544 3666 5616 ejus
3705 5542 3787 5597 vel

2128 5631 2512 5699 ordinatione,
2547 5631 2633 5686 vel
2668 5632 3103 5703 constitutione,
3128 5650 3349 5689 munus
3378 5631 3623 5705 aliquod
3648 5630 3787 5686 acci-

2125 5721 2340 5798 piatur,
2371 5720 2460 5777 vel
2487 5721 2658 5778 detur
2689 5738 2702 5777 :
2737 5722 3015 5798 quoniam
3047 5721 3300 5798 Spiritus
3331 5721 3523 5780 sancti
3565 5721 3782 5779 donum
