3894 6204
121 360 224 424 853

1312 351 1712 418 EPISTULA!
1752 348 1854 414 ET
1897 352 2280 417 DECRETA.

3378 358 3497 421 854

118 495 241 554 Jesu
272 485 496 556 Christi,
531 503 647 544 non
679 485 793 544 nisi
833 486 1022 545 vicino
1058 489 1263 546 mortis
1303 487 1580 562 periculo,
1612 504 1738 544 om-
1766 484 1822 552 Α
1852 490 2112 564 nostram
2145 485 2587 560 praeceptionem
2616 489 2703 558 (ut
2734 493 2947 546 sanctae
2981 489 3201 564 synodo
3246 491 3499 567 Spiritus

120 585 244 643 nino
270 578 577 654 percipiat;
626 582 690 632 ut
730 577 850 634 haec
901 579 1310 651 unusquisque
1358 578 1590 634 discens
1644 595 1740 634 ne-

121 683 393 747 quaquam
442 668 511 722 de
559 672 763 723 caetero
816 668 1126 724 temeraria
1183 668 1638 741 prmsumptione
1676 685 1744 724 ex

120 760 265 819 laicis
286 756 470 814 subito
503 756 560 810 in
584 756 893 813 dominicis
918 756 1126 812 castris
1151 758 1445 830 insperato
1469 757 1746 829 quodam-

122 850 273 909 modo
305 848 518 917 impetu
549 844 800 918 irrepere
823 847 1054 914 audeat,
1070 851 1128 902 et
1157 845 1521 919 principatus
1549 863 1744 902 amore

119 945 236 997 ante
264 937 532 991 ducatum
568 939 842 1006 praestare
875 934 1224 1008 velit,quam
1247 934 1456 991 tironis
1479 952 1747 991 consum-

121 1031 224 1084 met
243 1023 522 1091 ofﬁcium;
549 1028 605 1078 et
635 1028 769 1079 ante
799 1028 986 1080 tentet
1015 1025 1244 1092 docere,
1272 1042 1447 1096 quam
1483 1024 1704 1081 discere
1729 1042 1741 1079 :

121 1119 255 1176 sicut
295 1115 349 1169 in
393 1115 595 1168 eadem
629 1112 1273 1185 Constantinopolitana
1309 1113 1566 1170 Ecclesia
1596 1131 1746 1186 saepe

123 1206 518 1281 praesumptum
561 1219 689 1257 esse
733 1203 1145 1274 comperimus.
1170 1204 1239 1257 Et
1269 1220 1477 1259 rursus
1509 1219 1579 1258 ne
1609 1221 1744 1258 con-

121 1292 336 1366 temptis
357 1289 604 1357 clericis,
623 1308 870 1363 quorum
894 1295 1108 1363 utpote
1138 1290 1196 1346 in
1221 1296 1338 1348 tam
1367 1308 1580 1364 magna
1604 1293 1747 1347 urbe

125 1383 334 1456 copiosa
356 1379 666 1435 multitudo
690 1381 1027 1453 est,quippe
1053 1381 1122 1436 ab
1146 1381 1291 1452 ipsis
1313 1385 1403 1449 (ut
1433 1381 1514 1436 ita
1537 1380 1746 1436 dixeri-

121 1477 261 1540 mus)
289 1468 573 1526 cunabilis
617 1469 1094 1541 impraetermisso
1145 1469 1338 1526 labore
1386 1470 1444 1524 in
1493 1470 1750 1525 Ecclesia

121 1558 313 1617 Christi
345 1558 652 1624 desudant,
673 1561 728 1612 et
778 1557 1168 1614 indesinentia
1200 1558 1446 1614 Domino
1476 1559 1751 1614 exhibent

120 1647 395 1706 servitutis
412 1646 719 1719 obsequia;
741 1647 919 1718 is,qui
941 1649 1010 1702 de
1030 1647 1170 1703 foris
1191 1653 1278 1703 est
1299 1647 1539 1704 alterius
1560 1647 1746 1716 ovilis,

119 1737 313 1794 Christi
336 1740 570 1808 repente
592 1735 986 1808 principatum
1007 1736 1266 1808 arripiat,
1283 1742 1337 1791 et
1361 1737 1583 1792 nitatur
1603 1754 1751 1808 quos

119 1842 232 1884 esse
264 1842 396 1881 suos
429 1842 544 1880 non
577 1824 959 1898 recognoscit,
988 1824 1352 1898 discerpere:
1378 1829 1434 1880 et
1465 1841 1605 1897 grex
1636 1830 1748 1880 Do-
1783 1856 1829 1920 B

121 1915 351 1971 minicus
374 1911 612 1985 incipiat
633 1929 789 1980 eum,
808 1916 871 1966 ut
894 1916 1025 1984 pote
1047 1918 1387 1968 extraneum
1411 1917 1467 1968 et
1486 1913 1755 1985 improvi-

120 2021 256 2070 sum,
274 2002 509 2057 omnino
529 2006 927 2057 contemnere:
949 2001 1270 2074 praasertim
1289 2020 1421 2057 cum
1440 2002 1756 2075 perspiciat

121 2093 191 2149 nil
221 2091 325 2148 sibi
357 2091 650 2163 stipendia
680 2090 994 2161 profecisse
1024 2091 1388 2159 meritorum,
1412 2096 1467 2146 et
1497 2091 1754 2147 alienum

121 2197 341 2239 suorum
375 2184 574 2236 cernat
605 2196 948 2235 consumere
982 2180 1205 2236 fructus
1233 2179 1521 2236 laborum.

186 2270 251 2324 ll.
274 2268 615 2340 Gregorium
641 2284 805 2335 sane,
822 2267 922 2340 qui
940 2272 1314 2340 Syracusana:
1331 2268 1599 2324 Ecclesiae
1622 2268 1759 2324 irre-

122 2358 404 2432 gulariter,
435 2361 613 2429 atque
643 2357 759 2412 Deo
803 2361 1136 2429 contempto
1166 2363 1394 2428 praeest,
1417 2375 1483 2413 eo
1515 2358 1668 2430 quod
1701 2361 1759 2412 et

125 2449 236 2522 ipse
264 2465 327 2502 ex
356 2451 523 2519 parte
582 2446 1090 2502 schismaticorum
1133 2447 1230 2512 sit,
1263 2451 1320 2502 et
1382 2452 1693 2518 postquam
1726 2463 1760 2500 a

126 2537 325 2608 synodo
355 2537 729 2607 episcopatus
769 2535 959 2590 ofﬁcio
1001 2536 1287 2608 privatus,
1310 2539 1365 2590 et
1395 2553 1428 2589 a
1457 2536 1758 2591 decessore

125 2642 239 2680 meo
266 2628 478 2680 sanetae
511 2623 805 2680 memoriae
828 2641 978 2696 papa
1004 2624 1310 2680 Benedicto
1334 2623 1625 2696 obligatus
1648 2628 1755 2690 est,

125 2717 172 2768 et
197 2712 460 2768 Photium
493 2711 709 2767 laicum
733 2711 927 2767 subito
957 2728 1297 2769 consecrare
1328 2711 1384 2766 in
1418 2712 1757 2784 episcopatu

127 2819 226 2856 non
257 2801 610 2865 formidavit,
644 2805 698 2856 et
737 2801 808 2856 de
858 2818 1021 2856 sacro
1071 2800 1395 2856 ministerio
1443 2818 1623 2855 ausus
1673 2804 1761 2854 est

124 2890 296 2945 multa
333 2889 876 2962 contingere,juxta
906 2889 1326 2961 praecedentem
1379 2889 1759 2945 consuetudi-

124 2995 242 3033 nem
275 2978 667 3043 sancimus,et
689 2979 859 3049 juxta
891 2978 1233 3034 canonicam
1284 2977 1757 3033 deliberationem

121 3068 425 3140 apostolica
458 3067 805 3122 auctoritate
836 3066 1183 3132 difﬁnimus,
1216 3071 1390 3139 atque
1421 3067 1758 3138 statuimus,

121 3156 266 3211 omni
279 3155 624 3211 sacerdotali
643 3159 1036 3227 carcre,atque
1055 3156 1346 3227 privatum
1363 3156 1481 3210 fore
1499 3155 1761 3211 ministe-

121 3245 227 3300 rio:
247 3243 327 3299 ita
350 3249 413 3299 ut
439 3243 603 3298 nullo
623 3245 794 3299 modo
818 3220 988 3300 liceat
1008 3220 1140 3299 eiin
1162 3243 1416 3315 qualibet
1435 3244 1656 3318 synodo
1678 3262 1761 3300 re-
1789 3220 1832 3287 (ἶ

119 3332 426 3389 stitutionis
465 3349 648 3404 spem,
683 3337 784 3387 aut
825 3331 1015 3387 locum
1054 3332 1266 3388 habere
1298 3332 1714 3389 satisfactionis
1744 3349 1756 3386 :

120 3423 261 3494 quod
293 3422 337 3478 si
374 3423 446 3477 de
484 3421 704 3494 reliquo
738 3421 1176 3493 praesumpserit
1228 3421 1286 3476 in
1347 3438 1511 3478 sacro
1571 3421 1760 3477 ofﬁcio

121 3527 267 3566 more
295 3509 618 3566 sacerdotis
664 3508 867 3581 quovis
917 3514 1177 3583 tempore
1228 3509 1583 3577 ministrare,
1618 3527 1760 3566 ana-

122 3599 305 3655 thema
337 3600 433 3656 sit.
461 3600 575 3654 Sed
606 3603 663 3654 et
693 3598 739 3654 si
767 3603 969 3654 contra
997 3599 1230 3654 fratrem
1264 3604 1321 3654 et
1351 3600 1760 3671 coepiscopum

122 3693 374 3743 nostrum
408 3687 704 3760 lgnatium
759 3688 964 3742 turbas
996 3687 1447 3754 excitaverit,vel
1505 3689 1578 3742 ab
1635 3689 1762 3760 ejus

119 3777 525 3833 communione
559 3776 757 3832 ﬁdeles
788 3776 1076 3842 averterit,
1101 3776 1415 3832 anathema
1435 3776 1532 3832 sit.
1558 3777 1626 3832 Et
1646 3795 1765 3832 om-

121 3884 212 3921 nes
243 3865 751 3922 communicantes
784 3865 832 3920 ei
867 3865 938 3920 ab
970 3864 1228 3920 Ecclesia
1257 3865 1628 3937 abjiciantur,
1663 3866 1763 3922 sed

121 3960 166 4010 et
194 3955 300 4029 ipsi
335 3954 659 4033 anathema
687 3954 824 4011 sint.

183 4044 272 4100 ΙΙΙ.
297 4045 407 4100 Eos
429 4061 588 4109 vero,
616 4060 762 4115 quos
787 4042 1026 4099 Photius
1049 4043 1396 4116 neophytus,
1413 4047 1467 4098 et
1487 4043 1768 4098 Constan-

119 4132 511 4206 tinopolitanae
541 4131 696 4188 sedis
729 4132 979 4198 invasor,
1008 4132 1064 4186 in
1089 4130 1764 4203 quolibetecclesiastico

121 4223 310 4278 ordine
369 4221 654 4294 provexit,
691 4219 967 4293 quoniam
1001 4220 1376 4276 manifestum
1439 4224 1526 4275 est
1578 4236 1675 4276 eos
1706 4219 1764 4274 in

121 4310 384 4366 omnibus
407 4309 834 4365 consccratoris
856 4309 946 4364 sui
971 4309 1353 4382 pravitatibus
1377 4307 1764 4372 consensisse,

121 4403 281 4471 atque
313 4401 364 4455 ei
402 4402 536 4472 post
569 4397 924 4453 invasionem
958 4396 1392 4452 communicare
1417 4395 1766 4468 [communi-

121 4487 496 4562 casse],omni
528 4485 776 4542 clericali
803 4487 996 4542 ofﬁcio
1020 4486 1338 4558 privamus,
1363 4490 1418 4540 et
1449 4484 1771 4557 apostolica

1852 581 2092 633 sanctus
2121 577 2410 644 revelavit,
2441 583 2499 634 et
2539 579 2765 635 dudum
2809 580 3119 636 Zacharias
3167 581 3498 657 episcopus,

1853 667 1954 738 qui
1979 684 2132 722 unus
2153 667 2224 722 de
2255 667 2474 723 eisdem
2505 669 2736 724 duobus
2766 669 2974 741 legatis
3005 671 3243 737 exstitit,
3270 674 3505 745 propria

1854 754 2216 811 confessione
2250 756 2661 828 manifestavit)
2686 757 2886 813 infulis
2926 763 3015 814 est
3045 761 3505 818 sacerdotalibus

1856 843 2237 915 despoliatus,
2253 846 2596 901 auctoritate
2610 846 2826 902 summi
2837 847 3056 918 judicis
3075 849 3304 905 Domini
3324 851 3505 906 nostri

1854 933 1994 989 Jesu
2025 933 2238 988 Christi
2271 934 2734 1006 promulgamus,
2764 936 3083 1003 sancimus,
3109 942 3284 1009 atque
3315 940 3508 996 decer-

1857 1021 2076 1089 nimus,
2099 1039 2360 1094 unquam
2393 1041 2496 1078 nec
2528 1023 2727 1091 fuisse,
2752 1042 2857 1080 nec
2888 1043 3016 1082 esse
3047 1027 3397 1098 depositum,
3419 1029 3506 1085 vel

1857 1111 2723 1184 anathematizatum,tanquam
2740 1114 2837 1185 qui
2857 1114 2928 1168 ab
2944 1114 3230 1186 imperiali
3250 1118 3509 1188 potentia

1858 1200 1934 1255 sit
1950 1200 2170 1271 absque
2195 1198 2314 1255 ulla
2335 1201 2614 1256 canonica
2629 1203 2974 1259 auctoritate
2998 1202 3204 1275 pulsus
3227 1205 3504 1274 Ecclesia,

1857 1292 1913 1344 et
1942 1292 2222 1359 tanquam
2250 1289 2348 1360 qui
2374 1289 2445 1344 ab
2476 1288 2730 1360 alligatis
2752 1289 2912 1346 nullo
2943 1291 3131 1363 possit
3159 1293 3357 1348 haberi
3388 1295 3510 1350 vin-

1858 1375 1989 1431 culo
2021 1375 2348 1448 colligatus,
2373 1381 2430 1431 et
2459 1377 2529 1432 ab
2551 1377 2634 1433 eis
2661 1377 2759 1449 qui
2795 1378 3016 1434 nullam
3043 1397 3176 1435 eum
3200 1382 3506 1451 judicandi

1860 1469 2226 1537 potestatem,
2266 1465 2355 1520 vel
2407 1466 2478 1519 ab
2536 1466 2854 1538 apostolica
2909 1469 3044 1524 sede
3100 1471 3507 1527 auctoritatem

1860 1554 2195 1619 habuerint,
2219 1558 2275 1610 et
2297 1553 2526 1610 nullum
2550 1555 2638 1610 sui
2673 1555 2912 1613 honoris
2934 1558 3249 1614 discrimen
3272 1549 3392 1632 pati
3411 1562 3511 1617 de-

1860 1642 2070 1698 buerit.
2092 1643 2160 1698 Et
2183 1643 2309 1698 ideo
2337 1642 2504 1698 illum
2530 1643 2608 1714 (id
2634 1649 2721 1698 est
2741 1647 3011 1702 eumdem
3037 1647 3275 1704 fratrem
3299 1653 3356 1704 et
3381 1667 3514 1704 con-

1861 1732 2221 1787 sacerdotem
2256 1736 2520 1786 nostrum
2557 1733 2847 1804 Ignatium
2879 1735 3317 1808 patriarcham),
3352 1737 3514 1794 omni

1860 1819 2091 1874 vinculo
2125 1819 2516 1875 anathematis
2548 1821 2619 1876 ab
2651 1838 2718 1876 eo
2760 1827 3002 1889 remoto,
3035 1841 3137 1896 per
3163 1831 3512 1897 potestatem

1862 1907 2057 1963 divina
2077 1925 2214 1964 voce
2245 1908 2302 1963 in
2335 1908 2676 1965 beatissimo
2705 1910 2871 1967 Petro
2891 1912 3183 1980 collatam,
3209 1919 3264 1970 et
3294 1933 3396 1987 per
3415 1933 3514 1971 au-

1863 1996 2159 2052 ctoritates
2194 2013 2495 2052 sacrorum
2537 2014 2848 2066 canonum,
2882 2004 2939 2055 et
2968 2001 3346 2058 decretalium
3375 2021 3513 2059 con-

1865 2085 2238 2140 stitutionum
2274 2101 2431 2140 more
2474 2091 2809 2141 sanctorum
2841 2088 3080 2144 Patrum
3130 2089 3510 2161 prolatarum,

1865 2173 2112 2245 pristino
2145 2173 2372 2243 honori,
2411 2171 2668 2245 pristinae
2702 2174 2971 2248 dignitati
3001 2181 3058 2232 et
3088 2179 3233 2244 sedi,
3267 2179 3514 2250 pristino

1865 2263 2092 2335 gradui,
2113 2266 2170 2318 et
2198 2261 2573 2334 patriarchio,
2593 2280 2659 2317 ac
2693 2263 2958 2335 pristinis
2979 2270 3034 2320 et
3062 2267 3516 2337 pontiﬁcialibus

1865 2351 2088 2416 infulis,
2106 2355 2281 2423 atque
2304 2350 2511 2406 ofﬁciis
2536 2352 2924 2419 restituimus,
2941 2355 3278 2423 statuimus,
3299 2373 3366 2413 ac
3387 2373 3520 2412 con-

1868 2440 2176 2495 ﬁrmamus
2211 2457 2223 2494 ε
2259 2440 2340 2494 ita
2372 2444 2437 2494 ut
2475 2440 2810 2513 quicunque
2855 2447 2988 2514 post
3036 2444 3308 2499 notitiam
3341 2445 3520 2517 hujus

1867 2527 2195 2600 apostolica:
2255 2533 2430 2598 atque
2479 2529 2765 2601 synodicm
2825 2531 3169 2599 sanctionis,
3203 2533 3522 2604 quominus

1868 2619 2084 2684 omnia,
2111 2634 2238 2689 quas
2261 2617 2676 2689 praemisimus,
2696 2617 2946 2691 insignis
2979 2623 3353 2693 pontiﬁcatus
3377 2623 3522 2679 reci-

1869 2707 2010 2780 piat,
2035 2706 2083 2761 ei
2118 2705 2468 2778 impedierit,
2492 2709 2547 2760 et
2579 2721 2690 2761 non
2729 2707 2784 2761 in
2822 2708 3096 2766 omnibus
3132 2709 3268 2765 huic
3290 2712 3521 2768 decreto

1869 2794 2173 2860 obedierit,
2189 2794 2274 2849 vel
2299 2812 2359 2850 se
2381 2795 2452 2849 ab
2469 2795 2596 2865 ejus
2611 2796 3027 2852 communione
3047 2800 3416 2870 scperaverit,
3431 2799 3521 2855 vel

1870 2884 2117 2940 ulterius
2141 2889 2342 2939 contra
2364 2900 2497 2938 eum
2530 2882 2764 2954 aliquod
2790 2883 3082 2955 judicium
3116 2887 3371 2958 proferre
3402 2892 3521 2943 ten-

1869 2973 2331 3044 taverit,absque
2361 2972 2516 3028 sedis
2538 2973 2820 3028 duntaxat
2851 2974 3181 3046 apostolica:
3213 2977 3516 3049 praemisso

1869 3079 2188 3131 consensu;
2212 3062 2257 3116 si
2284 3061 2518 3134 quidem
2540 3061 2784 3117 clericus
2807 3062 3085 3129 fuerit,ab
3108 3065 3266 3120 omni
3286 3065 3518 3122 clerica-

1871 3158 1967 3207 tus
1991 3151 2182 3207 ofﬁcio
2205 3167 2398 3206 coram
2417 3151 2532 3206 Deo
2554 3156 2609 3205 et
2630 3151 2968 3207 hominibus
2985 3152 3060 3207 sit
3082 3152 3326 3222 alienus,
3342 3159 3518 3227 atque

1871 3239 2111 3313 perenni
2145 3257 2313 3311 poena
2342 3243 2621 3311 tanquam
2672 3239 2770 3310 qui
2822 3240 3170 3313 magistrum
3201 3242 3522 3314 prodiderit

1869 3346 2002 3385 cum
2036 3329 2189 3384 Juda
2219 3327 2497 3383 traditore
2528 3328 3025 3400 constringantur,
3054 3335 3110 3385 et
3140 3330 3250 3386 nisi
3283 3348 3316 3387 a
3345 3349 3523 3404 prava

1871 3418 2192 3474 intentione
2227 3416 2547 3484 recesserit,
2580 3422 2857 3489 perpetuo
2889 3418 3258 3476 anathemate
3290 3425 3524 3476 maneat

1871 3508 2326 3573 condemnatus;
2351 3505 2398 3561 si
2427 3523 2559 3562 vero
2588 3506 2772 3562 laicus
2793 3507 3077 3563 exstiterit
3105 3508 3202 3564 ille
3227 3510 3522 3582 (quisquis

1871 3598 1980 3668 est)
2013 3596 2152 3651 huic
2191 3600 2399 3651 nostrae
2431 3595 2834 3651 constitutioni
2867 3596 3154 3652 contraire
3183 3602 3435 3666 tentans,
3468 3603 3527 3655 et

1873 3702 2006 3740 eum
2039 3685 2238 3739 sedem
2269 3687 2326 3738 et
2351 3699 2586 3738 omnem
2618 3682 2929 3754 pristinam
2961 3685 3247 3740 duntaxat
3277 3686 3527 3759 dignita-

1871 3777 1988 3829 tem
2023 3773 2280 3845 recipere
2318 3788 2434 3827 non
2479 3773 2829 3843 permiserit,
2862 3772 2949 3828 vel
2983 3773 3030 3828 si
3063 3779 3195 3846 post
3234 3778 3526 3847 receptam

1873 3863 2128 3935 priorem
2158 3862 2356 3916 sedem
2383 3861 2574 3915 denuo
2608 3859 2775 3915 illum
2809 3861 3125 3933 impellere,
3150 3867 3208 3917 et
3231 3879 3264 3917 a
3284 3862 3529 3934 patriar-

1874 3949 2004 4005 chio
2053 3948 2334 4020 expellere
2383 3949 2711 4013 tentaverit,
2745 3947 2829 4001 vel
2881 3965 3139 4020 personae
3189 3949 3376 4021 ipsius
3423 3969 3527 4008 seu

1874 4036 2215 4092 sacerdotali
2251 4035 2455 4090 honori
2499 4036 2757 4106 aliquam
2795 4036 3122 4091 molestiam
3168 4039 3295 4092 sine
3328 4040 3528 4110 prima:

1875 4126 2055 4197 hujus
2085 4126 2240 4180 sedis
2272 4141 2559 4179 consensu
2605 4124 2891 4192 intulerit,
2926 4126 3082 4180 omni
3128 4126 3529 4183 benedictione

1877 4218 2120 4288 paterna
2180 4212 2454 4285 privetur,
2515 4217 2569 4266 et
2628 4211 3033 4268 maledictione
3091 4214 3364 4270 Chanaan
3424 4215 3528 4270 ﬁlii

1877 4304 2077 4370 Cham,
2107 4302 2202 4374 qui
2236 4301 2644 4356 verecundiam
2679 4300 2858 4372 patris
2889 4301 2980 4357 sui
3013 4302 3216 4359 videns
3248 4321 3361 4360 non
3395 4321 3531 4360 coo-

1881 4390 2093 4464 peruit,
2128 4391 2228 4446 sed
2293 4388 2499 4458 irrisit,
2527 4388 2871 4456 mulctetur;
2924 4394 2979 4444 et
3028 4408 3162 4446 cum
3226 4393 3532 4464 parricidis

1880 4486 2097 4536 aeterna
2126 4497 2292 4552 pmna
2320 4478 2560 4534 Domino
2583 4479 2890 4550 judicante
2912 4478 3278 4550 pcrcellatur,
3303 4486 3360 4536 et
3382 4482 3536 4537 nexi-

119 4581 281 4650 atque
312 4575 602 4632 canonica
631 4576 998 4642 auctoritate,
1025 4579 1080 4631 et
1112 4574 1376 4646 synodali
1412 4575 1639 4630 decreto
1672 4592 1770 4630 eos
1805 4592 1848 4656 Β
1881 4572 1991 4626 bus
2025 4568 2415 4624 anathematis
2451 4567 2681 4623 nonnisi
2713 4565 3062 4638 resipiscens
3093 4567 3327 4639 penitus
3359 4585 3533 4625 erua-

119 4665 343 4736 penitus
379 4669 847 4736 sequestramus.

183 4753 270 4809 IV.
297 4753 864 4809 Reverentissimum
886 4756 943 4807 et
973 4751 1417 4807 sanctissimum
1447 4753 1683 4808 fratrem
1719 4757 1777 4808 et

119 4843 460 4915 coepiscopu
473 4859 528 4896 m
549 4847 813 4897 nostrum
835 4840 1123 4913 Ignatium
1144 4846 1360 4896 sanctae
1372 4841 1669 4897 Constanti
1682 4859 1777 4897 no-

119 4930 386 5002 politanae
419 4929 680 4986 ecclesiae
732 4929 1262 5002 patriarcham,qui
1296 4928 1484 5000 primo
1539 4929 1775 5000 quidem

120 5019 406 5094 imperiali
431 5018 712 5075 violentia
735 5035 798 5074 ac
825 5023 1062 5084 terrore,
1088 5018 1322 5090 proprio
1355 5018 1563 5073 throno
1588 5017 1777 5089 priva-

119 5113 208 5165 tus
239 5113 348 5175 est,
385 5115 445 5164 et
480 5113 681 5181 postea
711 5125 745 5163 a
771 5107 975 5163 Photio
1008 5106 1291 5175 adultero,
1319 5106 1775 5178 praevaricatore,

122 5214 182 5252 ac
212 5214 528 5270 pervasere
560 5196 717 5252 sedis
749 5195 1426 5267 Constantinopolitanaz,
1463 5199 1519 5250 et
1549 5195 1620 5250 ab
1653 5197 1780 5267 ejus

121 5286 512 5360 complicibus
526 5284 1068 5356 (excommunicatis
1085 5283 1349 5339 videlicet
1369 5287 1424 5339 et
1446 5284 1783 5339 anathema-

120 5373 328 5442 tizatis,
359 5378 542 5448 atque
573 5373 887 5440 damnatis,
922 5377 979 5429 et
1010 5373 1134 5428 sine
1165 5372 1598 5445 episcopalibus
1632 5373 1782 5429 sedi-

121 5463 247 5530 bus,
282 5468 340 5519 et
370 5482 406 5518 a
440 5463 746 5519 decessore
788 5479 916 5517 meo
967 5465 1179 5516 sancta:
1230 5461 1646 5516 recordationis
1679 5461 1782 5517 Be-

123 5553 350 5608 nedicto
379 5568 556 5624 papa,
581 5550 853 5624 obligatis
875 5549 1236 5620 hominibus)
1261 5549 1785 5604 anathematizatus

121 5645 226 5711 est,
251 5647 307 5697 et
340 5646 642 5714 postremo
684 5641 755 5696 ab
803 5639 1134 5712 apostolicae
1167 5639 1322 5694 sedis
1358 5638 1538 5693 misso
1587 5644 1788 5693 contra

1885 4664 2001 4715 tur.

1955 4749 2021 4802 V.
2056 4749 2167 4802 Eos
2199 4752 2392 4802 autem
2440 4747 2763 4819 episcopos,
2797 4764 2898 4802 seu
2950 4746 3265 4817 cujuslibet
3313 4747 3537 4803 ordinis

1886 4838 2146 4903 clericos,
2179 4836 2278 4909 qui
2313 4841 2444 4908 post
2492 4835 2772 4906 injustam
2803 4836 3185 4908 dejectionem
3238 4835 3434 4891 fratris
3481 4840 3540 4891 et

1887 4926 2212 4999 cocpiscopi
2248 4925 2428 4980 nostri
2466 4923 2696 4996 lgnatii,
2721 4924 2807 4979 vel
2841 4925 2900 4980 in
2931 4924 3132 4980 exsilio
3168 4923 3428 4996 relegati,
3451 4924 3539 4979 vel

1889 5015 2360 5082 ministerio,aut
2388 5014 2569 5086 gradu
2600 5012 2881 5069 invidiose
2911 5013 3115 5086 privati
3141 5019 3299 5080 sunt,
3330 5013 3540 5069 statui-

1890 5121 2023 5159 mus
2045 5110 2106 5158 ut
2124 5101 2326 5158 exsilio
2348 5100 2634 5156 dissoluto
2656 5102 2921 5173 proprias
2938 5103 3305 5174 sedes,atque
3322 5102 3543 5174 gradus

1890 5192 2191 5263 recipiant.
2228 5191 2388 5257 Quod
2433 5190 2481 5244 si
2515 5190 2830 5262 quisquam
2889 5190 3024 5246 huic
3055 5192 3286 5247 decreto
3345 5195 3543 5246 nostro

1890 5281 2178 5336 contraire
2211 5278 2668 5352 praesumpserit,
2696 5284 2753 5334 et
2785 5283 2850 5334 ut
2879 5280 3066 5343 sedes,
3090 5279 3177 5335 vel
3209 5280 3426 5352 gradus
3457 5297 3546 5335 re-

1893 5373 2130 5425 sumant
2161 5368 2514 5440 impedierit,
2547 5385 2856 5440 quousque
2897 5385 3007 5423 non
3042 5368 3544 5441 obtemperaverit,

1894 5459 2206 5514 anathema
2230 5457 2482 5513 sit.Sane
2505 5457 2550 5513 si
2577 5457 2675 5528 qui
2698 5474 2763 5513 ex
2785 5459 2870 5514 eis
2891 5459 2963 5513 ab
2985 5457 3117 5513 aliis
3139 5457 3550 5524 criminantur,

1895 5546 2265 5602 decernimus
2288 5564 2386 5601 eos
2411 5552 2581 5601 antea
2603 5548 2769 5602 sedes
2794 5546 3031 5619 quidem
3059 5553 3114 5602 et
3136 5547 3402 5620 proprios
3425 5563 3552 5618 gra-

1897 5638 2007 5692 dus
2058 5635 2331 5706 recipere,
2355 5636 2609 5706 judicari
2659 5641 2853 5691 autem
2890 5635 3000 5691 nisi
3034 5654 3066 5691 a
3097 5637 3231 5693 sede
3292 5637 3554 5692 Romana
