3894 6204
351 326 477 391 855

1720 325 2034 391 NICOLAI
2075 325 2307 389 PAPE
2349 327 2397 388 Ι.

3647 320 3759 387 856

353 483 471 523 non
492 463 766 540 patimur.
788 464 897 520 Sed
926 463 975 521 si
1001 481 1117 537 qua
1137 467 1343 537 praeter
1366 463 1624 538 regulam
1650 464 1792 520 forte
1810 463 2001 536 egisse
2030 463 2083 530 Α
2112 461 2455 535 praccipites.
2476 462 2864 530 Quamobrem
2911 461 3219 520 destinatis
3265 460 3327 519 in
3377 460 3619 519 diversa
3645 460 3766 515 lora

355 557 655 623 dicuntur,
678 559 878 609 nostro
917 570 1016 610 eos
1063 553 1296 609 decreto
1335 554 1690 626 judicandos
1720 552 1999 610 reservari

352 645 688 709 statuimus,
703 643 875 715 juxta
898 643 1052 715 quod
1084 647 1140 698 et
1169 643 1320 699 sacri
1350 643 1697 716 praecipiunt
1726 659 1997 699 canones.

419 734 513 789 VI.
549 733 713 800 Quod
761 736 988 805 oportet
1016 729 1125 788 nos
1155 734 1448 805 majorum
1500 736 1834 788 nostrorum
1883 735 2001 787 sta-

351 826 481 880 tuta
508 824 751 878 immoto
781 820 996 878 mentis
1025 821 1243 877 intuitu
1267 826 1703 889 conservare,et
1730 820 1789 876 in
1821 820 2004 877 omni-

350 915 463 970 bus
492 916 831 968 sanctorum
862 912 1102 967 Patrum
1147 928 1379 985 semper
1415 911 1690 983 dogmata
1718 910 2000 983 venerari,

353 1000 681 1058 diﬁinimus
701 1000 771 1056 de
793 999 981 1055 sacris
998 1014 1055 1055 et
1068 999 1415 1055 venerandis
1438 999 1796 1073 imaginibus
1815 1000 2007 1055 Domi-

357 1091 417 1148 ni
438 1090 622 1146 nostri
646 1089 785 1146 Jesu
809 1088 1303 1161 Cbristi,ejusque
1326 1104 1559 1162 semper
1572 1089 1829 1162 Virginis
1850 1088 2007 1162 geni-

356 1181 522 1239 tricis
552 1178 767 1245 Marize,
800 1178 1064 1233 omnium
1104 1182 1461 1245 sanctorum,
1487 1178 1585 1250 qui
1616 1178 1731 1235 Deo
1762 1178 1834 1234 ab
1865 1177 2005 1233 Abel

350 1272 517 1343 justo
549 1267 840 1341 placuisse
881 1267 1219 1335 creduntur,
1244 1283 1392 1338 quos
1430 1266 1685 1323 Ecclesia
1713 1273 1919 1324 sancta
1944 1267 2005 1323 in

361 1359 632 1416 universo
662 1357 800 1414 orbe
852 1356 1068 1411 diffusa
1114 1355 1439 1428 antiquitus
1487 1356 1729 1429 accepit,
1763 1374 2008 1433 quaeque

361 1448 519 1506 sedis
547 1445 876 1519 apostolicae
925 1445 1205 1518 praesules
1253 1461 1356 1518 pro
1396 1445 1480 1501 eis
1510 1446 1907 1513 decreverunt,
1941 1465 2008 1504 ac

362 1540 713 1602 statuerunt,
732 1532 959 1590 illibata
981 1533 1312 1605 persistere,
1327 1538 1500 1607 atque
1520 1534 1868 1592 intemerata
1890 1553 2009 1592 ma-

362 1645 519 1684 nere.
544 1627 907 1697 Quapropter
947 1623 1233 1679 Joannem
1267 1624 1563 1696 quondam
1602 1625 2012 1681 Constantino-

361 1715 689 1790 politanum
718 1712 1037 1769 antistitem
1063 1713 1137 1785 (α)
1159 1716 1216 1767 et
1244 1729 1526 1785 sequaces
1554 1713 1880 1787 ipsius,qui
1911 1730 2010 1772 eas

2109 568 2243 607 cum
2275 550 2539 624 epistolis
2557 551 2638 622 (id
2670 556 2778 619 est,
2805 551 2901 609 ubi
2925 551 3086 609 solus
3109 552 3276 609 illum
3298 568 3511 608 rumor
3536 549 3769 607 latitare

2109 640 2445 710 fatebatur),
2499 640 2701 697 missis
2759 640 2997 708 nostris,
3046 640 3311 698 videlicet
3368 640 3774 698 sanctissimis

2109 729 2417 802 episcopis,
2450 734 2644 786 ratum
2676 748 2809 786 eum
2855 731 3132 788 duximus
3161 730 3491 789 convocari.
3524 731 3642 787 Sed
3678 729 3774 785 ille

2111 819 2370 875 diversas
2397 819 2649 876 latebras
2699 820 3058 893 penetrando
3086 824 3177 890 (ut
3206 824 3337 894 pote
3385 819 3550 876 {ilius
3584 819 3773 875 noctis

2112 913 2169 964 et
2197 908 2590 977 tenebrarum,
2618 910 2717 982 qui
2751 926 2927 982 opera
2955 909 3106 966 lucis
3126 914 3184 967 et
3213 910 3325 966 diei
3353 925 3595 981 semper
3625 909 3776 964 refu-

2112 997 2298 1070 giens,
2332 1015 2571 1053 causam
2620 1016 2789 1055 suam
2822 1000 2894 1055 ad
2940 999 3477 1057 manifestationem
3521 998 3776 1071 justitiae

2114 1086 2256 1143 solis
2286 1084 2495 1143 deduci
2526 1087 2822 1156 formidat)
2853 1105 3162 1162 quousque
3190 1087 3394 1156 valuit,
3430 1087 3608 1144 nobis
3639 1088 3776 1144 obe-

2115 1175 2239 1232 dire
2268 1176 2554 1249 dexpexit.
2586 1179 2657 1232 At
2687 1177 2789 1233 ubi
2819 1194 2935 1233 non
2967 1179 3182 1251 reperit
3212 1181 3406 1245 tutum
3439 1195 3561 1233 suae
3592 1176 3777 1250 tergi-

2114 1266 2458 1322 versationis
2504 1265 2842 1335 latibulum,
2875 1267 3113 1323 tandem
3144 1266 3460 1340 aliquando
3522 1267 3773 1323 Romam

2115 1354 2303 1410 redire
2334 1370 2515 1410 ausus
2542 1358 2651 1411 est.

2186 1444 2254 1499 Et
2284 1460 2417 1500 cum
2450 1461 2556 1500 nos
2598 1444 2751 1501 inter
2787 1445 3107 1501 furentium
3148 1446 3621 1503 adver:ariorum
3654 1444 3775 1500 lin-

2116 1549 2284 1605 guas,
2308 1536 2365 1588 et
2390 1549 2601 1589 manus
2623 1534 2777 1606 apud
2801 1534 3038 1607 beatum
3063 1534 3297 1591 Petrum
3320 1534 3655 1608 apostolum
3679 1534 3776 1588 de—

2117 1639 2408 1695 geremus,
2431 1621 2554 1695 ipse
2599 1622 2931 1695 insperatus
2980 1641 3159 1697 super
3213 1641 3321 1681 nos
3376 1624 3592 1691 hostis,
3626 1624 3777 1687 inter

2118 1712 2317 1768 hostes
2348 1711 2558 1785 irrupit
2582 1730 2595 1767 :
2619 1715 2695 1780 et,
2716 1716 2782 1767 ut
2822 1731 2977 1769 nunc
3011 1713 3210 1780 claret,
3233 1714 3445 1770 iterum
3470 1714 3773 1770 discessu-

360 1804 732 1879 frangendas,
752 1807 927 1875 atque
956 1801 1266 1858 calcandas
1303 1817 1432 1858 esse
1461 1819 1557 1859 ore
1599 1802 1817 1876 polluto
1849 1820 2011 1861 asse-
2043 1833 2091 1899 Β
2120 1818 2221 1857 rus
2251 1800 2654 1857 fraudulenter
2681 1803 2956 1872 accessit;
2983 1820 3098 1876 quo
3128 1806 3321 1859 tamen
3354 1818 3622 1876 carpere,
3656 1819 3773 1865 non

358 1898 583 1964 verant,
610 1891 871 1965 quandiu
904 1891 977 1947 de
1005 1889 1100 1947 his
1130 1891 1438 1947 nobiscum
1472 1909 1589 1948 non
1619 1894 1928 1961 senserint,
1952 1900 2011 1951 et

356 1986 526 2057 juxta
547 1986 883 2037 sanctorum
904 1980 1249 2053 pontificum
1272 1980 1667 2038 Romanorum
1692 1983 1940 2050 decreta,
1956 1988 2013 2040 et

364 2073 612 2130 aliorum
643 2068 1064 2126 catholicorum
1087 2069 1323 2125 Patrum
1357 2070 1628 2127 instituta
1659 2089 1773 2128 non
1806 2090 2012 2146 sapue-

365 2162 503 2228 rint,
541 2159 839 2216 sancimus
870 2174 969 2213 eos
1001 2175 1033 2212 a
1054 2157 1306 2225 Christo,
1338 2163 1396 2215 et
1427 2160 1499 2215 ab
1528 2159 1785 2218 Ecclesia
1813 2163 2010 2220 catho-

365 2251 481 2307 lica
510 2253 686 2320 atque
715 2245 1034 2319 apostolica
1053 2262 1181 2302 esse
1212 2246 1546 2305 anathema.

401 2355 661 2421 (Capitula
688 2367 807 2422 quas
834 2353 1239 2422 subsequuntur
1267 2355 1320 2404 in
1355 2355 1455 2422 alia
1492 2357 1738 2422 primitus
1768 2372 1799 2408 a
1827 2358 1982 2409 nobis

679 2416 898 2467 collecta
925 2416 1134 2480 synodo
1160 2416 1506 2483 promulgata
1537 2422 1702 2484 sunt.)

1165 2533 1211 2593 Ι.

441 2625 581 2694 Quia
608 2625 869 2681 Dominus
897 2624 1050 2681 Jesus
1082 2623 1333 2753 Christe:
1373 2642 1537 2684 carne
1573 2630 1944 2688 tantummodo

1035 2711 1223 2753 passus
1252 2713 1306 2753 es
1334 2739 1346 2752 .

1030 2711 1223 2766 passus
1252 2711 1346 2754 est.

431 2802 731 2860 Veraciter
761 2801 997 2875 quidem
1039 2803 1394 2860 credendum
1426 2811 1538 2877 est,
1561 2811 1618 2864 et
1655 2809 2014 2873 omnimodis

364 2892 759 2965 proﬁtendum
787 2909 800 2946 :
834 2891 972 2965 quia
1003 2892 1288 2951 Dominus
1319 2900 1518 2951 noster
1544 2896 1718 2955 Jesus
1747 2899 2015 2960 Christus

361 2984 535 3049 Deus,
560 2985 617 3041 et
645 2980 744 3037 Dei
780 2979 963 3039 Filius
1005 2983 1340 3055 passionem
1373 2984 1564 3041 crucis
1604 2991 2013 3049 tantummodo

363 3070 689 3128 secundum
721 3086 954 3127 carnem
986 3069 1270 3127 sustinuit
1294 3089 1307 3128 :
1332 3072 1545 3130 deitate
1576 3081 1771 3134 autem
1802 3079 2016 3153 impas-

365 3158 556 3219 sibilis
600 3158 840 3271 mansit,
872 3163 938 3214 ut
993 3159 1322 3271 apostolica
1369 3162 1535 3221 docet
1590 3168 1926 3237 auctoritas,
1959 3176 2017 3229 et
2044 3204 2087 3271 α

365 3252 703 3307 sanctorum
738 3246 973 3304 Patrum
1012 3246 1381 3306 lucidissima
1410 3251 1675 3312 doctrina
1703 3258 1975 3315 ostendit.

564 3465 639 3519 De
666 3462 752 3517 his
781 3462 879 3533 qui
903 3460 1251 3518 divinitatem
1275 3466 1591 3535 possibile»:
1616 3468 1822 3528 dicunt.

440 3567 511 3624 Hi
540 3571 736 3623 autem
767 3566 865 3639 qui
915 3565 1081 3621 aiunt
1123 3567 1262 3640 quia
1310 3569 1665 3646 Redemptor
1709 3584 1926 3650 noster,
1960 3589 2017 3640 et

366 3656 653 3713 Dominus
679 3655 857 3710 Jesus
885 3654 1152 3712 Christus
1185 3662 1334 3714 Deus
1365 3663 1422 3715 et
1453 3662 1548 3718 Dei
1582 3664 1761 3723 Filius
1791 3673 2014 3742 passio-

363 3760 503 3801 nem
532 3743 725 3800 crucis
754 3745 1078 3801 secundum
1101 3746 1379 3803 deitatem
1402 3752 1702 3822 sustinuit,
1736 3760 1889 3829 quod
1913 3761 2014 3817 im-

362 3832 528 3906 pium
576 3837 684 3898 est,
716 3836 774 3889 et
802 3831 1104 3890 catholicis
1135 3836 1430 3893 mentibus
1461 3844 1835 3913 exsecrabile,
1872 3866 2018 3911 ana-

368 3921 569 3978 thema
597 3921 736 3978 sint.

432 4009 618 4085 Igitur
644 4011 873 4068 rediens
904 4011 1279 4071 Rhadoaldus
1310 4032 1344 4071 a
1370 4017 1594 4088 Galliis,
1620 4022 1718 4077 ubi
1754 4041 1866 4081 non
1900 4027 2010 4083 mi-

361 4116 506 4156 nora
533 4116 710 4172 quam
754 4099 815 4155 in
845 4101 1486 4177 Constantinopolitana
1531 4110 1674 4167 urbe
1705 4129 2008 4186 perperam

361 4192 643 4261 gesserat,
665 4194 722 4243 et
749 4188 1034 4262 collegam
1067 4206 1243 4248 suum
1273 4193 1389 4250 tale
1421 4196 1557 4269 quid
1594 4201 1902 4271 pertulisse
1923 4221 2013 4260 co-

360 4291 670 4348 gnoscens,
685 4276 826 4349 quin
854 4278 1051 4350 potius
1076 4284 1434 4340 conscientia
1472 4288 1705 4361 propria
1734 4292 2007 4349 stimula-

360 4364 739 4452 tus,expavit.
755 4367 917 4431 Quod
943 4384 1048 4425 nos
1069 4369 1365 4429 intuentes
1390 4390 1462 4429 ne
1482 4376 1621 4446 quid
1645 4378 2008 4452 formidaret,

359 4451 527 4509 illum
550 4454 868 4510 admodum
886 4473 1095 4513 sumus
1112 4458 1349 4525 hortati,
1364 4462 1495 4534 subj
1505 4471 1788 4537 uagantes
1804 4451 2011 4529 dunta-

2120 1893 2315 1946 mente
2334 1907 2582 1958 reverso,
2607 1897 2663 1947 et
2685 1891 2887 1967 synodi
2918 1897 3177 1966 tempore
3202 1898 3438 1967 propter
3461 1892 3772 1948 imminen-

2121 1984 2208 2035 tes
2220 1979 2477 2035 hostium
2495 1981 2903 2054 oppressiones
2919 1981 3357 2049 dilato,rumore
3369 1983 3775 2045 crebrescente

2121 2068 2478 2137 ditl'amatur,
2498 2070 2652 2142 quod
2678 2070 3052 2127 Rhadoaldus
3073 2071 3263 2129 denuo
3286 2073 3487 2147 fugam
3517 2073 3774 2148 arripere

2122 2158 2522 2214 meditaretur.
2553 2158 2676 2223 Quo
2708 2158 2931 2227 audito,
2956 2160 3096 2234 quia
3134 2178 3248 2216 non
3289 2167 3630 2237 poteramus
3661 2163 3774 2221 sub

2123 2252 2243 2303 tam
2266 2247 2556 2303 horrendo
2579 2265 2736 2304 naevo
2751 2248 3068 2306 Ecclesiam
3092 2268 3206 2307 non
3230 2251 3542 2312 habentem
3564 2270 3774 2311 macu-

2122 2337 2240 2393 lam
2266 2337 2413 2405 [edit.
2436 2339 2588 2394 Rom.
2613 2338 2780 2395 addit.
2809 2343 2911 2394 aut
2932 2346 3180 2414 rugam],
3203 2346 3303 2401 aut
3323 2341 3544 2416 aliquid
3568 2343 3779 2415 hujus-

2124 2427 2303 2494 modi,
2327 2427 2611 2496 deserere,
2627 2427 2944 2501 quominus
2964 2427 3125 2491 illam
3153 2430 3330 2488 etiam
3352 2449 3388 2487 a
3408 2431 3556 2490 falsa
3576 2433 3776 2507 suspi-

2124 2515 2287 2572 cione
2318 2516 2697 2573 redderemus
2719 2521 3003 2574 extorrem
3030 2535 3042 2575 :
3068 2535 3174 2577 nec
3206 2524 3543 2594 poteramus
3574 2539 3776 2596 perso-

2123 2621 2260 2661 nam
2294 2604 2353 2659 in
2374 2606 2555 2661 tantis
2583 2605 3152 2678 praevaricationibus
3177 2608 3634 2679 dill'amatam,et
3653 2617 3777 2669 tam

2126 2696 2463 2768 [tantorum]
2485 2695 2769 2758 scelerum
2789 2712 2886 2752 ore
2905 2698 3081 2769 (forte,
3096 2699 3283 2767 sorde]
3309 2716 3636 2774 aspersam,
3650 2702 3778 2757 sine

2125 2783 2523 2841 satisfactione
2553 2785 2613 2840 in
2643 2784 3116 2849 communionem
3148 2793 3408 2845 nostram
3443 2790 3773 2860 admittere,

2124 2890 2320 2931 coram
2377 2873 2582 2931 multis
2634 2874 2914 2935 fratribus
2974 2881 3031 2932 et
3086 2877 3396 2951 episcopis,
3457 2896 3777 2955 coramque

2124 2963 2394 3036 plurimis
2426 2962 2563 3020 ﬁliis
2592 2967 2804 3019 sanctae
2843 2965 3023 3037 hujus
3051 2965 3319 3027 Ecclesia:
3350 2968 3774 3026 admonuimus

2123 3069 2280 3119 cum,
2305 3056 2596 3126 quatenus
2627 3052 2777 3114 sicut
2808 3054 2972 3126 prius
3012 3054 3233 3111 nullam
3280 3057 3338 3114 in
3390 3064 3620 3131 partem
3651 3060 3773 3115 sine

2124 3146 2325 3198 nostra
2352 3140 2587 3203 licentia
2616 3159 2652 3197 a
2680 3143 2943 3201 Romana
2960 3144 3285 3203 discederet
3308 3147 3479 3215 urbe;
3501 3148 3604 3205 sed
3628 3148 3775 3213 inea

2126 3232 2409 3299 residens,
2432 3231 2557 3289 sine
2587 3231 2794 3287 timore
2824 3233 2948 3291 suis
2980 3231 3221 3291 licenter
3249 3241 3442 3305 utens,
3464 3242 3523 3293 et
3551 3239 3772 3294 amicos

2124 3338 2190 3376 ac
2222 3314 2490 3377 homines
2539 3338 2678 3381 suos
2719 3320 2898 3379 libere
2928 3324 3259 3397 possidens,
3279 3328 3516 3400 tempus
3568 3328 3771 3400 synodi

2124 3427 2243 3483 qua
2262 3411 2603 3487 purgandus
2623 3414 2794 3479 esset,
2819 3410 3148 3485 intrepidus
3167 3418 3560 3487 exspectaret:
3580 3416 3774 3474 sciens

2123 3501 2380 3573 profecto
2428 3498 2574 3554 nihil
2614 3516 2675 3555 se
2720 3499 3006 3573 injustum
3066 3505 3221 3570 ante,
3243 3503 3331 3560 vel
3388 3509 3544 3579 post,
3570 3511 3775 3578 prater

2124 3604 2365 3649 examen
2396 3589 2740 3661 synodicum
2772 3589 2891 3645 fore
2928 3606 3264 3661 passurum,
3295 3593 3396 3653 sed
3429 3593 3492 3657 in
3512 3594 3769 3666 justitia,

2124 3693 2302 3749 quam
2332 3676 2591 3745 haberet,
2625 3694 2753 3733 esse
2784 3695 3153 3739 mansurum.

2195 3766 2442 3844 Insuper
2470 3765 2646 3829 etiam
2678 3767 2870 3832 sciret,
2886 3767 2937 3829 si
2966 3785 3264 3844 quaquam
3295 3788 3330 3827 a
3355 3771 3623 3829 Romana
3651 3774 3770 3830 sine

2122 3842 2363 3909 licentia
2384 3858 2585 3910 nostra
2611 3853 2949 3913 discesserit
2978 3842 3155 3914 urbe:
3181 3858 3318 3932 quia
3348 3878 3419 3916 ex
3446 3866 3593 3918 tunc
3624 3870 3771 3923 esset

2121 3943 2425 4016 depositus
2453 3948 2510 3998 et
2547 3946 3105 4003 excommunicatus.
3139 3948 3250 4004 Sed
3291 3950 3509 4022 spretis
3548 3952 3769 4009 satisfa~

2120 4030 2416 4093 ctionibus
2438 4033 2674 4103 nostris,
2689 4038 2864 4106 atque
2886 4036 3190 4092 sententiis
3207 4036 3265 4092 in
3286 4055 3348 4093 se
3367 4038 3640 4111 prolatis,
3660 4040 3768 4097 imo

2121 4120 2335 4194 spretis
2361 4126 2698 4178 sanctorum
2733 4126 2963 4195 patrum
2988 4125 3532 4194 constitutionibus,
3557 4128 3689 4186 sine
3704 4130 3765 4186 li-

2120 4209 2311 4271 centia
2332 4217 2532 4265 nostra
2561 4211 2853 4284 propriam
2879 4212 3191 4269 Ecclesiam
3210 4215 3581 4289 despolians,
3603 4223 3661 4276 et
3684 4219 3764 4275 lu-

2119 4299 2277 4371 pinis
2321 4298 2594 4355 dentibus
2621 4316 2754 4356 oves
2785 4300 2894 4356 sibi
2930 4302 3180 4359 creditas
3210 4303 3490 4364 deserens
3521 4307 3597 4363 ad
3632 4307 3765 4365 alias

2120 4386 2417 4452 dioeceses,
2446 4386 2854 4445 imminentem
2886 4391 3174 4465 synodum
3208 4391 3761 4467 fugiens,discessit.

2118 4476 2187 4532 Et
2203 4477 2343 4551 quia
2362 4476 2569 4544 hiemet
2583 4476 2696 4534 alia
2713 4477 2898 4537 multa
2912 4478 3140 4550 objecta
3159 4497 3273 4537 non
3293 4482 3637 4553 diluit,vera
3650 4502 3764 4547 esse

356 4546 472 4640 καὶ.
501 4547 710 4613 praeter
738 4560 980 4640 examen
1011 4548 1217 4640 synodi
1249 4548 1395 4640 nihil
1438 4550 1495 4605 in
1544 4551 1712 4610 illum
1745 4574 1851 4613 nos
1880 4578 2008 4618 esse
2045 4575 2088 4640 D
2118 4546 2246 4637 quae
2270 4565 2340 4621 de
2361 4564 2459 4621 illo
2482 4565 2846 4635 dicebantur,
2867 4546 3056 4624 modis
3073 4569 3349 4635 omnibus
3371 4546 3620 4633 examen
3645 4546 3764 4633 sub.

353 4895 646 4986 frueretur
675 4895 866 4986 bonis,
897 4901 1031 4952 ante
1062 4902 1297 4971 tempus
1329 4904 1553 4974 synodi,
1587 4912 1720 4964 ante
1751 4911 1842 4967 sui
1875 4930 2006 4986 pur-

352 4984 670 5057 gationem,
694 4984 1004 5043 ecclesiam
1043 4990 1099 5041 et
1142 4989 1477 5059 parochiam
1510 4997 1807 5068 propriam
1838 4984 2001 5059 dese-

353 5088 490 5128 lens
534 5073 605 5128 ad
657 5072 804 5128 alias
855 5072 1131 5130 dimceses
1169 5092 1411 5134 examen
1459 5082 1661 5155 utique
1710 5089 2003 5147 subterfu.

352 5158 567 5231 giend-o
595 5177 659 5215 se
706 5160 970 5248 contulit.
1010 5161 1070 5216 In
1117 5164 1334 5235 quibus
1365 5167 1585 5228 diutius
1617 5190 1682 5230 eo
1715 5185 1998 5248 morante,

354 5247 673 5319 apostolico
701 5247 1098 5305 moderamine
1121 5253 1268 5321 freti,
1296 5259 1653 5328 canonicam,
1679 5281 1854 5338 quam
1888 5247 2002 5325 me-

352 5335 592 5390 rebatur
614 5333 919 5399 ultionem,
937 5351 1114 5408 super
1135 5358 1269 5397 eum
1301 5343 1510 5404 inferre
1531 5333 1872 5411 distulimus
1894 5375 1906 5411 :
1928 5375 2000 5415 ne

352 5420 619 5475 videlicet
666 5419 736 5472 ad
769 5419 1082 5483 vindictam
1117 5430 1333 5498 faciles,
1357 5435 1441 5491 vel
1494 5437 1826 5500 videremur
1872 5462 1999 5503 esse

424 5524 502 5591 (α)
533 5521 665 5575 Sive
720 5520 1024 5598 Joannem,

356 5590 538 5644 HAnn.

2114 4918 2441 4998 appellatur
2461 4920 2942 4979 Constantiniana
2965 4942 2977 4980 :
3002 4926 3347 4989 auctoritate
3369 4927 3479 4991 Dei
3499 4932 3760 5005 omnipo-

2110 5007 2308 5074 tentis,
2326 5014 2383 5067 et
2404 5010 2707 5065 beatorum
2731 5011 2882 5069 Petri
2903 5030 2968 5069 ac
2997 5013 3159 5077 Pauli
3179 5016 3582 5087 apostolorum
3604 5020 3759 5092 prin-

2111 5096 2328 5184 cipum,
2348 5103 2405 5153 et
2429 5097 2694 5161 omnium
2723 5099 2901 5156 simul
2932 5106 3293 5173 sanctorum,
3308 5121 3573 5181 quorum
3593 5125 3758 5184 regu-

2110 5183 2197 5241 las
2218 5189 2274 5240 et
2294 5187 2526 5247 decreta
2548 5187 2953 5265 multipliciter
2970 5191 3226 5259 violavit,
3242 5211 3468 5251 necnon
3500 5202 3559 5259 et
3580 5197 3752 5257 nostri

2109 5275 2475 5347 apostolatus
2493 5277 2718 5350 judicio
2740 5279 3121 5353 deposuimus
3142 5298 3298 5355 eum,
3314 5288 3371 5340 et
3393 5302 3427 5345 a
3445 5302 3685 5360 corpore
3704 5290 3758 5343 et

2108 5364 2394 5436 sanguine
2406 5365 2622 5422 Christi
2639 5368 3643 5439 excommunicavimus,sanctorum
3660 5374 3758 5431 scio

2107 5448 2241 5506 licet
2271 5456 2488 5509 statuta
2518 5454 2755 5511 Patrum
2793 5464 3125 5530 sequentes,
3158 5465 3215 5516 et
3251 5461 3544 5535 praecipue
3575 5464 3752 5521 sancti

1087 5536 1183 5607 qui
1244 5546 1377 5612 post
1433 5545 1750 5605 Antonium
1812 5554 2048 5623 ponitur
2102 5573 2136 5612 a
2192 5556 2572 5618 Constantino
2631 5562 2984 5638 Porphyrog.
3030 5565 3130 5624 lib.
3174 5585 3258 5636 In,
3291 5586 3351 5625 n.
3377 5571 3469 5638 26,
3503 5587 3599 5627 an.
3631 5571 3749 5627 844.
