3894 6204
138 346 268 465 ssi

1370 375 1777 446 EPISTOLZE
1819 374 1921 438 ET
1963 372 2326 437 DECRETA
2339 416 2352 432 .

3447 358 3569 423 858

144 537 365 593 Felicis
390 526 1112 608 cxemplum,quiVitalem
1130 517 1801 591 etMisenumepiscopos
1829 512 1886 579 Α
1913 506 2214 573 videmini,
2248 504 2339 563 cui
2389 504 2485 563 ille
2529 500 2783 579 prefuit,
2816 515 2992 575 quem
3024 513 3132 554 vox
3172 493 3383 553 Christi
3414 511 3564 569 prea-

144 625 513 699 deposuit,et
528 619 1142 685 cxcommunicavit,eo
1167 612 1323 688 quod
1346 608 1482 665 huic
1505 601 1807 679 apostasize

142 712 212 769 in
246 711 894 787 Constantinopolitano
916 708 1058 764 urbe
1075 705 1214 765 olim
1236 721 1340 776 par
1355 697 1594 757 omnino
1619 693 1811 766 piacu-

144 805 280 863 lum
330 778 743 878 perpotrarunt
790 800 967 869 (Felix
992 797 1092 862 III,
1142 797 1203 851 in
1244 795 1401 865 epist.
1450 791 1527 857 5).
1563 787 1724 854 Quod
1755 778 1807 841 si

148 897 475 972 praedictus
486 889 864 950 Rhadoaldus
875 887 1098 943 dudum
1111 884 1604 957 episcopus,nunc
1616 880 1811 932 autem

152 986 544 1062 depositus,et
573 978 1111 1038 excommunicatus
1144 974 1215 1029 de
1246 976 1451 1027 caetero
1496 983 1629 1022 cum
1672 982 1811 1020 ana-

149 1055 535 1136 thematizato
584 1069 787 1128 Photio
840 1067 1107 1122 invasore
1131 1055 1811 1129 Constantinopolitanae

150 1166 432 1227 Ecclesia
464 1163 678 1219 mistus
707 1162 862 1215 esset
891 1152 1293 1227 aliquando,et
1318 1146 1543 1222 Ignatio
1566 1142 1728 1199 fratri
1758 1146 1816 1197 et

156 1257 509 1330 coepiscopo
540 1256 738 1308 nostro
770 1247 1021 1303 infestus
1052 1245 1225 1308 esset,
1259 1243 1314 1295 et
1345 1236 1661 1294 Ecclesiam
1711 1232 1812 1289 Dei

154 1325 900 1420 amplius‘conturbassct,
932 1334 1020 1389 vel
1069 1331 1120 1389 si
1170 1331 1241 1387 de
1297 1325 1672 1384 damnatione
1709 1339 1818 1380 sua

157 1432 600 1511 querimoniam
653 1428 904 1491 fecisset,
954 1418 1480 1480 anathematizatus
1524 1416 1670 1471 foret
1702 1430 1714 1468 :
1750 1429 1816 1467 ac

158 1544 271 1600 per
299 1525 410 1582 hoc
432 1524 507 1579 ab
535 1519 694 1577 omni
726 1514 1190 1573 Christianorum
1212 1512 1518 1582 separatus
1534 1508 1589 1564 et
1606 1502 1818 1561 aliena-

157 1593 288 1682 tus,
306 1615 487 1671 donec
519 1613 727 1666 nostrae
760 1602 1061 1662 sententiae
1093 1601 1300 1673 sponte
1330 1610 1392 1651 se
1422 1593 1816 1656 submitteret,

160 1702 435 1777 collegio.
464 1702 568 1757 Est
598 1698 781 1771 igitur
807 1689 1184 1750 Rhadoaldus
1224 1702 1381 1742 nunc
1427 1682 1730 1756 depositus
1761 1684 1818 1735 et

159 1788 793 1853 excommunicatus,et
823 1783 871 1840 si
904 1780 1107 1839 Photio
1136 1771 1817 1839 communicaverit,ana-

160 1880 580 1943 thematisatus
614 1894 626 1933 :
660 1890 834 1948 quem
860 1870 1045 1939 vobis,
1079 1869 1286 1925 fratres
1315 1861 1670 1928 charissimi,
1690 1861 1818 1916 ideo
1848 1884 1896 1948 Β
1927 1848 2239 1905 nobiscum
2288 1842 2415 1899 dole

160 1971 611 2038 intimamus,ut
635 1965 783 2023 scire
811 1959 1053 2019 valeatis
1080 1974 1213 2014 cum
1247 1955 1465 2029 quibus
1496 1950 1819 2008 communi-

166 2078 399 2125 camus,
449 2062 506 2115 et
556 2071 705 2130 quos
753 2070 788 2109 a
834 2053 1037 2125 nostra
1092 2043 1411 2119 apostolica
1447 2047 1503 2098 et
1531 2039 1821 2098 catholica

167 2148 586 2209 communione
606 2141 978 2217 repellimus:
1000 2140 1292 2210 quatenus
1320 2149 1424 2206 per
1451 2132 1581 2196 hoc,
1618 2146 1820 2189 secun-

166 2242 314 2297 dum
350 2253 548 2294 sacras
586 2231 838 2306 regulas,
872 2234 929 2287 et
976 2225 1265 2300 praecipue
1305 2225 1475 2294 juxta
1520 2220 1819 2277 Niczenum

167 2328 491 2387 concilium
519 2325 660 2397 (cap.
690 2323 768 2390 5),
800 2318 900 2392 qui
931 2318 1004 2374 ab
1035 2314 1164 2372 aliis
1190 2312 1569 2384 abjiciuntur,
1587 2309 1660 2365 ab
1691 2307 1823 2365 aliis

169 2435 294 2479 non
345 2414 722 2487 recipiantur.
777 2408 1145 2480 Porrigentes
1210 2418 1346 2475 ergo
1412 2397 1682 2457 Ecclesiae
1721 2397 1821 2454 Dei

171 2523 413 2571 manus,
441 2519 591 2578 quos
616 2518 651 2557 a
676 2498 845 2556 nobis
877 2494 1248 2577 abjicimus,a
1269 2489 1434 2547 vobis
1461 2487 1747 2560 repellite:
1768 2490 1825 2542 et

171 2614 328 2673 quos
358 2592 739 2665 suscipimus,
770 2575 1072 2657 suscipite,
1105 2584 1397 2655 quatenus
1445 2594 1561 2635 uno
1603 2575 1823 2642 animo,

170 2666 297 2744 uno
356 2701 453 2740 ore
510 2679 869 2754 gloriﬁcetur
919 2674 1094 2741 Deus,
1134 2675 1195 2727 et
1253 2671 1419 2726 Pater
1469 2683 1571 2741 per
1622 2666 1824 2722 Jesum

172 2775 478 2835 Christum
508 2771 569 2827 in
600 2767 825 2825 unitate
853 2762 1106 2836 Spiritus
1134 2757 1321 2816 sancti
1351 2773 1456 2830 per
1483 2754 1683 2813 omnia
1719 2770 1824 2810 sae-

174 2864 315 2923 cula
341 2859 710 2919 saeculorum.
743 2860 952 2911 Amen.

249 2955 532 3011 Praeterea
562 2950 874 3021 postquam
890 2944 1105 2999 sanctae
1121 2938 1178 2995 in
1199 2935 1427 2994 Christo
1460 2931 1826 2999 fraternitati,

175 3044 410 3118 piaeque
439 3020 703 3111 religioni
732 3036 954 3097 vestrae,
980 3046 1108 3103 quae
1142 3028 1201 3082 in
1233 3024 1344 3082 isto
1371 3021 1671 3081 volumine
1688 3020 1830 3077 huc-

176 3110 374 3206 usque
405 3110 745 3202 releguntur
760 3140 862 3196 per
877 3119 991 3177 alia
1019 3116 1237 3189 scripta
1253 3116 1621 3180 nostra,nota
1640 3110 1829 3169 facere

175 3199 625 3297 procuravimus
646 3231 660 3271 :
682 3212 841 3270 venit
859 3211 931 3268 ad
951 3208 1151 3265 sedem
1179 3202 1558 3277 apostolicam
1588 3199 1831 3273 quidam

178 3286 693 3385 protospatharius
704 3298 940 3357 nomine
969 3291 1215 3353 Michael
1229 3291 1302 3347 ab
1315 3290 1663 3363 imperatore
1684 3286 1832 3342 Grae-

180 3415 389 3458 corum
419 3410 554 3452 cum
585 3388 834 3466 epistola
861 3382 1169 3454 missus,in
1200 3397 1317 3454 qua
1346 3378 1619 3436 eumdem
1650 3375 1832 3448 impe-

178 3492 441 3546 ratorem
472 3463 801 3541 invenimus
829 3474 1113 3540 iactitare,
1145 3468 1302 3543 quod
1330 3484 1432 3525 vos
1461 3463 1834 3523 beatissimos

172 3576 451 3635 videlicet
479 3567 927 3646 patriarchas,et
954 3559 1333 3619 charissimos
1360 3557 1568 3612 fratres
1599 3558 1834 3611 nostros

174 3641 504 3728 traductos,
533 3664 708 3734 atque
738 3655 1008 3713 seductos
1038 3650 1250 3708 habeat
1280 3664 1293 3703 :
1330 3649 1618 3734 quatenus
1642 3643 1701 3699 in
1732 3641 1835 3700 illa

178 3750 526 3813 exsecrabili
555 3731 852 3821 apostasia
871 3743 1127 3805 fautores
1148 3735 1451 3795 exstitistis
1470 3731 1761 3803 ;videlicet
1771 3740 1836 3788 ut

178 3848 240 3903 et
277 3842 340 3903 in
385 3817 751 3913 depositione
796 3829 993 3887 fratris
1039 3825 1246 3891 nostri,
1297 3827 1354 3883 et
1398 3817 1834 3881 consacerdotis

177 3930 396 4008 Ignatii
427 3905 825 4000 irregulariter
853 3920 1088 3983 faeta,et
1108 3915 1167 3973 in
1186 3908 1620 3975 consecratione
1643 3905 1833 3963 Photii

178 3999 482 4085 moechimt
504 3999 759 4073 ecclesia:
790 4004 1076 4067 invaseris
1096 3999 1475 4062 consentiatis
1508 4014 1521 4052 ε
1557 4001 1612 4053 et
1632 4000 1836 4053 contra

177 4083 411 4169 statuta
434 4108 655 4169 nostra,
706 4099 809 4158 sed
858 4101 915 4155 et
960 4096 1268 4151 adversum
1320 4088 1518 4144 sedem
1550 4083 1834 4159 principis

178 4194 587 4273 apostolorum
617 4188 790 4257 Petri,
812 4204 913 4243 vos
958 4200 1097 4273 cum
1142 4179 1260 4237 illis
1293 4176 1511 4250 pariter
1556 4172 1830 4231 etferatis.

178 4262 352 4355 Quod
378 4283 618 4361 quidem
648 4295 756 4335 nos
785 4277 857 4334 de
884 4272 1050 4330 vobis
1071 4271 1206 4329 licet
1228 4266 1470 4327 minime
1501 4262 1830 4328 credamus,

179 4348 284 4451 qui
317 4348 436 4433 tate
485 4369 626 4445 quid
676 4368 748 4424 ab
797 4359 1268 4421 antecessoribus
1295 4352 1504 4411 vestris
1533 4348 1834 4407 catholicis

176 4435 468 4525 duntaxat
495 4435 860 4516 antistitibus
889 4455 1084 4510 actum
1108 4460 1405 4519 nusquam
1430 4440 1669 4499 omnino
1700 4435 1837 4511 legi-

180 4571 321 4617 mus
353 4570 367 4608 :
403 4552 475 4609 de
501 4547 667 4609 vobis
694 4548 893 4605 tamen
924 4537 1321 4611 magis,quam
1342 4534 1411 4590 de
1432 4530 1604 4589 nobis
1632 4543 1833 4584 curam

174 4610 487 4709 habentes,
519 4637 642 4698 hac
690 4649 807 4691 nos
847 4631 907 4687 in
957 4610 1195 4697 scriptis
1244 4621 1431 4695 ipsius
1459 4615 1829 4691 imperatoris
1860 4619 1907 4685 ι)
1937 4610 2300 4688 praesumant
2328 4619 2363 4661 a

174 4705 590 4802 recepisse’vos
612 4722 889 4783 nolumus
913 4717 1182 4791 ignorare
1196 4728 1208 4767 :
1222 4711 1566 4773 intimentes
1588 4705 1825 4780 pariter,

172 4825 237 4887 et
262 4799 521 4876 vestram
549 4811 892 4873 unanimem
920 4802 1263 4863 charitatem
1284 4799 1832 4867 admonentes,qua—

172 4914 357 4969 tenus
382 4906 447 4962 in
472 4900 710 4983 speculo
731 4899 943 4959 sitis.et
962 4895 1037 4955 ad
1053 4889 1396 4953 memoriam
1428 4884 1707 4943 revocatis
1722 4884 1835 4940 ista

174 4997 357 5061 vobis.
381 5011 488 5053 nos
504 4974 645 5055 ideo
674 4991 813 5049 noto
844 4986 1031 5045 facere
1078 4978 1401 5045 studuisse,
1433 4974 1735 5061 quoniam,
1768 4975 1835 5028 ut

176 5083 589 5161 praediximus,
613 5076 825 5143 sancti,
855 5072 1170 5153 magnique
1216 5066 1434 5125 Nieaeni
1462 5060 1696 5123 concilii
1725 5061 1833 5119 de-

176 5151 358 5240 cretis
398 5172 644 5244 iubetur
684 5182 790 5243 per
842 5151 1322 5235 unamquamque
1351 5151 1731 5244 provinciam,
1769 5153 1833 5206 ut

178 5239 435 5339 epistola
461 5239 748 5331 regularis
779 5250 1060 5315 obtineat,
1078 5244 1272 5339 _ut-bi_,
1304 5242 1406 5316 qui
1454 5239 1832 5312 objiciuntur,

179 5325 255 5411 ab
303 5347 437 5407 aliis
486 5325 605 5407 non
651 5339 1026 5414 recipiantur.
1078 5332 1296 5395 Deinde
1340 5347 1492 5398 vero,
1545 5332 1610 5387 ut
1655 5325 1832 5393 cauti,

178 5418 1428 5510 sollicitiquesempersitis,nequorumlibet
1438 5414 1833 5479 suasionibus,

176 5527 271 5587 vel
292 5503 618 5587 terre—ribus
648 5503 1035 5582 hominum,a
1067 5518 1092 5567 t
1120 5511 1571 5584 quibuscunque
1593 5503 1832 5561 menda-

179 5617 295 5681 ciis,
320 5611 547 5687 decepti
579 5627 613 5671 a
643 5606 831 5685 capite
865 5604 944 5679 (id
972 5606 1083 5672 est,
1116 5619 1150 5657 a
1181 5597 1369 5673 prima
1399 5596 1558 5663 sede)
1608 5592 1831 5648 dissen-

178 5679 362 5779 tiatis,
393 5679 484 5758 vel
516 5700 588 5757 ab
619 5679 749 5770 ejus
777 5691 1043 5751 Ecclesiae
1076 5688 1381 5754 charitate,
1411 5701 1476 5741 ac
1508 5682 1731 5739 unitate
1753 5679 1837 5735 di-

1919 597 2052 654 tulit
2079 595 2384 653 universis.

1988 689 2204 745 Verum
2235 686 2284 745 si
2316 683 2440 741 dies
2470 683 2744 756 antiquos
2792 679 3116 737 secundum
3164 676 3359 732 datam
3406 674 3570 731 vobis

1920 777 2199 834 divinitus
2245 772 2595 848 sapientiam
2644 769 2932 845 cogitatis,
2964 767 3303 842 priscosque
3341 763 3569 819 sedium

1918 872 2243 925 vestrarum
2278 862 2553 940 prmsules
2601 861 2673 916 ad
2718 857 3061 915 memoriam
3091 853 3327 921 ducitis,
3353 856 3573 927 quanta

1919 955 2291 1013 veneratione
2320 952 2517 1009 sedem
2551 947 2704 1007 beati
2736 946 2888 1002 Petri
2920 944 3376 1019 praedecessores
3394 940 3572 999 vestri

1924 1042 2357 1108 celebraverint,
2392 1043 2728 1114 quantoque
2758 1031 3062 1091 charitatis
3092 1046 3310 1102 amore,
3343 1030 3575 1087 decreta

1922 1134 2111 1209 ipsius
2160 1148 2391 1204 semper
2437 1125 2687 1202 amplexi
2746 1124 2883 1191 sint,
2917 1121 3175 1194 profecto
3224 1117 3570 1193 reperietis:

1923 1223 2175 1295 denique
2203 1224 2381 1294 Vorte,
2404 1234 2611 1292 neque,
2645 1216 2733 1284 H.]
2769 1214 2826 1269 in
2860 1209 3289 1270 universalibus
3334 1208 3574 1284 synodis

1923 1313 2064 1386 quid
2097 1316 2310 1378 ratum,
2342 1308 2428 1365 vel
2460 1306 2600 1380 quid
2642 1320 2880 1378 prorsus
2920 1305 3244 1373 acceptum,
3278 1296 3391 1357 nisi
3421 1297 3574 1371 quod

1925 1404 2093 1460 sedes
2123 1400 2276 1457 beati
2324 1397 2475 1454 Petri
2507 1392 2774 1470 probavit
2801 1392 2888 1465 (ut
2914 1389 3027 1463 ipsi
3058 1387 3242 1460 scitis)
3276 1387 3527 1443 habetur
3559 1402 3571 1441 :

1923 1494 2080 1549 sicut
2109 1488 2430 1548 econtrario
2463 1485 2618 1559 quod
2648 1483 2778 1558 ipsa
2806 1480 2931 1539 sola
2960 1477 3307 1552 reprobavit,
3341 1476 3450 1531 hoc
3481 1491 3576 1531 so—

1921 1581 2227 1639 lummodo
2250 1575 2534 1634 consistat
2562 1574 2847 1629 hactenus
2897 1568 3294 1643 reprobatum.
3330 1562 3575 1621 Proinde

1924 1672 2179 1728 charitas
2211 1663 2619 1723 unanimitatis
2668 1667 2872 1717 vestrae
2911 1659 2982 1714 de
3016 1654 3211 1712 fratris
3240 1658 3299 1711 et
3330 1651 3576 1710 commi-

1926 1759 2094 1815 nistri
2112 1755 2293 1813 nostri
2308 1752 2514 1828 Ignatii
2529 1746 2887 1808 sanctissimi
2904 1743 3244 1820 patriarcha:
3258 1740 3579 1816 dejectione

2419 1845 2498 1911 at,
2547 1844 2603 1896 et
2646 1856 2771 1912 quae
2821 1834 3134 1910 praevalent
3179 1832 3231 1889 ei
3287 1829 3577 1886 solamina

1930 1937 2234 1994 nobiscum
2266 1930 2553 1989 exhibeat.
2587 1929 2733 1985 Nam
2765 1927 2813 1982 si
2838 1926 3009 1998 juxta
3034 1919 3400 1995 Apostolum,
3425 1917 3580 1991 quod

1929 2028 2149 2100 patitur
2164 2040 2348 2079 unum
2367 2013 3167 2088 membrum,compatiuntur
3186 2008 3383 2065 omnia
3405 2023 3584 2063 mem-

1928 2098 2035 2173 bra
2060 2118 2109 2185 (Ι
2137 2116 2257 2171 Cor.
2288 2114 2424 2184 xu);
2459 2112 2677 2182 quanto
2728 2103 2923 2179 potius
2971 2098 3446 2173 compatiendum
3495 2099 3586 2151 est

1929 2204 2198 2279 illi,quod
2230 2203 2381 2258 inter
2408 2203 2614 2255 caetera
2644 2193 2911 2251 membra
2942 2189 3302 2263 praecipuum
3324 2184 3586 2241 tenuisse

1929 2295 2125 2351 locum
2158 2286 2561 2365 dignoscitur?
2590 2284 2755 2341 Unde
2783 2282 2831 2340 si
2866 2296 2981 2336 non
3012 2295 3115 2350 pro
3149 2275 3346 2341 unius,
3377 2277 3435 2330 et
3456 2289 3587 2346 spe-

1932 2383 2096 2440 cialis
2129 2397 2387 2455 personae
2419 2373 2641 2450 prmfati
2670 2369 2868 2428 fratris
2898 2366 3082 2425 nostri
3114 2361 3465 2439 repulsione,
3497 2359 3589 2417 vel

1933 2477 2089 2530 certe
2119 2487 2223 2544 pro
2268 2448 2486 2523 summi
2543 2459 2851 2518 sacerdotii
2901 2453 3338 2515 conculcatione
3369 2448 3586 2515 dolere,

1934 2578 2186 2636 gemere,
2221 2560 2377 2624 flere,
2411 2568 2663 2619 currere,
2698 2566 2763 2606 ac
2795 2549 3092 2605 decertare
3141 2541 3383 2599 debetis.
3418 2540 3586 2607 Nam,

1935 2628 1986 2708 si
2015 2628 2241 2707 licitum
2274 2644 2448 2702 fuerit
2477 2639 2740 2699 saeculari
2770 2635 3044 2711 potestati
3076 2633 3149 2690 de
3178 2629 3446 2688 Ecclesia:
3478 2628 3589 2685 Do-

1936 2738 2085 2796 mini
2141 2734 2491 2810 praesulibus
2546 2729 2741 2786 taliter
2787 2723 3079 2799 judicare,
3131 2718 3220 2775 vel
3280 2717 3330 2774 si
3385 2732 3592 2773 rursus

1937 2831 2026 2887 fas
2083 2805 2369 2884 exstiterit
2426 2817 2804 2877 inferioribus
2861 2813 2932 2868 de
2990 2807 3247 2883 praelatis
3298 2805 3409 2863 sibi
3469 2809 3589 2867 tam

1938 2924 2155 2975 temere
2202 2913 2318 2970 ista
2364 2915 2618 2984 patrare,
2651 2900 2990 2978 perpendite
3042 2913 3115 2953 ne
3156 2895 3231 2952 ad
3272 2893 3589 2967 perniciem

1936 3012 2213 3073 vestram,
2283 2981 2402 3057 imo
2459 2996 2643 3055 totius
2697 2989 2965 3049 Ecclesiae
3031 3001 3188 3043 nunc
3253 2988 3311 3041 et
3378 2981 3593 3039 futuris

1940 3162 2205 3248 tenditis,
2236 3162 2367 3237 ecce
2405 3179 2531 3251 jam
2584 3170 2841 3229 cernitis.
2874 3167 3021 3222 Nam
3053 3162 3329 3239 impietas
3359 3163 3592 3215 tantum

1861 3252 1909 3321 (ἶ
1945 3277 2120 3347 caput
2150 3248 2445 3339 extulit,ut
2457 3260 2849 3323 Ecclesiarum
2864 3251 3213 3330 praesulibus
3226 3248 3591 3325 postpositis,

1943 3368 1999 3420 et
2031 3360 2234 3420 ordine
2258 3354 2537 3415 canonico
2569 3347 2929 3411 conculcato,
2961 3340 3097 3400 laici
3119 3355 3275 3395 nunc
3322 3335 3594 3394 ecclesia-

1944 3453 2092 3510 stica
2117 3444 2520 3507 moderamina
2551 3440 2789 3497 teneant
2821 3453 2834 3491 :
2872 3437 2928 3491 et
2960 3448 3064 3505 pro
3112 3427 3285 3484 libitu
3335 3424 3593 3503 proprio,

1944 3542 2117 3600 modo
2164 3540 2308 3594 istos
2355 3532 2692 3590 removeant
2745 3525 2918 3580 modo
2967 3519 3101 3576 illos
3128 3517 3189 3574 in
3219 3515 3361 3572 locis
3393 3529 3593 3569 eorum

1944 3629 2350 3706 promoveant;
2385 3627 2443 3679 et
2467 3632 2855 3706 rursusquos
2885 3627 3042 3668 nunc
3082 3607 3426 3684 approbant,
3462 3607 3598 3679 post

1943 3697 2242 3778 modicum
2276 3711 2492 3770 mentis
2518 3706 2652 3765 victi
2684 3705 2914 3762 levitate
2946 3697 3247 3774 repellant.

2014 3809 2089 3866 Ut
2119 3805 2274 3865 enim
2304 3803 2483 3858 iidem
2511 3793 2925 3860 szeculares,ac
2954 3788 3088 3845 laici
3135 3786 3405 3843 homines
3440 3795 3597 3856 qum-

1940 3898 2085 3959 libet
2141 3893 2359 3953 scelera
2414 3887 2642 3943 valeant
2688 3881 2931 3937 licenter
2981 3874 3363 3943 committere,
3397 3875 3463 3927 ut
3492 3888 3597 3945 pro

1941 3989 2036 4044 his
2066 4004 2099 4041 a
2126 3982 2287 4041 nullo
2318 3977 2682 4053 pontiﬁcum,
2709 3970 2811 4042 qui
2842 3984 2910 4023 ex
2941 3965 3092 4022 clero
3117 3966 3444 4037 promotus,
3474 3959 3598 4016 haec

1943 4090 2178 4139 summa
2224 4048 2450 4143 poterat
2496 4058 2841 4119 auctoritate
2881 4067 3270 4125 compescere,
3302 4048 3483 4105 libere
3514 4064 3599 4102 re-

1943 4136 2449 4237 darguanturmon
2481 4153 2551 4207 de
2581 4147 2925 4205 clericorum
2956 4139 3220 4212 catalogo
3250 4136 3599 4211 permittunt

1943 4255 2016 4312 ad
2047 4228 2245 4309 sacros
2276 4243 2511 4302 ordines
2541 4235 2800 4312 provehi,
2834 4230 2936 4305 qui
2982 4230 3164 4285 vitam
3198 4242 3400 4283 eorum
3433 4228 3597 4285 tanto

1943 4339 2245 4405 audacius,
2266 4335 2484 4408 quanto
2515 4326 2739 4385 diutius
2769 4339 2835 4378 ac
2866 4316 3213 4376 familiarius
3236 4315 3346 4372 sub
3368 4312 3598 4370 Christo

1944 4436 2093 4491 duce
2124 4424 2257 4485 forti
2284 4406 2608 4479 militantes
2637 4412 2848 4470 fortius
2890 4406 3275 4479 comprimere
3305 4407 3547 4476 possent
3578 4418 3594 4459 :

1944 4523 2047 4582 sed
2075 4537 2144 4576 ex
2164 4513 2375 4589 seipsis
2405 4508 2647 4581 eligunt,
2664 4502 2764 4576 qui
2798 4499 2951 4556 facta
2980 4511 3181 4550 eorum
3213 4496 3376 4550 tanto
3399 4491 3597 4546 minus

2367 4595 2820 4674 rguere,quanto
2845 4605 2909 4644 se
2926 4582 3098 4660 paulo
3130 4585 3264 4637 ante
3293 4581 3364 4636 de
3386 4594 3588 4635 eorum

1936 4667 2089 4760 ἕωιυ
2134 4697 2325 4753 favore
2369 4690 2632 4762 ipsorum
2682 4680 2983 4755 promotos
3031 4667 3386 4728 meminerit.
3431 4668 3594 4734 Quod

1939 4757 2100 4849 illius
2133 4788 2194 4842 in
2229 4757 2498 4856 partibus
2518 4776 2680 4830 tanto
2711 4763 3058 4826 familiarius
3089 4761 3285 4834 agitur
3312 4757 3429 4812 ista
3456 4772 3593 4830 pra.

1940 4845 2492 4951 sumptio(videlicet
2513 4868 2577 4920 ut
2595 4879 2665 4918 ex
2682 4857 2850 4916 laicis
2870 4852 3064 4913 subito
3086 4848 3519 4911 tondeantur,et
3534 4845 3593 4900 in

1939 4934 2245 5042 episcopos
2271 4935 3443 5021 consecrentur)quantoexconsuetudine
3468 4934 3592 4991 ino-

1939 5021 2157 5113 lgvissel
2175 5050 2672 5114 testantur,quam
2690 5054 2797 5093 nos
2812 5036 3053 5090 econtra
3080 5030 3244 5084 tanto
3267 5021 3594 5081 studiosius

1941 5147 2013 5202 de
2042 5138 2299 5200 Ecclesia
2328 5132 2429 5190 Dei
2459 5128 2754 5187 eradicare
2774 5123 3065 5187 volumus,
3092 5118 3313 5189 quanto
3344 5110 3595 5167 nimium

1947 5231 2179 5291 noxiam
2211 5241 2339 5285 esse
2370 5218 2679 5285 clericis,et
2709 5210 2869 5269 omni
2919 5206 3206 5280 religiosae
3237 5200 3392 5279 plebi
3417 5217 3598 5272 supra

1945 5319 2272 5379 docuimus.
2306 5313 2653 5379 Quantoque
2672 5302 2894 5359 scimus
2923 5314 2991 5353 ex
3021 5293 3205 5351 sacris
3244 5289 3593 5357 canonibus,

1946 5409 2099 5484 quod
2132 5422 2250 5462 non
2274 5401 2471 5458 minus
2494 5395 2649 5452 mala
2672 5387 3237 5457 consuetudo,quam
3270 5370 3601 5454 perniciosa

1944 5466 2277 5567 corruptela
2302 5486 2541 5544 vitanda
2573 5484 2649 5540 sit
2699 5497 2711 5535 :
2765 5483 2823 5534 et
2874 5476 3095 5534 scimus
3123 5471 3278 5544 quod
3311 5466 3593 5541 paulatim

1945 5553 2234 5649 crescens,
2260 5580 2386 5651 jam
2438 5590 2559 5632 suae
2606 5567 2895 5645 pestiferae
2945 5560 3220 5636 nequitiae
3259 5553 3598 5631 gravamine

1945 5674 2162 5733 multos
2192 5648 2491 5737 invaserit,
2541 5661 2684 5719 adeo
2728 5662 2792 5715 ut
2844 5651 3143 5712 temeritas
3192 5649 3317 5705 haec
3365 5648 3597 5701 tantum
