3894 6204
261 301 395 364 861

1499 295 1904 360 EPISTULAE
1951 293 2048 356 ET
2090 292 2472 354 DECRETA.

3561 291 3688 352 862

271 439 421 492 sunt
451 434 734 492 Dominus
765 432 1017 491 revelare
1039 433 1330 508 dignetur.
1345 433 1588 490 Dabitur
1609 437 1802 489 autem
1825 428 1927 486 tibi
1959 426 2016 496 Α
2044 426 2215 484 nobis
2237 425 2778 483 mittunturmentis
2802 425 3236 494 intuitu,vester
3257 428 3548 504 benignus
3568 430 3690 488 haec

273 523 409 580 sine
427 523 792 580 dubitatione
815 524 886 578 ad
905 540 1011 579 nos
1031 522 1226 579 aditus
1247 522 1514 578 veniendi
1533 539 1546 577 :
1564 521 1718 594 quod
1749 525 1806 577 et
1828 537 1934 575 nos

272 611 602 685 apostolica
629 612 994 680 auctoritate,
1027 616 1084 667 et
1113 613 1283 668 firma
1315 629 1562 668 censura
1591 609 1930 676 statuimus,

272 706 340 757 et
371 700 623 757 dilectus
670 701 824 757 ﬁlius
868 706 1066 757 noster
1113 701 1352 756 Carolus
1395 699 1934 755 Christianissimus

273 807 402 857 rex,
436 795 494 846 et
523 789 694 846 nobis
743 789 1180 857 devotissimus,
1213 790 1449 862 pariter,
1481 794 1538 845 et
1586 789 1936 844 llincmarus

272 879 462 934 frater
490 883 548 933 et
578 878 958 951 coepiscopus
988 883 1206 946 noster,
1240 879 1474 950 scriptis
1524 878 1614 934 sui
1662 876 1935 949 praesenti

271 970 543 1040 tempore
585 971 642 1023 te
685 967 756 1023 ad
803 985 910 1024 nos
960 967 1247 1024 missuros
1305 967 1426 1023 fore
1483 983 1565 1036 se,
1599 966 1937 1022 firmissime

278 1061 426 1112 sunt
456 1057 848 1129 omnibusque
883 1056 1073 1112 modis
1106 1055 1364 1128 polliciti.

997 1188 1238 1244 XLVIII.

666 1295 734 1333 AD
773 1294 1041 1334 CAROLUM
1081 1293 1307 1333 CALVUM
1349 1294 1560 1333 REGEM.

929 1394 1114 1465 (Anno
1144 1393 1294 1465 863.)

274 1493 546 1549 Hortatur
573 1501 632 1547 ut
663 1491 903 1549 Rothado
932 1497 1162 1574 Romam
1185 1499 1433 1574 “venturo
1483 1492 1698 1548 itineris
1736 1493 1938 1548 solatia

949 1571 1266 1635 prospiciat.

354 1681 635 1736 Nicouus
665 1679 997 1752 episcopus,
1028 1695 1230 1735 servus
1263 1695 1563 1734 servorum
1596 1678 1936 1747 Dei,dilecto

273 1768 403 1824 filio
434 1769 660 1824 (ΞΑΒοιο
691 1767 944 1842 glorioso
975 1767 1119 1840 regi.

355 1860 498 1914 Cum
527 1874 630 1913 vos
659 1862 834 1912 tantae
867 1855 1220 1912 humilitatis
1269 1860 1564 1928 tantaeque
1613 1857 1936 1914 devotionis

271 1945 704 2011 incurvatione,
729 1946 838 2002 sub
857 1944 1078 2017 potenti
1101 1961 1281 2000 manu
1315 1944 1413 2000 Dei
1457 1946 1528 2000 ad
1553 1947 1934 2002 reverentiam

273 2035 710 2107 praecipuorum
730 2033 918 2107 ipsius
933 2032 1329 2105 apostolorum
1345 2033 1496 2088 flecti
1515 2034 1931 2106 conspicimus,

273 2123 592 2196 impletum
619 2123 887 2179 videmus
919 2123 1073 2194 quod
1121 2127 1362 2178 sanctus
1411 2122 1520 2178 Job
1569 2124 1640 2178 de
1695 2123 1934 2180 Domino

273 2211 544 2285 loquitur
571 2211 774 2268 dicens
805 2213 952 2268 :Sub
981 2228 1088 2283 quo
1114 2219 1414 2268 curvantur
1440 2214 1537 2284 qui
1580 2221 1802 2284 portant
1840 2231 1934 2268 or-

277 2303 406 2357 bem
436 2301 571 2370 (Job.
603 2302 701 2372 ix).
728 2300 851 2357 Nisi
883 2302 1042 2357 enim
1073 2317 1195 2367 vos,
1231 2300 1331 2372 qui
1363 2300 1423 2355 in
1455 2301 1632 2374 regali
1664 2302 1935 2357 sublimi-

277 2394 406 2446 tate
454 2388 628 2461 positi
674 2387 836 2454 estis,
869 2392 1152 2460 tanquam
1199 2389 1510 2460 cujusdam
1561 2389 1815 2461 ingentis
1863 2391 1938 2446 fa-

275 2478 460 2533 bricae
491 2478 683 2542 bases,
712 2480 904 2533 vestro
935 2477 1148 2532 sudore
1180 2479 1467 2532 mundum
1501 2479 1933 2550 quodammodo

277 2567 654 2639 portassetis,
688 2583 1062 2638 nequaquam
1119 2569 1313 2622 Graeco
1373 2583 1641 2622 sermone
1699 2577 1935 2640 βασ;λέων

276 2655 570 2711 vocabula
597 2655 973 2712 sortiremini.
1008 2655 1372 2726 Rursusque,
1401 2655 1514 2711 nisi
1547 2660 1710 2713 tanta
1742 2674 1935 2713 coram

284 2761 524 2800 summo
553 2745 666 2800 Deo
695 2760 796 2799 vos
827 2743 1233 2800 humiliatione
1261 2743 1698 2812 incurvassetis,
1725 2762 1938 2819 nequa-

282 2849 467 2905 quam
506 2833 696 2899 nobis,
721 2832 856 2888 licet
885 2832 1143 2906 indignis
1191 2832 1372 2888 servis
1415 2834 1564 2905 ejus,
1596 2834 1936 2891 obedientia

279 2921 438 2985 colla
470 2925 630 2977 tanta
662 2921 938 2977 facilitate
970 2921 1415 2978 submitteretis.
1437 2923 1721 2994 Operatur
1741 2927 1932 2980 autem

279 3010 444 3065 idem
476 3010 598 3081 ipse
630 3010 786 3066 Deus
819 3011 880 3065 in
905 3010 1067 3066 vobis
1098 3011 1230 3077 hoc,
1261 3009 1362 3082 qui
1393 3015 1451 3066 et
1469 3011 1802 3068 laudandus
1851 3019 1938 3070 est

278 3103 520 3171 propter
541 3098 672 3169 hoc,
693 3100 914 3171 quique
935 3099 1198 3171 prmvidit
1219 3116 1338 3164 vos,
1363 3103 1420 3156 et
1439 3101 1510 3156 ad
1547 3102 1708 3174 regni
1732 3103 1938 3176 guber~

281 3170 500 3244 nacula
543 3188 875 3255 destinavit,
909 3205 1024 3257 quo
1074 3193 1308 3244 auctore
1349 3189 1514 3246 vobis
1564 3189 1753 3247 felicia
1797 3192 1937 3248 arri-
1966 3170 2008 3236 C

280 3277 446 3341 dent,
465 3281 527 3331 ut
555 3277 873 3343 cernimus,
895 3281 1180 3349 tempora,
1213 3284 1269 3332 et
1301 3278 1595 3351 prosperis
1635 3298 1934 3354 prospera,

279 3369 352 3420 ut
382 3365 736 3431 audivimus,
770 3367 1108 3422 succedunt.
1143 3369 1506 3439 Quapropter
1535 3369 1664 3440 ejus
1710 3370 1936 3426 miseri-

279 3454 543 3511 cordiam
575 3454 994 3528 glorificamus,
1018 3460 1074 3510 et
1105 3455 1246 3526 quia
1276 3455 1617 3528 ignoramus
1667 3475 1782 3530 quo
1816 3459 1937 3514 haec

281 3542 342 3597 in
399 3543 562 3599 vobis
602 3543 830 3614 judicia
877 3543 1158 3600 divinitus
1202 3548 1528 3615 patrantur,
1563 3545 1935 3604 dilectionem

276 3634 537 3686 vestram
594 3631 1022 3688 instantissime
1079 3633 1480 3701 adhortamur,
1524 3638 1590 3689 ut
1647 3653 1935 3692 memores

279 3719 619 3793 fragilitatis
675 3720 946 3776 humanae
997 3721 1160 3776 nulla
1204 3739 1306 3778 vos
1353 3723 1658 3778 commoda
1687 3725 1935 3793 elevent,

281 3807 447 3864 nulla
469 3809 729 3865 secunda
758 3809 1081 3866 dissolvant
1105 3827 1118 3865 :
1144 3811 1244 3866 sed
1277 3826 1508 3882 semper
1527 3811 1598 3866 ad
1630 3814 1938 3885 vosmetip-

281 3913 381 3953 sos
405 3897 702 3966 recurrite,
737 3902 794 3953 et
823 3898 962 3970 quia
990 3898 1134 3954 nihil
1166 3903 1255 3954 est
1284 3899 1342 3953 in
1385 3899 1622 3955 homine
1671 3903 1824 3957 unde
1875 3919 1936 3957 se

278 3985 478 4042 extolli
501 3987 726 4054 debeat,
760 3986 968 4043 sedula
994 3987 1460 4044 consideratione
1490 3989 1848 4060 perpendite.
1875 3991 1935 4046 Si

279 4092 399 4147 qua
428 4091 568 4147 ergo
600 4075 826 4132 caelitus
855 4075 1198 4132 tribuuntur
1232 4077 1302 4132 ad
1350 4081 1571 4142 votum,
1597 4076 1932 4149 largitorem

280 4167 417 4220 ante
449 4163 647 4220 oculos
676 4168 868 4220 vestra
915 4182 1182 4221 revocare
1230 4164 1466 4222 solertia
1510 4183 1623 4220 non
1674 4167 1932 4239 omittat,

281 4269 388 4308 nec
419 4252 480 4306 in
527 4251 619 4308 his
664 4270 790 4324 quae
841 4253 1242 4325 temporaliter
1289 4255 1690 4310 conceduntur
1740 4255 1931 4323 bonis,

279 4340 600 4397 consistere
623 4343 796 4398 finem
829 4341 1253 4411 existimet,nec
1275 4342 1386 4399 cito
1420 4343 1629 4400 defluis
1651 4343 1935 4401 delectata

279 4428 680 4496 felicitatibus,
703 4430 977 4502 perennis
1011 4430 1391 4487 beatitudinis
1421 4432 1636 4504 gaudia
1664 4437 1933 4504 appetere

278 4517 534 4574 desinat.
573 4518 854 4590 Prospera
881 4536 1015 4575 vero
1041 4519 1247 4574 mundi
1278 4520 1507 4576 occasio
1537 4521 1701 4579 vobis
1732 4523 1810 4578 sit
1829 4539 1936 4578 coe-
1963 4541 2012 4605 Β

276 4605 452 4663 lestia
480 4607 720 4679 praemia
748 4608 1103 4679 requirendi,
1138 4625 1253 4664 non
1302 4609 1488 4665 fomes
1530 4611 1602 4666 ad
1653 4611 1772 4666 ima
1813 4616 1934 4668 ten-

278 4695 480 4752 dendi.
529 4695 675 4752 Hinc
722 4697 991 4770 egregius
1049 4697 1362 4769 Apostolus
1422 4699 1746 4756 admonens
1779 4717 1791 4754 :
1823 4703 1937 4771 Qui

279 4791 534 4849 utuntur,
581 4783 793 4856 inquit,
835 4786 932 4840 hoc
976 4785 1202 4855 mundo,
1234 4795 1499 4859 tanquam
1543 4805 1651 4844 non
1709 4797 1937 4844 utantur

279 4872 329 4943 (Ι
349 4873 473 4929 Cor.
487 4873 610 4942 vn).
632 4874 797 4930 Tunc
824 4873 982 4930 enim
1013 4892 1115 4931 vos
1144 4875 1545 4932 indubitanter
1563 4877 1636 4932 ad
1659 4883 1933 4933 aeternam

274 4960 528 5034 gloriam
560 4961 889 5034 pertingere
920 4981 1090 5035 posse
1131 4965 1513 5028 confidemus,
1548 4965 1595 5020 si
1646 4965 1706 5020 in
1755 4965 1934 5037 hujus

273 5049 410 5106 vita;
440 5048 629 5121 gloria
654 5051 878 5121 positos
895 5068 996 5108 vos
1019 5052 1408 5109 humilitatem
1434 5053 1641 5109 sectari
1659 5055 1936 5110 veraciter

273 5137 662 5196 senserimus.
688 5139 982 5212 Scriptum
1015 5141 1232 5214 quippe
1263 5146 1352 5198 est
1386 5159 1397 5196 :
1432 5143 1680 5198 Gloriam
1721 5160 1931 5215 praece-

270 5229 358 5284 dit
416 5228 708 5284 humilitas
768 5229 948 5300 (Prov.
983 5231 1074 5302 xv)
1110 5247 1123 5284 :
1159 5247 1190 5286 e
1239 5232 1528 5287 contrario
1583 5249 1716 5288 vero
1751 5250 1763 5288 :
1797 5234 1932 5290 Ante

270 5319 504 5373 ruinam
547 5317 831 5372 occultatur
875 5334 968 5373 eor
996 5321 1180 5388 (Prov.
1215 5323 1352 5389 xvx).
1387 5321 1498 5376 Sed
1549 5321 1670 5377 haec
1723 5339 1827 5377 nos
1858 5323 1930 5378 ad

269 5405 723 5461 aedificationem
770 5405 1152 5463 sublimitatis
1195 5413 1401 5465 vestrae
1453 5426 1629 5482 quam
1691 5415 1930 5482 paterno

267 5496 687 5552 incunctanter
734 5495 943 5550 affectu
1005 5495 1333 5570 diligimus,
1392 5497 1609 5553 cursim
1668 5499 1933 5572 tetigisse

263 5589 464 5642 vestra
513 5581 766 5640 libenter
809 5584 1207 5656 tranquillitas
1257 5587 1498 5652 noverit,
1529 5591 1585 5644 et
1631 5605 1696 5644 co
1737 5606 1850 5659 quo
1899 5607 1933 5647 a

2045 521 2342 590 gratanter
2369 517 2651 590 suscipiat
2682 517 2935 574 animus.
2970 518 3252 574 Caeterum
3305 521 3376 575 de
3427 521 3690 580 Rhotado

2043 606 2358 661 venerabili
2386 605 2676 678 episcopo,
2696 608 2765 662 de
2788 624 2901 679 quo
2926 607 3274 679 apostolatui
3300 614 3498 667 nostro
3521 612 3690 668 omit-

2041 695 2285 751 tendum
2317 711 2432 749 non
2465 699 2571 763 est,
2605 695 2818 751 iterum
2850 695 3178 769 iterumque
3209 699 3603 771 suggerimus,
3629 706 3694 756 ut

2044 784 2202 840 omni
2235 783 2420 839 desita
2451 785 2862 851 amaritudine,
2897 802 3074 858 quam
3125 786 3278 842 circa
3323 787 3489 843 illum
3524 790 3691 847 celsi-

2044 872 2267 928 tudinis
2291 863 2491 928 véstrae
2516 873 2724 930 retinet
2743 873 3090 948 indignatio,
3106 893 3210 949 pro
3242 893 3438 934 amore
3460 884 3691 951 aposto-

2044 960 2235 1017 lorum
2267 961 2569 1034 principis,
2593 963 2662 1017 ad
2708 965 2878 1033 cujus
2911 963 3130 1035 sedem,
3165 965 3306 1020 dum
3361 967 3696 1024 anxiaretur

2045 1067 2145 1108 cor
2200 1052 2351 1122 ejus,
2385 1049 2678 1119 clamavit,
2711 1051 2960 1123 gratiam
3013 1052 3099 1107 illi
3150 1053 3605 1126 impartiamini;
3640 1062 3696 1113 et

2045 1139 2390 1213 placabilem
2423 1156 2561 1212 erga
2590 1157 2724 1195 eum
2767 1140 2953 1212 pietas
2998 1147 3211 1210 vestra,
3242 1148 3586 1218 gratamque
3636 1147 3693 1202 in

2047 1228 2322 1284 omnibus
2365 1245 2428 1285 se
2469 1246 2711 1301 prorsus
2741 1229 3026 1296 exhibeat,
3062 1230 3145 1287 ita
3172 1237 3236 1287 ut
3264 1249 3398 1288 cum
3451 1235 3695 1292 Romam

2047 1319 2417 1390 profecturus
2447 1317 2576 1384 erit,
2609 1323 2804 1374 vestra
2850 1317 2935 1374 illi
2986 1320 3340 1378 sufficientia
3385 1323 3442 1378 in
3489 1324 3699 1383 itinere

2047 1423 2163 1462 non
2195 1406 2390 1462 desint
2421 1405 2630 1466 solatia
2661 1425 2674 1463 ε
2703 1409 2804 1463 sed
2857 1408 3052 1479 potius
3098 1410 3306 1467 vestris
3355 1412 3561 1469 saltem
3595 1432 3696 1488 pro

2049 1494 2216 1550 nobis
2249 1495 2470 1552 ditatus
2503 1495 2908 1562 heneﬁciis,ac
2941 1497 3124 1553 fultus
3146 1499 3526 1568 subsidiis,ad
3550 1520 3700 1576 ccep-

2046 1587 2171 1638 tum
2196 1584 2524 1657 pertingere
2556 1590 2732 1658 queat
2751 1585 2877 1642 sine
2898 1586 3098 1658 aliqua
3127 1586 3473 1646 difficultate
3494 1608 3699 1664 propo-

2049 1673 2248 1728 situm.
2282 1674 2456 1730 Porro
2489 1674 2558 1729 de
2591 1674 2684 1729 his
2715 1692 2819 1747 pro
2852 1675 3068 1748 quibus
3117 1678 3510 1750 apostolatum
3563 1698 3698 1737 nos-

2051 1767 2205 1818 trum
2235 1762 2540 1818 consulere
2573 1763 2780 1819 merito
2812 1765 3174 1834 decrevistis,
3209 1767 3371 1824 fratri
3403 1773 3460 1825 et
3507 1771 3697 1843 coepi-

2045 1869 2220 1925 scopo
2252 1856 2452 1908 nostro
2485 1852 2819 1918 Hincmaro,
2853 1855 3004 1926 quod
3043 1855 3211 1910 nobis
3241 1856 3540 1914 tolerabile
3570 1877 3699 1915 esse

2044 1940 2292 2008 videtur,
2327 1941 2778 1997 custodiendum
2811 1959 2878 1997 ac
2917 1943 3350 2000 decernendum
3399 1947 3696 2002 mandavi-

2046 2046 2198 2084 mus.
2226 2029 2504 2085 Praaterea
2536 2028 2815 2086 nolumus
2841 2030 3109 2103 ignorare
3136 2038 3388 2089 vestram
3422 2036 3701 2107 sagacita-

2043 2121 2161 2173 tem
2194 2118 2347 2189 quod
2378 2117 2509 2173 licet
2539 2135 2771 2190 semper
2801 2119 3172 2176 dilexerimus
3220 2139 3342 2188 vos,
3379 2122 3699 2195 plurimum

2044 2211 2240 2263 tamen
2272 2208 2490 2263 amoris
2511 2208 2669 2263 cordi
2694 2213 2892 2264 nostro
2915 2211 3290 2281 praesentium
3314 2211 3528 2270 latores
3551 2214 3701 2270 inse-

2047 2301 2307 2363 ruerunt,
2344 2296 2443 2368 qui
2485 2295 2708 2352 scdulis
2741 2298 3246 2370 persecutionibus
3277 2300 3401 2356 suis
3433 2307 3552 2357 tam
3587 2303 3698 2358 mi-

2046 2385 2230 2440 randa
2259 2385 2329 2440 de
2359 2386 2523 2442 vobis
2556 2386 2774 2442 nostris
2825 2388 3069 2444 auribus
3116 2389 3501 2446 inculcarunt.
3543 2392 3701 2449 Unde

2045 2478 2102 2529 et
2150 2472 2609 2544 omnipotentem
2659 2476 2842 2531 Deum
2893 2477 3101 2533 merito
3150 2477 3486 2547 laudamus,
3519 2485 3576 2536 et
3626 2483 3697 2536 ad

2046 2561 2373 2617 dilectionis
2402 2567 2608 2618 vestrae
2640 2564 2909 2620 ardorem
2950 2566 3137 2639 magis
3167 2585 3234 2623 ac
3266 2569 3455 2642 magis
3487 2586 3585 2624 cor
3606 2588 3702 2625 no-

2045 2653 2234 2705 strum
2256 2657 2678 2717 consequenter
2694 2654 2968 2709 succendi
2977 2672 3129 2710 mus.
3155 2655 3437 2728 Optamus
3453 2657 3697 2730 gloriam

2044 2743 2299 2794 vestram
2331 2738 2387 2794 in
2421 2739 2650 2796 Christo
2683 2741 2829 2797 bene
2855 2741 3064 2799 valere.

2777 2866 2964 2921 XLIX.

2428 2972 2501 3009 AD
2542 2971 3003 3011 HERMINTRUDEM
3044 2973 3320 3013 REGINAM.

2689 3044 2878 3115 (Anno
2907 3045 3012 3099 863
3040 3046 3056 3114 )

2047 3133 2346 3214 Respoudet
2399 3149 2456 3216 se
2508 3149 2730 3187 causam
2786 3133 3206 3216 (Romadihquod
3255 3136 3356 3190 illa
3406 3137 3694 3216 in__Carolz

2116 3204 2261 3271 regis
2306 3203 2545 3272 gratiam
2589 3205 2927 3275 suggerebat,
2969 3203 3330 3262 indiseussam
3387 3209 3698 3281 relinquere

2115 3292 2225 3330 non
2252 3291 2423 3346 posse.

2664 3364 2896 3435 [Mansi,
2931 3366 3088 3437 ibid.]

2117 3453 2404 3508 NICOLAUS
2425 3452 2965 3526 episcopus,servus
2988 3472 3287 3512 servorum
3301 3457 3421 3526 Dei,
3439 3457 3695 3514 Heuma-

2043 3558 2209 3597 TRUDI
2241 3541 2506 3614 gloriosas
2539 3542 2769 3613 reginae.

2119 3630 2365 3687 Litteras
2391 3630 2720 3688 dilectionis
2737 3633 3089 3700 vestraeﬁlia
3107 3633 3547 3703 charissima,ut
3569 3653 3698 3694 nos-

2046 3723 2204 3774 trum
2219 3736 2414 3793 regem
2428 3720 2918 3786 Carolum,virum
2932 3727 3486 3791 vestrum,nostrum
3499 3730 3695 3782 autem

2045 3806 2322 3863 dilectum
2354 3808 2637 3876 filium,in
2671 3826 2849 3866 causa
2874 3811 3122 3866 Rotbadi
3145 3812 3398 3885 episcopi
3429 3815 3696 3871 exaudia-

2046 3913 2198 3962 mus,
2221 3914 2326 3953 nos
2357 3897 2561 3952 hortan
2573 3902 2824 3964 tes,ecce
2847 3916 3003 3954 nunc
3021 3902 3278 3956 secundo
3301 3903 3690 3975 suscepimus.

2043 3986 2151 4040 Pro
2165 4001 2283 4056 qua
2295 3985 2525 4051 re,mihi
2539 3985 3312 4053 crede,multumanxiamur
3323 3989 3694 4064 multumque

2045 4073 2304 4144 undique
2336 4078 2702 4128 coarctamur
2735 4092 2748 4129 :
2783 4074 3059 4146 quoniam
3095 4092 3198 4131 nec
3233 4094 3339 4133 nos
3374 4096 3692 4150 possumus

2042 4162 2301 4229 vobis,ut
2331 4162 2637 4218 nobiscum
2660 4163 2729 4218 de
2750 4163 2848 4218 illo
2873 4181 3055 4219 unum
3083 4165 3371 4235 sentiatis,
3389 4166 3443 4222 id
3469 4168 3694 4242 ipsum-

2043 4267 2158 4322 que
2185 4249 2394 4318 velitis,
2427 4250 2711 4306 suadere:
2749 4268 2852 4307 nec
2885 4270 3122 4309 rursum
3171 4271 3348 4312 causa
3398 4256 3534 4313 talis
3583 4263 3692 4326 est,

2045 4340 2199 4413 quod
2230 4340 2356 4395 sine
2387 4340 2708 4395 offensione
2759 4340 2859 4395 Dei
2891 4358 2998 4396 nos
3030 4342 3329 4400 valeamus
3382 4351 3696 4418 utrumque

2043 4433 2411 4501 postponere.
2443 4429 2680 4495 Verum,
2717 4427 2856 4495 lilia,
2886 4434 2951 4485 ut
3000 4447 3134 4486 cum
3173 4432 3456 4489 charitate
3503 4439 3697 4490 vestra

2043 4518 2315 4585 dicam,si
2338 4522 2601 4590 oporteat
2630 4518 2864 4575 obedire
2890 4519 3004 4576 Deo
3027 4521 3216 4593 magis
3247 4538 3425 4594 quam
3448 4521 3696 4578 homini-

2046 4607 2547 4680 bus,ipsa,potius
2572 4608 2792 4679 judica.
2813 4608 2928 4664 Nos
2960 4613 3156 4666 autem
3181 4627 3420 4666 causam
3445 4611 3692 4668 Rothadi

2045 4695 2104 4751 in
2125 4696 2336 4752 virtute
2353 4697 2445 4752 Dei
2463 4714 2574 4752 non
2591 4697 2900 4769 patiemur,
2925 4697 3043 4752 vita
3055 4697 3284 4763 comite,
3300 4697 3693 4756 indiscussam

2044 4785 2317 4858 relinqui,
2349 4791 2737 4859 praeterquam
2779 4787 2830 4842 si
2860 4791 2992 4844 ante
3035 4787 3189 4843 idem
3219 4787 3566 4845 venerabilis
3609 4789 3696 4845 vir

2044 4875 2290 4947 pristino
2343 4875 2515 4931 fuerit
2545 4875 2749 4932 honori
2797 4894 2861 4931 ac
2887 4875 3158 4949 dignitati
3198 4875 3483 4943 redditus,
3514 4895 3690 4949 quam

2045 4980 2242 5019 coram
2271 4969 2467 5020 nostra
2498 4964 2734 5037 speciali
2769 4965 3495 5038 pressantia,discernenda
3515 4982 3693 5021 causa

2045 5053 2236 5126 ipsius
2264 5054 2549 5110 exstiterit
2578 5053 3368 5128 praesentata.0uis,rogo,in
3401 5059 3520 5111 toto
3553 5056 3690 5110 orbe

2041 5144 2204 5215 regni
2237 5143 2411 5198 vestri
2443 5142 2638 5210 laesus,
2671 5148 2773 5198 aut
2793 5142 3110 5210 lazdendus,
3126 5143 3406 5200 clamaret
3427 5161 3688 5216 unquam

2040 5232 2113 5287 ad
2137 5230 2556 5287 sublimitatem
2581 5233 3032 5303 vestram,cujus
3052 5249 3361 5288 vosvocem
3385 5237 3691 5305 postpone-

2041 5320 2272 5386 retis,et
2305 5337 2419 5375 non
2452 5319 2641 5392 magis
2673 5319 2889 5376 ultione
2921 5321 3188 5377 districta
3226 5321 3414 5394 ipsius
3442 5321 3689 5393 injurias

2039 5408 2450 5465 vindicaretis?
2470 5412 2525 5463 et
2556 5425 2662 5463 nos
2694 5426 2810 5480 quo
2840 5410 3012 5465 modo
3035 5410 3255 5466 hortari
3291 5410 3590 5476 videmini,
3625 5416 3689 5466 ut

2041 5514 2234 5555 vocem
2259 5497 2771 5570 sanguinisfratris
2794 5499 2974 5554 nostri
3001 5517 3114 5555 non
3137 5500 3556 5556 exaudiamus?
3573 5505 3691 5555 Aut

2041 5587 2331 5660 quomodo
2346 5586 2752 5643 obturabimus
2774 5603 2948 5646 aures
2971 5590 3044 5646 ad
3066 5588 3351 5649 clamores
3369 5588 3686 5660 illius,cum
