3894 6204
149 438 252 499 873

1332 404 1875 492 EPISTOLIE‘E'I‘
1920 429 2311 492 DECRETA.

3400 434 3519 494 874

144 567 351 633 veritas,
382 556 649 637 quisquis
696 578 800 636 pro
830 554 1069 618 veritate
1132 561 1324 635 palam
1382 576 1498 617 non
1558 540 1846 631 certati
1874 579 2031 620 nunc
2064 562 2338 619 audimus
2369 563 2760 620 Guntharium
2792 564 3169 621 interdictum
3201 564 3309 620 sibi
3345 564 3519 645 mini-

148 657 413 716 Christum
443 668 637 708 coram
680 649 1020 737 hominibqu
1052 650 1253 724 procul
1281 651 1461 707 dubio
1491 651 1761 723 abnegat.

208 746 245 801 Ι.
268 743 320 801 Si
344 738 605 797 voluntas
626 740 755 813 ejus
779 756 883 795 nec
905 743 1048 812 erat,
1073 757 1178 795 nec
1200 744 1308 808 est,
1332 756 1433 795 nec
1454 738 1564 796 erit
1587 739 1645 794 in
1669 737 1768 795 illa

143 834 339 907 injusta
359 826 579 900 copula,
605 828 721 884 Deo
752 822 973 900 gratias
1005 826 1411 901 agimus,quia
1437 818 1600 884 valde
1632 825 1764 882 dili-

142 923 315 997 gimus
352 914 625 973 illum.Et
673 915 891 973 idcirco
943 914 1265 989 plurimum
1313 915 1644 973 doleremus
1691 914 1762 983 si,

142 1010 277 1085 quod
298 1005 459 1073 absit,
483 1005 651 1062 aliter
669 1010 843 1062 esset.
864 1002 975 1062 Sed
997 1003 1141 1077 quia
1174 1005 1290 1062 Deo
1311 1004 1529 1085 gratias
1560 1021 1656 1059 rex
1675 1008 1766 1089 est

140 1104 188 1156 et
230 1097 283 1153 in
329 1094 560 1153 sublimi
601 1098 889 1167 potestate
938 1091 1224 1161 consistit,
1264 1093 1457 1167 palam
1488 1088 1765 1149 omnibus

142 1186 437 1243 innotescat
457 1200 626 1239 suam
653 1200 767 1239 non
792 1200 919 1238 esse
942 1176 1001 1238 in
1027 1182 1125 1237 tali
1146 1176 1356 1255 copula
1375 1181 1761 1248 voluntatem;

144 1282 199 1331 ut
225 1275 465 1329 videntes
511 1271 783 1327 homines
834 1271 960 1343 ejus
1006 1272 1160 1327 bona
1211 1288 1402 1343 opera,
1437 1269 1763 1344 gloriﬁcent

141 1366 346 1420 Patrem
375 1364 637 1416 nostrum
669 1360 769 1432 qui
818 1364 907 1417 est
964 1356 1023 1415 in
1074 1359 1252 1415 coelis.
1288 1359 1468 1415 Nemo
1521 1348 1757 1431 quippe,

141 1453 277 1508 sicut
302 1449 520 1506 Veritas
551 1442 710 1516 dicit,
736 1440 1003 1504 accendit
1045 1448 1325 1504 lucernam
1362 1438 1414 1503 et
1448 1442 1613 1527 ponit
1640 1436 1760 1527 eam

140 1542 227 1597 sub
250 1536 439 1603 'modio,
460 1537 554 1594 sed
581 1534 746 1609 cuper
771 1536 1179 1604 candelabrum,
1210 1545 1271 1593 ut
1301 1538 1477 1592 luceat
1503 1524 1761 1591 omnibus

139 1631 226 1701 qui
260 1630 311 1684 in
357 1627 509 1682 domo
536 1634 667 1681 sunt
695 1619 916 1694 (Matth.
941 1626 1015 1699 vf).
1037 1619 1194 1699 Ergo
1247 1626 1474 1681 deserat
1518 1616 1762 1680 simula-

139 1718 355 1782 tionem,
370 1718 425 1770 et
444 1713 687 1787 arripiat
715 1713 957 1769 liberam
976 1706 1309 1781 audaciam,
1326 1729 1502 1786 quam
1535 1728 1637 1783 pro
1658 1710 1760 1766 Dei

140 1803 372 1872 nomine,
406 1818 519 1858 non
555 1794 744 1858 Solum
799 1808 934 1859 cum
991 1807 1080 1859 est
1126 1814 1242 1870 rex,
1272 1794 1473 1857 verum
1505 1799 1679 1856 etiam
1711 1799 1759 1854 si

136 1897 272 1949 esset
291 1874 1158 1965 pauperrimu's,apprehendere
1175 1905 1547 1962 nequaquam
1567 1886 1761 1955 formi-
1792 1924 1801 1965 ﬁ

137 1984 257 2037 dare
287 1980 583 2036 debuerat.
616 1980 763 2046 Quia
799 1996 930 2035 vero
962 1980 1197 2051 quando
1228 1979 1559 2034 habuerunt
1588 1993 1759 2049 syno-

135 2070 305 2126 dalem
328 2071 695 2136 conventum,
715 2064 795 2124 ibi
828 2084 943 2123 nec
966 2066 1089 2140 ipse
1121 2064 1248 2135 fuit,
1264 2084 1367 2122 nec
1399 2066 1657 2138 episcopi
1689 2054 1760 2120 de

136 2175 295 2232 regno
324 2157 528 2230 ipsius,
562 2157 670 2213 hoc
716 2173 1068 2231 magnopere
1097 2155 1461 2212 laudandum
1501 2171 1615 2210 non
1646 2158 1759 2222 est,

134 2264 192 2303 eo
217 2246 360 2319 quod
406 2246 453 2301 si
487 2244 661 2312 esset,
694 2242 938 2301 forsitan
986 2240 1492 2306 contradixissent.
1516 2242 1756 2299 forsitan

135 2326 492 2392 escenderent
522 2350 591 2390 cx
629 2330 870 2391 adverso
900 2326 957 2390 et
987 2336 1346 2406 opponerent
1382 2324 1622 2388 murum
1656 2348 1759 2405 pro

134 2424 287 2481 domo
315 2414 568 2480 Domini.
590 2424 805 2479 Verum
830 2416 1041 2479 melius
1054 2420 1395 2495 judicamus
1417 2437 1516 2477 eos
1540 2418 1620 2475 ibi
1642 2436 1760 2475 non

133 2512 294 2569 fuisse
324 2510 502 2585 quam
556 2511 606 2568 si
654 2516 852 2567 essent
898 2515 955 2566 et
996 2506 1089 2566 vel
1135 2509 1380 2567 tacendo
1429 2507 1757 2566 consensis-

133 2606 262 2658 sent.
285 2596 568 2668 Quoniam
600 2604 796 2655 autem
841 2596 1076 2672 propter
1124 2603 1384 2654 nostram
1417 2597 1757 2669 petitionem

130 2695 179 2746 et
205 2706 451 2746 amorem
508 2688 703 2745 fratris
734 2688 825 2744 sui
859 2686 1315 2743 familiaritatem
1368 2684 1576 2741 habuit
1623 2702 1755 2740 cum

132 2779 302 2845 illo,’et
322 2795 568 2851 regnum
595 2778 722 2849 ejus
745 2772 1026 2833 stabilivit
1048 2781 1105 2832 et
1124 2776 1317 2832 adhuc
1338 2775 1595 2831 stabilire
1614 2774 1757 2839 vult,

129 2868 169 2922 si
198 2872 397 2923 nostrae
430 2865 723 2923 obedierit
754 2865 1010 2938 jussioni
1059 2866 1206 2921 bene
1255 2864 1409 2920 facit.
1435 2864 1569 2930 Sed,
1612 2860 1756 2935 proh

129 2954 301 3011 dolor!
326 2956 463 3028 quid
493 2956 542 3011 ei
576 2956 814 3027 prodest
844 2970 1085 3027 regnum
1118 2959 1406 3009 terrarum
1438 2952 1538 3024 qui
1572 2951 1761 3024 perdit

127 3044 448 3100 aetherium?
470 3042 577 3099 Vel
609 3044 778 3115 cujus
825 3041 1241 3098 familiaritatis
1281 3040 1526 3097 societas
1557 3040 1758 3095 haberi

128 3138 300 3206 potest
327 3150 459 3188 cum
510 3150 575 3188 eo
634 3132 734 3204 qui
795 3130 1151 3187 dissociatur
1181 3149 1213 3185 a
1242 3135 1375 3199 Deo,
1409 3134 1466 3184 et
1523 3145 1757 3184 carnem

1875 649 2117 707 sterium
2154 669 2499 724 usurpasse;
2534 656 2890 725 quapropter
2927 652 3041 709 tale
3079 651 3387 708 consilium
3420 652 3520 708 da-

1876 756 2007 795 mus
2039 744 2095 795 et
2142 758 2245 813 per
2277 740 2682 797 auctoritatem
2714 742 2815 797 Dei
2854 745 2910 797 et
2938 742 3239 797 beatorum
3286 740 3435 797 Petri
3467 745 3526 797 et

1874 828 2036 884 Pauli
2059 828 2456 901 apostolorum
2480 830 2813 903 principum
2832 835 2888 886 et
2908 830 3173 886 omnium
3196 828 3373 885 simul
3396 847 3526 886 san-

1873 922 2097 973 ctorum
2122 922 2357 992 patrum
2380 917 2595 974 domno
2620 918 2739 991 regi
2762 917 3049 974 Ludovico
3071 917 3438 991 injungimus
3461 921 3526 974 ut

1873 1006 1945 1061 ab
1978 1006 2244 1078 ejusdem
2277 1006 2589 1063 Guntharii
2619 1007 2706 1063 vel
2744 1006 2920 1063 etiam
2952 1006 3330 1079 Theodgaudi
3364 1023 3520 1062 com-

1871 1095 2149 1150 munione
2182 1113 2243 1152 se
2274 1112 2530 1168 suosque
2569 1113 2774 1150 omnes
2814 1100 2871 1151 et
2900 1095 3189 1170 praecipue
3218 1095 3523 1168 episcopos

1873 1184 2231 1250 substrahat,
2255 1189 2312 1240 et
2341 1201 2375 1239 a
2406 1184 2797 1240 familiaritate
2840 1201 3042 1240 eorum
3083 1184 3182 1257 qui
3214 1183 3330 1239 illis
3361 1202 3518 1240 com-

1871 1271 2176 1328 municant
2203 1272 2289 1328 vel
2320 1290 2554 1345 quoquo
2584 1272 2755 1329 modo
2786 1273 3065 1340 favent,se
3095 1276 3151 1327 et
3179 1288 3318 1328 suos
3348 1277 3519 1345 quot-

1872 1364 2014 1429 quot
2044 1364 2233 1432 potest
2261 1361 2574 1429 contineat,
2600 1361 2680 1416 ita
2709 1366 2905 1417 tamen
2933 1359 2981 1416 si
3012 1354 3210 1416 verum
3242 1366 3331 1418 est
3358 1363 3516 1433 quod

1872 1446 2247 1505 interdictum
2281 1449 2391 1506 sibi
2417 1449 2742 1523 episcopale
2764 1449 3021 1505 officium
3048 1450 3442 1523 peragant,vel
3465 1438 3516 1507 si

1870 1537 2271 1593 conventicula
2301 1543 2500 1594 contra
2526 1538 2938 1594 diffinitionem
2971 1542 3231 1594 nostram
3266 1538 3325 1595 in
3355 1540 3514 1612 ipsos

1869 1624 2155 1695 prolatam
2216 1643 2568 1700 congregare
2620 1627 2998 1696 tentaverint;
3050 1616 3329 1685 ‘similiter
3384 1632 3441 1685 et
3482 1645 3517 1684 a

1848 1710 2127 1769 -Lotharii
2144 1717 2556 1797 communione
2574 1734 2636 1773 se
2652 1716 2891 1772 omnino
2913 1716 3255 1789 suspendat,
3273 1716 3354 1772 ita
3372 1717 3516 1773 dun-

1869 1796 2027 1877 taxat
2046 1801 2103 1877 si
2137 1792 2293 1873 idem
2313 1788 2623 1862 Lotharius
2652 1803 2873 1861 monita
2902 1788 3104 1861 nostra
3123 1804 3426 1877 negligens
3454 1806 3513 1860 in

1856 1874 2078 1963 .cOpnl‘a
2115 1890 2440 1946 Waldradaa
2472 1908 2812 1963 permanere
2841 1874 3238 1963 delegerit,vel
3269 1874 3319 1946 si
3349 1891 3515 1947 cuili-

1870 1975 1967 2032 bet
1990 1979 2401 2035 damnatorum
2433 1979 2803 2053 praefatorum
2826 1984 3028 2035 contra
3056 1980 3287 2034 decreta
3317 1984 3519 2035 nostra

1868 2058 2140 2122 renitenti
2186 2068 2620 2124 communicare
2667 2066 2755 2123 vel
2811 2068 3001 2123 favere
3057 2062 3512 2140 praesumpserit.

1867 2148 2138 2226 Alioquin
2171 2171 2277 2212 nec
2309 2156 2409 2211 Dei
2443 2173 2546 2212 nec
2586 2156 2888 2213 beatorum
2934 2154 3334 2229 apostolorum
3365 2155 3516 2211 Petri

1867 2246 1925 2297 et
1954 2238 2140 2311 Pauli,
2163 2260 2267 2299 nec
2298 2248 2512 2300 sanctae
2550 2242 2845 2299 catholicae
2877 2248 2933 2299 et
2962 2243 3292 2315 apostolicae
3325 2242 3515 2299 Eccle-

1867 2330 1966 2385 sia:
1997 2332 2469 2388 communionem
2503 2332 2717 2388 habere
2747 2330 2949 2403 procul
2980 2331 3165 2405 dubio
3189 2333 3418 2404 poterit.

1936 2419 2029 2475 III.
2063 2419 2173 2475 Pia:
2206 2419 2501 2476 memoria:
2534 2420 2808 2476 Ludovici
2852 2420 3222 2493 imperatoris
3251 2420 3514 2477 studium

1866 2507 2293 2577 collaudamus,
2326 2506 2888 2581 przedecessorisquo
2922 2508 3103 2565 nostri
3145 2514 3359 2565 sanctae
3390 2526 3515 2566 me-

1868 2594 2062 2653 moriae
2094 2597 2356 2669 Gregorii
2387 2598 2631 2670 vestigia
2659 2598 2823 2671 sequi
2855 2596 3043 2670 parati
3072 2614 3300 2654 sumus.

1938 2686 2029 2740 IV.
2064 2684 2137 2741 Ut
2167 2686 2473 2759 episcopus
2508 2686 2939 2752 Bremonensis,
2966 2686 3099 2742 licet
3128 2704 3162 2742 a
3190 2686 3516 2743 Gunthario

1865 2773 1988 2829 haec
2018 2791 2132 2828 non
2163 2773 2418 2846 potuerit
2448 2774 2575 2829 dari
2606 2773 2859 2842 licentia,
2893 2791 2999 2830 nec
3030 2775 3101 2830 ab
3131 2791 3197 2831 eo
3227 2774 3342 2830 tale
3372 2775 3516 2847 quid

1867 2862 1981 2934 peti
2016 2860 2303 2930 debuerit,
2328 2869 2521 2918 tamen
2568 2879 2669 2934 pro
2709 2879 2907 2918 amore
2936 2862 3136 2918 domni
3170 2863 3346 2935 regis,
3378 2861 3517 2934 quia

1866 2950 1965 3023 pia
1992 2956 2080 3006 est
2106 2952 2234 3021 ejus
2266 2950 2486 3022 petitio,
2515 2966 2650 3005 cum
2683 2955 2881 3005 nostra
2912 2950 3255 3007 auctoritate
3286 2951 3345 3006 in
3376 2968 3517 3024 prm-

1866 3039 2020 3095 dicto
2060 3037 2185 3094 loco
2232 3039 2477 3095 Bremon
2511 3042 2856 3111 potestatem
2892 3042 2948 3094 et
2979 3038 3259 3095 honorem
3291 3038 3515 3096 archie-

1865 3127 2202 3201 piscopatus
2232 3144 2410 3200 super
2436 3126 2629 3183 Donas
2651 3130 2708 3182 et
2731 3127 2983 3183 Suvevos
3004 3127 3235 3196 haheat,
3259 3131 3316 3183 et
3335 3126 3514 3182 simili

125 3238 278 3277 suam
308 3221 437 3277 odio
490 3220 737 3286 habens,
770 3218 923 3274 tollit
971 3208 1233 3274 membra
1253 3214 1489 3285 Christi,
1515 3222 1572 3272 et
1623 3215 1762 3272 facit
1786 3286 1813 3297 δ’
1868 3217 2040 3272 modo
2071 3216 2162 3273 sui
2193 3232 2560 3272 successores
2584 3232 2687 3289 per
2710 3218 2974 3288 tempora
2994 3216 3194 3272 futura
3212 3220 3515 3289 perpetua-

125 3326 185 3365 ea
210 3310 466 3365 membra
501 3326 627 3365 mer
662 3306 844 3364 tricis.

187 3396 252 3454 II.
284 3399 444 3465 Quod
499 3397 550 3454 si
583 3416 616 3453 a
643 3396 736 3451 via
762 3397 1025 3453 veritatis
1057 3394 1154 3451 ille
1201 3390 1511 3451 Lotharius
1560 3393 1759 3450 devia-

124 3484 254 3541 verit
283 3492 339 3542 et
367 3503 589 3543 normae
625 3482 869 3558 justitiaa
920 3502 1037 3541 non
1085 3480 1387 3552 obedierit,
1421 3489 1477 3539 et
1505 3483 1759 3539 domnus

124 3592 209 3630 rex
236 3574 566 3632 Ludovicus
594 3574 853 3648 postulat
879 3578 1145 3629 nostrum
1177 3572 1588 3645 apostolatum,
1609 3571 1761 3628 sicut

120 3664 397 3720 credimus
418 3662 563 3737 quia
582 3680 650 3719 ex
666 3663 859 3720 cordis
878 3660 1137 3736 postulat
1152 3656 1611 3734 simplicitate,et
1626 3679 1759 3717 con-

120 3750 343 3808 fidimus
375 3752 520 3825 quia
549 3756 863 3824 postquam
892 3756 1157 3807 nostrum
1188 3749 1499 3806 consilium
1532 3748 1755 3822 quierit,

119 3856 222 3895 non
260 3841 664 3915 parvipendet,
699 3841 799 3896 sed
849 3838 1185 3896 obedienter
1230 3838 1507 3912 perﬁciet,
1539 3832 1759 3894 interea

119 3926 473 4001 disponimus
509 3930 781 3985 eumdem
828 3927 1168 3984 Lotharium
1202 3928 1533 3994 admonere,
1563 3931 1619 3982 et
1648 3923 1757 3983 iste

114 4021 345 4086 patruus
376 4018 426 4073 ei
447 4016 725 4073 similiter
753 4016 947 4072 faciat.
972 4017 1132 4082 Quod
1156 4012 1204 4071 ei
1237 4015 1407 4071 toties
1437 4018 1757 4071 conventus

113 4116 300 4176 parere
320 4107 494 4163 nobis
510 4105 1126 4175 distulerit,neminem
1140 4102 1601 4159 Christianorum
1619 4120 1754 4159 cum

112 4210 169 4249 eo
198 4194 472 4252 volumus
506 4192 965 4250 familiaritatem
998 4191 1255 4265 aliquam
1287 4188 1521 4255 habere,
1546 4188 1647 4247 sed
1680 4191 1757 4248 sit

115 4281 346 4340 ulterius
377 4280 660 4340 omnibus
686 4282 840 4340 sicut
862 4280 1131 4338 ethnicus
1160 4286 1216 4337 et
1248 4278 1597 4353 publicanus
1618 4296 1752 4336 cum

115 4368 496 4429 familiaribus
527 4372 672 4427 suis.
698 4372 784 4428 Tu
813 4366 1035 4437 autem,
1063 4368 1434 4426 sanctissime
1462 4368 1752 4443 episcopo,

112 4458 245 4516 bene
274 4461 431 4517 nosti
461 4460 604 4534 quia
623 4478 775 4533 saepe
807 4457 1074 4516 nonnulli
1097 4456 1386 4532 compulsi
1418 4456 1661 4515 redeunt
1682 4458 1754 4515 ad

109 4546 247 4604 viam
279 4550 518 4606 salutis.
538 4546 702 4606 Unde
722 4549 770 4605 si
804 4546 956 4604 sicut
984 4548 1136 4620 apud
1170 4564 1277 4603 nos
1307 4545 1535 4603 nullum
1568 4542 1756 4621 potuit

1782 3295 1828 3365 C
1864 3303 1998 3360 liter
2027 3308 2264 3360 teneant
2293 3308 2468 3376 atque
2498 3303 2854 3376 possideant.

1936 3392 2003 3448 V.
2040 3394 2119 3449 De
2153 3393 2425 3466 episcopo
2466 3392 2936 3450 Radasbenensis
2966 3393 3236 3463 civitatis,
3268 3394 3318 3451 si
3348 3395 3512 3463 adeo,

1867 3481 2018 3538 sicut
2049 3481 2213 3549 dicis,
2247 3481 2583 3537 inﬁrmatur
2612 3485 2678 3537 ut
2719 3482 2791 3537 de
2832 3481 3038 3538 ovibus
3069 3482 3179 3539 sibi
3212 3483 3514 3540 commisis

1867 3570 2091 3627 nullam
2124 3587 2324 3627 curam
2365 3569 2579 3626 habere
2626 3570 2829 3642 possit,
2863 3588 2936 3627 ne
2964 3570 3091 3626 sine
3121 3571 3513 3629 sollicitudine

1864 3652 2144 3733 pastorali
2158 3660 2434 3731 degentes
2447 3676 2581 3714 oves
2593 3658 2671 3714 Ch
2683 3658 2806 3714 risti
2824 3660 3159 3732 depereant,
3174 3662 3517 3733 proﬁteatur

1866 3748 2082 3820 scripto
2104 3752 2160 3804 et
2184 3746 2430 3821 propriae
2462 3764 2673 3803 manus
2704 3748 3134 3820 subscriptione
3165 3766 3271 3806 suo
3303 3753 3515 3806 metro-

1864 3834 2124 3912 politano
2156 3853 2216 3892 se
2250 3835 2331 3890 nil
2360 3834 2507 3891 lucri
2539 3835 2693 3908 plebi
2721 3836 2834 3892 sibi
2855 3838 3182 3894 commissae
3212 3855 3384 3911 posse
3412 3855 3517 3912 pro

1866 3943 1973 3981 sua
2002 3924 2162 3997 gravi
2194 3924 2567 3997 egrotatione
2597 3923 2880 3979 conferre.
2905 3925 3017 3981 Sed
3048 3929 3106 3981 et
3136 3926 3314 3982 simili
3345 3927 3518 3983 modo

1866 4029 2169 4084 nunquam
2202 4028 2263 4068 se
2293 4012 2568 4084 deinceps
2598 4012 2928 4084 episcopale
2955 4013 3213 4069 ofﬁcium
3246 4014 3519 4086 repetitu-

1865 4118 1995 4157 rum
2026 4098 2388 4173 polliceatur,
2418 4100 2466 4155 si
2497 4103 2694 4154 tamen
2720 4099 2848 4170 ejus
2880 4100 2939 4155 in
2970 4100 3078 4157 hoc
3100 4106 3221 4157 tota
3248 4101 3519 4160 voluntas

1862 4193 1951 4247 est
1972 4196 2029 4246 et
2050 4188 2121 4245 de
2143 4188 2393 4244 sanitate
2426 4186 2610 4259 ipsius
2632 4188 2822 4244 modis
2843 4188 3119 4246 omnibus
3149 4190 3513 4264 desperatur.

1866 4280 1968 4336 His
1998 4279 2081 4335 ita
2110 4276 2309 4351 gestis,
2345 4293 2460 4332 non
2512 4275 2647 4331 talis
2677 4276 2911 4348 qualem
2971 4277 3097 4351 ipse
3152 4280 3412 4354 elegerit,
3443 4272 3516 4338 ne

1862 4372 2065 4426 contra
2086 4382 2337 4423 canones
2360 4381 2759 4421 successorem
2783 4366 2896 4421 sibi
2919 4366 3042 4439 ipse
3063 4368 3308 4442 elegisse
3327 4370 3519 4426 videa-

1862 4464 1989 4527 tur;
2012 4456 2113 4513 sed
2139 4471 2314 4528 quem
2337 4453 2478 4511 cleri
2510 4458 2568 4510 et
2592 4453 2780 4526 plebis
2809 4472 2943 4510 cum
2976 4472 3265 4513 consensu
3300 4463 3513 4515 metro-

1863 4543 2105 4621 politani
2124 4542 2395 4601 voluntas
2415 4542 2619 4617 egerit,
2635 4543 2685 4600 is
2707 4542 2831 4600 loco
2854 4543 3040 4617 ipsius
3061 4545 3372 4619 episcopus
3393 4562 3515 4601 mo-

110 4634 310 4694 habere
337 4656 463 4695 suae
496 4637 825 4711 iniquitatis
855 4632 1218 4711 praesidium,
1241 4637 1322 4692 ita
1353 4635 1580 4692 nullum
1602 4639 1754 4693 inve-
1865 4636 1955 4692 dis
1978 4632 2253 4717 omnibus
2278 4636 2670 4702 consecretur,
2684 4632 2754 4687 de
2786 4632 2915 4706 ipsa
2932 4632 3188 4689 Ecclesia
3213 4634 3512 4705 superstiti

108 4723 282 4782 nisset
305 4727 467 4801 apud
493 4724 733 4800 patruos
756 4731 812 4781 et
836 4726 1044 4782 fratres
1079 4720 1218 4782 suos
1248 4722 1610 4798 confugium,
1629 4727 1751 4797 jam

104 4810 183 4867 vel
212 4819 455 4871 coactus
488 4814 723 4871 rediret.
749 4814 860 4870 Sed
892 4831 1025 4869 cum
1058 4813 1275 4868 invenit
1306 4811 1567 4885 requiem
1598 4812 1754 4886 apud

103 4897 200 4957 hos
241 4904 298 4959 et
336 4906 762 4971 tutamentum,
797 4901 1002 4959 reverti
1055 4900 1394 4957 contemnit.
1430 4902 1575 4970 Quia
1622 4919 1755 4959 vero

100 5007 200 5046 nos
226 5008 361 5048 cum
397 4996 609 5049 sancta
638 4992 858 5066 synodo
874 4988 1045 5063 juxta
1063 5004 1314 5046 canones
1336 5008 1403 5046 ea
1424 4990 1757 5046 conditione

101 5076 566 5154 Theodgaudum
611 5084 668 5137 et
716 5079 1108 5137 Guntharium
1160 5077 1542 5150 deposuimus
1590 5084 1655 5134 ut
1705 5078 1755 5136 si

92 5166 251 5236 juxta
291 5170 729 5242 praecedentem
761 5164 1247 5226 consuetudinem
1289 5160 1513 5240 aliquid
1544 5168 1614 5225 de
1647 5168 1755 5224 mi-

99 5254 332 5313 nisterio
365 5256 541 5315 sacro
573 5259 856 5315 auderent
895 5256 1253 5329 contingere,
1287 5253 1448 5311 nullo
1480 5254 1653 5312 modo
1683 5255 1752 5311 li-

97 5350 242 5400 ceret
270 5347 359 5404 eis
391 5362 506 5404 nec
536 5346 596 5403 in
637 5347 752 5403 alia
792 5346 1012 5421 synodo
1045 5341 1432 5401 restitutionis
1461 5362 1625 5417 spem
1656 5349 1754 5401 aut

98 5429 282 5489 locum
313 5434 544 5492 habere
573 5433 1016 5500 satisfactionis,
1040 5432 1140 5489 sed
1168 5436 1225 5489 et
1253 5432 1754 5489 communicantes

92 5520 170 5577 eis
198 5540 409 5582 omnes
448 5525 627 5597 adjici
670 5526 742 5581 de
789 5524 1066 5590 Ecclesia,
1089 5526 1148 5578 et
1195 5523 1446 5578 maxime
1477 5523 1527 5578 si
1555 5512 1757 5594 postea

92 5625 264 5681 quam
288 5613 617 5670 didicerint
632 5614 913 5670 adversus
935 5616 1290 5667 memoratos
1311 5608 1594 5685 prolatam
1615 5612 1756 5668 fuis-

88 5714 146 5757 se
176 5702 570 5773 sententiam,
592 5701 812 5760 eisdem
845 5700 1280 5758 communicare
1303 5700 1671 5771 tentaverint,
1700 5706 1758 5760 et

409 5829 679 5894 Parnm.
725 5828 930 5895 CXIX.

1862 4725 2133 4798 episcopo
2183 4712 2492 4796 stipendiis
2536 4721 2797 4794 quandiu
2838 4720 3039 4778 vixerit
3085 4720 3513 4780 sufficientibus

1863 4831 1967 4888 per
1996 4828 2392 4869 successorem
2415 4828 2588 4867 suum
2621 4810 2961 4885 episcopum
2992 4810 3402 4884 subrogandis.

1933 4900 2029 4958 Vl.
2053 4902 2134 4957 De
2157 4900 2473 4973 Hartuvigo
2505 4899 2919 4957 Pazzouvensis
2950 4899 3198 4957 civitatis
3216 4901 3511 4973 episcopo,

1864 5009 2037 5066 quem
2072 4988 2331 5046 asseritis
2363 4992 2496 5045 ante
2516 5006 2701 5045 annos
2724 4994 2975 5062 quatuor
2993 4988 3245 5062 paralysi
3276 5005 3512 5062 percus-

1865 5097 2018 5151 sum,
2044 5080 2124 5134 ita
2143 5082 2207 5134 ut
2223 5077 2304 5132 nil
2319 5076 2508 5134 valeat
2526 5077 2712 5150 luqui,
2728 5083 2784 5133 et
2799 5076 3051 5133 Ecclesia
3067 5078 3180 5133 sibi
3196 5077 3515 5134 commissa

1865 5168 2184 5240 dissipetur
2213 5169 2271 5222 et
2290 5166 2361 5220 ad
2385 5164 2638 5221 nihilum
2664 5165 2980 5239 redigatur,
2997 5166 3140 5222 dum
3161 5170 3218 5222 et
3238 5166 3398 5222 omni
3415 5183 3515 5239 pa-

1862 5256 2065 5316 storali
2092 5271 2232 5311 cura
2252 5255 2534 5309 destituta
2554 5259 2611 5310 et
2634 5254 2795 5310 nulla
2816 5254 3132 5328 episcopali
3154 5254 3515 5328 providentia

1862 5336 2270 5416 circu'msepta,
2287 5341 2335 5397 si
2359 5341 2440 5396 ita
2464 5346 2571 5409 est,
2588 5342 2760 5397 debet
2788 5342 2943 5398 idem
2970 5344 3281 5417 episcopus
3302 5344 3510 5415 saltem

1862 5432 2078 5505 scripto
2101 5430 2354 5504 proﬁteri
2371 5446 2432 5485 se
2444 5430 2703 5485 ofﬁcium
2724 5430 2867 5486 illud
2887 5448 3001 5487 non
3020 5449 3190 5505 posse
3211 5450 3505 5506 peragere.

1863 5522 2023 5590 Quod
2057 5520 2106 5576 si
2136 5519 2245 5575 hoc
2274 5534 2443 5590 agere
2474 5534 2589 5573 non
2626 5522 2834 5590 potest,
2867 5522 3161 5591 quomodo
3193 5534 3511 5593 possumus

1861 5609 2073 5668 viventi
2106 5606 2376 5681 episcopo
2408 5606 2705 5680 propriam
2733 5607 3053 5665 Ecclesiam
3086 5608 3332 5677 auferre,
3366 5609 3509 5666 dum

1863 5698 2096 5759 divitias
2146 5693 2558 5756 misericordiae
2612 5695 2713 5754 Dei
2771 5696 2971 5756 nullus
3018 5698 3510 5771 comprehendere

3109 5823 3188 5891 28
