3894 6204
374 337 492 403 875

1742 342 2051 404 NICOLAI
2080 340 2309 402 ΡΑΡᾸΞ
2353 341 2400 398 Ι.

3672 333 3787 390 816

374 472 579 545 possit,
603 477 661 529 et
687 475 828 529 dum
864 475 974 547 ipsi
1007 493 1133 549 quis
1165 475 1365 531 minus
1395 479 1672 548 putamus
1712 475 1903 547 ipsius
1931 476 2017 530 di-
2045 477 2102 544 Α
2131 473 2212 529 ita
2229 470 2792 545 deincepsobediens
2813 468 3124 542 peremnia
3140 466 3263 523 fieri
3280 464 3513 522 velitad
3528 468 3785 519 nostram

372 561 743 633 spensatione
772 566 1128 621 occurrunt?
1158 564 1245 619 Sit
1274 580 1410 637 ergo
1441 581 1584 619 cura
1611 581 1804 619 rerum
1837 563 2025 620 eccle-

372 648 745 706 siasticarum
777 668 1076 710 aeconomo
1107 652 1288 710 electo
1319 654 1391 709 de
1416 653 1649 725 proprio
1681 652 1832 709 clero
1860 654 2027 725 juxta

373 754 572 795 sacros
618 755 874 796 canones
923 742 1267 809 commissa;
1300 746 1357 797 et
1388 759 1513 813 qum
1562 742 1633 797 ad
1682 741 2024 814 episcopum

370 842 545 900 agere
576 828 887 902 pertinent,
914 847 1017 903 per
1045 831 1384 903 episcopum
1424 846 1598 903 quem
1630 830 2024 902 metropolita-

377 933 489 973 nus
520 917 766 974 antistes
788 919 860 974 ad
894 919 1001 975 hoc
1025 937 1174 993 opus
1201 920 1491 992 agendum
1524 918 1761 992 elegerit
1790 918 2025 974 interim

376 1009 677 1077 gerantur.
711 1005 895 1064 Aliter
926 1012 1121 1065 autem
1152 1010 1225 1064 de
1262 1008 1372 1065 hoc
1403 1024 1581 1081 quam
1611 1008 1681 1063 de
1728 1007 2024 1080 superiore

377 1092 653 1164 diximus,
688 1095 826 1168 quia
855 1095 1014 1153 illius
1058 1097 1235 1153 affatu
1284 1097 1434 1153 scire
1483 1113 1820 1169 possumus,
1854 1095 2026 1152 istius

377 1199 511 1240 vero
540 1182 897 1242 voluntatem
929 1202 1100 1242 nosse
1129 1185 1464 1258 nequimus.

348 1294 353 1299 -
448 1273 570 1328 VII.
591 1273 672 1329 De
688 1272 958 1347 episcopo
970 1275 1197 1346 juventi
1222 1276 1343 1346 [al.,
1359 1273 1580 1346 juveni]
1600 1274 1847 1330 facimus
1869 1274 2025 1347 quod

378 1358 472 1433 pie
501 1377 536 1416 a
564 1360 734 1417 nobis
765 1378 824 1417 re
850 1360 1033 1417 voluit
1061 1361 1376 1435 postulare.

450 1449 594 1505 VIII.
628 1448 911 1506 Similiter
938 1451 1009 1507 de
1038 1450 1348 1507 Liudberto
1387 1450 1853 1524 archiepiscopos
1884 1450 2025 1506 faci—

379 1554 515 1595 mus
544 1539 698 1611 quod
728 1539 1011 1612 poposcit.

453 1628 543 1685 IX.
575 1628 838 1700 Hymnus
877 1628 1197 1702 angelicus,
1232 1630 1290 1684 id
1339 1633 1428 1685 est
1454 1630 1647 1685 Gloria
1695 1632 1757 1684 in
1802 1630 2028 1684 excelsis

380 1718 506 1786 Deo,
542 1734 659 1774 non
689 1721 778 1774 est
808 1735 842 1773 a
868 1718 1226 1791 presbyteris
1264 1718 1379 1774 nisi
1415 1718 1477 1773 in
1515 1718 1774 1791 paschali
1810 1717 2026 1774 festivi-

381 1810 497 1862 tate
526 1806 831 1910 dicendus,
854 1808 1011 1877 quod
1050 1810 1128 1910 et.
1162 1806 1336 1910 liber;
1358 1808 1871 1910 Sacramentorum
1928 1807 2026 1907 de-
2057 1845 2105 1910 Β

381 1898 690 1961 monstrat,
723 1900 781 1950 et
809 1896 1169 1951 consuetudo
1200 1896 1258 1950 in
1296 1896 1560 1952 Romana
1589 1895 1844 1953 Ecclesia
1877 1896 2026 1952 anti-

381 1984 580 2057 quitus
620 1984 925 2040 observata
984 1988 1245 2056 patenter
1293 1984 1569 2051 ostendit,
1592 2001 1769 2057 quam
1819 1986 2027 2041 debere

379 2088 584 2129 omnes
612 2071 672 2127 in
703 2071 1011 2128 ordinibus
1051 2071 1462 2128 ecclesiasticis
1492 2073 1659 2145 sequi
1686 2073 1895 2129 beatus
1929 2074 2029 2128 In-

379 2160 687 2217 nocentius
717 2160 775 2215 in
807 2159 1092 2232 principio
1114 2161 1412 2217 decretum
1434 2178 1674 2217 suorum
1707 2161 2031 2219 luculenter

380 2248 633 2320 exponit.

449 2336 515 2392 X.
550 2336 656 2393 Pro
705 2352 838 2409 rege
894 2336 1328 2410 Danorum,qui
1360 2338 1516 2393 vovit
1571 2342 1769 2394 votum
1828 2339 1944 2394 Deo
1974 2343 2031 2395 et

381 2428 584 2482 sancto
616 2425 802 2492 Petro,
824 2425 1045 2498 gratias
1076 2424 1307 2499 agimus
1336 2426 1524 2482 eidem
1555 2426 1694 2493 Deo,
1718 2428 2032 2499 deprecan-

380 2518 470 2571 tes
494 2513 713 2587 pariter
731 2516 797 2568 ut
816 2514 971 2586 quod
1005 2513 1173 2569 nobis
1205 2514 1275 2569 de
1298 2513 1560 2571 Cornelio
1583 2517 1919 2572 centurione
1940 2533 2027 2572 re-

380 2603 583 2670 fertur,
608 2601 784 2658 faciat
813 2617 1045 2673 quoque
1082 2599 1397 2657 clementer
1427 2603 1498 2659 de
1542 2603 1649 2659 hoc
1680 2603 1737 2658 in
1768 2603 2029 2677 proximo

383 2708 490 2747 nos
521 2690 742 2746 audire.
765 2690 871 2745 Cui
909 2690 1201 2746 orationes
1240 2694 1296 2746 et
1324 2689 1701 2765 eleemosynaa
1740 2694 1850 2750 etsi
1899 2697 2031 2750 ante

382 2778 742 2852 baptismum
774 2795 891 2834 non
921 2779 1266 2850 profuerunt
1295 2780 1366 2835 ad
1397 2778 1737 2837 diluendam
1769 2782 2034 2854 impieta-

381 2873 583 2938 tatem,
608 2867 953 2941 profuerunt
982 2871 1176 2923 tamen
1206 2867 1279 2923 ad
1301 2871 1768 2942 cognoscendam
1788 2872 2032 2927 veracis-

381 2959 591 3015 simam
623 2957 923 3031 pietatem.

449 3047 540 3102 XI.
573 3046 859 3113 Quoniam
892 3046 1130 3101 nuntias
1152 3047 1306 3118 quod
1340 3046 1528 3103 ﬁdelis
1549 3064 1646 3103 rex
1675 3048 2029 3121 dispositnm

2133 564 2401 617 mutuam
2427 563 2758 631 sanctasque
2777 558 2875 614 Dei
2896 556 3164 614 Ecclesia:
3195 555 3619 612 exaltationen;
3648 552 3787 607 sicut

2134 649 2291 706 ﬁlius
2313 648 2462 722 patri
2483 652 2539 703 et
2551 647 2755 719 junior
2775 647 3080 720 magistro,
3094 645 3175 701 sis
3198 661 3329 717 pem
3348 644 3597 698 ﬁrmam
3619 642 3680 697 in
3699 659 3792 698 no-

2136 739 2227 793 bis
2244 737 2459 793 habere
2481 740 2689 808 potest,
2706 735 2857 791 sicut
2872 734 3081 792 habuit
3094 738 3406 807 postquam
3427 748 3543 787 nos
3558 731 3714 787 Deus
3736 732 3793 787 in

2134 830 2336 882 sancta
2364 825 2473 881 hac
2503 825 2640 881 sede
2670 824 2995 880 constituit.
3021 824 3123 879 Cui
3156 823 3515 877 intimamus
3545 820 3635 876 uti
3669 826 3797 892 post

2133 915 2289 971 Deus
2322 914 2497 970 talem
2529 913 2588 969 in
2620 912 2788 970 nobis
2819 930 2983 986 spem
3013 913 3228 969 habeat
3258 917 3323 967 ut
3354 910 3566 967 nullus
3598 909 3676 965 sit
3705 910 3795 965 cui

2134 1002 2233 1059 ille
2263 1003 2462 1059 credat
2487 1003 2643 1074 quod
2674 1018 2779 1058 nos
2809 1001 2893 1057 illi
2921 1007 2977 1058 et
3007 1002 3131 1058 suis
3152 1017 3269 1057 non
3298 1016 3478 1057 omne
3509 998 3795 1073 gaudium

2134 1096 2190 1149 et
2218 1108 2451 1148 omnem
2482 1091 2731 1147 velimus
2762 1090 2992 1146 evenire
3021 1089 3305 1160 laetitiam,
3329 1093 3611 1161 optantes
3638 1088 3797 1143 scili-

2135 1184 2246 1248 cet,
2269 1185 2326 1236 et
2348 1185 2528 1236 Deum
2553 1178 3015 1252 omnipotentem
3038 1179 3401 1235 incessanter
3431 1177 3793 1250 ﬂagitantes,

2136 1273 2201 1325 ut
2230 1287 2345 1326 non
2385 1267 2574 1325 solum
2609 1268 2666 1322 in
2700 1268 2971 1340 praesenti
3002 1267 3212 1324 saeculo
3262 1283 3542 1339 prospere
3595 1272 3799 1338 regnet

2135 1361 2311 1431 atquc
2340 1374 2442 1430 per
2470 1355 2657 1412 multa
2676 1359 3010 1429 temporum
3038 1355 3331 1413 curricula
3350 1355 3567 1428 vigeat,
3591 1371 3799 1409 verum

2135 1445 2312 1503 etiam
2343 1446 2400 1500 in
2436 1445 2633 1501 futuro
2666 1461 2799 1500 cum
2831 1444 3060 1501 Christo
3102 1445 3229 1501 sine
3270 1445 3383 1500 fine
3418 1445 3591 1500 beate
3623 1443 3795 1512 vivat,

2137 1536 2320 1591 Deum
2354 1534 2506 1590 sicut
2533 1538 2622 1590 est
2647 1532 3072 1607 contemplans.

2878 1640 3042 1697 LXII.

2200 1747 2420 1788 NICOLAI
2451 1747 2719 1787 EPISTULA
2746 1747 2818 1785 AD
2848 1746 3184 1786 ANSGARIUM
3222 1745 3742 1786 ARCHIEPISCOPUH

2714 1815 3206 1857 HAMBURGENSEM.

2913 1905 3018 1946 SEU

2136 1980 2299 2034 Bulla
2332 1995 2432 2051 pro
2470 1979 2849 2050 conjunctione
2892 1980 3239 2051 episcopatus
3277 1977 3723 2046 Hamburgensis
3752 1988 3801 2032 et

2570 2048 2876 2105 Bremensis
2899 2048 3046 2105 anno
3068 2048 3174 2104 865
3206 2048 3355 2103 data.

2205 2156 2491 2213 NICOLAUS
2524 2156 2854 2229 episcopus,
2882 2172 3083 2212 servus
3113 2170 3415 2210 servorum
3448 2155 3562 2221 Dei,
3600 2156 3797 2209 omni-

2136 2246 2248 2301 bus
2279 2244 2550 2300 ﬁdelibus
2590 2243 2854 2300 Ecclesiae
2899 2247 3112 2300 sanctae
3166 2243 3283 2314 Dei,
3318 2242 3715 2315 presentibus
3744 2249 3796 2298 et

2139 2332 2373 2401 futuris,
2406 2332 2657 2389 salutem
2689 2336 2746 2388 et
2776 2331 3154 2404 apostolicam
3189 2331 3684 2387 benedictionem.

2209 2420 2486 2494 Quisquis
2545 2421 2883 2490 Dominum,
2918 2426 2975 2477 et
3016 2421 3464 2492 Redemptorem
3513 2424 3793 2476 nostrum

2136 2511 2338 2567 Jesum
2369 2509 2666 2566 Christum
2698 2510 2770 2565 de
2801 2509 2934 2565 sinu
2978 2508 3167 2565 Patris
3197 2509 3270 2564 ad
3301 2512 3518 2564 terram
3548 2526 3662 2580 pro
3692 2510 3795 2565 de-

2139 2599 2522 2655 monstranda
2569 2598 2845 2655 cordibus
2881 2598 3190 2654 hominum
3219 2614 3354 2653 vera
3382 2602 3438 2654 et
3468 2602 3635 2654 certa
3684 2599 3795 2655 ﬁde

2139 2687 2510 2744 descendisse
2541 2704 2656 2742 non
2689 2688 2937 2753 dubitat,
2961 2687 3218 2760 profecto
3239 2704 3353 2742 non
3386 2687 3645 2759 ignorat,
3670 2705 3794 2744 om-

2140 2794 2263 2844 nes,
2282 2776 2382 2849 qui
2405 2776 2669 2848 ejusdem
2694 2776 2827 2832 fidei
2854 2793 2957 2848 per
2984 2776 3235 2849 gratiam
3256 2776 3443 2848 ipsius
3473 2776 3793 2848 participes

2141 2865 2275 2921 facti
2309 2869 2469 2931 sunt,
2506 2869 2563 2921 et
2590 2865 2876 2937 precipue
2908 2881 3034 2931 nos,
3061 2864 3161 2937 qui
3192 2880 3294 2937 per
3322 2862 3580 2935 primum
3615 2869 3794 2920 tanta

2136 2954 2368 3009 virtutis
2400 2952 2740 3008 ministrum
2769 2952 2960 3008 locum
2991 2954 3350 3025 praecipuum
3380 2956 3681 3019 tenemus,
3703 2953 3795 3009 ho

2139 3041 2397 3097 minibus
2417 3041 2626 3097 debere
2656 3040 2954 3097 lucrandis
2977 3041 3263 3109 insistere,
3281 3045 3338 3096 et
3358 3058 3459 3113 per
3481 3040 3791 3098 universas

378 3135 593 3192 habeat
618 3135 815 3190 venire
842 3134 1136 3190 Tullinam
1169 3139 1226 3190 et
1253 3135 1464 3191 deinde
1494 3153 1695 3208 pacem
1729 3153 1862 3192 cum
1896 3154 2030 3210 rege
2070 3208 2085 3210 _
2138 3135 2340 3205 gentes
2366 3129 2525 3187 verbi
2575 3129 2803 3185 semina
2848 3147 3057 3197 serere,
3082 3148 3146 3185 ac
3197 3129 3405 3186 solatia
3461 3130 3793 3187 ferentibus

377 3221 767 3295 Vulgarorum
797 3221 1145 3277 confirmare
1175 3224 1231 3276 et
1270 3222 1584 3278 Rastitium
1634 3228 1737 3279 aut
1782 3208 2026 3281 volando
2057 3208 2099 3275 C
2138 3220 2493 3277 ministrare.
2515 3218 2680 3273 Nunc
2711 3222 2907 3273 autem
2948 3219 3085 3291 quia
3118 3218 3445 3275 Ludovicus
3478 3218 3790 3275 sublimis-

381 3315 483 3368 aut
512 3309 760 3367 nolendo
794 3308 905 3364 sibi
936 3308 1302 3365 obedientem
1334 3310 1540 3379 facere,
1566 3329 1803 3369 oramus
1837 3313 2025 3369 omni-

379 3403 675 3474 potentem
705 3398 889 3454 Deum
920 3401 985 3452 ut
1013 3396 1258 3470 angelus
1289 3399 1389 3469 qui
1422 3399 1532 3454 fuit
1561 3417 1696 3456 cum
1724 3402 1903 3458 Jacob
1925 3419 2025 3475 pa-

380 3487 656 3567 triarcha,
681 3486 757 3543 sit
778 3501 1010 3557 quoque
1033 3501 1164 3540 cum
1198 3485 1325 3558 ipso
1348 3491 1558 3542 etcum
1580 3488 1855 3546 omnibus
1879 3489 2023 3563 suis,

380 3582 439 3634 et
467 3578 613 3632 bene
643 3574 916 3646 disponat
958 3573 1069 3629 iter
1095 3575 1246 3646 ejus,
1269 3578 1326 3630 et
1355 3592 1488 3631 cum
1521 3593 1661 3649 pace
1708 3583 1765 3634 et
1811 3578 2024 3651 gaudio

381 3667 705 3722 revertatur
733 3663 805 3719 ad
837 3661 1090 3734 propria.

450 3752 567 3808 XII.
601 3750 745 3818 Quia
789 3767 923 3807 vero
965 3750 1111 3807 dicis
1157 3753 1311 3823 quod
1342 3752 1880 3811 Christianissimus
1928 3773 2026 3812 rex

379 3845 571 3917 speret
591 3841 747 3914 quod
770 3839 893 3913 ipse
914 3856 1013 3896 rex
1032 3839 1422 3914 Vulgarorum
1440 3843 1510 3897 ad
1536 3843 1709 3899 fidem
1733 3844 1871 3900 velit
1896 3862 2026 3901 con-

375 3931 520 3989 verti
542 3934 599 3987 et
608 3932 735 4003 jam
759 3928 928 3985 multi
951 3945 1018 3985 ex
1047 3930 1192 4002 ipsis
1213 3929 1528 3987 Christiani
1557 3932 1692 3988 facti
1723 3934 1862 3999 sint,
1894 3950 2025 4007 gra-

376 4021 490 4078 tias
514 4020 747 4095 agimus
768 4018 905 4087 Deo,
921 4035 1096 4090 quem
1119 4035 1429 4092 precamur
1449 4024 1512 4076 ut
1534 4020 1833 4078 abundare
1856 4022 2027 4079 faciat

378 4110 742 4168 incrementa
774 4109 1011 4181 frugum
1056 4107 1115 4163 in
1155 4107 1360 4165 horreo
1391 4127 1516 4166 suo.
1561 4110 1859 4182 Jejunium
1891 4129 2024 4168 vero

378 4215 483 4272 pro
512 4199 596 4255 eis
625 4202 682 4254 et
708 4196 1020 4263 orationes,
1043 4196 1195 4253 sicut
1222 4214 1326 4270 per
1353 4202 1411 4254 te
1439 4198 1726 4266 hortatur,
1748 4199 1862 4257 Deo
1892 4217 2025 4273 pro-

380 4286 522 4359 pitio
554 4285 856 4342 faciemus.

450 4373 599 4431 XIII.
619 4375 900 4431 Praeterea
921 4374 1119 4432 fateris
1141 4377 1292 4448 quod
1318 4377 1733 4433 devotissimus
1756 4377 2025 4451 princeps

380 4464 722 4537 deprecetur
741 4480 845 4520 nos
865 4467 931 4519 ut
962 4463 1009 4520 si
1042 4463 1255 4535 aliquis
1288 4464 1595 4519 sinistrum
1617 4466 1922 4537 quippiam
1955 4467 2026 4523 de

2136 3310 2323 3365 simus
2355 3325 2452 3364 rex
2491 3323 2594 3379 per
2622 3306 2993 3363 Salomonem
3024 3306 3411 3363 venerabilem
3442 3307 3789 3381 episcopum

2135 3397 2387 3454 civitatis
2416 3395 2902 3464 Constantiensis,
2928 3401 3126 3453 nostro
3159 3396 3385 3452 studuit
3428 3395 3790 3469 apostolatui

2136 3486 2430 3553 intimare,
2447 3485 2602 3558 quod
2624 3485 2731 3556 pia:
2754 3484 3045 3540 memoria:
3079 3484 3403 3540 Ludovicus
3422 3486 3498 3555 (α)
3526 3485 3668 3557 pius
3690 3486 3791 3541 im-

2135 3579 2367 3648 perator
2410 3573 2745 3647 progenitor
2775 3574 2850 3646 (b)
2881 3590 3045 3642 suus,
3080 3573 3393 3646 quemdam
3428 3574 3786 3630 monachum

2136 3664 2371 3720 nomine
2400 3662 2790 3718 Anscharium
2833 3662 2902 3718 de
2942 3661 3295 3718 monasterio
3324 3661 3669 3718 Corbeiensi
3703 3668 3790 3718 tu-

2135 3753 2319 3821 lisset,
2341 3756 2398 3809 et
2427 3750 2770 3808 collocasset
2808 3767 2941 3808 eum
2982 3752 3154 3822 juxta
3188 3750 3416 3808 Albiam
3449 3750 3701 3807 ﬂuvium
3733 3753 3787 3807 in

2134 3842 2465 3899 confinibus
2526 3845 2819 3896 Danorum
2877 3844 3289 3912 Saxonumque
3326 3843 3397 3908 (ε)
3432 3839 3490 3893 in
3554 3840 3788 3896 castello

2136 3931 2556 4003 Hammeburg,
2588 3929 2740 3985 inter
2788 3929 2936 3985 duos
2979 3929 3374 4001 episcopatus,
3412 3927 3787 3985 Bremensem

2136 4020 2358 4076 scilicet
2387 4023 2444 4074 et
2470 4018 2848 4075 Verdensem.
2872 4018 2952 4074 De
2985 4017 3201 4089 quibus
3244 4015 3459 4071 tollens
3488 4016 3786 4086 ecclesias,

2135 4116 2191 4164 et
2222 4108 2479 4164 decimas
2527 4106 2599 4163 ad
2633 4105 3120 4163 sustentationem
3163 4104 3525 4177 provehendi
3570 4106 3789 4178 prafati

2128 4198 2255 4270 jam
2304 4197 2558 4269 episcopi
2608 4195 3067 4268 clericorumque
3114 4195 3263 4265 ejus,
3298 4194 3697 4251 condonasset
3731 4195 3785 4248 in

2134 4286 2409 4358 praedicto
2442 4285 2586 4351 loco,
2612 4289 2931 4352 annuente,
2960 4300 3026 4339 ac
3057 4281 3348 4340 solemnia
3372 4282 3535 4338 sedis
3568 4288 3789 4357 aposto-

2134 4373 2257 4429 lica:
2279 4372 2581 4446 privilegia
2613 4372 2903 4445 przebente
2931 4372 3355 4445 praedecessore
3393 4376 3598 4427 nostro
3628 4373 3785 4428 bona:

2136 4462 2430 4520 memoriae
2461 4461 2736 4534 Gregorio
2795 4478 2964 4534 papa.
2999 4461 3181 4532 Cujus
3229 4465 3287 4516 et
3336 4461 3689 4517 auctoritate
3730 4461 3785 4515 in

378 4552 481 4609 illo
499 4553 670 4609 nobis
685 4569 790 4642 per
809 4553 1060 4642 missum
1083 4569 1182 4607 seu
1202 4569 1305 4624 per
1324 4550 2024 4642 epistolamintimaverit,
2057 4573 2105 4642 Π
2136 4550 2469 4642 supradicto
2490 4548 3019 4642 l‘lordalbingorum
3038 4548 3251 4642 populo
3280 4549 3450 4642 sedes
3472 4548 3789 4605 constituta

379 4657 496 4696 non
527 4642 579 4697 ei
611 4641 918 4696 credamus
968 4640 1317 4711 priusquam
1364 4637 1491 4709 ipse
1528 4638 1723 4695 venire
1769 4658 2025 4712 praesens
2060 4636 2113 4700 ἶ.
2134 4646 2222 4696 est
2253 4636 2769 4711 archiepiscopalis
2802 4638 2861 4691 in
2891 4637 3128 4693 castello
3160 4637 3437 4710 superius
3468 4643 3788 4694 memorato

376 4728 467 4786 vel
497 4746 638 4785 suos
660 4730 900 4784 idoneos
924 4728 1156 4800 lugatos
1178 4727 1249 4782 ad
1276 4742 1383 4781 nos
1402 4726 1590 4797 possit
1608 4730 2024 4787 transmittere.

379 4817 482 4873 Cui
503 4817 913 4875 renuntiamus
935 4815 1073 4887 quia
1092 4831 1198 4869 nos
1223 4814 1437 4887 pignus
1459 4815 1930 4888 repromissionis
1949 4820 2028 4875 di-

376 4904 644 4963 lectionis
664 4910 720 4961 et
742 4903 1064 4960 devotionis
1094 4920 1213 4958 sua:
1238 4901 1579 4959 retinemus.
1596 4905 1775 4976 Cujus
1807 4922 2025 4963 memo-

378 5010 491 5064 res,
525 4996 575 5051 si
606 4994 746 5066 quid
779 4994 848 5048 de
879 4991 1005 5063 ipso
1051 5008 1267 5047 saevum
1319 4990 1462 5046 forte
1506 4992 1867 5059 audiremus,
1898 5000 2026 5052 tan-

379 5099 557 5156 quam
591 5084 641 5139 si
672 5098 949 5139 ranarum
982 5082 1188 5135 cantus
1210 5078 1499 5135 declinare
1527 5080 2029 5141 studebimus.Ve-

379 5188 513 5229 rum
534 5172 659 5245 ipse
690 5185 921 5241 semper
950 5173 1218 5239 operetur
1258 5168 1410 5223 unde
1450 5168 1840 5241 tripudiantes
1870 5172 2022 5230 laete-

379 5274 517 5317 mur
544 5264 603 5316 et
633 5259 706 5313 ob
738 5257 795 5313 id
827 5257 943 5312 Deo
973 5256 1189 5329 gratias
1217 5255 1441 5312 debitas
1470 5258 1890 5330 persolvamus.

448 5348 593 5406 XIV.
619 5346 792 5402 Porro
823 5345 1197 5401 asserverasti
1238 5346 1390 5417 quod
1422 5346 1675 5404 domnus
1718 5366 1816 5405 rex
1854 5352 2024 5409 nobis

472 5538 523 5613 b)
554 5538 722 5613 1301].,
752 5543 983 5613 genitor.

449 5472 525 5614 ge;
557 5470 729 5526 Deest
757 5469 816 5525 in
847 5468 1019 5553 editis
1050 5468 1334 5539 Bolland.,
1361 5472 1510 5544 pius.

472 5543 503 5598 b
553 5538 722 5614 βοῇ,
752 5549 983 5614 genitor.

471 5488 507 5528 a
557 5472 729 5526 Deest
757 5472 816 5525 in
847 5472 1019 5526 editis
1050 5472 1127 5527 Bo

449 5472 525 5685 ξὺέ
554 5538 722 5611 ΒοΙΙ.,
752 5543 983 5613 genitor.

448 5616 501 5691 (ο
553 5610 719 5686 ΒοΙΙ.,
749 5622 801 5672 et
828 5613 1130 5674 Slavorum.

2138 4728 2553 4797 Hammeburg,
2584 4730 2642 4781 et
2678 4724 2738 4779 in
2781 4725 2984 4781 eadem
3017 4742 3250 4798 quoque
3299 4726 3440 4781 sede
3492 4731 3729 4798 accepto
3756 4742 3787 4779 a

2137 4818 2272 4873 sede
2301 4812 2621 4889 apoctolica
2649 4813 2847 4886 pallio,
2869 4814 3343 4886 archiepiscopus
3376 4815 3612 4886 primus
3642 4814 3791 4870 ordi-

2138 4910 2312 4962 natus
2342 4908 2431 4961 est
2449 4902 2831 4973 Anscharius,
2848 4903 2941 4958 cui
2964 4921 2997 4958 a
3026 4903 3264 4975 praefato
3290 4902 3363 4975 (ἀ)
3388 4919 3627 4958 summo
3647 4920 3786 4976 pon-

2135 4996 2291 5052 tifice
2322 4993 2585 5065 delegata
2613 4996 2703 5049 est
2742 5009 2882 5048 cura
2926 4992 3253 5048 seminandi
3298 4991 3547 5047 verbum
3580 4992 3702 5060 Dei,
3732 4996 3785 5047 et

2136 5084 2365 5139 animas
2396 5082 2511 5138 Deo
2554 5079 2822 5137 lucrandi
2848 5080 2932 5152 (e).
2957 5080 3138 5152 Cujus
3186 5079 3576 5152 delegationis
3607 5084 3665 5135 et
3691 5095 3784 5133 au-

2134 5172 2444 5238 ctoritatis,
2470 5187 2536 5226 ac
2566 5169 2728 5243 pallii
2769 5168 3121 5241 acceptionis
3151 5169 3365 5241 pagina
3409 5168 3587 5223 nobis
3637 5173 3725 5223 est
3749 5184 3782 5221 a

2133 5260 2369 5333 przefato
2400 5259 2518 5315 filio
2559 5263 2759 5316 nostro
2792 5257 3082 5314 Ludovico
3113 5274 3246 5331 rege
3276 5273 3381 5328 per
3400 5256 3532 5327 jam
3564 5257 3778 5311 dictum

2132 5349 2505 5406 Salomonem
2563 5346 3005 5403 sanctissimum
3068 5345 3410 5418 episcopum
3469 5344 3774 5414 destinata,

2202 5470 3072 5551 (ά)ἓρ¹ι-.ηρη.ιθείι.ξωῑιπξοε.
3142 5539 3154 5551 .
3240 5539 3251 5551 .
3302 5539 3313 5550 .

2200 5539 2406 5617 (εῇίΗία
2437 5543 2653 5617 desinit
2696 5539 2841 5617 B_oll.
2872 5542 2981 5598 Sed
3014 5540 3111 5617 hic
3133 5539 3345 5617 incipit
3382 5544 3717 5614 excerptum
3743 5554 3773 5593 ι

2130 5612 2442 5674 Ηθὼιδονῑο
2474 5613 2531 5669 in
2563 5612 2696 5670 Vita
2725 5614 2784 5673 S.
2815 5612 3083 5688 Ansgarii
3116 5613 3337 5671 datum.
