3894 6204
114 368 224 432 877

1315 367 1724 428 EPISTOL/E
1767 364 1869 427 ET
1911 365 2297 427 DECRETA.

3394 347 3515 426 873

108 504 272 575 juxta
294 516 515 556 morem
538 500 758 555 sancta
780 497 1056 554 Romana
1074 496 1339 554 Ecclesia
1363 498 1759 554 ebullata.Per
1783 497 1842 567 Α
1870 500 1927 553 et
1954 497 2219 553 facienda
2249 513 2377 553 esse
2428 513 2543 553 non
2593 496 2955 563 dubitamus,
2988 497 3240 554 maxime
3290 498 3346 553 in
3393 504 3514 555 tam

115 592 277 661 cujus
308 588 533 662 pagina
558 592 817 643 tenorem
833 586 956 642 hae
985 587 1067 641 ita
1096 586 1249 642 facta
1269 586 1450 642 fuisse
1478 584 1759 658 comperi-

115 677 437 745 mus,sicut
466 676 650 749 pietas
682 675 854 731 nobis
875 676 1002 746 jam
1033 675 1255 748 prafati
1288 675 1441 748 regis
1472 692 1576 748 per
1622 675 1758 730 fide-

116 768 223 824 lem
250 767 444 821 virum
476 763 847 821 Salomonem
879 763 1217 836 episcopum
1248 763 1561 819 intimavit.
1595 763 1753 819 Unde

116 874 215 913 nos
241 854 487 927 vestigia
510 851 659 909 tanti
691 851 988 925 pontificis
1013 856 1071 908 et
1100 851 1542 924 pradecessoris
1572 851 1758 908 nostri

117 942 364 1017 Gregorii
389 945 1095 1014 sequentes,omnemque
1127 940 1243 995 Deo
1274 940 1512 1013 dignam
1542 940 1619 996 ibi
1644 944 1757 996 sta-

116 1037 291 1089 tutam
323 1029 745 1102 providentiam
778 1033 1180 1101 agnoscentes,
1211 1046 1557 1102 magnorum
1588 1029 1754 1102 prin-

118 1121 305 1194 cipum
327 1122 546 1187 votum,
565 1116 839 1173 Ludovici
859 1116 1128 1173 videlicet
1162 1116 1304 1173 diva
1339 1117 1756 1174 recordationis

117 1209 373 1284 Augusti,
391 1212 449 1264 et
476 1207 751 1280 aquivoci
784 1208 913 1279 ejus
943 1205 1045 1261 ﬁlii
1077 1206 1546 1263 excellentissimi
1580 1207 1752 1280 regis,

118 1305 229 1355 tam
258 1297 438 1368 hujus
467 1295 796 1368 apostolica
827 1294 1192 1351 auctoritatis
1235 1300 1540 1368 pracepto,
1575 1312 1753 1368 quam

116 1388 281 1444 etiam
312 1383 474 1457 pallii
504 1383 738 1440 datione
785 1400 946 1439 more
994 1384 1489 1455 praedecessorum
1535 1388 1757 1440 nostro-

115 1492 237 1531 rum
268 1474 539 1529 roborare
560 1471 943 1542 decrevimus,
964 1476 1253 1543 quatenus
1282 1476 1444 1528 tanta
1476 1473 1754 1529 fundatus

114 1562 447 1620 auctoritate
468 1558 927 1634 pranominatus
956 1560 1313 1616 Anscharius
1363 1561 1589 1632 primus
1616 1561 1755 1617 Nor-

115 1652 513 1725 dalbingorum
545 1648 1109 1721 archiepiscopus,et
1143 1653 1275 1721 post
1303 1648 1497 1721 ipsum
1531 1667 1755 1706 succes-

115 1758 266 1798 sores
294 1741 443 1811 ejus,
477 1736 777 1794 lucrandis
808 1736 1079 1808 plebibus
1110 1736 1753 1803 insistentes,adversus

115 1832 463 1886 tentameuta
478 1824 695 1933 diaboli
717 1824 1026 1933 validiorLes
1047 1825 1320 1933 existant.
1339 1827 1538 1898 Ipsum
1564 1825 1749 1882 filium
1781 1868 1828 1933 B

114 1920 366 1973 nostrum
390 1916 520 1987 jam
545 1913 768 1969 dictum
796 1913 1185 1968 Anscharium
1216 1912 1473 1985 legatum
1516 1913 1575 1968 in
1625 1930 1749 1969 om-

115 2007 277 2062 nibus
302 2004 762 2075 circumquaque
791 2002 1067 2075 gentibus
1114 2002 1420 2070 Sueorum,
1455 2002 1751 2057 Danorum

114 2100 166 2151 et
194 2094 513 2159 Slavorum,
544 2109 609 2147 ac
640 2092 700 2146 in
731 2091 955 2146 cateris
983 2089 1320 2162 ubicunque
1349 2089 1467 2145 illis
1515 2090 1574 2145 in
1618 2107 1750 2163 par-

115 2184 261 2240 tibus
300 2180 637 2238 constitutis
685 2179 880 2235 divina
920 2179 1105 2252 pietas
1161 2178 1378 2234 ostium
1438 2180 1747 2251 aperuerit,

114 2271 393 2345 publicam
449 2267 885 2343 evangelizandi
941 2267 1258 2322 tribuimus
1323 2267 1747 2323 auctoritatem.

114 2362 414 2433 Ipsamque
475 2359 677 2414 sedem
744 2356 1295 2430 Nordalbingorum,
1358 2357 1754 2429 Hammeburg

113 2450 333 2515 dictam,
366 2447 428 2503 in
459 2447 741 2502 honorem
776 2446 835 2501 S.
870 2444 1207 2511 Salvatoris,
1238 2450 1569 2517 sanctaque
1620 2445 1751 2516 ejus

113 2538 452 2594 intemerata
484 2533 792 2591 Genitricis
823 2550 1057 2606 semper
1102 2533 1357 2606 Virginis
1390 2532 1581 2589 Maria
1613 2550 1750 2588 con-

114 2630 406 2691 secratam,
438 2624 717 2695 deinceps
742 2639 870 2679 esse
902 2622 1271 2678 decernimus
1292 2622 1754 2694 archiepiscopa-

114 2716 237 2771 lem.
267 2717 451 2785 Atque
484 2717 549 2768 ut
592 2713 813 2768 strenui
865 2711 1263 2783 pradicatoris
1311 2711 1590 2783 episcopi,
1620 2716 1753 2783 post

117 2805 405 2860 decessum
428 2801 570 2858 dicti
593 2800 897 2856 Auscharii
931 2800 1588 2872 archiepiscopi,crebro
1629 2815 1752 2871 per-

116 2910 250 2949 sona
276 2896 435 2948 tanto
465 2890 659 2947 officio
698 2894 833 2962 apta
882 2882 1132 2961 eligatur
1179 2904 1412 2960 semper
1456 2888 1752 2944 suceessio

117 2981 495 3056 (successum)
524 2979 636 3035 sub
666 2977 847 3033 divini
878 2976 1264 3032 obtestatione
1287 2975 1495 3047 judicii
1542 2976 1750 3031 statui-

116 3087 261 3126 mus.
294 3069 512 3125 Verum
562 3067 701 3140 quia
747 3065 987 3122 Carolus
1037 3081 1155 3130 rex,
1198 3065 1376 3120 frater
1432 3064 1751 3136 supradicti

114 3159 258 3231 regis
299 3156 751 3229 Ludovici,post
802 3155 1108 3211 decessum
1155 3152 1526 3225 imperatoris
1569 3153 1753 3225 patris

1865 584 2103 642 novella
2162 585 2623 641 Christianitatis
2679 585 3056 658 plantatione,
3092 586 3151 641 in
3204 603 3320 658 qua
3370 587 3513 642 varii

1867 673 2057 730 solent
2084 677 2323 729 eventus
2352 673 2704 747 contingere.
2740 675 3127 741 Quamobrem
3172 677 3514 732 auctoritate

1865 762 2282 834 omnipotentis
2313 762 2439 830 Dei,
2470 765 2526 816 et
2555 761 2856 817 beatorum
2911 762 3307 835 apostolorum
3356 765 3513 820 Petri

1866 855 1921 907 et
1953 851 2116 907 Pauli
2140 850 2250 907 hoc
2280 854 2481 907 nostro
2513 850 2739 905 decreto
2770 850 3162 919 decernimus,
3186 854 3512 907 secundum

1865 939 2315 996 reverentissimi
2354 939 2495 1012 regii
2527 938 2800 994 Ludovici
2849 943 3071 1003 votum,
3103 940 3263 1012 ipsas
3312 940 3512 1013 pradi-

1864 1033 1986 1085 ctas
2017 1028 2316 1095 dioeceses,
2349 1027 2949 1099 Hammeburgensem
2977 1027 3245 1084 videlicet
3290 1033 3346 1084 et
3384 1029 3513 1085 Bre-

1865 1133 2149 1185 mensem,
2184 1134 2299 1172 non
2351 1115 2625 1188 deinceps
2679 1117 2848 1184 duas,
2881 1117 2982 1171 sed
3042 1133 3222 1173 unam
3270 1134 3418 1185 esse,
3454 1120 3513 1174 et

1861 1206 2074 1275 vocari,
2108 1205 2397 1276 subdique
2445 1205 2589 1272 sedi,
2632 1221 2759 1276 qua
2823 1204 3267 1276 pradecessoris
3323 1205 3511 1261 nostri

1861 1294 2093 1349 decreto
2123 1291 2601 1364 archiepiscOpali
2643 1297 2728 1347 est
2776 1308 3017 1348 munere
3061 1292 3395 1361 sublimata,
3430 1310 3515 1350 re-

1863 1383 2069 1439 stituta
2098 1383 2383 1438 duntaxat
2413 1382 2483 1437 de
2514 1381 2843 1436 Bremensis
2874 1381 3140 1437 Ecclesia
3174 1382 3350 1438 rebus
3390 1383 3513 1455 epi-

1862 1471 2129 1545 scopatui
2158 1470 2438 1527 Verdensi
2470 1470 2620 1542 parti
2654 1470 2788 1525 inde
2810 1469 3023 1526 ablata.
3041 1470 3247 1528 Nullus
3276 1489 3409 1528 vero
3428 1489 3515 1527 ar-

1861 1561 2271 1634 chiepiscopus
2301 1558 2663 1615 Coloniensis
2692 1557 2873 1613 ullam
2905 1559 3179 1632 deinceps
3218 1560 3278 1615 in
3309 1561 3511 1617 eadem

1863 1649 2094 1706 diacesi
2127 1647 2382 1703 vindicet
2412 1647 2525 1702 sibi
2552 1648 2987 1715 aucioritatem;
3012 1648 3276 1719 quinimo
3298 1653 3354 1705 et
3374 1649 3511 1721 ipsi,

1861 1744 1918 1795 et
1948 1738 2222 1795 omnibus
2253 1734 2490 1791 omnino
2524 1737 2844 1791 suademus
2874 1752 3018 1790 vera
3048 1736 3350 1810 religionis
3394 1738 3513 1793 cul-

1860 1828 2106 1895 toribus,
2138 1829 2204 1880 ut
2233 1841 2399 1880 sacra
2423 1823 2545 1879 hac
2573 1823 2860 1896 legatione
2886 1824 3265 1897 fungentibus
3289 1828 3516 1898 adjuto-

1862 1916 1946 1971 rio
1975 1915 2093 1971 sint
2122 1918 2181 1969 et
2210 1911 2438 1977 solatio,
2470 1915 2760 1983 quatenus
2785 1912 2974 1985 gratia
3020 1913 3200 1985 hujus
3244 1915 3512 1972 beneficii

1861 2003 2092 2076 plenam
2125 2000 2453 2058 mercedem
2503 2000 2757 2072 recipere
2787 2005 3121 2057 mereantur
3176 2003 3247 2058 ab
3296 2020 3362 2059 eo
3412 2006 3514 2076 qui

1859 2092 2005 2149 dixit
2037 2112 2050 2150 :
2085 2093 2177 2159 lle,
2210 2091 2389 2147 docete
2417 2106 2601 2146 omnes
2631 2099 2844 2158 gentes;
2866 2094 2923 2146 et
2945 2108 2958 2146 :
2981 2094 3303 2165 Quicunque
3324 2096 3517 2166 recipit

1856 2200 1969 2248 vos,
2001 2198 2091 2237 me
2115 2178 2529 2252 recipit(Mauh.
2570 2196 2608 2232 x
2655 2187 2707 2234 et
2754 2180 2975 2251 xxvm).
3024 2180 3225 2253 Itaque
3255 2181 3454 2238 omnia
3482 2200 3517 2238 a

1859 2271 2068 2329 dilecto
2100 2269 2217 2324 tilio
2248 2271 2446 2323 nostro
2504 2267 2793 2324 Ludovico
2843 2268 2915 2322 ad
2956 2268 3064 2324 hoc
3113 2270 3228 2325 Deo
3267 2270 3515 2343 dignum

1859 2361 2119 2418 ofﬁcium
2150 2358 2449 2429 deputata,
2477 2360 2678 2410 nostra
2699 2356 2872 2410 etiam
2897 2355 2992 2428 pia
3012 2358 3139 2429 ejus
3158 2361 3290 2414 vota
3311 2364 3513 2415 aucto-

1860 2451 2029 2505 ritate
2060 2448 2392 2502 ﬁrmamus.
2426 2445 2496 2498 Et
2542 2444 2682 2516 quia
2728 2462 2901 2500 casus
2950 2447 3375 2518 prateritorum
3406 2465 3513 2505 nos

1859 2541 2060 2594 cautos
2092 2534 2315 2590 faciunt
2342 2534 2400 2587 in
2437 2534 2911 2594 futurum,omne
2942 2551 3177 2607 quoque
3207 2537 3517 2593 adversam-

1858 2624 2105 2692 tem,vel
2137 2620 2652 2688 contradicentem,
2677 2626 2852 2693 atque
2902 2624 3119 2678 nostris
3160 2624 3254 2680 his
3299 2626 3514 2681 studiis

1859 2710 2417 2789 quoquomodolibet
2435 2709 2809 2765 insidiantem
2828 2711 3220 2768 anathematis
3234 2730 3514 2771 mucrone

1859 2800 2240 2877 percutimus,
2263 2804 2435 2870 atque
2456 2802 2743 2869 perpetua
2770 2798 3006 2853 ultionis
3028 2816 3192 2855 reum
3225 2801 3516 2858 diabolica

1860 2896 2013 2948 sorte
2041 2891 2414 2957 damnamus,
2434 2890 2499 2940 ut
2530 2884 2759 2941 culmen
2783 2886 3163 2958 apostolicum
3190 2905 3349 2944 more
3372 2907 3513 2962 pra-

1859 2982 2232 3037 decessorum
2267 2979 2598 3031 nostrorum
2633 2991 2989 3046 causamque
3014 2975 3116 3031 Dei
3158 2976 3252 3049 pio
3302 2978 3510 3034 affectu

1859 3066 2221 3135 zelantes,ab
2252 3063 2509 3120 adversis
2541 3062 2678 3119 hinc
2706 3062 2841 3119 inde
2871 3064 3137 3135 partibus
3170 3065 3356 3121 tutius
3390 3083 3514 3122 mu-

1860 3158 2110 3213 niamur.
2135 3155 2206 3227 (ιι)
2233 3154 2298 3209 Et
2338 3152 2476 3224 quia
2506 3156 2582 3218 te,
2608 3150 2951 3208 cbarissime
2984 3152 3067 3207 ﬁli
3095 3153 3404 3222 Ansehari,
3423 3156 3511 3211 di-

114 3247 217 3314 sui,
238 3246 343 3320 pia
374 3243 671 3302 memoria
695 3242 991 3309 Ludovici,
1010 3241 1255 3297 abstulit
1276 3259 1309 3297 a
1330 3241 1749 3314 pranominato
1779 3231 1821 3298 C
1860 3247 1991 3301 vina
2019 3242 2329 3300 clementia
2357 3258 2505 3296 nova
2533 3240 2593 3295 in
2624 3241 2759 3296 sede
2784 3239 3041 3312 primum
3073 3242 3511 3314 disposuitesse

111 3336 248 3404 loco,
278 3334 376 3407 qui
421 3333 640 3390 dicitur
668 3331 1085 3403 Hammeburg,
1118 3330 1562 3398 monasterium,
1596 3331 1752 3401 quod

111 3423 423 3497 appellatur
453 3420 721 3489 Turholt,
756 3421 938 3476 situm
988 3419 1049 3475 in
1097 3418 1441 3476 occidentali
1488 3418 1750 3487 Francia,

111 3513 251 3585 quod
279 3512 396 3568 illis
427 3510 659 3585 genitor
681 3527 827 3566 suus
850 3509 923 3565 ad
945 3507 1423 3581 supplementum
1447 3512 1506 3563 et
1533 3507 1752 3563 victum

111 3600 400 3673 episcopos
458 3603 517 3656 et
574 3596 799 3655 clericis
857 3598 985 3669 ejus
1047 3596 1305 3664 dederat,
1340 3600 1658 3668 caperunt,
1690 3600 1755 3651 ut

110 3687 564 3760 fertur,ministri
581 3685 784 3743 altaris
804 3685 1518 3742 recedere.Deﬁcientibus
1539 3685 1753 3757 quippe

110 3776 442 3835 necessariis
471 3775 828 3849 sumptibus,
864 3775 936 3830 ab
969 3774 1114 3846 ipsis
1159 3777 1524 3829 recesserunt
1572 3774 1755 3846 genti-

111 3866 294 3936 bus,et
304 3867 513 3923 eadem
531 3865 601 3921 ad
615 3867 818 3939 gentes
833 3862 1043 3935 legatio
1057 3879 1160 3934 per
1179 3861 1518 3934 hujusmodi
1531 3862 1751 3917 factum

114 3955 325 4012 defecit.
358 3960 498 4028 Ipsa
527 3969 760 4026 quoque
796 3950 1133 4024 metropolis
1182 3951 1580 4024 Hammeburg
1608 3966 1753 4022 pene

112 4044 330 4102 deserta
357 4048 449 4101 est
479 4044 652 4100 facta.
677 4041 863 4115 Igitur
884 4040 1026 4096 dum
1052 4040 1173 4095 hac
1205 4039 1755 4112 agerentur,defun-

114 4138 233 4190 ctus
261 4137 348 4190 est
368 4134 739 4189 dicecesanus
771 4129 1126 4195 Bremensis,
1157 4145 1285 4200 qua
1317 4127 1453 4183 huic
1484 4126 1755 4200 contigua

114 4237 232 4277 esse
258 4222 497 4278 dicitur.
532 4221 795 4292 Cumque
826 4235 978 4290 sape
1007 4218 1201 4274 dictus
1232 4234 1331 4273 rex
1361 4220 1419 4272 et
1447 4215 1597 4271 hanc
1618 4214 1755 4271 dice-

114 4310 278 4367 cesim
326 4313 656 4378 vacantem,
688 4313 748 4364 et
794 4307 956 4364 illam
990 4305 1277 4362 novellam
1325 4304 1752 4361 institutionem

114 4404 359 4456 cerneret
408 4398 811 4466 deﬁcientem;
844 4396 1086 4468 insuper
1144 4399 1200 4450 et
1249 4398 1558 4467 utramque
1602 4393 1755 4450 hanc

111 4487 549 4556 Ecclesiam,Dei
581 4485 954 4559 permittente
983 4482 1210 4540 occulto
1235 4483 1483 4555 judicio,
1502 4500 1604 4556 per
1623 4483 1754 4539 bar-

112 4575 374 4633 barorum
408 4575 690 4633 saevitiam
723 4573 1044 4629 admodum
1076 4575 1464 4641 attenuatum;
1498 4588 1756 4644 quaerere
1784 4597 1832 4661 D

114 4663 565 4738 capit,qualiter
592 4662 870 4736 praedicta
902 4659 1236 4717 Bremensis
1266 4658 1525 4716 Ecclesia
1552 4660 1757 4732 pradi-

115 4757 209 4808 cta
238 4754 475 4812 novella
507 4747 986 4824 archiepiscopali
1020 4749 1306 4816 uniretur,
1322 4752 1379 4804 et
1408 4749 1760 4807 subderetur

115 4843 251 4909 sedi,
279 4848 479 4900 nostro
503 4842 614 4899 hoc
634 4845 834 4897 votum
863 4838 1171 4895 roborante
1203 4838 1453 4893 decreto.
1472 4836 1635 4894 Unde
1657 4856 1760 4911 per

118 4946 259 5003 sape
316 4932 541 4988 dictum
593 4926 983 4987 venerabilem
1061 4926 1309 4981 missum
1386 4924 1756 4982 Salomonem

118 5020 610 5076 Constantiensem
642 5018 1004 5091 episcopum,
1032 5014 1204 5071 nobis
1250 5014 1359 5069 hoc
1391 5012 1640 5070 relatum
1671 5020 1760 5071 est

119 5108 601 5177 confirmandum,
635 5123 702 5163 ac
733 5105 1096 5179 postulatum
1128 5106 1217 5159 est
1256 5106 1459 5158 nostra
1501 5104 1759 5158 auctori-

116 5196 230 5251 tate
259 5195 809 5253 roborandum.Nos
840 5210 976 5265 ergo
1010 5193 1067 5247 id
1100 5189 1302 5247 subtili
1336 5191 1761 5263 perpendentes

118 5285 393 5355 examine,
419 5282 943 5341 animadvertimus
974 5284 1210 5354 propter
1230 5279 1547 5335 instantem
1569 5297 1762 5336 neces-

117 5371 341 5429 sitatem
387 5377 446 5430 et
492 5373 825 5429 animarum
874 5369 1037 5425 lucra
1083 5368 1143 5423 in
1192 5367 1464 5440 gentibus
1503 5373 1757 5438 ostensa,

117 5459 251 5517 utile
283 5462 424 5530 fore,
458 5460 656 5518 omnia
687 5477 815 5534 qua
847 5458 1110 5533 proﬁcua
1138 5455 1409 5512 Ecclesia
1440 5456 1763 5528 probantur

116 5550 373 5619 existere,
406 5556 465 5609 et
494 5550 706 5607 divinis
737 5565 852 5606 non
888 5546 1175 5604 insultant
1222 5545 1545 5620 praceptis,
1576 5544 1757 5617 licita,

188 5639 261 5718 (a)
292 5640 396 5698 Hic
426 5638 642 5699 desinit
672 5638 1035 5699 Rembertus.

1861 3332 2388 3405 archiepiscopum,
2424 3346 2648 3401 nosque
2679 3328 2784 3384 tibi
2815 3328 3058 3401 pallium
3089 3331 3157 3385 ad
3193 3331 3511 3389 missarum

1861 3421 2147 3479 solemnia
2173 3419 2517 3476 celebranda
2535 3417 2881 3486 tribuimus;
2906 3419 3061 3490 quod
3084 3419 3189 3475 tibi
3218 3419 3278 3475 in
3300 3420 3511 3478 diebus

1860 3511 1979 3567 tuis
2011 3510 2116 3577 uti,
2133 3514 2189 3565 et
2204 3506 2471 3563 Ecclesia
2493 3511 2603 3562 tua
2632 3512 2909 3578 perpetuo
2930 3508 3111 3563 statui
3133 3508 3508 3565 manentibus

1862 3597 2177 3673 privilegiis
2223 3597 2306 3652 uti
2356 3595 2661 3668 largimur,
2692 3595 2906 3651 idcirco
2950 3596 3128 3668 hujus
3177 3598 3507 3655 indumenti

1860 3689 2047 3745 honor
2066 3705 2100 3743 a
2131 3692 2186 3742 te
2216 3685 2537 3742 servandus
2568 3688 2657 3740 est
2688 3700 2917 3740 morum
2938 3684 3335 3743 vivacitate.Si
3374 3704 3511 3760 ergo

1862 3782 2123 3850 pastores
2145 3774 2339 3831 ovium
2358 3773 2478 3829 sole
2500 3772 2750 3846 geluque
2772 3790 2875 3845 pro
2897 3775 3092 3847 gregis
3114 3775 3204 3831 sui
3227 3777 3513 3844 custodia,

1862 3884 1933 3922 ne
1962 3883 2080 3938 qua
2127 3882 2196 3920 ex
2243 3863 2327 3919 eis
2375 3866 2477 3917 aut
2521 3861 2769 3917 errando
2800 3868 3022 3933 pereat,
3053 3869 3156 3919 aut
3187 3865 3388 3921 ferinis
3437 3864 3518 3920 la-

1862 3954 2078 4009 nianda
2094 3951 2409 4007 morsibus.
2425 3949 2610 4005 oculis
2628 3965 2859 4021 semper
2873 3950 3252 4023 vigilantibus
3265 3954 3518 4008 circum-

1861 4044 2143 4114 spectant.
2179 4042 2401 4110 quanto
2432 4038 2664 4105 sudore,
2690 4042 3025 4110 quantaque
3056 4056 3195 4096 cura
3230 4041 3515 4097 debemus

1861 4146 1989 4187 esse
2018 4126 2329 4200 pervigiles
2372 4141 2499 4193 nos,
2528 4124 2627 4197 qui
2676 4128 2939 4197 pastores
2987 4127 3320 4183 animarum
3362 4127 3514 4183 dici-

1862 4236 2015 4285 mur,
2050 4215 2447 4281 attendamus,
2480 4218 2536 4268 et
2569 4229 2641 4269 ne
2671 4218 3013 4286 susceptum
3044 4216 3305 4273 ofﬁcium
3326 4215 3387 4271 in
3407 4221 3519 4273 ter-

1861 4307 2019 4363 reuis
2050 4303 2302 4377 negotiis
2332 4301 2704 4374 aliquatenus
2734 4301 3036 4373 implicare
3066 4305 3517 4374 debeas,admo-

1862 4411 2107 4463 nemus;
2139 4392 2372 4464 vitaque
2393 4396 2496 4446 tua
2530 4389 2607 4445 sit
2629 4389 2766 4445 filiis
2786 4390 2904 4448 tuis
2926 4393 3036 4447 via.
3054 4394 3118 4448 In
3141 4393 3288 4466 ipsa,
3313 4394 3363 4451 si
3401 4412 3519 4467 qua

1862 4483 2140 4541 fortitudo
2163 4481 2281 4537 illis
2309 4480 2484 4551 inest,
2516 4478 2796 4552 dirigant,
2822 4479 2880 4534 in
2926 4497 2995 4536 ea
3024 4483 3179 4552 quod
3211 4482 3519 4538 imitentur

1864 4571 2168 4646 aspiciant.
2204 4570 2265 4625 In
2297 4569 2427 4641 ipsa
2458 4584 2690 4640 semper
2719 4568 3144 4626 considerando
3183 4570 3514 4643 proficiant,

1865 4665 1930 4716 ut
1960 4666 2129 4717 tuum
2166 4662 2298 4732 post
2339 4662 2522 4713 Deum
2546 4656 2812 4713 videatur
2836 4674 2965 4714 esse
2996 4658 3215 4714 bonum
3246 4659 3401 4730 quod
3432 4660 3517 4714 vi-

1866 4748 2073 4805 xerint.
2104 4748 2214 4804 Cor
2243 4763 2379 4820 ergo
2410 4750 2578 4801 tuum
2623 4763 2813 4819 neque
2855 4763 3153 4820 prospera,
3187 4764 3314 4820 qua
3364 4751 3519 4803 tem-

1866 4837 2141 4911 poraliter
2169 4834 2571 4901 blandiuntur,
2603 4834 2902 4905 extollant,
2936 4853 3125 4909 neque
3155 4837 3395 4892 adversa
3425 4837 3523 4893 de-

1860 4927 2091 4999 jiciant.
2118 4924 2458 4981 Districtum
2493 4922 2633 4979 mali
2656 4928 3032 4997 cognoscant,
3055 4926 3220 4997 pium
3251 4924 3516 4981 benevoli

1868 5015 2140 5071 sentiant.
2176 5014 2470 5070 Insontem
2502 5013 2656 5085 apud
2690 5017 2746 5068 te
2778 5014 3006 5070 malitia
3036 5013 3224 5070 aliena
3246 5031 3360 5069 non
3392 5030 3525 5069 ma—

1869 5103 2045 5171 culet,
2068 5120 2232 5159 reum
2281 5101 2469 5175 gratia
2516 5118 2629 5156 non
2661 5106 2913 5159 excuset.
2944 5102 3151 5159 Viduis
3190 5107 3248 5159 et
3276 5101 3518 5175 pupillis

1869 5193 2083 5264 injuste
2114 5190 2411 5263 oppressis
2436 5189 2696 5245 defensio
2726 5194 2828 5246 tua
2856 5192 3181 5247 subveniat.
3215 5192 3378 5259 Ecce,
3402 5191 3517 5247 fra-

1868 5287 1958 5337 ter
1986 5278 2514 5345 charissime,inter
2543 5278 2731 5334 multa
2752 5279 3010 5348 alia,ista
3031 5283 3169 5337 sunt
3191 5280 3520 5347 sacerdotii,

1870 5370 1985 5427 ista
2030 5371 2167 5426 sunt
2215 5366 2396 5440 pallii.
2431 5367 2563 5431 Qua
2596 5366 2645 5422 si
2689 5366 2947 5424 studiose
2998 5368 3334 5437 servaveris,
3367 5368 3522 5441 quod

1871 5459 2025 5515 foras
2057 5456 2350 5530 accepisse
2379 5454 2728 5524 ostenderis,
2759 5455 2921 5514 intus
2969 5456 3233 5515 habebis.
3274 5457 3521 5514 Verum-

1870 5551 2066 5607 tamen
2096 5546 2211 5604 ista
2254 5543 2453 5603 omnia
2499 5544 2769 5621 superius
2817 5563 3061 5618 annexa,
3094 5549 3165 5608 ab
3202 5546 3519 5625 apostolica
