3898 6212
152 356 287 421 885

1395 351 1804 419 EPISTOLE
1845 355 1945 419 ET
1988 353 2373 419 DECRETA.

3464 349 3582 420 886

237 490 306 549 V.
345 491 457 561 [30,
485 506 543 563 q.
570 490 619 547 1.
642 494 719 549 De
746 488 832 546 his
863 488 1098 563 qui.]De
1129 487 1221 546 his
1254 487 1353 563 qui
1386 488 1660 546 ﬁliastros
1681 506 1820 547 suos
1848 493 1906 560 Α
1934 489 2111 547 bilem
2145 489 2458 547 diaconum
2487 492 2656 546 tuum
2688 486 2998 563 susceptis,
3030 485 3315 563 professio
3361 489 3582 546 sancti-

157 583 240 639 ad
274 581 783 638 conﬁrmationem
815 596 1010 636 coram
1039 579 1328 651 episcopis
1376 582 1595 646 tenent,
1628 579 1689 635 id
1736 583 1827 635 est

157 672 272 744 qui
308 671 460 728 ﬁlios
492 669 690 726 uxoris
721 686 838 725 suae
870 669 941 724 de
970 667 1091 723 viro
1123 667 1482 740 priori,dum
1504 667 1828 722 cbrisman-

156 766 265 817 tur
286 763 362 818 ab
390 757 699 833 episcopis,
716 775 891 831 super
912 774 972 813 se
997 758 1311 825 sustinent,
1334 772 1395 812 se
1417 755 1653 812 inscitia
1675 754 1827 811 sicut

158 850 390 907 asseris
423 850 508 915 ﬁt,
537 847 671 903 licet
702 847 780 902 sit
804 849 1129 919 peccatum,
1161 850 1360 901 tamen
1393 862 1508 901 non
1532 860 1722 917 usque
1751 844 1824 899 ad

154 937 601 1012 separationem
631 936 885 1008 conjugii
916 935 1584 1008 puniendum.Lugeant
1602 937 1822 1001 tamen,

155 1032 227 1083 et
253 1028 435 1101 digna
461 1024 799 1098 poenitentia
829 1024 936 1080 hoc
967 1022 1537 1090 diluentes,Domino
1576 1021 1776 1077 dicant
1807 1037 1820 1075 :

156 1116 395 1172 Delicta
422 1113 763 1188 ignorantiae
791 1129 931 1168 mea:
965 1129 1057 1168 me
1082 1111 1441 1168 memineris.

238 1205 338 1260 VI.
372 1204 480 1271 [35,
505 1219 561 1275 q.
590 1205 643 1257 2.
674 1201 1089 1273 Inlerfectores.]
1122 1201 1530 1256 Interfectores
1581 1214 1824 1254 suarum

155 1295 513 1366 conjugum,
537 1308 671 1346 cum
703 1307 818 1346 non
844 1290 1016 1345 addis
1045 1289 1467 1357 adulterarum,
1489 1287 1580 1345 vel
1602 1286 1825 1359 aliquid

157 1379 536 1455 hujusmodi,
552 1379 691 1452 quid
714 1377 896 1446 aliud,
914 1378 1027 1433 nisi
1057 1377 1365 1433 homicidae
1388 1376 1641 1433 habendi
1664 1380 1822 1444 sunt,

157 1490 239 1529 ac
271 1487 376 1544 per
403 1469 513 1525 hoc
543 1468 615 1523 ad
645 1465 1047 1540 paenitentiam
1080 1466 1427 1539 redigendi?
1449 1465 1662 1536 quibus
1686 1480 1824 1518 con—

149 1561 402 1634 jugium
427 1556 661 1630 penitus
687 1556 1029 1627 denegatur,
1052 1555 1306 1626 exceptis
1333 1552 1824 1618 adolescentibus,

158 1650 245 1705 de
276 1648 495 1720 quibus
524 1648 612 1701 est
641 1643 794 1700 beati
822 1642 1032 1699 Leonis
1059 1642 1341 1716 vigesima
1372 1642 1580 1715 quinta
1629 1642 1825 1697 decre-

156 1737 384 1794 talium
416 1733 637 1808 regula,
663 1733 780 1788 imo
806 1731 1173 1804 indulgentia
1204 1730 1587 1786 observanda.

241 1825 367 1881 VII.
399 1825 573 1880 Porro
604 1821 785 1879 Gloria
817 1823 877 1876 in
903 1821 1132 1876 excelsis
1164 1824 1274 1875 Deo
1317 1818 1390 1874 ab
1436 1817 1726 1890 episcopis
1767 1818 1827 1872 in

160 1932 340 1972 ccena
367 1911 600 1969 Domini
630 1910 783 1966 inter
802 1910 1120 1965 missarum
1144 1907 1431 1964 solemnia
1447 1923 1608 1963 more
1626 1910 1825 1962 nostro

160 2003 421 2060 dicenda
450 2005 557 2057 est.
588 1998 770 2055 Pallio
815 2015 947 2054 vero
991 1996 1309 2069 apostolico
1358 1996 1561 2052 eadem
1609 1995 1703 2051 die
1741 1995 1825 2049 uti

164 2092 296 2149 illis
324 2090 466 2148 solis
495 2092 583 2146 est
601 2087 1075 2158 licitum,quibus
1092 2085 1235 2143 solis
1254 2085 1327 2140 ab
1348 2084 1669 2158 apostolica
1690 2084 1826 2140 sede

166 2180 553 2256 permissum.

246 2271 379 2326 Haec
404 2267 641 2341 quidem
672 2266 826 2321 inter
846 2268 1009 2320 tanta
1038 2262 1569 2320 ecclesiasticorum
1594 2260 1829 2334 negotia

168 2359 372 2433 positi,
403 2357 497 2412 vix
525 2355 721 2411 saltim
753 2353 1098 2410 summatim
1147 2350 1498 2408 fraternitati
1545 2354 1657 2405 tuae
1690 2349 1826 2404 mit-

166 2448 354 2505 tenda
367 2443 787 2517 decerpsimus.
804 2444 939 2508 Quae
962 2438 1074 2496 nisi
1095 2437 1573 2511 incomparabilis
1595 2436 1827 2494 dilectio

166 2541 371 2592 vestra
401 2551 507 2590 nos
529 2534 850 2588 memorata
866 2529 1269 2585 vehementius
1290 2531 1828 2596 coarctassct,nunc

169 2624 529 2697 respondere
558 2618 927 2677 consultibus
955 2618 1189 2688 vestris,
1210 2616 1541 2673 innumeris
1563 2614 1828 2687 impediti

169 2710 646 2777 necessitatibus,
678 2724 1001 2780 parumper
1052 2706 1477 2763 omitteremus.
1522 2705 1738 2761 Verum
1796 2721 1830 2759 a

168 2801 459 2858 charitate
497 2802 599 2855 tua
644 2813 830 2853 unum
882 2795 992 2851 hoc
1030 2794 1360 2851 necessario
1409 2793 1777 2865 postulamus
1812 2809 1825 2847 :

166 2890 400 2949 scilicet
427 2893 493 2944 ut
520 2904 655 2942 cum
686 2885 939 2957 aliquem
966 2885 1112 2940 forte
1134 2884 1206 2939 ad
1230 2881 1608 2956 apostolicam
1630 2882 1828 2938 sedem

166 2977 430 3045 miseris,
446 2976 679 3032 studeat
708 2990 841 3029 eum
864 2976 966 3028 tua
996 2971 1328 3028 fraternitas
1358 2987 1616 3037 monere,
1635 2974 1832 3042 quate-

166 3085 290 3124 nus
302 3066 363 3122 in
385 3064 677 3121 redeundo
690 3079 804 3118 non
819 3077 1243 3133 usquequaque
1257 3059 1507 3115 festinus
1520 3062 1824 3132 appareat:

169 3174 241 3213 eo
271 3155 427 3229 quod
457 3152 721 3209 omnium
753 3150 854 3207 Dei
885 3148 1101 3217 ovium,
1133 3149 1286 3205 sicut
1315 3149 1440 3220 ipse
1482 3147 1660 3214 nosti,
1692 3164 1833 3204 cura

170 3228 666 3315 constringimur;
689 3246 745 3296 et
771 3257 907 3295 cum
939 3238 1198 3310 undique
1228 3239 1301 3293 ad
1345 3238 1544 3294 sedem
1598 3241 1825 3309 aposto-
1855 3228 1898 3294 C

170 3337 353 3394 licam
388 3332 560 3389 multi
591 3331 821 3387 diversa
845 3332 1168 3401 quaerentes
1198 3328 1516 3392 conﬂuant,
1537 3326 1831 3382 efﬁcimur

176 3424 335 3482 tardi
369 3422 439 3477 ad
469 3419 756 3494 singulos,
789 3419 930 3474 dum
979 3416 1249 3473 volumus
1298 3415 1739 3488 benignitatem,
1773 3419 1830 3470 et

173 3510 574 3586 dapsilitatem
602 3513 863 3564 nostram
896 3521 1169 3578 spargere
1210 3521 1315 3577 per
1362 3504 1642 3559 diversos.
1678 3503 1828 3557 Sane

171 3618 307 3673 quae
356 3598 414 3653 in
460 3595 575 3652 alia
626 3592 988 3667 apostolatus
1038 3591 1286 3664 epistola
1337 3589 1683 3647 beatitudini
1714 3593 1825 3645 tua:

172 3687 545 3752 intimamus,
580 3682 771 3739 solum
804 3687 916 3738 tua:
945 3680 1190 3738 solertiae
1223 3680 1343 3736 sint
1381 3678 1643 3753 pervigili
1686 3695 1829 3734 cura

172 3776 475 3840 sectanda,
493 3772 902 3847 praecipueque
934 3769 1128 3826 studio
1158 3768 1508 3842 peragenda.
1524 3767 1824 3841 Siquidem

122 3928 127 3931 _
172 3867 331 3923 circa
361 3881 487 3931 nos,
504 3862 772 3933 circaque
803 3860 1000 3916 sedem
1037 3857 1189 3915 beati
1212 3857 1384 3923 Pstri,
1406 3861 1636 3912 non‘est
1664 3856 1826 3911 aliud

171 3955 409 4030 signum
436 3950 759 4008 devotionis
786 3954 900 4005 tuae
932 3948 1089 4020 quod
1115 3945 1425 4019 polliceris,
1459 3944 1574 4000 nisi
1605 3944 1827 4000 obtem-

173 4042 461 4118 perantia,
496 4045 553 4096 et
582 4037 1013 4095 consummatio
1045 4036 1500 4102 decretorum,et
1529 4032 1829 4088 difﬁnitio—

172 4149 322 4190 num
354 4136 709 4195 nostrarum,
725 4125 825 4198 qui
850 4124 985 4180 licet
1012 4121 1377 4195 indigni,per
1401 4119 1828 4177 abundantium

175 4228 375 4279 tamen
407 4217 607 4291 gratiae
639 4213 855 4271 Christi
878 4213 1065 4286 ipsius
1086 4211 1283 4267 vicarii
1306 4227 1532 4266 sumus.
1550 4210 1829 4265 Praeterea

174 4307 488 4384 epistolam
505 4305 746 4362 alteram
764 4300 1060 4359 sanctitati
1076 4305 1189 4356 tua
1210 4297 1827 4367 delatam,Hincmaro,

174 4404 239 4457 et
284 4394 506 4453 caeteris
554 4391 945 4449 confratribus
993 4388 1212 4446 nostris
1261 4386 1736 4460 archiepiscopis,
1769 4387 1829 4442 in

176 4502 361 4560 regno
407 4481 592 4540 Caroli
641 4480 745 4536 ﬁlii
793 4478 978 4536 nostri
1024 4477 1262 4551 gloriosi
1314 4476 1467 4550 regis
1511 4476 1829 4533 Ecclesiam

174 4572 416 4633 Domini
444 4566 1232 4645 gubernantibus,destinare
1264 4569 1364 4622 tua
1381 4565 1508 4623 sine
1528 4581 1694 4621 mora
1712 4568 1833 4621 stu-
1859 4590 1903 4657 ρ

176 4665 315 4720 deat
338 4659 657 4718 beatitudo.
690 4658 975 4730 Optamus
1004 4654 1372 4711 sanctitatem
1401 4658 1567 4711 tuam
1588 4670 1745 4710 nunc
1774 4659 1832 4710 et

174 4767 415 4824 semper
443 4749 588 4804 bene
616 4745 823 4802 valere.

900 4840 1110 4897 LXVII.

376 4951 445 4992 AD
484 4948 829 4989 FRANCONEM
868 4946 1190 4987 EPISCOPUM
1226 4944 1621 4985 TUNGRENSEM.

824 5021 1013 5090 (Anno
1043 5019 1191 5090 864.)

179 5114 412 5184 Accepta
434 5112 553 5183 ejus
578 5110 912 5184 professione
938 5104 1450 5184 veniamjndulgel,
1484 5105 1625 5176 quod
1649 5107 1832 5184 parti-

254 5176 377 5255 ceps
404 5176 594 5255 fuerat
615 5176 812 5255 sy'nodi
840 5182 1116 5255 Metensis,
1150 5177 1504 5255 hermalqu
1533 5184 1594 5231 ut
1638 5176 1832 5232 Letha-

257 5247 414 5311 riimi
440 5269 623 5323 regem
645 5247 873 5307 'monilis
900 5252 1016 5306 suis
1036 5264 1230 5304 curare
1249 5247 1476 5303 studeat.

704 5349 890 5422 [Apud
924 5345 1132 5414 Mansi,
1166 5343 1325 5418 ibid.]

257 5458 536 5515 Nxconws
557 5455 888 5528 episcopus,
903 5469 1107 5509 servus
1119 5466 1418 5506 servorum
1433 5449 1552 5513 Dei,
1578 5466 1839 5504 reveren-

110 5612 119 5621 ,
183 5547 414 5607 tissime
431 5550 491 5602 et
511 5543 885 5601 sanctissimo
901 5543 1186 5598 Famcom
1202 5538 1473 5611 episcopo
1486 5537 1835 5609 Tungrensi.

255 5632 672 5695 Excusationis
704 5636 815 5688 tuae
847 5630 1055 5687 litteris
1086 5646 1188 5702 per
1226 5626 1577 5684 Richardum
1610 5642 1840 5682 venera-

1934 579 2072 635 tatis
2106 584 2365 651 tuae,qua
2395 584 2451 635 te
2480 578 2537 634 in
2560 578 2718 635 nullo
2736 597 2770 634 a
2789 579 2926 635 sede
2947 577 3585 652 apostolicadissentire

1934 668 2601 741 manifestas,quamque
2617 668 2786 724 nobis
2803 671 2912 723 ate
2935 668 3130 724 minus
3155 685 3333 740 quam
3355 669 3428 724 ab
3445 667 3584 726 ullis

1934 755 2065 811 aliis
2097 757 2479 829 sperabamus
2509 757 2885 824 offerendam,
2902 774 3010 813 nos
3030 755 3351 828 plurimum
3370 756 3585 813 exhila-

1934 846 2101 901 ravit.
2120 846 2231 902 Sed
2253 845 2539 902 confessio
2558 846 2938 901 nihilominus
2958 845 3017 900 in
3031 846 3278 901 Domino
3291 845 3583 903 exsultare

1933 934 2088 990 fecit.
2122 935 2200 990 Eo
2229 934 2387 990 enim
2436 951 2553 1007 quo
2599 926 2828 990 veniam
2879 934 3095 1006 petitis,
3128 934 3447 1007 deliquisse
3479 952 3582 991 vos

1933 1022 2136 1095 procul
2166 1023 2344 1079 dubio
2371 1023 2808 1079 demonstratis.
2843 1024 2912 1079 Et
2942 1040 3140 1080 revera
3169 1022 3419 1094 qualiter
3457 1024 3582 1081 sine

1934 1110 2144 1168 delicto
2174 1112 2415 1168 evadere
2445 1112 2745 1185 poteratis,
2780 1111 2880 1184 qui
2910 1113 3178 1168 sedentes
3228 1112 3288 1168 in
3337 1112 3582 1169 concilio

1932 1200 2227 1269 vanitatis,
2261 1204 2317 1256 et
2346 1200 2396 1256 si
2427 1217 2543 1256 non
2566 1201 2828 1268 favendo,
2863 1204 3016 1256 certe
3058 1202 3333 1269 tacendo;
3367 1201 3417 1257 si
3465 1219 3582 1259 non

1934 1288 2262 1358 scribendo,
2297 1289 2550 1362 profecto
2582 1306 2699 1344 non
2730 1289 3077 1356 resistendo,
3109 1290 3370 1361 profanis
3399 1291 3582 1363 gestis

1934 1376 2312 1433 declaramini
2342 1377 2745 1434 consensisse?
2774 1378 2914 1433 Ecce
2945 1377 3101 1433 enim
3154 1378 3439 1435 Dominus
3480 1397 3585 1453 per

1934 1467 2277 1540 prophetam
2308 1467 2449 1523 dicit
2480 1484 2492 1523 :
2526 1468 2694 1536 Quasi
2719 1470 2848 1524 tuba
2875 1468 3060 1523 exalia
3106 1484 3285 1524 vocem
3332 1475 3503 1535 tuam,
3531 1477 3582 1525 et

1936 1559 2211 1612 annumin
2238 1558 2438 1629 populo
2466 1573 2584 1613 meo
2611 1558 2817 1613 scelera
2844 1573 3035 1613 eorum
3083 1558 3207 1629 (Isa.
3235 1561 3412 1626 Lvm).
3431 1558 3580 1631 Ergo

1936 1645 2035 1717 qui
2062 1662 2178 1701 non
2211 1645 2595 1712 annuntiasti,
2630 1646 2878 1717 peccasti
2914 1662 2928 1700 :
2962 1650 3015 1701 et
3056 1647 3337 1718 quoniam
3384 1646 3579 1702 vidisti

1935 1739 1991 1789 et
2020 1735 2277 1801 tacuisti,
2310 1733 2509 1806 procul
2540 1733 2717 1790 dubio
2763 1734 3131 1791 consensisti.
3165 1734 3580 1792 Verumtamen

1937 1827 2270 1895 postquam,
2289 1823 2615 1879 viviﬁcante
2646 1823 2924 1895 gratia,te
2951 1824 3071 1879 fore
3100 1824 3456 1881 viviﬁcatum
3480 1840 3583 1897 per

1935 1911 2361 1967 confessionem
2392 1916 2698 1968 exeuntem
2725 1912 3259 1984 aspicimus,quem
3292 1913 3582 1970 introrsus

1934 1999 2062 2056 labe
2083 2004 2381 2056 mortuum
2405 2001 2782 2073 putabamus,
2800 2000 3339 2073 incomparabiliter
3357 2000 3581 2057 exulta-

1934 2093 2156 2155 mus,et
2165 2089 2414 2161 gratiam
2426 2088 2660 2145 Auctori
2681 2088 2947 2144 omnium
2960 2089 3247 2145 bonorum
3265 2089 3585 2147 immensas

1935 2177 2309 2233 exsolvimus.
2334 2178 2403 2233 Et
2431 2177 2541 2233 hoc
2563 2171 2690 2247 jam
2720 2176 2826 2233 tibi
2859 2177 3139 2233 divinitus
3161 2194 3277 2233 non
3304 2177 3584 2251 imputari

1935 2271 2228 2339 optamus,
2282 2268 2438 2339 quod
2494 2266 2624 2337 tibi,
2667 2266 3193 2339 quomodocunque
3245 2267 3583 2333 excesseris,

1935 2355 2152 2411 remitti
2183 2372 2217 2410 a
2244 2355 2492 2411 Domino
2523 2354 2913 2428 postulamus,
2928 2358 2985 2411 et
3012 2358 3301 2428 quantum
3334 2355 3393 2410 in
3416 2355 3585 2413 nobis

1934 2448 2119 2509 est,ex
2144 2444 2317 2500 corde
2348 2443 2452 2499 tibi
2482 2443 3051 2516 ignoscimus;quod
3081 2445 3319 2500 beatum
3333 2445 3582 2501 Leonem

1935 2533 2211 2589 omnibus
2234 2531 2335 2605 qui
2372 2532 2433 2587 in
2478 2532 2771 2604 Ephesino
2818 2532 3123 2588 latrocinio
3170 2532 3588 2589 consentiendo

1936 2621 2118 2677 errori
2131 2621 2833 2693 deliquerant,amputato
2851 2621 3034 2677 totius
3052 2626 3288 2678 auctore
3305 2620 3587 2687 scandali,

1937 2708 2061 2767 solo
2089 2708 2359 2765 videlicet
2376 2708 2768 2765 Alexandrino
2794 2709 3091 2777 Dioscoro,
3116 2709 3445 2782 pepercisse
3475 2727 3591 2766 non

1938 2797 2464 2870 ignoramus.Quid
2497 2801 2693 2852 autem
2724 2797 3397 2861 mirum,siGuntharius
3414 2815 3589 2870 quem

1938 2886 2131 2959 dicitis
2160 2886 2245 2942 uti
2270 2886 2442 2942 vetito
2473 2885 2584 2942 sibi
2617 2885 2830 2953 ofﬁcio,
2866 2885 3249 2958 apostolicam
3282 2886 3591 2959 ﬂoccipen-

1938 2977 2075 3031 dere
2106 2974 2458 3032 sententiam
2491 2992 2605 3031 non
2652 2973 2878 3041 metuit,
2912 2975 3014 3046 qui
3061 2974 3259 3032 divina
3302 2979 3590 3048 praecepta

1938 3064 2108 3120 toties
2151 3063 2590 3136 parvipendisse
2644 3062 3027 3119 convincitur.
3078 3062 3268 3120 Claret
3321 3079 3477 3131 vero,
3531 3068 3590 3120 et

1939 3153 2166 3209 cunctis
2199 3152 2506 3208 manifeste
2536 3153 2708 3207 datur
2739 3151 3004 3225 intelligi,
3028 3151 3260 3208 etiamsi
3290 3150 3453 3208 nulla
3472 3151 3588 3208 alia

1938 3241 2236 3316 pravitatis
2249 3259 2367 3297 suae
2380 3241 2748 3314 praestitisset
2760 3240 3190 3314 indicia,qualis
3203 3246 3338 3297 ante
3350 3258 3584 3314 pmnam

1939 3330 2176 3398 exstitit,
2192 3330 2295 3402 qui
2316 3348 2377 3387 se
2399 3334 2530 3403 post
2550 3347 2780 3402 pcenam
2806 3329 2980 3386 talem
3006 3329 3297 3398 exhibuit;
3321 3334 3379 3385 et
3403 3347 3583 3402 quam

1939 3418 2130 3474 debite
2153 3416 2591 3490 percussionem
2610 3417 3057 3490 promeruit,qui
3072 3419 3248 3473 etiam
3270 3419 3585 3491 post,unde

1939 3506 2128 3579 magis
2160 3506 2381 3577 percuti
2414 3506 2641 3573 debeat,
2663 3505 2975 3562 admittere
3006 3506 3250 3561 minime
3275 3506 3582 3563 recusavit.

1937 3596 2017 3650 Eo
2044 3594 2222 3667 igitur
2240 3595 2707 3660 suadente,nunc
2722 3594 3061 3667 apostolicis
3088 3594 3372 3651 institutis
3392 3595 3588 3652 inobe-

1937 3684 2105 3739 diens
2136 3687 2310 3752 errat,
2338 3700 2452 3755 quo
2484 3700 2672 3755 nuper
2700 3683 3030 3739 coelestibus
3060 3683 3313 3740 oraculis
3359 3700 3592 3757 semper

1937 3772 2203 3828 obviasse
2224 3776 2491 3843 repertus
2510 3772 2727 3827 dicitur
2748 3789 2760 3826 :
2783 3772 3024 3843 antiquo
3066 3771 3287 3828 scilicet
3317 3772 3591 3830 adversa-

1937 3861 2044 3927 rio,
2064 3860 2163 3932 qui
2194 3859 2346 3915 sicut
2374 3860 2460 3915 leo
2488 3858 2744 3932 rugiens,
2754 3860 2927 3930 juxta
2948 3860 3204 3932 primum
3235 3860 3588 3932 apostolum,

1937 3948 2144 4003 circuit
2168 3964 2434 4019 quaerens
2456 3964 2631 4018 quem
2656 3946 2890 4003 devoret
2911 3946 2961 4015 (1
2980 3952 3128 4002 Petr.
3154 3947 3361 4019 n).Sed
3392 3952 3589 4005 tamen

1939 4037 2011 4091 ad
2054 4036 2420 4107 propositum
2470 4035 2800 4102 redeamus,
2828 4039 2883 4089 et
2923 4034 3076 4091 votis
3125 4036 3265 4101 tuis,
3300 4041 3586 4107 quantum

1936 4128 2395 4197 possumus,Deo
2417 4121 3210 4195 praestante,misericorditer
3228 4140 3585 4182 annuamus.

1937 4218 2141 4284 Itaque
2163 4211 2212 4267 si
2233 4209 2705 4283 Theutgualdum
2729 4210 3252 4283 episcopum,sicut
3271 4213 3583 4285 proﬁteris,

1937 4302 1997 4357 in
2027 4300 2292 4373 catalogo
2321 4298 2727 4372 episcoporum
2776 4316 2892 4354 non
2938 4301 3244 4372 receperis,
3278 4318 3587 4374 quousque

1938 4391 2010 4446 de
2039 4406 2105 4446 eo
2136 4388 2454 4444 humanius
2472 4390 2811 4454 tractemus,
2840 4391 2898 4443 et
2926 4387 2975 4443 si
3024 4388 3441 4457 Guntbarium,
3475 4388 3588 4445 mi-

1941 4477 2248 4535 nisterium
2279 4477 2389 4533 sibi
2406 4476 2649 4532 vetitum
2673 4480 3201 4549 usurpantem,non
3224 4476 3415 4533 solum
3438 4476 3591 4534 inter

1939 4569 2242 4641 episcopos
2263 4584 2376 4622 non
2409 4564 2824 4638 receperis,sed
2850 4580 2953 4621 nec
2979 4564 3113 4638 ipsi,
3132 4581 3238 4621 nec
3258 4565 3590 4623 fautoribus

1939 4659 2068 4730 ejus
2097 4654 2639 4722 communicaveris,
2671 4658 2728 4710 et
2751 4653 2803 4710 ei
2849 4653 2910 4709 in
2958 4653 3175 4710 scelere
3221 4654 3589 4726 permanenti

1939 4744 2347 4819 episcopaliter
2393 4743 2835 4810 contradixeris,
2867 4748 2926 4799 et
2982 4743 3308 4800 secundum
3351 4742 3501 4799 vires
3526 4743 3589 4799 in

1941 4833 2101 4891 nullo
2133 4851 2168 4890 a
2189 4832 2524 4890 constitutis
2544 4835 2602 4887 et
2625 4831 2928 4889 sententiis
2955 4832 3027 4888 ab
3057 4829 3387 4905 apostolicae
3432 4830 3589 4888 sedis

1940 4920 2190 4995 praesule
2220 4920 2464 4995 prolatis
2489 4919 2836 4989 deviaveris;
2861 4920 2960 4976 sed
3003 4921 3075 4976 de
3106 4924 3310 4977 caetero
3340 4936 3444 4993 pro
3472 4921 3590 4976 ﬁde

1941 5009 2227 5067 catholica
2252 5013 2309 5064 et
2357 5007 2716 5064 correctione
2767 5006 3051 5075 ﬁdelium,
3084 5024 3150 5064 ac
3200 5025 3304 5081 pro
3351 5024 3591 5065 conser-

1939 5098 2145 5155 vandis
2175 5096 2491 5170 pontiﬁciis
2520 5095 2848 5169 apostolicae
2879 5095 3037 5152 sedis
3067 5095 3386 5169 privilegiis
3417 5095 3591 5152 nobis

1944 5185 2330 5250 consenseris,
2383 5183 2689 5240 nobiscum
2746 5201 2850 5256 pro
2899 5184 3124 5241 viribus
3180 5184 3587 5251 deeertaveris,

1946 5276 2152 5329 fratres
2183 5290 2415 5345 quoque
2446 5277 2501 5329 et
2531 5272 2827 5345 proximos
2856 5276 2991 5328 tuos
3038 5272 3343 5330 nobiscum
3388 5289 3593 5345 sapere

1945 5362 2213 5418 hortatus
2270 5359 2471 5427 fueris,
2525 5360 2679 5415 Deus
2745 5360 3117 5433 omnipotens
3180 5359 3595 5417 intercessione

1947 5450 2345 5524 apostolorum
2378 5448 2710 5521 principum
2742 5448 2893 5504 Petri
2923 5465 2989 5504 ac
3023 5447 3455 5517 Pauli,vincula
3470 5464 3596 5503 om-

1948 5538 2113 5595 nium
2166 5540 2537 5609 peccatorum
2594 5540 2832 5592 tuorum
2881 5537 3165 5603 absolvat,
3198 5542 3255 5594 et
3310 5535 3597 5610 quidquid

1948 5626 2475 5698 humanitus,quod
2495 5625 2554 5681 in
2574 5625 2759 5683 oculis
2783 5626 3110 5699 maiestatis
3135 5628 3262 5700 ejus
3284 5624 3601 5700 displicuit,
