3898 6212
380 397 504 457 899

1748 395 2054 457 NICOLAI
2098 394 2327 457 PAPIE
2370 396 2419 457 Ι.

3669 400 3779 461 9οο

383 528 646 601 scopatui
695 528 1051 593 redderetur,
1104 526 1342 581 omnino
1386 526 1680 582 restabat?
1710 528 1871 593 Quod
1920 543 2023 600 per
2052 528 2101 593 Α
2135 527 2420 583 Dominus
2450 532 2647 584 noster
2673 530 2847 585 Jesus
2877 528 3273 603 Christus,qui
3305 530 3462 586 hanc
3492 531 3712 587 creavit
3728 539 3778 588 et

382 622 640 674 nostram
673 614 1128 671 mediocritatem
1153 616 1279 686 jam
1302 631 1458 670 nunc
1479 614 1697 671 factum
1729 621 1831 671 tua
1851 633 2024 672 nosse

380 706 589 781 poterit
636 721 876 777 prorsus
917 703 1227 760 industria.
1259 703 1362 759 Cui
1392 704 1472 759 rei
1504 721 1810 760 monemus
1840 704 2024 760 omni-

378 797 614 853 modam
665 793 1004 867 patientiam
1052 792 1322 849 exhibere
1351 796 1455 849 tua
1485 810 1600 848 non
1646 792 1902 866 negligat
1932 798 2024 848 ut-

378 901 609 958 cunque
635 881 966 948 solertia,ne
995 879 1270 936 talionem
1295 879 1535 935 reddere
1563 878 1688 946 tibi,
1724 879 1875 935 sicut
1913 880 2022 935 du-

378 977 520 1032 dum
553 971 1159 1046 promisimus,nostra
1188 972 1430 1041 cogatur
1458 968 1773 1024 auctoritas
1795 969 1932 1041 (2,q.
1966 971 2020 1035 6,

375 1065 601 1135 Arguta,
634 1062 663 1135 §
694 1062 819 1119 Haec
847 1062 1045 1132 quippe
1071 1058 1208 1129 nos).
1242 1058 1371 1113 Haec
1401 1057 1615 1129 quippe
1651 1074 1758 1114 nos
1806 1058 1864 1113 in
1908 1058 2022 1113 Ro-

377 1154 554 1209 tbado
581 1151 799 1207 idcirco
825 1148 1053 1204 noveris
1085 1151 1373 1220 operatos,
1406 1149 1472 1201 ut
1517 1146 1820 1219 privilegia
1863 1147 2022 1203 sedis

376 1240 727 1316 apostolicae,
761 1255 888 1311 quae
919 1236 1071 1293 male
1102 1253 1137 1292 a
1163 1235 1327 1291 vobis
1356 1233 1569 1291 violata
1600 1252 1726 1291 esse
1750 1235 2023 1291 videban—

375 1338 490 1400 tur,
523 1335 580 1386 et
609 1347 643 1386 a
673 1328 842 1385 nobis
871 1331 958 1382 tot
985 1325 1270 1398 impensis
1299 1323 1620 1389 laboribus,
1651 1328 1841 1379 vestra
1873 1324 2020 1379 resi-

372 1425 561 1479 stente
590 1416 977 1482 contumacia,
1005 1411 1333 1486 recuperari
1358 1429 1472 1468 non
1503 1415 1789 1485 poterant,
1822 1415 2018 1469 aucto-

374 1512 542 1568 ritate
570 1505 890 1581 apostolica
918 1507 975 1559 et
1005 1501 1284 1557 canonica
1314 1501 1550 1557 Patrum
1582 1500 2015 1570 deliberatione,

375 1599 620 1675 pristino
650 1596 885 1651 tandem
904 1598 961 1648 et
977 1590 1208 1664 proprio
1228 1591 1643 1646 decorarentur
1662 1590 2020 1645 honore.Cas—

374 1695 564 1745 terum
591 1686 638 1743 si
662 1686 807 1740 forte
822 1680 954 1755 quis
972 1682 1250 1736 adversus
1272 1677 1606 1734 Rothadum
1634 1695 1803 1734 voces
1821 1679 2018 1750 habet,

370 1778 458 1834 vel
477 1778 523 1833 si
542 1776 667 1849 ipse
696 1791 729 1830 a
754 1771 1062 1830 sanctitate
1081 1774 1182 1825 tua
1203 1769 1401 1839 justas
1431 1772 1632 1823 contra
1654 1785 1715 1823 se
1736 1768 2019 1824 hactenus

372 1866 660 1924 sustineat
689 1859 1104 1936 querimonias,
1138 1856 1410 1912 volumus
1449 1860 1507 1912 et
1554 1855 1925 1912 decernimus
1955 1861 2018 1911 ut

372 1961 622 2027 utraque
643 1956 804 2025 parte
824 1944 1514 2017 conveniente,quidquid
1540 1943 1683 1999 illud
1708 1949 2017 2012 est,coram

374 2046 575 2099 nostra
605 2037 839 2113 speciali
870 2035 1182 2111 praesentia
1212 2034 1516 2105 dirigatur.
1545 2033 1709 2098 Quod
1741 2037 1788 2087 si
1824 2032 2019 2089 nullus

372 2130 685 2187 calumniis
698 2143 893 2183 coram
908 2122 1236 2196 apostolatu
1255 2126 1452 2177 nostro
1468 2122 1807 2194 smpefatum
1824 2122 2016 2176 virum

372 2220 652 2290 impetere
680 2213 947 2281 voluerit,
981 2228 1105 2284 quae
1137 2212 1208 2266 de
1236 2209 1338 2265 illo
1387 2209 1756 2266 decernimus
1796 2207 2019 2264 illibata

373 2313 430 2363 et
459 2307 771 2362 imminuta
799 2303 1140 2357 consistant.
1169 2300 1431 2356 Tandem
1475 2297 1791 2371 aliquando
1831 2314 2016 2352 unum

372 2414 403 2454 e
432 2395 685 2460 duobus,
712 2392 868 2465 quod
914 2389 1039 2445 vult
1084 2388 1414 2444 fraternitas
1461 2391 1585 2452 tua,
1634 2386 1744 2442 sibi
1790 2385 2017 2442 anobis

369 2484 602 2558 optione
632 2480 927 2555 proposita
944 2478 1120 2552 eligat
1138 2494 1151 2545 ;
1183 2476 1320 2548 quia
1337 2480 1653 2547 utrumque
1670 2473 2014 2530 canonicum

367 2577 474 2641 est,
507 2576 823 2643 utrumque
853 2569 924 2623 ad
955 2567 1111 2623 sedis
1141 2564 1469 2637 apostolicae
1503 2562 1754 2635 pertinet
1783 2562 2016 2634 privile-

366 2659 839 2737 gium.Vide1icet
867 2661 968 2713 aut
998 2672 1127 2728 quae
1152 2655 1223 2710 de
1253 2653 1523 2726 saepefato
1554 2652 1732 2707 fratre
1752 2657 1807 2707 et
1829 2652 2015 2723 coepi-

366 2767 544 2824 scopo
576 2755 774 2805 nostro
804 2745 1066 2804 Rothado
1106 2743 1506 2816 disposuimus
1557 2740 1905 2812 adimplens,
1949 2743 2008 2796 in

365 2840 526 2895 nullo
578 2836 939 2911 refragatrix,
972 2835 1071 2890 sed
1121 2832 1448 2889 exsecutrix
1496 2830 1829 2885 inveniatur
1862 2847 1873 2885 :
1909 2834 2011 2886 aut

365 2933 516 2984 certe
548 2929 792 2984 Romam
820 2940 1015 2981 coram
1049 2921 1351 2989 nobis,seu
1382 2923 1586 2975 sancta
1616 2919 1881 2974 Romana
1909 2919 2009 2973 Ec-

362 3017 557 3083 clesia,
589 3012 735 3072 cum‘
756 3015 883 3086 ipso
912 3011 1248 3068 conﬂictum
1280 3013 1610 3080 sumptura,
1641 3010 1699 3063 et
1748 3024 1851 3079 pro
1899 3006 2007 3063 hoc

362 3106 729 3172 altercatura,
762 3117 1069 3176 properare
1118 3099 1244 3154 sine
1302 3097 1577 3153 dilatione
1616 3100 1889 3151 maturet.
1923 3096 2008 3153 Ita

361 3195 641 3250 duntaxat
672 3197 739 3248 ut
769 3190 931 3263 prius
970 3190 1095 3261 ipse
1144 3187 1448 3243 Rothadus
1493 3186 1719 3241 cunctis
1770 3183 2001 3253 ablatis,

2132 617 2398 685 redemit,
2431 618 2643 673 existat
2675 636 2688 685 ;
2723 618 2804 675 ita
2830 622 2895 673 ut
2947 618 3043 674 ille
3081 619 3363 675 veraciter
3390 636 3461 675 ac
3492 619 3779 692 principa-

2130 703 2261 760 liter
2294 705 2404 760 ista
2436 704 2515 760 sit
2531 706 2918 777 omnia,juxta
2934 707 3091 779 quod
3107 706 3380 764 fidelibus
3401 725 3508 780 per
3526 707 3781 781 primum

2131 793 2463 864 apostolum
2495 794 2708 850 dicitur
2740 812 2753 849 :
2789 796 3054 852 Conversi
3078 798 3205 852 estis
3232 812 3382 852 nunc
3410 796 3483 852 ad
3520 806 3787 869 pastorem

2130 889 2182 936 et
2227 883 2533 954 episcopum
2588 885 2907 939 animarum
2953 891 3257 940 vestrarum
3304 886 3379 955 (Η
3417 887 3573 943 Patr.
3609 886 3705 956 u);
3736 890 3788 941 et

2123 970 2293 1040 juxta
2339 972 2494 1043 quod
2549 970 2818 1045 egregius
2868 973 3216 1044 praedicator
3254 973 3324 1029 de
3369 990 3438 1030 eo
3487 974 3786 1046 loquens:

2135 1059 2294 1125 Talis,
2330 1059 2541 1131 inquit,
2592 1061 2810 1117 decebat
2853 1068 2915 1117 ut
2956 1063 3113 1117 nobis
3159 1070 3294 1118 esset
3321 1065 3581 1135 pontifex
3607 1064 3786 1130 (Hebr.

2127 1148 2257 1217 vn);
2294 1148 2599 1203 subiturus
2620 1153 2815 1204 tamen
2835 1150 2906 1205 ad
2930 1149 3105 1206 ccelos
3138 1149 3288 1212 hanc
3317 1150 3611 1223 apostolis
3643 1168 3789 1207 com-

2130 1236 2447 1302 mendavit,
2498 1253 2566 1293 ac
2617 1254 2721 1310 per
2764 1254 2884 1304 eos,
2929 1242 3212 1310 tanquam
3259 1238 3637 1295 hereditario
3659 1241 3787 1312 jure

2130 1326 2567 1381 successoribus
2598 1343 2825 1394 eorum,
2856 1326 3026 1382 nobis
3055 1327 3297 1393 scilicet,
3316 1344 3465 1399 quos
3496 1332 3783 1400 pastores,

2129 1415 2433 1486 episcopos
2463 1431 2529 1470 ac
2561 1416 2865 1487 pontiﬁces
2897 1432 3075 1487 super
3102 1415 3291 1488 ipsam
3325 1416 3786 1488 constituit,ejus

2128 1501 2500 1573 providentiae
2531 1519 2731 1558 curam
2762 1502 3027 1571 indulsit,
3055 1508 3344 1576 quatenus
3376 1521 3480 1576 pro
3511 1505 3785 1577 patribus

2128 1589 2247 1644 nati
2280 1590 2403 1657 ﬁlii,
2437 1598 2494 1646 et
2522 1608 2626 1663 pro
2655 1592 2739 1647 eis
2770 1592 3073 1647 constituti
3121 1591 3412 1666 principes
3443 1595 3502 1648 in
3551 1609 3786 1649 omnem

2128 1683 2366 1746 terram,
2398 1679 2721 1736 imitatores
2751 1698 2951 1736 eorum
2984 1697 3271 1749 essemus,
3304 1682 3460 1737 sicut
3503 1688 3565 1737 et
3600 1682 3784 1755 ipsius

2126 1767 2366 1824 Christi.
2396 1769 2611 1824 Verum
2643 1773 2700 1825 et
2727 1770 2881 1825 inter
2899 1769 3273 1825 beatissimos
3302 1770 3787 1842 apostolos,sicut

2130 1861 2187 1913 et
2214 1856 2311 1913 ille
2342 1873 2591 1930 magnus
2625 1858 2735 1913 Leo
2767 1858 2972 1914 scribit
3010 1859 3112 1931 (ep.
3145 1861 3236 1927 88,
3268 1860 3339 1915 ad
3387 1861 3782 1929 Anastasium),

2127 1945 2186 2000 in
2219 1945 2606 2001 similitudine
2636 1946 2877 2001 honoris
2909 1947 3020 2003 fuit
3050 1948 3319 2019 quaedam
3352 1948 3640 2006 discretio
3691 1967 3783 2021 po-

2126 2035 2376 2101 testatis,
2408 2040 2463 2090 et
2495 2052 2628 2090 cum
2661 2036 2926 2090 om‘nium
2957 2052 3062 2107 par
3110 2041 3265 2092 esset
3302 2036 3531 2107 electio,
3571 2038 3678 2092 uni
3710 2044 3783 2093 ta-

2128 2137 2261 2178 men
2306 2123 2508 2178 datum
2560 2128 2648 2178 est
2699 2128 2764 2178 ut
2809 2124 3033 2180 caeteris
3081 2124 3471 2196 praemineret.
3526 2124 3615 2181 De
3674 2143 3782 2198 qua

2127 2211 2315 2266 forma
2342 2211 2749 2284 episcoporum
2781 2228 3013 2284 quoque
3065 2217 3156 2268 est
3197 2217 3323 2267 orta
3354 2214 3701 2281 distinctio;
3731 2220 3781 2269 et

2127 2317 2342 2372 magna
2371 2299 2752 2372 dispositione
2802 2302 3101 2373 provisum
3148 2306 3240 2357 est
3288 2318 3362 2357 ne
3410 2318 3629 2359 omnes
3678 2303 3778 2359 sibi

2126 2388 2324 2443 omnia
2352 2388 2842 2455 vindicarent,sed
2866 2394 3064 2445 essent
3092 2391 3149 2445 in
3180 2390 3429 2463 singulis
3463 2392 3778 2462 provinciis

2125 2476 2621 2549 singuli,quorum
2652 2476 2803 2532 inter
2833 2479 3041 2533 fratres
3071 2479 3385 2534 haberetur
3412 2481 3615 2551 prima
3656 2498 3775 2537 sen-

2122 2566 2303 2621 tentia
2324 2583 2336 2619 :
2354 2570 2411 2621 et
2442 2582 2649 2621 rursus
2669 2566 2910 2637 quidam
2934 2566 2992 2621 in
3016 2567 3338 2639 majoribus
3370 2569 3629 2623 urbibus
3651 2587 3776 2625 con-

2121 2655 2331 2723 stituti,
2364 2654 2815 2711 sollicitudinem
2848 2655 2975 2725 eius
3009 2658 3374 2728 susciperent
3401 2658 3773 2730 ampliorem,

2119 2761 2223 2815 per
2253 2760 2402 2816 quos
2431 2744 2502 2799 ad
2534 2760 2713 2799 unam
2731 2744 2881 2799 Petri
2913 2745 3110 2799 sedem
3132 2744 3481 2801 universalis
3502 2747 3773 2803 Ecclesia

2118 2850 2261 2888 cura
2289 2832 2626 2900 conﬂueret,
2658 2837 2716 2887 et
2742 2832 2888 2887 nihil
2922 2850 3179 2905 unquam
3211 2850 3245 2889 a
3272 2849 3379 2888 suo
3424 2836 3625 2906 capite
3657 2837 3769 2890 dis-

2117 2921 2350 2976 sideret.
2385 2921 2547 2987 Quod
2580 2920 2690 2976 nisi
2725 2921 2965 2993 quidam
2997 2937 3064 2976 ex
3093 2922 3257 2976 vobis
3290 2921 3453 2977 nullo
3508 2924 3769 2980 interiori

2116 3009 2703 3081 comprehendissent
2725 3010 3266 3081 obtutu,nunquam
3290 3010 3634 3066 Rothadum
3657 3014 3766 3085 epi-

2114 3115 2357 3171 scopum
2392 3097 2755 3154 Suessonice
2784 3098 2947 3155 urbis
2977 3098 3103 3155 sine
3133 3115 3423 3155 consensu
3450 3106 3661 3156 nostro
3681 3102 3769 3156 de-

2115 3188 2474 3259 posuissent,
2513 3188 3009 3259 deprasdarentur.
3043 3191 3101 3242 et
3129 3187 3190 3242 in
3220 3188 3493 3243 exsilium
3526 3189 3765 3261 pulsum

360 3282 512 3338 sicut
564 3281 903 3345 statuimus,
956 3276 1311 3348 recuperatis
1353 3274 1693 3339 honoribus,
1743 3277 1801 3329 et
1854 3274 2005 3329 vires
2037 3263 2078 3329 C
2117 3274 2513 3332 monasteriali
2546 3276 2821 3331 custodiae
2853 3276 3274 3348 manciparent.
3299 3276 3445 3332 Nam
3471 3280 3767 3349 quomodo

358 3371 533 3444 longo
564 3375 824 3442 tempore
852 3369 1037 3423 fessas
1069 3363 1247 3437 priori
1277 3361 1596 3417 valetudini
1627 3362 1892 3417 redditus
1922 3378 2004 3418 re-

357 3458 853 3526 sumens,diutius
884 3453 1179 3528 possideat
1207 3456 1265 3507 et
1288 3450 1414 3505 suis
1446 3450 1719 3505 omnibus
1745 3450 2005 3521 perfrua-

355 3546 639 3612 tur.Quod
671 3546 718 3601 si
751 3552 1024 3599 neutrum
1056 3542 1183 3596 sine
1207 3544 1517 3612 procurata
1548 3555 1713 3593 mora
1736 3537 2002 3593 fortassis

356 3652 527 3708 agere
554 3632 828 3698 volueris,
860 3636 917 3687 et
961 3629 1244 3686 resultare
1274 3628 1367 3683 his
1399 3644 1526 3700 quas
1559 3628 1629 3682 de
1659 3626 1758 3682 illo
1790 3627 2003 3682 statui-

356 3741 490 3779 mus
522 3722 693 3779 solito
725 3739 885 3777 more
912 3721 1155 3777 ulterius
1185 3719 1579 3786 curaveris,ab
1609 3719 1767 3774 omni
1802 3718 1883 3773 sis
1907 3734 2000 3772 sa-

356 3811 631 3867 cerdotali
664 3810 964 3883 dignitate,
996 3809 1094 3865 Dei
1128 3826 1231 3881 per
1261 3825 1364 3864 nos
1388 3807 1633 3880 judicio,
1659 3811 1714 3862 et
1743 3806 2000 3862 auctori-

354 3904 410 3955 te
440 3900 597 3955 sedis
628 3899 976 3971 apostolicae,
1014 3898 1083 3953 de
1114 3902 1317 3952 caetero
1369 3900 1791 3968 sequestratus,
1825 3895 1903 3950 ita
1937 3899 2001 3949 ut

355 4005 654 4061 nunquam
686 3987 881 4043 locum
902 3984 1317 4043 satisfactionis
1334 3989 1436 4040 aut
1450 3983 1670 4041 ordinis
1687 3983 2001 4039 restitutio-

352 4094 487 4134 nem
514 4077 817 4150 operiaris.

1072 4190 1278 4247 LXXV.

659 4299 731 4337 AD
772 4297 1083 4337 UNIVERSOS
1122 4297 1423 4337 EPISCOPOS
1461 4297 1691 4337 GALLIE.

989 4370 1175 4443 (Anno
1205 4371 1353 4442 865.)

354 4462 418 4519 Ut
466 4459 770 4516 Rothadum
811 4475 845 4513 α
890 4475 947 4515 se
998 4461 1310 4514 restitutum
1358 4459 1586 4527 benigne
1611 4457 1993 4529 suscipiant:

419 4531 523 4587 ubi
576 4531 751 4587 multa
796 4530 861 4585 de
908 4531 1051 4585 sedis
1097 4527 1795 4601 apostolicw‘privitegiis,
1827 4536 1878 4583 et
1904 4527 1998 4601 de

2113 3380 2227 3419 non
2260 3380 2465 3419 omnes
2493 3363 2687 3420 verbis
2718 3364 2915 3419 omnia
2941 3364 3375 3439 vindicatis,qui
3398 3366 3640 3437 judicia
3660 3367 3769 3439 epi-

2113 3469 2446 3525 scoporum,
2478 3469 2605 3524 quae
2652 3453 2858 3508 merito
2908 3453 3063 3509 inter
3107 3454 3332 3525 majora
3380 3461 3771 3511 numerantur

2113 3542 2366 3614 negotia,
2397 3545 2600 3596 vestrae
2631 3540 3037 3598 deliberationi
3080 3541 3411 3598 tribuistis?
3435 3544 3528 3600 An
3585 3544 3767 3600 modi-

2111 3647 2244 3685 cum
2275 3630 2440 3686 vobis
2471 3646 2599 3686 esse
2624 3629 2853 3686 videtur
2892 3631 3098 3686 fratres
3146 3634 3204 3685 et
3248 3630 3635 3705 coepiscopos
3677 3649 3768 3688 ve-

2111 3724 2265 3774 stros
2285 3718 2833 3792 preterapostolicze
2857 3718 3012 3774 sedis
3034 3735 3385 3774 consensum
3411 3720 3765 3792 depositioni

2110 3808 2436 3879 subjicere?
2452 3808 2615 3874 Quod
2635 3808 2683 3862 si
2696 3807 3103 3863 damnationes
3122 3806 3535 3879 episcoporum
3553 3826 3676 3865 non
3692 3809 3769 3864 in-

2113 3902 2198 3952 ter
2222 3898 2447 3968 majora
2466 3897 2697 3968 negotia
2721 3894 3385 3967 dinumeratis,quorum
3400 3898 3533 3969 jam
3556 3915 3765 3956 causas

2107 3985 2261 4041 inter
2289 3986 2514 4057 majora
2542 3983 2896 4056 computatis
2935 3984 3212 4057 negotia?
3253 3985 3425 4052 Quid,
3480 4003 3649 4061 rogo,
3698 3989 3764 4043 de

2107 4073 2459 4147 presbyteris
2490 4072 2577 4128 vel
2602 4072 2674 4128 de
2706 4072 2998 4128 inferioris
3025 4073 3243 4145 gradus
3274 4073 3503 4130 clericis
3547 4076 3763 4149 agitur,

2108 4179 2361 4235 quorum
2394 4161 2548 4234 apud
2598 4177 2705 4216 nos
2755 4177 2990 4233 quoque
3038 4177 3218 4218 causa
3264 4162 3761 4219 Chalcedonensis

2105 4250 2336 4307 concilii
2386 4249 2603 4322 regulis
2633 4253 2778 4319 (cun.
2824 4249 2901 4319 9),
2944 4266 3079 4306 cum
3130 4251 3278 4307 ratio
3322 4251 3521 4325 exigit,
3572 4251 3764 4309 audiri

2097 4338 2387 4411 jubetur?
2434 4338 2493 4393 Si
2543 4338 2849 4412 episcopos
2895 4343 3060 4396 tanta
3110 4339 3387 4396 facilitate
3444 4340 3760 4413 deponitis,

2106 4429 2420 4500 quomodo,
2454 4443 2617 4500 rogo,
2650 4444 2752 4500 per
2803 4444 2925 4495 vos,
2960 4445 3211 4500 quorum
3260 4427 3347 4484 vel
3399 4427 3458 4484 in
3510 4430 3763 4504 singulis

2107 4516 2420 4589 provinciis
2451 4516 2704 4572 habetur
2733 4517 2920 4589 prima
2948 4517 3260 4583 sententia,
3301 4517 3389 4574 vel
3421 4518 3522 4591 qui
3545 4520 3610 4574 in
3640 4536 3764 4575 ma-

416 4603 738 4696 pontt'ﬁcum
784 4598 1151 4657 Romanorum
1206 4598 1566 4654 decretalibus
1617 4600 1827 4669 σορίοδε
1880 4599 1994 4654 άῑές-
2023 4631 2073 4696 D
2097 4606 2330 4678 joribus
2360 4606 2610 4661 urbibus
2638 4605 2939 4661 constituti
2971 4605 3430 4662 sollicitudinem
3462 4606 3765 4680 suscipitis

417 4676 571 4729 serit.

866 4759 1051 4831 [Apud
1077 4756 1286 4824 Mansi,
1319 4755 1479 4821 ibid.]

418 4876 706 4933 NICOLAUS
753 4875 1082 4946 episcopus,
1126 4886 1329 4926 serVus
1383 4886 1681 4925 servorum
1732 4871 1853 4937 Dei,
1904 4889 1992 4927 re-

345 4963 771 5019 verentissimis
809 4965 867 5016 et
912 4956 1306 5014 sanctissimis
1355 4955 1744 5011 confratribus
1776 4959 1992 5013 nostris

346 5050 801 5125 archiepiscopis
832 5054 888 5104 et
911 5044 1201 5119 episcopis
1249 5044 1403 5116 apud
1455 5042 1670 5100 Gallias
1709 5047 1990 5103 constitu-

348 5139 444 5194 tis.

417 5227 691 5292 Quamvis
739 5223 1106 5298 singularum
1156 5221 1564 5294 Ecclesiarum,
1599 5241 1726 5297 qua:
1759 5230 1995 5298 propter

345 5315 741 5371 diversitatem
774 5315 1066 5366 terrarum
1108 5309 1307 5367 multae
1353 5328 1479 5368 esse
1527 5313 1821 5382 dicuntur,
1855 5331 1989 5371 cum

346 5419 467 5459 una
493 5401 570 5455 sit
600 5404 657 5456 et
687 5397 863 5453 unica
891 5398 1117 5470 Sponso
1149 5416 1276 5469 suo,
1310 5390 1462 5457 sicut
1492 5401 1615 5474 ipse
1645 5402 1705 5458 in
1735 5402 1989 5459 Canticis

342 5486 707 5544 canticorum
740 5484 881 5541 dicit
912 5503 925 5540 :
958 5504 1072 5543 una
1115 5496 1190 5545 est
1234 5490 1482 5546 columba
1510 5507 1629 5546 mea
1660 5492 1835 5565 (Cant.
1867 5492 1945 5562 v1)
1973 5510 1986 5561 ;

342 5577 403 5628 et
433 5587 537 5640 per
566 5568 936 5630 Psalmistam
983 5592 996 5631 :
1044 5580 1196 5635 Erue
1244 5578 1309 5635 de
1352 5597 1523 5635 manu
1570 5583 1721 5636 canis
1767 5582 1989 5636 unicam

337 5661 527 5717 meum
556 5655 723 5732 (Psal.
752 5664 901 5734 nl);
931 5671 1149 5740 pastor,
1184 5672 1242 5728 et
1272 5668 1599 5744 episcopus,
1634 5685 1700 5727 ac
1729 5668 1989 5746 pontifex

2102 4694 2468 4767 ampliorem,
2503 4695 2575 4749 ad
2606 4710 2786 4750 unam
2816 4694 2969 4749 Petri
2999 4695 3199 4751 sedem
3258 4696 3615 4753 universalis
3669 4697 3765 4752 Ec-

2103 4783 2291 4840 clesiaa
2322 4799 2464 4839 cura
2485 4783 2747 4853 conﬂuit,
2782 4783 2882 4855 qui
2913 4783 2984 4839 de
3028 4783 3353 4854 majoribus
3395 4785 3764 4857 deponendis

2103 4868 2390 4941 episcopis
2416 4867 2563 4924 nihil
2594 4869 2666 4923 ad
2687 4870 2817 4941 ejus
2847 4870 3116 4925 notitiam
3139 4869 3362 4927 deferre
3382 4872 3605 4927 curatis
3625 4872 3657 4927 ?
3676 4876 3760 4928 An

2102 4958 2358 5031 episcOpi
2390 4958 2462 5014 de
2493 4958 2807 5014 universali
2838 4957 3095 5014 Ecclesia
3123 4974 3238 5014 non
3270 4962 3429 5025 sunt,
3450 4964 3519 5015 ut
3537 4960 3609 5016 de
3642 4960 3759 5016 illis

2101 5046 2453 5103 damnandis
2479 5064 2582 5119 per
2620 5062 2722 5103 vos
2765 5046 2987 5118 aliquid
3036 5048 3108 5102 ad
3157 5046 3337 5103 unam
3368 5048 3523 5104 Petri
3553 5050 3754 5105 sedem

2100 5136 2308 5193 deferri
2358 5153 2473 5192 non
2528 5135 2803 5191 curetur?
2849 5134 2951 5191 Vel
2994 5137 3286 5208 quomodo
3314 5135 3399 5192 nil
3437 5154 3695 5210 usquam
3726 5154 3758 5194 a

2101 5241 2210 5281 suo
2241 5225 2432 5297 capite
2459 5222 2727 5292 dissidet,
2750 5240 2886 5280 cum
2918 5224 2989 5280 de
3010 5224 3421 5296 adjudicandis
3441 5226 3753 5300 precipuis

2100 5314 2383 5370 membris
2406 5311 2696 5380 Ecclesiae,
2731 5312 2790 5368 id
2817 5316 2907 5368 est
2934 5312 3245 5386 episcopis,
3277 5330 3313 5370 a
3341 5314 3550 5387 capite,
3573 5315 3632 5370 id
3668 5320 3754 5371 est

2100 5402 2235 5458 sede
2287 5401 2624 5474 apostolica,
2675 5400 3045 5457 dissentitis?
3089 5403 3178 5457 An
3226 5402 3396 5459 sedes
3433 5402 3754 5474 apostolica

2097 5494 2274 5561 caput
2304 5507 2421 5546 non
2451 5490 2579 5546 est?
2610 5490 2851 5546 Frustra
2880 5505 3040 5562 ergo,
3073 5493 3140 5545 ut
3169 5488 3360 5545 multa
3383 5494 3746 5561 prateream,

2097 5577 2409 5634 concilium
2443 5578 2789 5635 Sardicense
2839 5578 2911 5634 ad
2957 5576 3183 5633 Julium
3221 5578 3563 5651 episcopum
3596 5579 3749 5635 inter

2095 5671 2303 5728 cetera
2350 5666 2498 5726 dixit
2540 5669 2625 5741 (in
2665 5669 2825 5746 epist.
2881 5666 2951 5729 ad
2997 5666 3235 5743 latium)
3271 5683 3287 5728 :
3331 5666 3639 5744 Optimum
3690 5672 3745 5727 et
