3898 6212
145 369 260 427 90-1

1368 369 1776 430 EPISTOLIE
1820 368 1918 428 ET
1961 368 2348 429 DECRETA.

3443 375 3559 435 902

142 498 317 554 valde
340 499 935 572 congruentissimum
961 517 1086 556 esse
1110 500 1342 556 videtur
1362 501 1409 556 si
1433 502 1504 555 ad
1529 505 1722 573 caput,
1747 501 1803 556 id
1834 502 1888 568 Α
1920 517 2095 572 penes
2117 518 2222 556 nos
2249 501 2557 570 habentur,
2574 519 2699 573 qua:
2725 519 2837 557 non
2862 501 3051 557 solum
3077 520 3561 577 quorumcumque

145 591 239 642 est
269 589 341 642 ad
377 588 528 643 Petri
558 588 803 660 apostoli
837 589 1056 653 sedem,
1082 589 1152 644 de
1185 588 1432 660 singulis
1473 589 1803 660 quibusque

144 675 469 747 provinciis
500 675 732 731 Domini
777 677 1032 732 referant
1063 678 1410 732 sacerdotes.
1434 677 1576 732 Ecce
1608 678 1802 731 sedem

150 765 306 820 Petri
341 769 516 838 caput
563 764 937 837 appellatam,
972 766 1061 820 cui
1096 766 1165 820 de
1196 765 1445 838 singulis
1492 764 1805 837 provinciis

149 853 385 908 Domini
449 854 658 908 referre
712 855 1040 909 sacerdotes
1099 855 1329 908 debent.
1364 855 1404 908 E
1455 857 1655 908 contra
1702 871 1804 908 vos

148 941 296 997 adeo
328 941 479 996 hanc
513 941 833 1013 despicitis,
858 946 923 997 ut
953 943 1023 997 ad
1055 959 1181 997 eam
1206 940 1351 996 nihil
1383 943 1452 997 de
1483 942 1805 1014 majoribus

144 1029 418 1085 Ecclesiae
453 1030 701 1102 negotiis
735 1031 944 1086 referre
996 1031 1229 1098 curetis,
1247 1048 1312 1086 ac
1343 1030 1680 1102 episcopum
1714 1031 1802 1084 in-

147 1118 424 1174 consulta
453 1123 509 1172 et
539 1123 876 1191 contempta
906 1118 1004 1174 illa
1024 1120 1310 1191 deponere
1336 1119 1726 1190 pressumatis,
1750 1123 1806 1174 et

147 1207 444 1279 przecipue
485 1207 685 1262 sedem
726 1207 1104 1281 apostolicam
1154 1207 1563 1279 appellantem.
1617 1208 1805 1264 Nimis

148 1312 411 1367 namque
443 1296 766 1352 absurdum
800 1301 890 1352 est
917 1297 1070 1368 quod
1104 1296 1318 1364 dicitis,
1343 1296 1805 1368 Rothadum,qui

149 1385 227 1439 ad
266 1384 562 1455 judicium
622 1386 779 1442 sedis
827 1385 1154 1456 apostolica:
1213 1385 1558 1457 provocavit,
1593 1385 1804 1440 iterum

149 1476 386 1528 mutata
404 1489 540 1528 voce
561 1478 751 1529 vestra
767 1473 994 1546 judicia
1013 1473 1359 1546 postulasse.
1381 1475 1543 1539 Quod
1575 1473 1804 1530 etiamsi

146 1562 232 1615 ita
265 1561 494 1630 fuisset,
517 1579 550 1616 a
578 1566 771 1618 vestra
811 1563 998 1618 fuerat
1036 1561 1395 1617 fraternitate
1427 1563 1806 1635 corrigendus

143 1655 204 1705 et
229 1651 373 1722 quia
395 1668 426 1704 a
450 1651 661 1720 majori
686 1652 756 1705 ad
782 1650 1026 1706 minoris
1052 1651 1414 1706 auctoritatis
1440 1656 1808 1722 provocasset

134 1740 463 1811 judicium,
492 1741 918 1795 emendandus.
947 1741 1105 1795 Licet
1128 1740 1302 1795 certis
1330 1757 1441 1794 non
1466 1744 1662 1811 patere
1683 1758 1808 1812 pos-

146 1828 230 1882 sit
261 1826 400 1882 ullis
433 1826 670 1881 indiciis
691 1844 725 1880 a
754 1830 953 1881 nostro
983 1825 1150 1880 illum
1178 1827 1249 1881 ad
1270 1830 1459 1880 vestra
1479 1827 1808 1882 cucurrisse

138 1915 393 1986 judicia,
411 1931 584 1986 quem
609 1919 836 1969 constat
863 1914 923 1969 in
957 1914 1081 1985 ipso
1104 1912 1344 1968 articulo
1371 1918 1570 1968 contra
1591 1931 1652 1969 se
1674 1931 1805 1984 pro-

143 2004 401 2058 ferenda
455 2002 753 2057 sententia
804 2003 999 2057 sedem
1048 2001 1425 2074 apostolicam
1457 2001 1803 2073 appellasse,

141 2097 202 2147 et
237 2092 391 2163 quod
426 2108 487 2146 se
520 2091 591 2145 ab
619 2090 719 2145 illa
739 2090 993 2160 judicari
1025 2095 1287 2163 posceret
1312 2107 1503 2144 coram
1531 2090 1805 2144 omnibus

141 2180 527 2235 exclamasse.
561 2179 812 2251 Equum
846 2196 958 2233 non
1011 2179 1176 2248 foret,
1200 2179 1248 2233 si
1280 2179 1352 2232 ad
1400 2182 1592 2233 vestra
1623 2196 1683 2233 se
1705 2180 1803 2249 ju-

140 2269 303 2323 dicia
336 2267 1023 2339 convertisset,quamvis
1057 2268 1164 2322 etsi
1197 2267 1394 2322 sedem
1426 2267 1803 2338 apostolicam

145 2356 491 2412 nullatenus
522 2355 892 2427 appellasset,
926 2360 1126 2410 contra
1175 2360 1259 2411 tot
1287 2360 1482 2411 tamen
1539 2363 1596 2410 et
1643 2359 1806 2410 tanta

153 2463 263 2500 vos
295 2443 608 2500 decretalia
637 2443 824 2499 efferri
869 2448 1106 2509 statuta,
1138 2449 1194 2499 et
1232 2443 1570 2516 epis'mpum
1604 2445 1804 2500 incon-

153 2535 334 2592 sultis
367 2534 535 2590 nobis
568 2535 852 2605 deponere
885 2533 1042 2589 nullo
1091 2536 1261 2590 modo
1312 2535 1617 2591 debuistis.
1642 2536 1804 2598 Quod

151 2628 355 2679 tamen
400 2640 520 2692 vos,
555 2628 618 2676 ut
660 2627 886 2678 servata
914 2622 1212 2678 vobiscum
1244 2624 1586 2680 medullitus
1618 2624 1804 2680 chari-

149 2717 272 2767 tate
307 2713 520 2776 dicam,
569 2711 970 2783 postposuisse
1018 2711 1304 2777 dolemus,
1339 2717 1395 2767 et
1444 2713 1805 2768 diversorum

148 2800 310 2856 sedis
337 2799 669 2872 apostolica:
701 2799 1014 2872 praesulum
1048 2801 1280 2856 decreta
1309 2800 1368 2855 in
1401 2800 1508 2856 hoc
1538 2819 1638 2857 vos
1671 2818 1805 2857 con-

149 2889 468 2962 tempsisse
517 2889 770 2961 negotio,
804 2906 917 2943 non
958 2889 1253 2944 immerito
1301 2890 1804 2961 reprehendimus.

147 2979 317 3034 Absit
348 2977 503 3033 enim
528 2983 592 3031 ut
618 2978 1246 3049 cujuscunque,usque
1269 2978 1340 3032 ad
1373 2977 1647 3033 ultimum
1680 2978 1806 3032 vitae

146 3085 268 3121 sua:
303 3067 436 3122 dien
471 3067 572 3137 qui
614 3067 673 3120 in
724 3067 837 3121 fide
883 3063 1169 3122 catholica
1218 3067 1688 3138 perseveraverit,
1721 3065 1807 3122 vel

147 3155 468 3211 decretalia
497 3154 941 3222 constituta,vel
973 3155 1043 3210 de
1075 3155 1472 3211 ecclesiastica
1504 3155 1812 3227 disciplina

1838 1869 1884 1933 B

1915 589 2312 644 Romanorum
2343 589 2709 661 pontificum,
2737 606 2938 645 verum
2972 593 3146 646 etiam
3179 593 3435 663 priorum
3461 595 3560 649 de-

1913 681 2068 731 creta
2100 677 2158 731 in
2198 676 2322 732 suis
2354 678 2546 732 causis
2593 680 2858 749 praeferre
2905 683 3248 735 noscuntur.
3282 682 3351 734 At
3384 698 3558 750 nunc,

1912 765 2012 818 ubi
2047 765 2169 820 suis
2199 764 2414 820 animis
2454 766 2756 832 resultare,
2791 771 2848 820 et
2878 766 3177 839 privilegia
3225 771 3385 824 tanto
3432 786 3558 836 nos,

1914 857 1976 906 ut
2006 853 2064 906 in
2098 853 2187 908 sui
2221 857 2410 910 status
2455 853 2859 910 incolumitate
2905 855 3242 926 persistant,
3266 856 3563 912 elaborare

1913 958 2028 996 non
2061 959 2384 1009 cessamus,
2409 948 2628 1014 quanto
2655 944 2934 998 universa:
2960 944 3222 1000 Ecclesia
3251 946 3560 1016 profuisse,

1913 1031 2187 1101 prodesse
2216 1047 2281 1086 ac
2324 1032 2631 1102 profutura
2660 1048 2892 1103 semper
2919 1049 3047 1087 esse
3094 1033 3432 1104 probantur.
3469 1035 3563 1089 Di-

1913 1135 2096 1190 gnum
2128 1136 2262 1192 ergo
2294 1124 2383 1174 est
2414 1124 2477 1174 ut
2507 1120 2605 1174 ubi
2640 1121 2911 1176 universa
2942 1121 3169 1177 fabrica:
3203 1122 3387 1178 moles
3418 1122 3567 1177 inni-

1914 1207 2075 1272 titur,
2108 1206 2186 1261 ibi
2220 1207 2455 1262 firmum
2489 1206 2865 1280 validumque
2895 1208 3179 1265 habeatur
3208 1210 3267 1264 in
3290 1210 3564 1266 omnibus

1915 1294 2387 1348 fundamentum.
2427 1294 2592 1365 (Dist.
2640 1295 2724 1362 19,
2767 1295 2829 1349 Si
2857 1297 3377 1365 Romanorum,§8i
3403 1297 3563 1368 ideo.)

1917 1383 2090 1438 Porro
2122 1382 2172 1436 si
2203 1383 2332 1437 ideo
2373 1399 2488 1438 non
2530 1399 2657 1438 esse
2689 1384 3006 1440 decretales
3037 1385 3312 1458 epistolas
3342 1386 3566 1457 prisco-

1917 1489 2046 1525 rum
2080 1471 2424 1543 pontificum
2471 1473 2866 1528 Romanorum
2917 1474 3310 1530 admittendas
3340 1475 3564 1542 dicunt,

1916 1559 2054 1630 quia
2087 1560 2144 1612 in
2194 1559 2389 1614 codice
2421 1577 2718 1616 canonum
2765 1578 2879 1616 non
2930 1561 3225 1617 habentur
3278 1563 3566 1635 ascriptis,

1917 1665 2053 1719 ergo
2087 1664 2188 1702 nec
2235 1649 2492 1719 Gregorii
2552 1649 2760 1714 sancti,
2796 1666 2902 1705 nec
2935 1649 3112 1705 ullius
3169 1650 3407 1708 alterius
3465 1651 3565 1722 qui

1917 1741 2050 1791 ante
2081 1735 2167 1791 vel
2200 1741 2329 1808 post
2359 1737 2552 1809 ipsum
2589 1739 2821 1805 fuit,est
2850 1739 3082 1810 aliquod
3112 1739 3445 1795 institutum
3477 1740 3565 1796 vel

1917 1825 2201 1896 scriptum
2235 1825 2657 1896 recipiendum,
2684 1844 2750 1882 eo
2783 1828 2936 1898 quod
2968 1829 3026 1883 in
3059 1829 3256 1884 codice
3273 1845 3564 1884 canonum

1917 1931 2031 1968 non
2064 1913 2348 1968 habeatur
2377 1915 2718 1985 ascriptum.
2748 1917 2895 1986 Ergo
2927 1917 3250 1972 doctrinam
3282 1933 3483 1972 eorum
3508 1921 3566 1972 et

1915 2001 2249 2057 sanctiones
2280 2003 2350 2056 de
2380 2002 2680 2058 codicibus
2730 2004 2853 2058 suis
2902 2005 3175 2072 eradant;
3211 2010 3275 2060 ut
3306 2007 3447 2078 quid
3478 2005 3564 2061 vel

1916 2091 2288 2144 membranas
2321 2095 2626 2162 occupant,
2652 2097 2960 2162 postquam
3005 2110 3118 2148 non
3153 2093 3442 2148 habentur
3470 2110 3564 2148 ac-

1915 2179 2135 2250 cepta}?
2183 2179 2293 2233 Sed
2340 2196 2517 2250 quare
2549 2178 2802 2234 multum
2848 2180 3247 2246 immoremur,
3281 2199 3412 2236 cum
3462 2198 3566 2237 nec

1915 2269 2074 2338 ipsas
2104 2267 2329 2322 divinas
2359 2267 2689 2338 Scripturas
2715 2268 2855 2322 Novi
2883 2273 2938 2323 et
2963 2269 3190 2325 Veteris
3211 2269 3568 2325 Testamenti

1905 2357 2032 2427 jam
2065 2355 2400 2428 recipimus,
2436 2355 2484 2410 si
2515 2355 2659 2411 istos
2699 2356 3040 2412 duxerimus
3075 2358 3443 2414 audiendos?
3471 2361 3567 2414 Et-

1914 2445 2069 2499 enim
2117 2448 2389 2500 neutrum
2439 2444 2649 2499 horum
2685 2445 2743 2499 in
2778 2447 2976 2501 codice
3039 2446 3567 2503 ecclesiasticorum

1914 2550 2204 2589 canonum
2245 2533 2493 2588 habetur
2540 2533 2844 2588 insertum.
2880 2535 2990 2592 Sed
3045 2535 3381 2606 responsuri
3431 2539 3570 2592 sunt

1913 2621 2032 2689 isti,
2068 2621 2167 2692 qui
2202 2638 2316 2675 non
2367 2622 2436 2675 ad
2471 2621 2856 2676 obediendum
2893 2623 3090 2694 potius
3125 2641 3302 2696 quam
3355 2625 3427 2679 ad
3477 2642 3569 2680 rc-

1915 2711 2242 2766 sistendum
2276 2726 2505 2780 semper
2534 2710 2720 2780 parati
2750 2715 2906 2778 sunt,
2935 2712 3195 2769 dicentes
3228 2715 3381 2784 quod
3419 2713 3570 2768 inter

1916 2815 2169 2854 canones
2192 2797 2519 2852 inveniatur
2539 2797 2859 2868 capitulum
2896 2800 3082 2854 sancti
3107 2818 3267 2872 papa:
3293 2804 3569 2856 Innocen-

1916 2888 1978 2942 tii
2007 2889 2178 2960 (Decr.
2203 2904 2251 2941 c.
2284 2889 2396 2953 27),
2422 2886 2590 2956 cujus
2619 2886 2960 2942 auctoritate
3001 2889 3275 2944 doceatur
3316 2908 3349 2944 a
3398 2889 3568 2945 nobis

1920 2982 2238 3046 utrumque
2287 2976 2726 3029 Testamentum
2757 2992 2884 3031 esse
2932 2977 3352 3048 recipiendum,
3381 2995 3564 3049 quan-

1919 3083 2096 3137 quam
2128 3064 2186 3117 in
2219 3063 2364 3136 ipsis
2403 3064 2661 3134 paternis
2692 3065 3015 3120 canonibus
3073 3065 3302 3120 nullum
3361 3083 3563 3122 eorum

1921 3152 2289 3208 contineatur
2318 3167 2385 3206 ex
2415 3155 2532 3205 toto
2567 3151 2870 3206 insertum.
2907 3153 3130 3218 Quibus
3160 3155 3231 3209 ad
3263 3154 3382 3210 haec
3403 3172 3563 3210 asse-

148 3244 429 3316 quzelibet
459 3245 738 3315 exposita,
773 3244 966 3298 debito
1008 3243 1166 3298 cultu
1199 3249 1254 3299 et
1285 3261 1418 3299 cum
1451 3261 1683 3300 summa
1716 3245 1800 3298 di-
1834 3230 1876 3296 C
1915 3243 2162 3296 rendum
2183 3244 2272 3295 est
2292 3240 2567 3310 quoniam
2591 3240 2637 3294 si
2665 3240 2838 3295 Vetus
2860 3241 3202 3314 Novumque
3222 3245 3554 3300 Testamen-

146 3332 444 3389 scretione
466 3349 582 3387 non
605 3330 1029 3403 amplectamur
1051 3333 1352 3403 epuseula,
1369 3349 1497 3404 quze
1520 3334 1803 3388 duntaxat

148 3427 208 3478 et
239 3419 574 3492 antiquitus
604 3425 806 3476 sancta
845 3421 1108 3476 Romana
1146 3421 1402 3476 Ecclesia
1430 3439 1798 3488 conservans,

148 3511 327 3565 nobis
358 3525 588 3580 quoque
614 3508 996 3563 custodienda
1018 3508 1332 3575 mandavit,
1358 3514 1414 3564 et
1442 3527 1619 3581 penes
1650 3527 1711 3566 se
1742 3509 1801 3564 in

147 3600 280 3654 suis
314 3597 566 3653 archivis
587 3602 644 3652 et
663 3597 906 3652 vetustis
938 3597 1047 3653 rite
1078 3600 1476 3654 monumentis
1504 3600 1805 3654 recondita

145 3691 483 3742 veneratur.
499 3687 663 3741 Absit
683 3690 747 3740 ut
768 3685 984 3757 scripta
1006 3701 1208 3741 eorum
1229 3704 1343 3758 quo
1366 3689 1658 3758 quomodo
1682 3705 1806 3759 par-

145 3775 520 3849 vipendenda
541 3775 1098 3845 dicamus,quorum
1129 3775 1396 3831 videmus
1428 3777 1542 3832 Deo
1573 3781 1805 3832 auctore

145 3868 417 3920 sanctam
450 3863 788 3930 Ecclesiam,
811 3868 910 3918 aut
942 3880 1105 3918 roseo
1137 3880 1341 3919 cruore
1385 3865 1669 3931 floridam,
1704 3871 1806 3920 aut

146 3953 412 4008 roriﬂuis
427 3951 742 4007 sudoribus
759 3957 814 4006 et
830 3951 1167 4006 salubribus
1181 3951 1426 4022 eloquiis
1440 3954 1801 4008 adornatam.

142 4043 321 4115 (Dist.
367 4041 429 4095 Si
476 4043 888 4108 Romanorum.)
927 4040 985 4094 Si
1046 4041 1202 4095 enim
1253 4039 1514 4110 ipsorum
1575 4043 1804 4096 decreto

142 4137 498 4186 caeterorum
529 4129 812 4202 opuscula
857 4132 1241 4185 tractatorum
1293 4130 1690 4200 approbantur
1717 4131 1804 4186 vel

144 4220 563 4291 reprobantur,
589 4218 669 4274 ita
700 4222 765 4273 ut
797 4218 948 4289 quod
1001 4219 1168 4273 sedes
1206 4217 1525 4290 apostolica
1575 4220 1802 4290 probat,

146 4304 329 4360 hodie
360 4308 628 4360 teneatur
675 4309 998 4375 acceptum,
1025 4309 1079 4359 et
1109 4306 1263 4376 quod
1298 4303 1397 4360 illa
1436 4305 1667 4376 repulit,
1702 4307 1804 4361 ha-

145 4398 362 4449 ctenus
403 4393 669 4449 inefficax
715 4393 999 4448 habeatur
1032 4410 1044 4448 :
1079 4397 1137 4448 et
1186 4398 1404 4465 quanto
1453 4394 1648 4464 potius
1678 4412 1804 4467 qua

143 4483 280 4554 ipsa
313 4499 416 4553 pro
448 4481 734 4538 catholica
754 4482 891 4549 ﬁde,
912 4498 1014 4554 pro
1048 4481 1307 4552 profanis
1329 4483 1702 4555 dogmatibus
1723 4501 1806 4540 re-

141 4571 465 4642 pellendis,
490 4588 592 4643 pro
623 4570 799 4659 variis
845 4574 900 4625 et
940 4569 1274 4625 multifariis
1306 4571 1570 4628 Ecclesia:
1605 4590 1800 4629 neces-
1831 4594 1878 4659 D

141 4660 430 4715 sitatibus
461 4663 516 4714 et
547 4658 806 4714 fidelium
838 4658 1100 4714 moribus
1125 4659 1241 4724 [al.,
1265 4659 1544 4731 motibus]
1576 4662 1800 4717 diverso

142 4754 412 4819 tempore
460 4747 715 4820 scripsit,
739 4746 898 4802 omni
929 4747 1142 4802 debent
1188 4746 1406 4802 honore
1438 4750 1712 4820 prmferri,
1747 4754 1803 4806 et

141 4839 214 4893 ab
241 4838 522 4892 omnibus
545 4853 786 4908 prorsus
808 4837 864 4889 in
889 4834 1247 4907 quibuslibet
1267 4839 1802 4908 opportunitatibus

141 4926 500 4982 discretione
531 4925 616 4981 vel
664 4924 1101 4997 dispensatione
1148 4925 1430 4998 magistra
1480 4931 1804 4983 reverenter

143 5013 421 5070 assumi?
452 5016 798 5084 Quanquam
857 5013 1096 5085 quidam
1139 5018 1396 5069 vestrum
1462 5017 1802 5087 scripserint

145 5103 314 5158 haud
347 5101 447 5157 illa
478 5103 787 5158 decretalia
825 5103 1152 5174 priscorum
1184 5102 1525 5173 pontificum
1577 5104 1634 5158 in
1683 5109 1800 5160 toto

146 5190 377 5247 codicis
407 5209 697 5248 canonum
729 5208 966 5263 corpore
1011 5191 1290 5246 contineri
1324 5191 1636 5263 descripta,
1668 5210 1802 5248 cum

147 5281 264 5352 ipsi
331 5297 448 5336 sua:
504 5280 815 5336 intentioni
873 5280 992 5334 hcce
1051 5279 1358 5350 suffragari
1417 5281 1804 5354 conspiciunt,

145 5369 270 5424 illis
303 5369 704 5425 indifferenter
733 5373 997 5437 utantur,
1023 5371 1078 5422 et
1108 5366 1299 5423 solum
1331 5385 1486 5423 nunc
1515 5371 1584 5425 ad
1619 5370 1807 5426 immi-

148 5457 459 5513 nutionem
491 5458 798 5530 potestatis
829 5456 987 5512 sedis
1017 5454 1344 5527 apostolicae
1375 5462 1433 5513 et
1461 5459 1534 5513 ad
1565 5476 1805 5517 suorum

146 5551 570 5619 argumentum
594 5544 1024 5620 [augmentum]
1043 5542 1474 5616 privilegiorum
1494 5548 1691 5604 minus
1717 5566 1807 5604 ac-

148 5640 320 5711 cepta
350 5653 478 5703 esse
500 5636 863 5714 perhibeant.
891 5633 1038 5694 Nam
1063 5632 1345 5693 nonnulla
1366 5652 1567 5696 eorum
1590 5638 1808 5716 scripta

1909 3335 2036 3386 tum
2070 3329 2398 3401 recipienda
2430 3332 2585 3396 sunt,
2611 3346 2725 3384 non
2759 3331 2914 3400 quod
2947 3330 3131 3386 codici
3163 3348 3453 3388 canonum
3486 3351 3555 3390 ex

1913 3425 2030 3475 toto
2062 3419 2392 3473 habeantur
2414 3435 2660 3483 annexa,
2687 3420 2786 3473 scd
2811 3420 2964 3491 quod
2991 3420 3062 3475 de
3092 3420 3186 3476 his
3217 3421 3564 3493 recipiendis

1912 3508 2097 3564 sancti
2130 3524 2290 3579 papae
2314 3506 2637 3562 Innocentii
2664 3506 2890 3578 prolata
2920 3509 3151 3564 videtur
3180 3526 3307 3565 esse
3339 3515 3566 3566 senten-

1912 3599 2022 3664 tia;
2053 3601 2230 3651 restat
2255 3595 2533 3650 nimirum
2558 3596 2712 3667 quod
2738 3595 3056 3653 decretales
3077 3598 3332 3671 epistolas
3358 3600 3564 3655 Roma-

1913 3704 2120 3741 norum
2155 3684 2496 3758 pontificum
2538 3690 2677 3739 sunt
2737 3686 3104 3758 recipiendae,
3162 3688 3391 3743 etiamsi
3447 3706 3563 3743 non

1914 3779 2052 3830 sunt
2081 3789 2373 3829 canonum
2405 3772 2591 3827 codici
2621 3775 3066 3846 compaginatae,
3099 3778 3376 3847 quoniam
3417 3777 3567 3832 inter

1913 3865 2072 3936 ipsos
2104 3879 2355 3917 canones
2405 3879 2586 3915 unum
2629 3862 2686 3914 Β.
2723 3863 2932 3918 Leonis
2964 3864 3288 3934 capitulum
3337 3870 3567 3921 constat

1913 3969 2040 4008 esse
2071 3951 2439 4022 permistum,
2473 3965 2586 4019 quo
2629 3950 2708 4002 ita
2738 3951 2935 4004 omnia
2985 3953 3299 4007 decretalia
3347 3955 3564 4009 consti-

1913 4045 2040 4096 tuta
2071 4040 2226 4093 sedis
2285 4037 2613 4109 apostolicze
2665 4038 2945 4093 custodiri
3005 4041 3381 4109 mandantur,
3418 4047 3483 4095 ut
3514 4042 3564 4096 si

1913 4129 2048 4199 quis
2080 4127 2138 4180 in
2170 4125 2269 4180 illa
2299 4124 2674 4195 commiserit,
2704 4128 2927 4180 noverit
2949 4126 3060 4181 sibi
3088 4130 3316 4183 veniam
3340 4129 3559 4201 negari.

1911 4217 2005 4271 Ait
2029 4214 2183 4271 enim
2217 4212 2470 4284 capitulo
2498 4214 2534 4266 5
2578 4229 2820 4267 suorum
2863 4214 3249 4271 Decretalium
3284 4217 3461 4289 (epist.
3493 4219 3565 4273 ad

1911 4307 2181 4378 episcopos
2208 4319 2308 4374 per
2340 4302 2720 4373 Campaniam)
2749 4320 2760 4356 :
2787 4303 2869 4357 Ne
2911 4303 3052 4374 quid
3095 4321 3229 4361 vero
3279 4307 3356 4362 sit
3405 4307 3562 4379 quod

1912 4389 2372 4464 prsetermissum
2405 4404 2438 4442 a
2469 4387 2637 4443 nobis
2661 4389 2804 4443 forte
2832 4389 3120 4456 credatur,
3148 4394 3345 4449 omnia
3375 4395 3566 4450 decre-

1913 4479 2051 4534 talia
2082 4477 2398 4533 constituta
2430 4481 2548 4530 tam
2582 4476 2762 4532 beatas
2790 4479 3212 4535 recordationis
3243 4482 3561 4538 Innocentii

1911 4585 2087 4644 quam
2122 4566 2385 4622 omnium
2417 4565 2788 4620 decessorum
2841 4570 3197 4635 nostrorum,
3223 4586 3348 4640 qua:
3380 4570 3450 4624 de
3475 4586 3565 4625 ec-

1911 4655 2251 4714 clesiasticis
2285 4653 2608 4720 ordinibus,
2640 4657 2696 4708 et
2713 4671 3000 4710 canonum
3024 4655 3396 4729 promulgata
3425 4663 3561 4713 sunt

1911 4742 2263 4816 disciplinis,
2296 4741 2376 4795 ita
2417 4746 2620 4796 vestris
2663 4741 2962 4797 dilectioni
3005 4743 3284 4798 custodiri
3315 4746 3563 4800 manda-

1911 4852 2066 4892 mus.
2089 4837 2152 4886 ut
2185 4831 2231 4886 si
2255 4829 2388 4900 quis
2411 4830 2468 4883 in
2493 4827 2592 4883 illa
2613 4830 2995 4899 commiserit,
3016 4832 3245 4887 veniam
3271 4832 3382 4887 sibi
3405 4833 3564 4888 dein-

1911 4940 2046 4995 eeps
2078 4918 2301 4976 noverit
2331 4917 2624 4989 denegari.
2649 4919 2903 4974 Dicendo
2935 4937 3066 4975 vero
3103 4923 3288 4975 omnia
3319 4922 3561 4978 decreta-

1911 5013 1988 5066 lia
2017 5011 2327 5070 constituta,
2361 5005 2591 5060 nullum
2643 5007 2713 5061 de
2773 5007 3162 5064 decretalibus
3223 5010 3560 5066 constitutis

1911 5089 2283 5172 praetermisit
2315 5095 2468 5166 quod
2513 5113 2626 5149 non
2658 5097 3020 5152 mandaverit
3049 5114 3176 5152 esse
3225 5099 3558 5154 custodien-

1915 5191 2076 5244 dum.
2108 5187 2178 5239 Et
2209 5200 2415 5238 rursus
2461 5184 2773 5239 asserendo
2804 5187 3051 5240 omnium
3079 5186 3414 5242 decessorum
3461 5205 3562 5244 no-

1912 5286 2170 5339 strorum,
2206 5271 2433 5326 nullum
2477 5272 2822 5342 pontificum
2866 5274 3262 5330 Romanorum
3295 5277 3394 5347 qui
3428 5281 3562 5331 ante

1915 5383 1976 5422 se
2005 5363 2198 5430 fuerit,
2222 5360 2463 5431 excepit,
2488 5361 2658 5430 cujus
2712 5361 2793 5416 ita
2841 5380 2956 5418 non
2991 5365 3329 5435 praeceperit
3359 5365 3560 5421 decre-

1913 5453 2053 5529 talia
2082 5449 2401 5506 constituta
2431 5449 2502 5504 ab
2535 5449 2811 5505 omnibus
2841 5452 3145 5520 custodiri,
3171 5458 3235 5508 ut
3265 5453 3312 5509 si
3345 5454 3479 5525 quis
3502 5455 3559 5510 in

1914 5543 2015 5599 illa
2056 5535 2684 5603 commiscrit,veniam
2743 5537 2854 5593 sibi
2888 5538 3160 5614 deinceps
3218 5542 3442 5597 noverit
3470 5541 3563 5597 de-

1916 5629 2134 5707 negari.
2159 5627 2360 5700 Itaque
2396 5624 2542 5686 nihil
2575 5624 2818 5686 interest
2848 5632 3046 5690 utrum
3079 5630 3197 5689 sint
3225 5631 3426 5692 omnia
3455 5631 3560 5690 de-
