3898 6212
328 312 450 376 903

1674 311 2001 373 νΝΙΟΟΙλΑΙ
2056 310 2282 371 ΡΑΡᾹΞ
2327 312 2374 371 l.

3634 309 3748 367 904

333 445 571 501 crotalia
600 444 756 501 sedis
802 442 1133 516 apostolicae
1164 444 1483 499 constituta
1526 442 1678 499 inter
1723 448 1977 499 canones
1996 428 2060 511 *Α
2089 440 2279 499 exitus
2301 439 2776 514 judicamus,qui
2798 443 3018 514 quanto
3034 436 3255 515 gradus
3279 443 3425 497 sunt
3449 436 3751 513 praecipui,

333 533 711 590 conciliorum
745 532 1030 603 immista,
1064 547 1199 589 cum
1243 531 1442 588 omnia
1489 532 1549 587 in
1598 548 1717 587 uno
1744 548 1983 604 corpore

333 618 731 694 compaginari
779 636 893 676 non
944 622 1192 693 possint,
1225 626 1282 677 et
1310 620 1410 676 illa
1440 620 1523 676 eis
1554 620 1826 677 intersint
1855 636 1982 692 quae

330 710 673 765 firmitatem
712 709 807 765 his
838 725 965 783 qua
995 710 1210 765 desunt
1247 713 1304 766 et
1329 709 1587 783 vigorem
1627 726 1800 765 suum
1833 708 1982 764 assi-

330 802 531 872 gnant.
558 796 885 855 Praesertim
919 814 1052 853 cum
1093 797 1397 871 synodalia
1438 803 1623 875 gesta,
1656 798 1807 853 inter
1856 813 1981 869 qua:

330 887 441 959 ipsi
473 903 727 944 canones
757 887 961 943 statuti
1010 892 1167 955 sunt,
1202 887 1261 942 in
1295 886 1491 943 codice
1540 903 1831 942 canonum
1864 900 1981 941 non

330 975 678 1042 habeantur,
702 977 802 1031 sed
836 993 871 1032 a
899 976 1070 1032 nobis
1100 975 1260 1031 omni
1290 976 1449 1031 cultu
1482 975 1676 1031 debito
1708 990 1981 1030 veneren-

331 1069 447 1120 tur.
473 1066 765 1120 Consonat
802 1068 998 1120 autem
1041 1063 1180 1120 huic
1218 1062 1558 1120 beatissimo
1599 1078 1758 1136 papae
1806 1062 1982 1119 Leoni

333 1157 574 1210 sanctus
595 1159 650 1208 et
680 1152 1139 1209 facundissimus
1168 1153 1228 1207 in
1261 1151 1517 1208 Decretis
1539 1151 1664 1207 suis
1695 1167 1845 1223 papa
1873 1151 1982 1207 Ge-

332 1241 537 1309 lasius,
562 1241 643 1296 ita
672 1241 943 1313 inquiens
982 1240 1063 1313 (in
1112 1242 1333 1316 synodo
1374 1240 1654 1308 Romana,
1678 1240 1742 1295 de
1768 1241 1983 1312 scriptis

330 1331 579 1403 canora):
609 1329 935 1386 Decretales
963 1328 1260 1402 epistolas,
1286 1346 1435 1402 quas
1465 1328 1789 1385 beatissimi
1818 1345 1981 1401 papa:

331 1419 579 1475 diversis
608 1417 973 1490 temporibus
1002 1418 1074 1474 de
1104 1420 1247 1474 urbe
1279 1418 1465 1474 Roma
1494 1434 1598 1491 pro
1618 1417 1981 1473 diversorum

332 1508 567 1564 Patrum
588 1506 1018 1563 consultatione
1046 1508 1353 1576 dederunt,
1377 1505 1786 1563 venerabiliter
1803 1505 1983 1562 susci-

332 1596 576 1669 piendas
618 1596 1010 1651 decernimus.
1044 1596 1103 1651 In
1158 1613 1272 1668 quo
1323 1596 1645 1652 notandum
1678 1595 1818 1668 quia
1864 1608 1980 1651 non

330 1684 478 1740 dixit
494 1684 813 1741 decretales
835 1683 1119 1757 epistolas
1140 1700 1266 1756 qua:
1299 1685 1451 1740 inter
1471 1699 1727 1739 canones
1754 1682 1979 1739 haben-

332 1778 447 1841 tur,
472 1788 575 1829 nec
598 1777 849 1839 tantum,
865 1789 1012 1844 quas
1038 1773 1303 1829 moderni
1326 1773 1631 1846 pontiﬁces
1651 1771 1977 1838 ediderunt,

332 1862 433 1918 sed
462 1877 611 1933 quas
652 1862 977 1917 beatissimi
1029 1876 1189 1934 papae
1222 1861 1467 1917 diversis
1514 1860 1875 1932 temporibus
1907 1859 1980 1915 ab

332 1951 475 2006 urbe
500 1951 684 2006 Roma
713 1950 1021 2006 dederunt.
1042 1950 1222 2006 Dictis
1252 1953 1446 2005 autem
1478 1949 1723 2004 diversis
1748 1952 1979 2020 tempo-

332 2040 518 2106 ribus,
540 2040 719 2094 etiam
750 2038 851 2093 illa
874 2043 1140 2111 tempora
1157 2039 1247 2093 vir
1276 2042 1515 2094 sanctus
1543 2036 1982 2110 comprehendit

330 2140 480 2199 quae,
513 2128 1015 2183 crebrescentibus
1056 2142 1416 2199 paganorum
1455 2126 1977 2198 persecutiooibus,

332 2217 405 2270 ad
439 2216 636 2271 sedem
670 2214 1049 2287 apostolicam
1082 2215 1291 2271 deferri
1334 2232 1542 2272 causas
1573 2214 1977 2289 episcoporum

333 2303 681 2359 difficillime
710 2304 1144 2375 permittebant.

404 2393 506 2448 His
553 2392 636 2447 ita
663 2392 859 2447 divina
908 2392 1131 2448 favente
1177 2392 1369 2465 gratia
1418 2391 1750 2465 praelibatis.
1783 2397 1976 2448 osten-

324 2482 531 2538 dimus
559 2480 783 2537 nullam
814 2480 1201 2537 differentiam
1244 2496 1374 2537 esse
1421 2481 1576 2537 inter
1632 2499 1699 2538 ea
1749 2482 1980 2537 decreta

322 2584 462 2643 quae
493 2571 551 2625 in
583 2569 779 2626 codice
809 2585 1100 2626 canonum
1141 2569 1434 2625 habentur
1464 2570 1620 2626 sedis
1650 2568 1978 2642 apostolicae

328 2659 744 2732 prtesulum,et
771 2675 837 2714 ea
876 2675 1005 2725 quae
1046 2673 1161 2730 prae
1190 2659 1568 2714 multitudine
1604 2659 1697 2715 vix
1726 2676 1830 2732 per
1859 2659 1976 2714 sin-

320 2748 471 2821 gula
497 2746 863 2803 voluminum
903 2762 1147 2820 corpora
1177 2747 1564 2820 reperiuntur,
1600 2764 1733 2803 cum
1783 2747 1982 2803 omnia

330 2841 389 2893 et
410 2836 674 2892 omnium
697 2836 1070 2892 deeessorum
1096 2852 1337 2892 suorum
1362 2836 1674 2893 decretalis
1695 2836 1979 2893 constitu-

326 2930 601 2997 ta,atque
620 2923 937 2981 decretales
966 2924 1426 2997 epistolas,quas
1460 2925 1779 2981 beatissimi
1816 2940 1977 2998 papae

330 3013 578 3070 diversis
606 3014 972 3086 temporibus
1002 3015 1074 3070 ab
1100 3014 1243 3069 urbe
1276 3013 1458 3070 Roma
1487 3014 1978 3078 dederunt,vene-

2011 1808 2056 1878 Β

2091 535 2148 587 et
2189 530 2250 586 in
2298 529 2555 586 Ecclesia
2585 529 2798 586 Christi
2848 528 3243 598 sublimiores,
3276 532 3469 598 tanto,
3494 546 3636 584 cum
3688 526 3754 585 de

2090 619 2304 675 horum
2339 623 2496 675 statu
2528 618 2617 673 vel
2650 634 2789 675 casu
2820 620 3031 691 agitur,
3056 620 3280 691 majora
3300 618 3544 691 negotia
3566 620 3627 673 et
3647 616 3757 672 dil-

2094 706 2365 764 ficiliores
2386 723 2697 763 causarum
2720 708 2909 764 exitus
2932 705 3141 780 agitari
3162 706 3247 763 vel
3272 704 3482 763 haberi
3503 706 3760 763 credua-

2091 800 2205 852 tur.
2228 796 2343 869 Ipsi
2375 796 2591 869 quippe
2635 795 2810 868 primi
2842 793 2902 851 in
2932 795 3206 866 Ecclesia,
3236 795 3348 868 ipsi
3393 795 3758 852 arundinem

2093 889 2375 953 tenentes,
2392 884 2716 940 metiuntur
2735 887 2998 940 sanctam
3014 883 3339 941 Jerusalem
3351 926 3365 950 ,
3381 884 3498 957 ipsi
3521 881 3758 939 fabrica

2093 972 2193 1028 Dei
2215 977 2495 1046 praesunt,
2515 973 2627 1045 ipsi
2647 970 3040 1045 speculatores
3057 972 3304 1029 civitatis
3324 974 3430 1029 Dei
3452 977 3624 1036 sunt,
3645 970 3758 1045 ipsi

2093 1060 2321 1129 arietes,
2346 1061 2455 1134 ipsi
2488 1066 2752 1134 pastores
2772 1062 2966 1133 gregis
2988 1060 3294 1128 Dominici,
3318 1062 3435 1136 ipsi
3458 1060 3755 1117 columnae

2092 1151 2303 1206 domus
2344 1150 2560 1207 summi
2608 1150 2761 1223 regis
2792 1147 3065 1205 existunt.
3096 1153 3181 1206 An
3232 1152 3463 1225 majora
3516 1149 3757 1224 negotia

2091 1255 2299 1295 causas
2327 1238 2671 1295 inferiorum
2702 1238 3044 1295 clericorum
3076 1252 3204 1296 esse
3232 1239 3637 1313 conjicitis,ut
3661 1239 3757 1295 ho-

2092 1344 2221 1383 rum
2254 1342 2462 1384 causas
2510 1326 2700 1398 nobis,
2734 1332 2791 1383 et
2820 1327 3225 1400 episcoporum
3282 1329 3454 1385 vobis
3518 1326 3757 1402 negotia

2089 1414 2403 1472 tribuatis?
2433 1416 2706 1483 Quamvis
2736 1420 2793 1471 et
2822 1404 3112 1472 inferioris
3142 1417 3361 1491 gradus
3394 1416 3753 1473 clericorum

2091 1520 2300 1561 causas
2330 1506 2487 1578 apud
2512 1521 2639 1572 nos,
2664 1521 2799 1561 cum
2829 1509 3063 1578 tempus
3092 1505 3177 1562 vel
3209 1508 3301 1562 re‘s
3322 1504 3755 1578 exégerit,'e'sse

2092 1594 2398 1661 finiendas,
2421 1610 2453 1650 e
2483 1593 2709 1650 diverso
2749 1593 2949 1667 procul
2982 1593 3157 1650 dubio
3188 1593 3570 1669 colligamus,
3605 1594 3755 1651 sicut

2090 1681 2295 1737 beatus
2318 1698 2469 1755 papa
2489 1682 2630 1738 dicit
2652 1682 3029 1738 Innocentius
3052 1683 3227 1755 (epist.
3262 1684 3333 1738 ad
3365 1684 3750 1755 Yiclricium]:

2089 1770 2148 1826 Si
2182 1784 2309 1842 quae
2339 1774 2532 1826 autem
2564 1786 2753 1826 causa:
2772 1770 2861 1825 vel
2887 1771 3286 1827 contentiones
3318 1771 3475 1827 inter
3505 1771 3753 1828 clericos
3856 1786 3857 1801 ‘

2087 1863 2207 1913 tam
2232 1860 2550 1931 superioris
2566 1858 2791 1914 ordinis
2808 1874 2987 1931 quam
3010 1858 3303 1916 inferioris
3322 1862 3508 1916 etiam
3537 1861 3753 1917 fuerint
3856 1854 3857 1919 l

2087 1950 2315 2016 exorta,
2330 1952 2395 2002 ut
2412 1949 2732 2003 secundum
2752 1948 3040 2020 synodum
3055 1945 3349 2004 Nicaanam
3370 1951 3751 2023 congregatis

2086 2036 2351 2105 ejusdem
2382 2036 2690 2109 provinciae
2718 2037 3006 2110 episcopis
3046 2038 3314 2110 jurgium
3354 2037 3750 2105 terminatur;

2086 2139 2192 2179 nec
2218 2123 2389 2179 alicui
2432 2123 2621 2191 liccat,
2656 2125 2781 2180 sine
2828 2125 3165 2197 prejudicio
3214 2129 3415 2181 tamen
3466 2126 3750 2183 Romana:

2088 2211 2373 2281 Ecclesiae,
2392 2212 2608 2268 relictis
2629 2213 2723 2268 his
2752 2213 3152 2269 sacerdotibus
3171 2213 3271 2287 qui
3302 2214 3363 2269 in
3386 2214 3607 2271 eadem
3630 2234 3753 2290 pro-

2084 2300 2276 2356 vincia
2296 2301 2395 2356 Dei
2419 2300 2736 2358 Ecelesiam
2755 2306 2900 2357 nutu
2924 2301 3118 2358 divino
3139 2303 3586 2375 gubernant,ad
3610 2304 3749 2363 alias

2086 2388 2390 2445 convolare
2415 2389 2761 2462 provincias.
2786 2392 2872 2445 An
2897 2391 3122 2462 majora
3143 2392 3376 2465 negotia
3399 2393 3749 2466 metropoli-

2085 2482 2361 2533 tanorum
2392 2482 2623 2533 tantum
2653 2494 2783 2535 esse
2826 2479 3129 2534 fatemini?
3159 2480 3270 2535 Sed
3302 2480 3510 2536 audite
3542 2500 3747 2538 rursus

2088 2566 2227 2638 quid
2262 2566 2332 2621 de
2376 2566 2663 2639 episcopis
2716 2572 2956 2623 sanctus
3003 2572 3294 2624 asseveret
3334 2570 3473 2625 Leo.
3497 2571 3745 2637 Quibus,

2085 2654 2378 2726 inquiens,
2403 2655 2511 2711 etsi
2566 2656 2821 2729 dignitas
2852 2658 3184 2714 communis
3214 2661 3323 2725 est,
3348 2659 3498 2714 ordo
3548 2664 3746 2715 tamen

2086 2742 2376 2816 generalis
2406 2748 2513 2812 est,
2542 2749 2599 2800 et
2636 2759 2832 2800 revera
2862 2756 3016 2801 anus
3057 2745 3127 2801 de
3186 2751 3409 2819 septem
3476 2746 3745 2803 Ecclesiae

2082 2832 2366 2905 gradibus
2396 2836 2504 2898 est,
2541 2832 3121 2906 metropolitanorum
3154 2833 3377 2890 scilicet
3405 2840 3467 2891 et
3500 2835 3747 2909 reliquo-

2088 2938 2219 2976 rum
2236 2921 2643 2993 episcuporum
2662 2923 3063 2994 ordo.thuod
3079 2923 3219 2979 dicit
3230 2923 3744 2998 Apostolus,opor-

2084 3014 2169 3065 tet
2197 3009 2536 3082 episcopum
2596 3009 3164 3082 irreprehensibilem
3222 3016 3372 3078 esse,
3406 3030 3530 3068 non
3583 3014 3744 3070 video

330 3102 595 3158 rabiliter
619 3118 746 3157 esse
775 3102 1180 3174 suscipiendas
1210 3106 1266 3158 et
1295 3102 1707 3158 custodiendas
1736 3102 1979 3158 eximios
2087 3098 2287 3154 minus
2307 3098 2772 3171 metropolitanis
2793 3115 2970 3171 quam
2995 3099 3214 3155 caeteris
3230 3101 3529 3173 episcopis
3547 3119 3747 3158 conve-

333 3190 634 3264 przesules,
658 3190 910 3246 Leonem
941 3190 1163 3245 scilicet
1206 3194 1264 3245 et
1309 3189 1627 3260 Gelasium,
1664 3192 1977 3248 mandasse
2006 3175 2048 3241 C
2090 3187 2233 3243 nire.
2254 3186 2373 3244 Nisi
2399 3188 2543 3243 forte
2565 3187 2899 3260 episcopatu
2923 3203 2985 3243 se
3016 3188 3199 3260 privet
3219 3190 3497 3262 quisquis
3527 3196 3743 3247 metro-

334 3278 730 3352 probavimus.
751 3277 1026 3345 Quamvis
1048 3278 1235 3333 ethoc
1255 3277 1409 3349 quod
1442 3294 1594 3352 saepe
1624 3294 1979 3336 commemo-

332 3372 497 3423 mtus
546 3368 608 3422 B.
636 3368 769 3434 Leo,
804 3364 1135 3438 apostolicae
1185 3366 1340 3422 sedis
1392 3367 1659 3437 antistes,
1706 3370 1776 3423 ad
1826 3371 1979 3423 Ana-

333 3458 583 3512 stasium
614 3454 1199 3510 Thessalonicensem
1236 3455 1734 3529 archiepiscopum
1778 3457 1982 3513 scribit

330 3544 513 3615 (epist.
537 3543 1061 3614 82),quorumdam
1101 3548 1425 3600 vestrorum
1468 3546 1977 3619 praesumptionem

334 3632 742 3704 potentissime
773 3628 923 3697 ferit,
954 3637 1010 3686 et
1052 3634 1205 3703 quod
1253 3632 1393 3688 talia
1437 3636 1669 3707 negotia
1698 3636 1865 3692 nobis
1890 3636 1981 3690 in-

335 3716 621 3774 consultis
667 3717 925 3773 difﬂnire
973 3719 1213 3776 minime
1243 3721 1521 3789 debeatis,
1545 3723 1853 3779 manifeste
1883 3726 1982 3780 de-

336 3808 587 3863 nuntiat.
615 3806 712 3861 Ait
735 3807 892 3863 enim
918 3826 931 3863 :
959 3808 1103 3863 Nam
1125 3825 1259 3864 cum
1294 3811 1518 3883 majora
1544 3812 1777 3885 negotia
1799 3816 1855 3868 et
1874 3812 1982 3867 dif-

334 3894 606 3952 ficiliores
640 3912 957 3952 causarum
989 3896 1176 3953 exitus
1223 3897 1474 3955 liberum
1521 3900 1627 3956 tibi
1673 3904 1827 3957 esset
1874 3901 1983 3956 sub

334 3989 546 4041 nostrae
564 3985 864 4041 sententias
883 3987 1311 4058 exspectatione
1325 3990 1699 4060 suspendere,
1716 4006 1819 4045 nec
1836 3990 1983 4045 ratio

334 4070 461 4143 tibi,
487 4086 592 4129 nec
623 4073 943 4131 necessitas
965 4073 1092 4141 fuit,
1112 4076 1172 4131 in
1193 4076 1251 4132 id
1282 4078 1436 4150 quod
1460 4092 1797 4134 mensuram
1821 4083 1981 4134 tuam

332 4163 634 4219 excederet
678 4163 971 4220 deviandi.
1003 4162 1073 4219 Et
1111 4163 1250 4221 item
1281 4166 1551 4239 deinceps
1588 4184 1601 4222 :
1637 4162 1982 4234 Praesertim,

333 4248 547 4323 inquit,
578 4267 714 4306 eum
763 4252 995 4308 etiamsi
1028 4253 1167 4326 quid
1211 4254 1326 4311 tale
1374 4255 1595 4328 aliquid
1641 4259 1982 4326 mereretur,

333 4341 789 4412 exspectandum
808 4340 912 4397 tibi
936 4342 1109 4398 fuerit
1124 4344 1266 4416 quid
1288 4345 1355 4399 ad
1378 4348 1481 4399 tua
1499 4344 1765 4401 consulta
1785 4345 1988 4401 rescri-

332 4429 551 4487 berem.
574 4430 641 4486 Et
671 4429 846 4502 paulo
870 4435 1003 4503 post
1032 4431 1180 4488 :Sed
1214 4432 1444 4488 etiamsi
1470 4433 1610 4503 quid
1640 4449 1813 4505 grave
1842 4434 1988 4489 into-

332 4516 759 4592 lerandumque
790 4518 1203 4587 committeret,
1224 4524 1426 4576 nostra
1447 4524 1572 4574 erat
1601 4523 1986 4593 exspectanda
2014 4541 2062 4606 Β

333 4620 603 4673 censura,
626 4610 691 4661 ut
723 4607 869 4663 nihil
899 4622 1028 4664 esse
1059 4607 1223 4679 prius
1259 4607 1601 4663 decerneres
1635 4623 1811 4679 quam
1843 4610 1985 4683 quid

333 4692 503 4750 nobis
524 4694 777 4766 placeret
805 4710 1173 4768 agnosceres.
1197 4693 1358 4757 Quod
1385 4710 1493 4750 nos
1518 4710 1750 4767 quoque
1771 4698 1842 4752 de
1872 4698 1983 4755 Ro-

332 4781 510 4838 thado
538 4783 703 4840 vobis
753 4800 869 4840 non
900 4780 1360 4839 irrationabilius
1410 4781 1599 4839 dicere
1646 4800 1981 4857 possumus,

333 4870 473 4943 quia
501 4872 644 4927 dum
688 4876 815 4927 octo
864 4871 981 4926 fere
1011 4885 1197 4925 annos
1225 4869 1661 4936 ventilaveritis,
1687 4889 1793 4929 nec
1838 4875 1983 4932 ratio

330 4957 496 5015 vobis
528 4974 637 5015 nec
670 4959 985 5015 necessitas
1016 4957 1127 5012 luit
1155 4958 1214 5012 in
1244 4956 1302 5013 id
1332 4960 1486 5032 quod
1520 4974 1857 5019 mensuram
1886 4981 1982 5021 ve-

332 5051 513 5103 stram
547 5048 851 5103 excederet
889 5046 1180 5101 deviandi.
1206 5046 1317 5103 Sed
1361 5048 1594 5104 etiamsi
1623 5051 1763 5124 quid
1811 5067 1984 5125 grave

331 5134 886 5206 intolerandumque
934 5134 1347 5205 committeret,
1395 5142 1596 5195 nostra
1641 5144 1764 5196 erat
1810 5154 1981 5215 expe-

330 5222 542 5278 ctanda
567 5236 837 5286 censura,
868 5225 935 5276 ut
983 5218 1125 5276 nihil
1174 5222 1338 5293 prius
1387 5225 1773 5291 decerneretis
1802 5242 1979 5302 quam

331 5310 471 5382 quid
496 5305 669 5363 nobis
691 5306 943 5375 placeret
963 5313 1372 5381 agnosceretis.
1394 5312 1504 5371 Sed
1535 5317 1734 5375 dicitis
1754 5319 1982 5392 judicia

328 5396 739 5468 episcoporum
762 5410 876 5449 non
899 5411 1027 5453 esse
1049 5398 1269 5471 majora
1291 5402 1541 5477 negotia,
1565 5418 1671 5461 nec
1693 5407 1976 5463 difﬁcilio-

328 5494 421 5539 res
452 5488 770 5536 causarum
802 5483 1011 5541 exitus.
1041 5490 1114 5543 At
1144 5505 1250 5546 nos
1280 5490 1491 5548 horum
1523 5494 1727 5550 merito
1750 5494 1980 5567 judicia

2086 3275 2478 3349 politanorum
2505 3275 2575 3331 ad
2601 3293 2661 3332 se
2682 3276 2791 3331 hoc
2811 3276 3071 3349 Apostoli
3094 3279 3316 3333 dictum
3340 3295 3463 3334 non
3498 3281 3743 3336 aestimet

2088 3364 2398 3438 pertinere.
2422 3363 2585 3421 Unde
2617 3381 2723 3421 nos
2753 3381 2871 3421 non
2918 3366 3161 3423 minoris
3196 3368 3426 3422 numeri
3460 3384 3573 3425 nec
3606 3367 3739 3425 alte-

2088 3453 2212 3509 rius
2243 3454 2408 3509 fama
2438 3458 2828 3522 accusatores,
2858 3458 3035 3511 testes
3055 3455 3142 3511 vel
3164 3455 3398 3527 judiees
3420 3456 3742 3530 quaerimus

2088 3542 2149 3597 in
2180 3543 2430 3615 negotiis
2459 3542 2889 3615 episcoporum,
2923 3560 3101 3617 quam
3133 3542 3425 3618 exigimus
3458 3545 3523 3601 in
3555 3547 3743 3603 causis

2091 3630 2695 3704 metropolitanorum.
2714 3631 2874 3687 Unde
2895 3636 3015 3688 tam
3035 3631 3266 3688 illorum
3290 3640 3473 3705 quam
3500 3635 3741 3691 istorum

2091 3719 2455 3793 negotiorum
2475 3720 2645 3776 nobis
2664 3721 2851 3777 exitus
2874 3720 3151 3776 reservari
3171 3722 3383 3777 merito
3398 3721 3680 3779 volumus
3695 3728 3747 3779 et

2083 3809 2218 3880 jure
2237 3809 2623 3865 decrevimus.
2643 3810 2847 3865 Totius
2868 3810 3023 3865 enim
3044 3809 3332 3877 Ecclesiae,
3350 3814 3468 3867 Deo
3491 3817 3742 3878 auctore,

2091 3896 2435 3969 generaliter
2465 3897 2925 3954 sollicitudinem
2957 3898 3238 3971 gerimus,
3262 3903 3321 3954 et
3342 3900 3616 3956 omnium
3648 3901 3747 3955 uti-

2093 4003 2206 4058 que
2229 3986 2328 4059 qui
2346 3985 2662 4043 Ecclesiam
2681 3986 2904 4043 faciunt
2919 4002 3059 4043 cura
3076 3988 3562 4062 constringimur,
3577 3992 3744 4060 atque

2092 4074 2358 4131 omnium
2386 4092 2636 4148 quorum
2668 4090 2777 4132 nos
2821 4075 3077 4131 maxima
3105 4093 3245 4132 cura
3294 4082 3612 4151 exspectat,
3648 4094 3744 4133 no.

2091 4168 2281 4221 strum
2315 4164 2604 4238 prmcipue
2635 4165 2848 4220 debent
2888 4164 3204 4237 promereri
3245 4164 3567 4237 judicium,
3598 4166 3743 4222 sicut

2093 4252 2467 4309 Innocentius
2500 4253 2572 4309 ad
2596 4252 2991 4309 Alexandrum
3024 4254 3289 4310 scribens
3317 4252 3741 4311 Antibchenum

2092 4343 2269 4413 (epist.
2301 4342 2417 4413 20),
2449 4350 2562 4397 non
2606 4340 2828 4398 scilicet
2884 4341 3076 4398 solum
3134 4343 3739 4416 metropolitanorum,

2094 4430 2196 4487 sed
2228 4434 2285 4486 et
2316 4431 2581 4487 omnium
2614 4431 2853 4486 omnino
2892 4422 3281 4500 sacerdotum,
3315 4431 3583 4504 quinimo
3615 4433 3741 4487 uni-

2092 4534 2392 4575 versorum
2424 4519 2524 4592 qui
2570 4532 2633 4575 se
2661 4519 2732 4576 de
2762 4518 2965 4575 ovibus
3016 4519 3418 4594 principaliter
3464 4519 3741 4577 divinitus

2095 4606 2259 4664 Petro
2290 4608 2713 4664 commendatis
2745 4620 2873 4665 esse
2918 4626 3033 4665 non
3066 4608 3337 4665 nesciunt
3368 4627 3382 4664 :
3418 4607 3476 4665 id
3509 4612 3598 4666 est
3631 4628 3739 4665 non

2093 4696 2284 4752 solum
2316 4701 2660 4752 cunctorum
2694 4697 2794 4770 qui
2846 4696 2916 4753 de
2946 4697 3182 4753 illorum
3234 4714 3479 4753 numero
3506 4702 3645 4754 sunt
3675 4698 3740 4753 de

2094 4784 2309 4857 quibus
2332 4784 2617 4842 Dominus
2638 4785 2887 4859 principi
2911 4784 3311 4859 apostolorum
3333 4786 3479 4842 dixit
3502 4804 3516 4841 :
3544 4788 3617 4842 Tu
3636 4786 3738 4842 ali-

2091 4873 2307 4947 quando
2350 4884 2636 4931 conversus
2682 4874 2944 4946 conﬁrma
2990 4876 3194 4947 fratres
3249 4879 3367 4931 tuos
3398 4876 3548 4947 (Luc.
3581 4879 3735 4945 xxn),

2092 4963 2192 5018 sed
2226 4965 2401 5020 etiam
2435 4964 2533 5038 qui
2566 4964 2636 5020 de
2667 4962 2762 5019 his
2802 4964 3061 5036 piscibus
3093 4967 3254 5031 sunt,
3284 4964 3385 5036 qui
3416 4963 3572 5018 intra
3600 4966 3736 5033 rete,

2091 5053 2247 5123 quod
2271 5054 2342 5109 ab
2370 5054 2496 5126 ipso
2520 5054 2593 5109 ad
2622 5051 2790 5108 littus
2811 5051 2963 5107 trahi
2986 5051 3315 5125 specialiter
3335 5053 3599 5124 jussum,
3615 5068 3735 5107 esse

2093 5155 2155 5195 se
2188 5146 2634 5215 rocognoscunt.
2666 5141 2871 5197 Adhuc
2909 5147 3106 5197 tamen
3151 5139 3478 5214 percontari
3508 5140 3736 5214 propter

2092 5229 2483 5285 contentiosos
2508 5230 2648 5287 libet
2672 5234 2942 5302 quaenam
2956 5229 3205 5302 judicia,
3221 5226 3308 5285 vel
3330 5246 3583 5302 quorum
3614 5242 3735 5286 esse

2091 5318 2313 5388 majora
2345 5320 2580 5391 negotia
2627 5317 2974 5391 praedicatis,
2999 5316 3047 5373 s'i
3080 5314 3491 5391 episcop0rum
3532 5320 3732 5373 eausa:

2090 5420 2203 5460 non
2218 5404 2370 5461 inter
2384 5407 3060 5479 praecipuacomputatus
3077 5405 3335 5480 negotia?
3351 5407 3439 5461 An
3455 5405 3728 5462 laic'oruin

2087 5491 2483 5565 etvulgarium
2501 5494 2849 5567 pepulerum
2861 5494 3087 5566 judicia
3101 5495 3253 5551 inter
3267 5497 3495 5568 majora
3511 5492 3730 5570 negotia

328 5569 557 5640 majora
604 5568 841 5638 negotia
868 5571 1141 5650 dicimus,
1173 5582 1231 5637 et
1278 5572 1633 5639 difficiliores
1664 5592 1977 5643 causarum
2086 5580 2325 5658 ponitis,
2350 5598 2498 5660 quos
2527 5598 2675 5661 pene
2706 5584 2961 5662 quotidie
2991 5600 3125 5644 cum
3156 5584 3366 5643 vestris
3396 5589 3457 5645 et
3484 5568 3612 5648 sine
3640 5602 3726 5644 va-
