3898 6212
104 373 213 451 905,

1295 370 1697 467 EPISTOL/E
1737 370 1837 433 ET
1881 372 2266 465 DECaE'rA.

3364 377 3484 439 906

103 504 227 559 stris
246 508 299 558 et
318 503 440 557 sine
460 502 667 559 vestris
693 502 957 576 epistolis
979 504 1051 557 ad
1069 503 1468 559 discutiendos
1491 504 1719 575 etjudi-
1750 506 1807 577 Α
1837 504 2154 575 plurimum
2175 509 2566 574 commendat,
2586 525 2783 563 verum
2806 508 2978 565 etiam
3002 526 3120 564 rem
3140 510 3209 564 de
3228 526 3342 581 qua
3365 510 3483 582 agi-

102 593 299 649 candos
329 591 703 663 suscipimus,
736 594 791 646 et
821 591 1141 656 discussos,
1174 592 1260 646 vel
1287 593 1604 663 judicatus,
1640 593 1727 647 vel

102 679 378 737 absolutos
398 677 782 734 dimittimus?
796 680 1055 752 Denique
1077 686 1176 735 aut
1193 682 1558 736 smcularium
1573 682 1730 753 judi-

102 773 179 835 cia
200 772 339 825 inter
364 770 673 841 majora,et
698 769 1107 842 episcoporum
1130 769 1280 825 inter
1303 770 1529 825 minora
1561 787 1731 843 nego-

102 862 171 916 tia
198 857 566 925 collocabitis,
599 862 657 913 et
686 858 850 914 vobis
880 859 1309 931 episcoporum,
1345 859 1514 915 nobis
1546 858 1727 915 laico-

102 967 215 1006 rum
237 946 451 1018 judicia
484 946 851 1002 reservabitis
874 964 884 1000 :
908 952 1008 1002 aut
1040 952 1216 1014 certe,
1239 949 1285 1001 si
1320 948 1724 1020 episcoporum

94 1022 298 1111 judicia
327 1039 464 1091 sunt
486 1035 710 1105 majora
740 1036 989 1107 negotia,
1008 1037 1179 1106 quta
1203 1036 1453 1091 Leonem
1476 1035 1725 1091 liberum

100 1126 244 1182 vobis
270 1140 391 1179 esse
421 1122 621 1178 debuit
650 1122 770 1177 haec
802 1123 910 1178 sub
942 1128 1152 1178 nostrae
1184 1123 1483 1179 sententia)
1524 1139 1728 1195 exspe-

102 1215 327 1270 ctatione
359 1211 750 1284 suspendere;
786 1216 888 1267 aut
916 1210 967 1268 si
1000 1228 1247 1284 persona
1268 1212 1574 1282 judicandi
1615 1211 1727 1267 tale

102 1303 299 1377 aliquid
332 1306 668 1366 mereretur,
700 1301 1155 1374 exspectandum
1182 1301 1345 1356 vobis
1376 1302 1561 1355 fuerat
1584 1299 1723 1371 quid

100 1396 162 1450 ad
185 1397 361 1448 vestra
391 1388 660 1446 consulta
681 1390 1081 1445 rescriberem.
1097 1390 1433 1445 Absurdum
1458 1394 1545 1445 est
1567 1389 1725 1444 enim

101 1465 159 1540 ut.
180 1480 345 1538 laicos
373 1494 636 1551 quosque
666 1482 724 1533 et
754 1478 1032 1533 minimos
1061 1479 1161 1550 qui
1193 1483 1331 1534 sunt
1361 1478 1421 1533 in
1469 1476 1727 1533 ecclesiis

97 1571 302 1637 vestris,
328 1572 523 1623 nostro
548 1567 1183 1639 mittatisjudicandos,
1206 1571 1263 1622 et
1284 1566 1510 1622 addatis
1534 1565 1727 1639 quoti-

97 1662 250 1717 diano
279 1656 493 1724 labori;
527 1660 585 1711 et
623 1656 1051 1728 episcoporum,
1081 1657 1179 1729 qui
1216 1657 1503 1729 praecipua
1536 1654 1726 1710 Eccle-

95 1750 181 1806 size
219 1746 474 1802 membra
518 1749 675 1812 sunt,
725 1750 926 1801 vestra:
977 1746 1245 1802 subdatis
1292 1744 1727 1801 deliberationis

94 1836 330 1893 arbitria.

1836 599 1932 647 tur
1954 593 2009 647 in
2037 594 2236 665 paucis
2261 595 2469 650 nstruit
2492 603 2545 651 et
2570 598 3018 662 ostendit,nobis
3040 598 3299 653 videlicet
3322 598 3482 652 brevi

1835 698 2109 737 sermone
2140 684 2459 755 propinans
2491 686 2645 757 quod
2678 687 2747 741 dc
2779 687 3095 741 multorum
3120 686 3486 742 voluminum

1836 770 2103 827 fontibus
2137 772 2353 827 hausit.
2387 773 2658 829 Scribens
2691 775 2844 829 enim
2892 775 3179 847 episcopis
3213 792 3314 846 per
3346 781 3487 830 Dar-

1842 858 2078 915 daniam
2122 862 2477 928 constitutis,
2530 862 2682 918 inter
2731 868 2934 919 cmtcra
2980 866 3156 935 (epist.
3193 864 3278 934 11)
3315 880 3327 918 :
3375 864 3490 919 Nec

1836 947 2029 1019 plane,
2044 949 2441 1019 ait,tacemus,
2460 953 2613 1023 quod
2646 958 2857 1007 cuncta
2887 970 2989 1024 per
3018 953 3307 1006 mundum
3332 950 3489 1007 novit

1834 1037 2109 1103 Ecclesia,
2127 1040 2403 1111 quoniam
2422 1040 2816 1111 quorumlidet
2835 1040 3139 1096 sententiis
3157 1039 3334 1112 ligata
3350 1058 3490 1113 pon-

1835 1125 2062 1181 tificum
2096 1128 2261 1182 sedes
2295 1128 2443 1183 beati
2473 1129 2620 1183 Petri
2647 1128 3014 1200 apostolijus
3045 1128 3257 1184 habeat
3304 1127 3485 1184 resol-

1833 1213 2024 1280 vendi,
2063 1219 2263 1286 utpote
2286 1234 2411 1287 qua:
2436 1217 2506 1270 de
2529 1217 2684 1271 omni
2710 1217 2965 1273 Ecclesia
2986 1218 3073 1273 fas
3097 1217 3308 1273 habeat
3328 1218 3487 1289 judi-

1835 1301 2026 1357 candi.
2048 1307 2185 1358 Item
2203 1305 2273 1359 ad
2297 1305 2601 1378 episcopos
2624 1305 2962 1373 Orientales,
2979 1312 3110 1378 post
3130 1307 3484 1379 quingentos

1836 1388 2046 1461 inquit,
2063 1408 2249 1448 annos
2273 1394 2593 1449 constituta
2606 1393 2815 1449 Christi
2844 1412 2942 1451 eos
2963 1394 3104 1451 velle
3128 1396 3489 1466 subvertere,

1835 1494 1969 1533 cum
1991 1479 2231 1552 triginta
2263 1498 2549 1537 annorum
2580 1481 2671 1537 lex
2701 1483 3009 1538 horminum
3033 1501 3146 1539 non
3171 1484 3355 1557 possit
3375 1486 3482 1541 ab-

1835 1568 2338 1639 rumpi,sanctum
2359 1570 2743 1627 Athanasium
2775 1572 2904 1628 ideo
2938 1590 3052 1628 non
3084 1574 3426 1629 damnatum
3450 1592 3486 1630 a

1835 1658 2056 1728 synodo
2080 1657 2353 1728 Orientis,
2372 1660 2510 1731 quia
2531 1662 2699 1716 sedes
2722 1662 2835 1716 ista
2858 1680 2972 1717 non
2998 1662 3375 1731 consenserit,
3394 1662 3483 1719 vel

1835 1750 2105 1800 sanctum
2136 1746 2424 1803 Joannem
2456 1748 3188 1821 Constantinopolitanum,
3206 1749 3292 1806 vel
3315 1768 3483 1807 sanc-

1834 1837 1960 1888 tum
1992 1835 2347 1890 Flavianum.
2365 1837 2423 1892 Si
2446 1854 2581 1909 ergo
2604 1838 2713 1893 hac
2735 1856 2850 1893 non
2874 1840 3269 1895 sonsentiente
3294 1839 3484 1907 sola,ii

155 1887 329 1892 _____"_
1894 1887 1897 1888 ν
1952 1887 2008 1889 ,_
2368 1887 2423 1892 τ-
2452 1887 2576 1909 --ορ
2605 1887 2710 1893 --η
2737 1887 2850 1893 ---η
2874 1887 3268 1895 summu---"
3294 1887 3484 1907 πων-

155 1927 246 1982 His
274 1941 401 1979 vero
433 1922 669 1977 tandem
701 1921 959 1990 omissis,
992 1922 1107 1979 Deo
1140 1924 1307 1989 duce,
1342 1923 1546 1978 scitote
1595 1938 1724 2004 nos,
1758 1887 1805 1951 Β
1837 1921 2097 1978 damnati
2121 1940 2154 1979 a
2176 1926 2396 1996 synodo
2411 1925 2810 1993 Orientis,non
2838 1933 3151 1999 potuerunt
3172 1944 3297 1983 esse
3324 1928 3487 1984 dam-

94 2016 230 2091 quod
252 2014 570 2070 temeritate
592 2012 875 2085 magistra
897 2028 1197 2084 perperam
1224 2031 1258 2068 a
1277 2012 1437 2068 vobis
1457 2010 1728 2067 commis-

94 2122 211 2161 sum
235 2108 337 2170 est,
368 2105 424 2158 et
454 2102 611 2173 quod
637 2100 986 2157 inconsultis
1018 2101 1186 2157 nobis
1218 2102 1276 2157 in
1311 2101 1575 2157 Rothado
1609 2100 1725 2155 fra-

96 2200 171 2250 tre
214 2197 269 2248 et
309 2190 650 2262 coepiscopo
698 2194 895 2244 nostro
945 2206 1304 2262 praepropere
1347 2188 1725 2262 perpetrastis

96 2281 320 2354 (etiamsi
350 2294 655 2349 nunquam
687 2278 884 2333 sedem
917 2278 1294 2350 apostolicam
1327 2278 1723 2353 appellasset),

98 2371 184 2427 Dei
218 2367 575 2435 auctoritate,
625 2371 680 2422 et
727 2366 1199 2422 beatissimorum
1253 2367 1402 2422 Petri
1451 2384 1516 2422 ac
1560 2364 1723 2422 Pauli

99 2459 399 2532 principum
433 2455 856 2529 apostolorum,
887 2474 986 2511 seu
1030 2457 1291 2512 omnium
1347 2457 1721 2511 decessorum

98 2564 357 2613 meorum,
384 2563 611 2601 necnon
641 2551 697 2600 et
728 2550 1064 2600 sanctorum
1098 2550 1483 2601 trecentorum
1522 2546 1718 2601 decem

96 2644 142 2693 et
169 2642 285 2693 octo
316 2636 553 2690 Patrum
586 2634 684 2709 qui
718 2636 872 2707 apud
908 2634 1154 2690 Nicaeam
1188 2637 1297 2691 sub
1339 2635 1719 2691 Canstanlino

96 2729 178 2798 pio
205 2725 456 2800 principe
488 2729 902 2791 convenerunt,
938 2725 1171 2796 penitus
1203 2730 1548 2779 evacmmtes
1580 2729 1637 2779 et
1660 2724 1717 2778 in

97 2815 301 2871 irritum
332 2814 633 2878 ducentes,
651 2813 952 2884 praefatum
974 2814 1304 2869 Rothadum
1330 2814 1576 2885 pristino
1597 2830 1721 2886 gra-

94 2904 198 2971 dui,
232 2901 481 2976 pristina:
515 2901 811 2973 dignitati,
844 2902 1088 2973 pristino
1120 2902 1442 2957 reddidisse
1478 2918 1718 2974 prorsus

97 2991 314 3057 honori;
348 2990 429 3045 ita
460 2995 527 3045 ut
558 2990 754 3045 divina
785 2991 1061 3064 mysteria
1091 2991 1434 3047 conficiendi
1465 2990 1715 3063 priorem

97 3080 403 3135 facultatem
437 3078 706 3150 adeptus,
738 3079 1014 3151 omnique
1047 3080 1386 3135 sacerdotali
1414 3080 1718 3135 restitutus

96 3169 286 3234 officio,
305 3169 426 3223 sine
457 3166 770 3238 cujuslibet
801 3169 1277 3235 contradictione,
1303 3169 1545 3241 propria:
1570 3185 1719 3223 rece-

1835 2010 1980 2077 nati,
2032 2029 2395 2085 consequens
2441 2019 2526 2070 est
2572 2016 2769 2081 etiam,
2804 2015 2905 2087 qui
2933 2017 3135 2071 eadem
3166 2016 3289 2072 sola
3319 2018 3484 2072 dam-

1837 2104 2030 2167 nante,
2062 2101 2188 2155 sine
2219 2103 2438 2175 synodo
2469 2103 2786 2160 damnatus
2819 2104 3010 2173 fuerit,
3043 2106 3357 2161 damnatus
3386 2106 3482 2161 sit.

1836 2188 1896 2242 In
1930 2206 2045 2261 quo
2080 2190 2229 2245 inter
2259 2196 2466 2246 caetera
2498 2192 2818 2247 notandum
2861 2197 2948 2248 est
2976 2192 3115 2264 quia
3145 2193 3193 2249 si
3226 2193 3331 2249 hos
3381 2194 3482 2265 qui

1834 2283 1966 2349 post
1982 2278 2336 2352 quingentos
2352 2298 2421 2333 an
2434 2298 2537 2335 nos
2554 2285 2775 2335 statuta
2789 2281 2996 2335 Christi
3020 2282 3325 2337 tantabant
3344 2283 3483 2337 sub-

1832 2373 2072 2430 vertere,
2107 2372 2271 2422 tauta
2300 2367 2387 2421 vir
2431 2374 2671 2423 sanctus
2722 2369 3115 2441 increpatione
3164 2370 3481 2443 redarguit,

1831 2472 1967 2509 cum
2000 2456 2237 2527 triginta
2269 2474 2556 2512 annorum
2588 2457 2675 2511 lex
2699 2459 3000 2513 hominum
3030 2475 3143 2513 non
3166 2459 3352 2531 possit
3378 2460 3483 2514 ab-

1830 2544 2044 2616 rumpi,
2062 2548 2280 2616 quanto
2306 2545 2492 2618 magis
2514 2548 2901 2618 exprobrandi
2924 2551 3063 2603 sunt
3083 2548 3182 2620 qui
3213 2565 3281 2603 ea
3302 2549 3480 2603 etiam

1833 2639 1965 2703 post
1996 2634 2359 2706 octingentos
2392 2638 2448 2689 et
2470 2652 2536 2689 eo
2559 2635 2815 2707 amplius
2838 2653 3022 2691 annos
3047 2636 3315 2692 nituntur
3334 2637 3482 2692 evel-

1835 2720 1998 2775 lere?
2048 2723 2180 2787 Quze
2236 2739 2369 2776 vero
2417 2726 2637 2777 statuta
2686 2724 2895 2779 (Zhristi
2951 2724 3177 2791 dixerit,
3236 2724 3481 2781 inferius

1831 2809 2164 2876 declaravit,
2200 2828 2333 2865 cum
2368 2810 2491 2866 sola
2522 2812 2657 2867 sede
2709 2812 3029 2883 apostolica
3078 2830 3191 2868 non
3235 2830 3479 2869 consen-

1829 2900 2007 2953 tiente
2042 2899 2335 2954 neminem
2370 2917 2541 2971 posse
2571 2900 2862 2966 damnari,
2893 2906 2949 2956 et
2982 2900 3104 2957 sola
3133 2918 3200 2957 ea
3233 2918 3478 2957 consen-

1825 2988 2024 3052 tiente,
2058 2988 2157 3059 qui
2191 2988 2505 3043 damnatus
2533 2990 2739 3056 fuerat,
2773 2988 3115 3045 damnatum
3158 2989 3358 3045 haberi
3391 3007 3482 3046 ex-

1826 3077 2041 3148 posuit.
2070 3078 2301 3132 Statuta
2334 3078 2527 3149 itaque
2552 3077 2764 3133 Christi
2798 3077 2943 3133 dixit
2972 3084 3103 3151 post
3124 3079 3478 3151 quingentos

1826 3183 2009 3222 annos
2031 3165 2363 3220 subvertere
2388 3184 2401 3233 ;
2426 3166 2700 3238 quiajam
2726 3167 3037 3239 quinquies
3058 3172 3291 3223 centum
3310 3167 3477 3223 circi-

98 3264 192 3329 ptte
220 3256 390 3312 libere
420 3255 618 3328 prazsit
646 3254 936 3321 Ecclosiae,
960 3274 994 3310 a
1025 3274 1140 3329 qua
1172 3257 1519 3313 inconsultis
1553 3258 1718 3313 nobis
1750 3249 1791 3314 C
1830 3259 1917 3309 ter
1946 3254 2082 3309 anni
2116 3254 2768 3325 praeterierant,quando
2786 3254 3131 3311 venerabilis
3152 3272 3300 3328 papa
3331 3255 3478 3311 dixit

97 3345 350 3418 expulsus
366 3350 473 3400 est.
490 3344 749 3418 Denique
772 3362 905 3400 cum
930 3351 1061 3400 ante
1085 3346 1386 3401 biennium
1411 3347 1647 3419 scriptis
1668 3351 1724 3401 et

95 3434 266 3490 verbis
294 3432 583 3490 instanter
611 3433 924 3507 egissimus
956 3441 1020 3488 ut
1065 3435 1219 3489 idem
1270 3436 1571 3492 Rothadus
1620 3441 1722 3491 aut

99 3523 319 3596 propria:
350 3524 693 3579 redderetur
713 3521 1118 3586 Ecclesiae,aut
1148 3529 1301 3579 certe
1320 3525 1561 3581 Romam
1586 3542 1719 3580 cum

95 3611 306 3669 vicariis
330 3611 541 3669 vestris
572 3616 627 3667 et
656 3611 844 3683 ipsius
892 3613 1332 3669 accusatoribus
1383 3615 1454 3669 ad
1504 3612 1720 3669 exami-

99 3701 336 3756 nandum
367 3705 423 3756 et
444 3699 834 3772 judicandum
866 3701 1034 3756 nobis
1065 3701 1456 3769 destinaretis,
1488 3709 1544 3759 et
1576 3703 1721 3758 nihil

97 3790 231 3861 apud
264 3806 362 3845 vos
394 3789 711 3862 impetrare
741 3790 1159 3862 potuissemus,
1192 3793 1334 3847 dum
1370 3794 1541 3848 modo
1592 3791 1719 3861 hoc,

97 3878 248 3933 modo
276 3872 418 3933 illud
451 3878 524 3933 ad
557 3879 919 3934 excusandas
947 3887 1347 3937 excusationes
1379 3882 1436 3936 in
1471 3881 1723 3955 peccatis

96 3966 438 4038 objiceretis;
472 3967 710 4022 tandem
742 3966 1079 4040 aliquando,
1128 3969 1243 4025 Deo
1296 3970 1637 4042 inspirante,
1669 3974 1726 4026 et

95 4054 314 4111 Nicaeum
346 4056 517 4112 nobis
551 4056 753 4129 synodi
787 4057 1014 4113 decreto
1037 4058 1414 4131 suffragante,
1441 4077 1553 4131 quo
1576 4058 1728 4114 inter

96 4148 280 4200 caetera
301 4145 635 4220 praecipitur
656 4150 720 4200 ut
737 4146 860 4202 suis
883 4146 1183 4219 privilegia
1213 4153 1515 4203 serventur
1534 4147 1725 4203 Eccle-

98 4231 208 4299 siis,
226 4240 413 4289 ratum
446 4234 723 4289 duximus
745 4236 871 4306 jam
896 4236 1115 4290 factum
1143 4236 1494 4303 Rothadum,
1514 4253 1729 4291 memo-

100 4338 179 4375 res
208 4321 424 4379 scilicet
457 4321 894 4397 privilegiorum
926 4324 1257 4396 apostolicae
1286 4324 1509 4389 sedis,a
1530 4326 1727 4380 vincu-

99 4408 162 4464 lis
177 4411 384 4482 quibus
400 4411 592 4477 illum,
610 4429 680 4468 ne
704 4417 964 4469 uteretur
982 4414 1172 4469 ofticio
1196 4431 1299 4468 nec
1322 4431 1439 4469 sua:
1457 4419 1731 4487 praeesset

100 4498 367 4567 Ecclesiae,
401 4498 743 4575 colligastis,
777 4502 916 4573 quia
946 4518 1051 4557 nos
1082 4520 1195 4557 non
1229 4504 1588 4571 censuimus,
1625 4506 1731 4559 ab-

1831 3344 2029 3399 sedem
2050 3342 2426 3414 apostolicam
2451 3342 2570 3397 haec
2595 3348 2811 3399 statuta
2824 3344 3034 3400 Christi
3059 3346 3471 3416 promeruisse.

1832 3431 2134 3504 Privilegia
2163 3432 2320 3487 enim
2354 3449 2462 3487 sua
2492 3449 2524 3487 a
2556 3432 2783 3489 Christo
2806 3432 3061 3489 Ecclesia
3091 3434 3351 3490 Romana
3372 3450 3477 3507 per

1832 3521 2065 3576 Petrum
2098 3526 2411 3577 consecuta
2441 3526 2617 3588 est,ct
2648 3522 2773 3594 ipsa
2804 3529 2944 3578 sunt
2974 3527 3194 3579 statuta
3214 3523 3426 3578 Christi
3456 3540 3470 3579 :

1832 3627 1959 3681 qua:
1992 3610 2232 3682 quidam
2263 3613 2403 3664 tunc
2428 3615 2558 3681 post
2577 3610 2935 3683 quiugintos,
2957 3628 3113 3667 nunc
3136 3617 3268 3685 post
3288 3612 3480 3668 octin-

1831 3704 2036 3771 gentos
2057 3715 2242 3754 annos
2264 3698 2559 3754 exinanire
2590 3705 2895 3756 conantur.
2911 3700 3196 3771 Ecclesiae,
3214 3702 3480 3774 inquam,

1834 3790 2107 3844 Romana:
2139 3789 2281 3843 adeo
2309 3793 2443 3842 suat
2473 3789 2717 3860 antiqua
2744 3793 2800 3845 et
2827 3795 3022 3845 vetera
3065 3790 3388 3864 privilegia,
3418 3796 3487 3847 ut.

1834 3877 2066 3933 Nicaana
2095 3877 2372 3948 synodus,
2409 3876 2603 3930 sicut‘
2641 3877 2974 3934 Bonifacius
3013 3878 3225 3949 praesul
3252 3885 3487 3951 aposto-

1834 3967 1983 4021 licus
2011 3963 2300 4036 episcopis
2331 3981 2434 4036 per
2461 3964 2825 4020 Thessaliam
2860 3966 3193 4023 constitutis
3225 3967 3489 4025 scribens

1835 4056 1936 4124 ait,
1971 4071 2086 4109 non
2120 4053 2341 4125 aliquid
2386 4069 2565 4125 super
2612 4070 2740 4108 eam
2790 4071 2936 4110 ausa
2980 4054 3057 4110 sit
3110 4055 3487 4121 constituere,

1838 4162 1969 4199 cum
1992 4143 2286 4197 videretur
2304 4141 2448 4196 nihil
2472 4159 2652 4213 supra
2673 4142 2947 4197 meritum
2972 4160 3146 4198 suum
3171 4160 3340 4215 posse
3359 4160 3493 4200 con-

1839 4233 2009 4289 ﬁteri.
2033 4230 2247 4287 Omnia
2276 4230 2529 4301 denique
2555 4235 2791 4285 noverat
2814 4230 2947 4285 huic
2970 4232 3199 4287 Domini
3223 4249 3492 4289 sermone

1839 4338 2137 4378 concessa.
2174 4318 2231 4375 Si
2266 4319 2483 4385 amnia,
2517 4334 2652 4391 ergo
2692 4324 2749 4374 et
2793 4319 3199 4392 episcoporum
3241 4322 3487 4393 judicia.

1842 4410 2186 4466 Perhibente
2217 4418 2411 4463 autem
2442 4408 2610 4463 beato
2643 4409 2934 4464 Bonifacio
2967 4411 3119 4481 quod
3144 4410 3374 4466 Nicama
3395 4429 3490 4484 sy-

1840 4499 2031 4555 nodus
2063 4515 2239 4570 super
2257 4497 2580 4563 eam,haud
2603 4497 2844 4552 dubium
2869 4498 3010 4568 quin
3036 4498 3358 4554 Romanam
3384 4501 3489 4555 Ec-

99 4586 443 4645 solvendum.
477 4591 679 4663 Neque
708 4592 863 4647 enim
896 4594 1015 4646 tam
1039 4590 1289 4647 stolidus
1314 4597 1501 4648 tamve
1523 4595 1733 4666 poterit
1765 4614 1810 4678 Ι)
1842 4588 2079 4646 clesiam
2114 4605 2228 4642 non
2261 4604 2405 4641 ausa
2426 4587 2501 4641 sit
2521 4585 2718 4659 aliqua
2738 4586 3249 4651 constituere,eum
3274 4587 3493 4644 videret

96 4677 412 4735 traditionis
446 4679 684 4735 tramite
715 4679 916 4735 devius
950 4680 1214 4745 inveniri,
1246 4682 1346 4753 qui
1380 4682 1600 4738 caeteris
1630 4684 1733 4739 Ec-

95 4763 273 4822 clesiis
304 4766 612 4841 privilegia
642 4768 857 4823 servari
906 4772 962 4824 et
1010 4769 1117 4825 soli
1167 4770 1439 4826 Romana;
1471 4771 1737 4829 Ecclesiae

96 4853 261 4909 adimi
289 4856 501 4912 debere
534 4855 857 4929 perhibeat,
892 4874 1019 4929 quae
1052 4858 1317 4913 omnium
1350 4860 1737 4916 Ecclesiarum

101 4943 385 5016 magistra,
418 4949 611 5001 mater
639 4949 698 5001 et
727 4952 902 5018 caput
928 4950 1036 5001 est.
1071 4946 1129 5002 Si
1162 4948 1295 5018 quis
1326 4954 1517 5004 autem
1568 4949 1745 5005 tacita

101 5030 252 5098 forte,
285 5033 423 5104 quia
456 5050 573 5088 non
623 5033 801 5089 audet
849 5038 1049 5108 aperta
1098 5036 1506 5092 mussitatione
1556 5037 1742 5103 fateri,

101 5118 357 5175 Romanae
391 5120 739 5193 hujusmodi
766 5122 1035 5178 Ecclesiae
1066 5123 1365 5197 privilegia
1397 5143 1511 5180 non
1543 5125 1744 5197 fuisse,

103 5207 306 5277 quibus
325 5200 498 5266 sedes
520 5210 838 5283 apostolica
856 5211 1103 5267 aliorum
1128 5213 1307 5286 ligata
1329 5214 1647 5286 praesulum
1672 5216 1750 5271 fa-

103 5294 368 5353 cultatem
399 5297 675 5355 habuerit
705 5299 1084 5366 dissolvendi,
1117 5306 1326 5373 praeter
1356 5304 1508 5375 quod
1557 5304 1749 5375 prisca

104 5399 285 5440 rerum
317 5387 686 5459 probatione,
710 5390 768 5444 et
798 5389 1214 5445 nonnullarum
1248 5390 1582 5446 recitatione
1613 5390 1751 5446 scri-

101 5475 397 5543 pturarum
432 5475 817 5549 convincitur,
862 5477 1030 5533 testis
1073 5482 1161 5533 est
1206 5479 1411 5535 beatus
1460 5479 1747 5546 Gelasius,

102 5577 265 5631 quem
279 5564 496 5621 idcirco
516 5565 587 5620 ad
602 5565 1009 5622 testimonium
1024 5584 1201 5638 super
1216 5568 1309 5624 his
1324 5567 1749 5641 perbibendum

103 5652 502 5723 produximus,
536 5653 676 5731 quia
705 5654 861 5711 hunc
895 5672 1011 5712 non
1046 5656 1237 5714 solum
1260 5657 1375 5713 vita
1404 5662 1459 5714 et
1488 5656 1752 5714 doctrina

422 5784 691 5847 ΡΑτιῖοι..
738 5782 947 5848 CXIX.

1847 4677 1993 4734 nihil
2026 4693 2203 4749 supra
2234 4676 2508 4731 meritum
2542 4694 2716 4731 suum
2757 4693 2928 4748 posse
2978 4677 3261 4745 confiteri,
3295 4678 3495 4734 omnia

1848 4766 2100 4838 denique
2129 4765 2265 4821 huic
2299 4770 2533 4821 noverat
2562 4765 2793 4821 Domini
2852 4782 3118 4821 sermone
3166 4782 3445 4822 concessa
3478 4784 3492 4823 :

1850 4862 1906 4912 et
1938 4856 2286 4928 objurgante
2323 4858 2523 4909 sancto
2581 4854 2809 4909 Gelasio
2863 4871 2961 4910 eos
3020 4853 3120 4926 qui
3178 4855 3499 4911 constituta

1852 4944 2066 5000 Christi
2098 4945 2366 4999 volebant
2396 4943 2749 5009 subvertere,
2783 4960 2915 4998 cum
2951 4942 3248 5015 privilegia
3286 4944 3501 4999 Roma-

1854 5052 1940 5089 nas
1970 5033 2127 5089 sedis
2158 5032 2547 5088 moliebantur
2587 5032 2922 5103 infringere,
2975 5032 3283 5086 manifeste
3332 5032 3506 5087 datur

1855 5121 2100 5195 intelligi
2133 5123 2333 5177 eadem
2367 5138 2493 5176 esse
2544 5120 2862 5175 constituta
2908 5120 3121 5175 Christi
3182 5138 3308 5192 quae
3366 5124 3507 5177 sunt

1859 5211 2057 5267 omnia
2087 5209 2187 5264 illa
2219 5228 2344 5281 qua:
2378 5209 2514 5263 huic
2545 5208 2812 5264 Ecclesiae
2844 5209 3101 5281 synodus
3130 5208 3364 5264 Nicmna
3404 5227 3506 5265 no-

1858 5305 2017 5356 verat
2037 5298 2268 5353 Domini
2292 5314 2557 5353 sermone
2598 5298 2961 5352 concessa.A
2999 5301 3259 5371 tempore
3292 5297 3509 5370 quippe

1861 5407 1974 5462 quo
2006 5387 2262 5461 synodus
2294 5386 2525 5440 Niccena
2554 5386 2743 5440 fuerat
2782 5392 3213 5454 consummata,
3245 5388 3508 5443 nondum

1860 5474 2163 5551 quingenti
2196 5490 2380 5546 usque
2412 5474 2483 5528 ad
2515 5472 2810 5528 Gelasium
2853 5474 2989 5530 anni
3038 5475 3412 5541 transierant,
3442 5479 3511 5531 ut

1859 5566 2183 5622 deNicaenaz
2207 5560 2411 5635 synodi
2434 5560 2669 5617 statutis
2692 5566 2893 5617 tantus
2911 5562 2996 5617 vir
3015 5563 3231 5619 dixisse
3244 5563 3513 5619 videatur

1860 5673 1959 5714 eos
1981 5658 2112 5731 post
2135 5653 2486 5730 quingentos
2510 5667 2694 5708 annos
2717 5656 2938 5710 statuta
2965 5652 3177 5710 Christi
3199 5651 3340 5710 velle
3372 5650 3514 5711 sub-

3118 5781 3196 5848 29
