3898 6212
378 413 497 472 907

1751 406 2064 468 NICOLAI
2107 404 2336 467 PAPE
2378 406 2428 467 Ι.

3690 400 3807 462 908

378 549 621 601 vertere.
656 542 856 598 Restat
885 557 1019 613 ergo
1052 545 1116 595 ut
1147 540 1304 597 illius
1334 541 1616 613 temporis
1665 540 2021 596 mentionem
2052 540 2105 607 Α
2137 540 2268 605 dus,
2292 536 2639 595 venerabilis
2661 536 2992 609 episcopus,
3018 540 3258 609 paratus
3290 537 3367 594 sit
3390 536 3559 592 omni
3584 534 3808 606 regula-

386 633 603 699 fecerit,
639 649 672 686 a
700 648 815 703 quo
847 630 1303 703 quingentorum
1336 630 1564 685 circiter
1595 647 1881 685 annorum
1907 646 2034 685 cur-

384 720 567 776 ricula
599 736 786 791 usque
816 719 887 773 ad
920 736 981 774 se
1013 718 1283 774 devoluta
1303 723 1570 791 poterant
1591 717 2029 790 comprehendi.

384 809 652 865 Christus
682 808 837 889 enim
872 808 1171 881 privilegia
1208 808 1525 864 constituta
1556 808 1613 862 in
1645 809 1812 863 Petro
1844 807 2034 878 dispo-

386 898 499 954 sita
525 897 614 952 vel
647 898 878 952 ﬁrmata
918 896 1191 952 Romanis
1240 895 1489 951 contulit
1537 895 1824 963 Ecclesiae,
1859 911 2036 966 super

386 1004 562 1060 quam
595 985 739 1041 nihil
770 987 1029 1059 synodus
1062 985 1335 1057 quaelibet
1363 1003 1508 1041 ausa
1537 990 1626 1041 est
1657 984 1864 1040 merito
1895 1001 2034 1038 con-

384 1076 797 1142 stituere,cum
830 1074 974 1129 sciat
1005 1074 1202 1129 omnia
1233 1073 1573 1144 illi_Domini
1605 1090 1870 1129 sermone
1892 1089 2034 1127 con-

386 1181 570 1219 cessa.
589 1164 1097 1235 Dispensationem
1116 1162 1331 1236 quippe
1351 1162 1768 1235 redemptionis
1791 1158 2036 1216 humani

386 1253 617 1326 generis
632 1256 764 1307 ante
776 1256 1040 1324 tempora
1053 1251 1573 1307 saeculariaDomin
1584 1269 1651 1307 us
1668 1251 2037 1322 omnipotens

387 1358 564 1415 penes
596 1358 657 1397 se
682 1342 1011 1397 ordinatam
1044 1341 1400 1405 custodiens,
1453 1344 1512 1396 et
1554 1344 1813 1412 tempore
1843 1337 2036 1394 carnis

389 1431 727 1496 ostendens,
762 1446 1115 1485 ascensurus
1146 1431 1218 1486 ad
1250 1429 1441 1497 cmlos,
1478 1430 1536 1483 in
1588 1427 1833 1501 apostoli
1863 1426 2034 1494 Petri,

388 1536 677 1592 perquam
693 1518 1123 1591 etapostolatus
1137 1518 1575 1592 etepiscopatus
1598 1516 1849 1589 sumpsit
1868 1533 2038 1572 exor-

390 1608 577 1679 dium,
592 1608 953 1664 confessione
986 1625 1241 1680 curaque
1271 1608 1558 1681 praecipue
1588 1606 1917 1669 collocavit;
1938 1604 2037 1676 qui

390 1701 529 1752 tunc
542 1714 644 1770 per
655 1713 716 1753 se
729 1698 1070 1769 etdeinceps
1084 1714 1186 1769 per
1199 1715 1316 1753 suae
1330 1695 1747 1753 sollicitudinis
1759 1695 2036 1758 hmredes,

392 1786 545 1843 circa
574 1787 899 1841 humanum
934 1804 1140 1860 genus,
1159 1804 1285 1859 quae
1310 1787 1421 1842 sibi
1445 1786 1730 1842 Dominus
1751 1801 2042 1841 commen-

392 1876 569 1941 davit,
604 1892 718 1929 non
767 1875 990 1931 destitit
1038 1875 1324 1931 exhibere.
1374 1876 1499 1929 Haec
1551 1875 1706 1973 enim
1750 1872 1869 1939 ille,
1919 1872 2116 1979 haecB

392 1980 761 2020 successores
792 1965 918 2034 ejus
949 1981 1016 2018 ex
1046 1969 1183 2019 tunc
1215 1980 1383 2036 agere
1415 1981 1529 2017 non
1553 1962 2039 2028 omittunt,modo

394 2053 605 2120 verbis,
630 2053 803 2107 modo
837 2052 1201 2107 decretorum
1234 2068 1476 2107 suorum
1500 2051 1763 2123 epistolis
1793 2051 1865 2106 ab
1898 2050 2041 2105 urbe

396 2142 659 2197 Romana
687 2139 932 2194 diversis
974 2140 1334 2210 temporibus
1383 2141 1556 2206 datis,
1589 2139 2040 2195 commissarum

396 2228 506 2286 sibi
536 2229 731 2284 ovium
774 2228 1194 2299 providentiam
1243 2227 1642 2300 principaliter
1689 2231 2038 2293 exercentes.

397 2317 599 2389 Itaque
629 2316 962 2373 Rothadum
995 2315 1354 2387 episcopum,
1380 2317 1451 2371 de
1482 2334 1597 2389 quo
1628 2316 1912 2372 hactenus
1947 2333 2042 2371 no-

396 2406 535 2463 stris
566 2405 1000 2477 contempsistis
1044 2405 1277 2461 obedire
1336 2406 1652 2473 mandatis,
1714 2406 1951 2461 tandem
2010 2424 2044 2461 a

394 2495 583 2563 nobis,
601 2494 912 2559 imoaDeo,
930 2494 1176 2565 pristino
1199 2496 1406 2567 gradui
1431 2495 1768 2550 restitutum
1792 2494 2043 2567 benigne

394 2584 695 2656 suscipite,
730 2583 869 2655 quia
901 2582 994 2636 ille
1026 2583 1394 2655 evangelicus
1441 2584 1599 2639 filius
1648 2584 1877 2640 rediens
1927 2601 2043 2638 non

396 2672 588 2728 solum
622 2672 839 2743 suscipi
874 2670 1105 2739 meruit,
1140 2672 1236 2727 sed
1272 2676 1329 2727 et
1358 2672 1571 2745 dignus
1596 2673 1855 2744 paternis
1886 2690 2043 2728 com-

399 2762 665 2834 plexibus
694 2762 1003 2830 invenitur,
1020 2766 1075 2815 et
1094 2761 1376 2817 annulum
1402 2763 1533 2816 fidei
1568 2763 1866 2835 recipit,et
1896 2763 2046 2817 stola

404 2850 823 2916 circumdatur,
857 2867 960 2922 per
991 2865 1166 2921 quam
1192 2851 1330 2923 quid
1355 2850 1512 2906 aliud
1537 2868 1715 2923 quam
1739 2851 2045 2907 sacerdotii

403 2939 773 2995 declarantur
799 2939 1101 3012 insignia?
1131 2941 1245 2995 Nec
1275 2939 1592 3012 probabilis
1623 2940 1841 2995 exstitit
1890 2941 2045 3013 apud

398 3034 623 3101 patrem
657 3028 851 3084 senior
880 3027 1058 3096 ﬁlius,
1080 3030 1232 3101 quod
1267 3028 1475 3084 invidit
1500 3034 1727 3102 recepto
1750 3046 1761 3084 :
1784 3047 1888 3086 nec
1918 3034 2044 3085 tan-

401 3122 524 3172 tum
545 3118 733 3173 meriti
755 3117 961 3173 habuit
978 3135 1156 3190 penes
1173 3123 1396 3189 patrem
1418 3120 2049 3191 perseverando,quan-

404 3211 530 3261 tum
564 3224 722 3261 noxa:
772 3208 1057 3262 contraxit
1114 3224 1229 3261 non
1289 3207 1619 3279 recipiendo
1677 3225 2044 3282 germanum.

2141 628 2281 682 riter
2305 626 2566 700 poscenti
2598 627 2669 682 de
2701 642 2782 693 se,
2816 625 2954 698 quia
2985 630 3100 681 Deo
3145 625 3397 699 propitio
3449 623 3607 680 nulli
3660 623 3809 695 parti

2141 716 2329 772 favere
2358 714 2629 771 volumus
2661 719 2862 771 contra
2882 715 3181 787 justitam,
3210 731 3410 771 coram
3452 713 3619 769 sedis
3670 728 3812 784 apo-

2142 804 2357 859 stolicze
2390 803 2639 876 praesule
2671 804 2911 860 reddere
2942 804 3248 859 rationem.
3277 803 3364 859 Ita
3394 803 3697 857 duntaxat
3724 805 3811 867 ut,

2144 892 2468 949 secundum
2502 893 2796 963 majorum
2829 892 3231 956 diffinitiones,
3264 896 3396 947 snte
3445 888 3658 946 omnia
3685 905 3814 962 quas

2144 981 2308 1054 prius
2337 982 2681 1053 possederat
2711 980 2939 1055 integro
2960 981 3096 1053 jure
3120 980 3559 1052 recipiat;adeo
3579 983 3651 1034 ut
3675 978 3816 1033 tatis

2144 1069 2220 1125 sit
2251 1070 2309 1124 in
2338 1069 2615 1125 omnibus
2659 1070 2848 1142 qualis
2897 1074 3032 1126 ante
3083 1070 3437 1125 sententiam
3486 1072 3703 1123 contra
3751 1083 3816 1123 se

2144 1157 2429 1231 prolatam
2452 1158 2632 1214 fuisse
2650 1158 3250 1231 dignoscitur.Sicque
3271 1155 3819 1225 demum,Ecclesia

2145 1252 2394 1320 recepta,
2428 1252 2485 1303 et
2526 1248 2865 1320 episcopatu
2910 1246 3095 1303 libera
3142 1247 3454 1303 securitate
3505 1261 3814 1318 possessu,

2146 1337 2426 1409 proximis
2443 1340 2500 1393 et
2520 1336 2745 1404 amicis,
2763 1337 3021 1403 rebus,et
3042 1334 3186 1408 ipsis
3212 1337 3535 1408 resumptis
3555 1336 3816 1398 viribus,

2145 1426 2391 1481 vestitus
2422 1442 2675 1497 quoque,
2695 1429 2753 1480 et
2782 1423 3189 1498 spiritualibus
3216 1425 3388 1480 annis
3410 1429 3820 1491 tectus,accu-

2148 1514 2441 1571 satoribus
2472 1515 2820 1586 respondeat
2848 1513 2994 1581 suis,
3026 1518 3084 1570 et
3122 1514 3277 1569 unde
3319 1513 3654 1586 impetitur,
3691 1512 3819 1586 ple-

2149 1603 2397 1659 nissima
2427 1604 2661 1660 studeat
2690 1603 2798 1659 hos
2831 1603 2931 1675 qui
2966 1602 3107 1659 toris
3139 1606 3315 1675 atque
3338 1601 3503 1657 intus
3537 1606 3687 1658 sunt
3718 1619 3818 1657 sa-

2146 1692 2475 1749 tisfactione
2504 1692 2844 1747 certificare.

2857 1798 3092 1854 LXXVI.

2381 1906 2452 1944 AD
2490 1905 2719 1944 CLERUM
2758 1905 2825 1944 ΕΤ
2863 1905 3087 1943 PLEBEM
3127 1904 3562 1944 SUESSIONICAI.

2804 1980 2990 2047 (Anno
3020 1979 3148 2047 865)

2153 2068 2215 2124 Ut
2245 2069 2551 2123 restitutum
2578 2069 2690 2123 sibi
2720 2067 3026 2151 Rothaduni
3055 2069 3363 2194 episcopum
3408 2069 3566 2123 omni
3614 2066 3813 2139 aﬂ'ectu

2823 2155 3077 2194 excipian
3108 2181 3122 2193 .

2823 2155 3122 2211 exeipiam.

2664 2229 2831 2300 Apud
2864 2227 3074 2294 Mansi,
3107 2227 3284 2299 [ibid]

2222 2316 2382 2373 Clere
2412 2321 2468 2372 et
2498 2316 2653 2389 plebi
2684 2316 3027 2372 consistenti
3059 2315 3382 2371 Suessioni.

2222 2405 2385 2461 Sicut
2417 2406 2676 2478 priorum
2708 2409 3018 2479 parentum
3042 2409 3129 2462 est
3151 2406 3222 2460 de
3247 2405 3496 2460 orbitate
3530 2409 3805 2460 natorum

2152 2494 2267 2549 acri
2294 2494 2459 2550 valde
2490 2494 2903 2551 lamentatione
2945 2494 3167 2567 lugere,
3217 2494 3300 2549 ita
3348 2493 3698 2549 devotorum
3746 2493 3806 2547 ti-

2152 2583 2364 2639 liorum
2396 2583 2697 2657 proprium
2721 2588 2811 2640 est
2830 2585 2900 2639 de
2922 2584 3107 2657 patris
3132 2582 3451 2639 amissione
3471 2582 3807 2639 vehementi

2153 2689 2399 2728 mmrore
2429 2673 2582 2727 affici
2616 2678 2672 2728 et
2702 2674 2907 2729 ardore
2930 2672 3120 2728 valido
3142 2671 3387 2728 cruciari
3415 2690 3430 2739 ;
3463 2689 3531 2727 ac
3565 2689 3674 2744 per
3704 2672 3805 2727 hoc

2153 2767 2356 2817 contra
2384 2768 2654 2817 naturam
2688 2762 3122 2835 quodammodo
3154 2761 3370 2834 agitur,
3404 2761 3453 2815 si
3499 2777 3621 2816 una
3676 2778 3806 2834 pars

2155 2849 2279 2905 sine
2310 2850 2551 2906 alterius
2582 2851 2764 2923 partis
2795 2851 3071 2907 societate
3100 2850 3368 2906 anxietnr
3388 2853 3446 2904 et
3464 2849 3803 2905 doleat.Sed

2154 2939 2214 2993 in
2247 2938 2356 2995 hoc
2388 2956 2507 3008 vos,
2541 2939 2871 2995 charissimi
2907 2938 3031 3008 filii,
3065 2940 3219 2995 sicut
3246 2939 3317 2994 de
3344 2937 3508 2994 vobis
3534 2939 3805 3011 frequens

2157 3033 2354 3084 narrat
2381 3028 2600 3101 opinio,
2636 3045 2994 3102 nequaqum,
3028 3033 3140 3084 Deo
3180 3026 3419 3100 gratias,
3454 3026 3678 3100 frigidi,
3712 3045 3805 3082 ne-

2157 3134 2452 3189 quaquam
2483 3118 2793 3174 exstitistis
2813 3117 3046 3191 ingrati.
3072 3117 3334 3189 Denique
3355 3115 3556 3171 nullus
3580 3116 3808 3171 dubitat

2157 3223 2307 3277 quas
2337 3207 2562 3262 devotio
2583 3212 2793 3275 vestra,
2814 3207 3046 3279 proprio
3078 3206 3358 3262 destituta
3376 3204 3807 3278 prazsidiojpsa

404 3297 551 3367 Ergo
584 3296 863 3367 suscipite
892 3295 1060 3350 illum
1093 3300 1159 3349 ut
1188 3280 2046 3370 fratrem,suscipiteanuam,
2077 3280 2123 3349 α
2157 3300 2444 3368 quantum
2475 3297 2543 3352 ad
2576 3296 2875 3352 hominem
2899 3296 3148 3368 pertinet
3176 3294 3437 3367 orphana
3469 3310 3802 3361 remanens,

399 3384 565 3439 illum
597 3389 661 3439 ut
689 3401 820 3439 mea
848 3384 1087 3439 viscera.
1122 3383 1411 3440 Sollicitos
1443 3389 1634 3440 autem
1662 3403 1763 3441 vos
1802 3403 1904 3457 pro
1951 3404 2043 3442 sa-

399 3472 519 3529 lute
537 3474 784 3528 libenter
803 3473 975 3528 audio
993 3489 1004 3525 :
1021 3478 1223 3527 contra
1244 3479 1418 3545 caput
1439 3474 1613 3529 etiam
1638 3475 1683 3529 si
1711 3476 2041 3531 faciendum

399 3565 506 3629 est,
540 3579 656 3617 non
689 3560 933 3616 libenter
964 3562 1227 3616 admitto.
1281 3562 1381 3617 Cui
1432 3580 1643 3618 manus
1693 3564 2045 3637 porrigenda

396 3654 504 3717 est,
523 3650 823 3705 vobiscum
848 3651 1203 3722 porrigo,cui
1227 3651 1717 3724 porrigo,mecum
1741 3653 2039 3726 porrigite.

396 3736 455 3791 Si
484 3736 576 3792 cui
606 3742 801 3793 autem
833 3736 1056 3809 aliquid
1086 3738 1366 3807 donastis,
1402 3745 1457 3795 et
1488 3757 1612 3813 ego.
1647 3742 1791 3796 Nam
1827 3746 1883 3797 et
1912 3758 2040 3813 ego,

395 3825 503 3882 etsi
535 3825 674 3897 quid
706 3827 909 3881 donavi
946 3832 1181 3899 propter
1211 3846 1331 3897 vos,
1356 3829 1413 3884 in
1446 3847 1696 3903 persona
1726 3831 2044 3899 Christi,ut

394 3932 509 3970 non
541 3915 949 3987 possideamur
980 3934 1013 3970 a
1044 3918 1278 3973 Satana.
1314 3919 1438 3975 Non
1489 3920 1644 3974 enim
1699 3920 2042 3993 ignoramus

391 4005 678 4061 versutias
691 4005 946 4077 ejus,qui
960 4023 1138 4078 super
1156 4007 1509 4065 discessione
1532 4008 2041 4082 laetatur.Apostoli

392 4109 526 4149 vero
559 4093 861 4150 declarata:
884 4095 1263 4169 benignitatis
1285 4097 1465 4153 herba
1490 4102 1647 4165 sunt,
1673 4098 1827 4154 sicut
1847 4116 1915 4155 ea
1934 4099 2041 4154 viri

394 4180 717 4236 beatissimi
740 4182 1070 4254 apostolicae
1092 4184 1246 4241 sedis
1269 4186 1564 4256 praesules,
1588 4187 1964 4243 Innocentius
1987 4192 2043 4244 et

395 4270 1186 4343 Bonifacius,sapientissime
1199 4273 1570 4345 replicarunt,
1582 4280 1756 4331 Porro
1770 4276 2041 4349 quisquis

397 4362 601 4414 contra
630 4358 738 4415 hoc
770 4361 951 4417 nostri
983 4363 1341 4435 apostolatus
1371 4364 1693 4431 decretum,
1728 4370 1860 4438 post
1888 4366 2042 4422 noti-

393 4448 539 4504 tiam
566 4449 693 4520 ejus
723 4467 784 4506 se
814 4451 1077 4518 efferens,
1112 4469 1263 4524 saepe
1297 4454 1411 4508 fato
1446 4454 1708 4509 Rothado
1745 4455 2038 4527 episcopo,

396 4538 470 4594 ad
501 4538 889 4611 recipiendam
922 4545 978 4595 et
1006 4543 1318 4613 regendam
1353 4541 1715 4596 Suessonicae
1749 4544 1910 4599 urbis
1936 4545 2038 4600 Ec-

2153 3386 2344 3440 varias
2369 3390 2425 3441 et
2447 3385 2780 3458 multipices
2810 3384 3172 3441 calamitates
3201 3383 3524 3455 pertulerit.
3559 3383 3677 3439 Sed
3716 3382 3803 3438 ille

2155 3474 2253 3546 qui
2288 3473 2559 3531 fidelibus
2590 3474 2893 3546 discipulis
2923 3474 3090 3542 dixit,
3112 3476 3233 3530 Non
3262 3474 3573 3544 relinquam
3604 3489 3697 3528 vos
3725 3490 3801 3527 or-

2148 3562 2361 3635 phanos
2388 3568 2579 3632 (Joan.
2613 3568 2748 3633 xiv),
2780 3581 2897 3620 non
2933 3563 3123 3620 solum
3158 3562 3430 3636 praesenti
3462 3579 3573 3617 sua
3622 3563 3800 3633 maje-

2154 3656 2302 3707 state
2334 3654 2601 3724 protexit,
2635 3653 2733 3708 sed
2766 3653 2940 3709 etiam
2973 3652 3243 3726 propitia,
3291 3668 3407 3724 quo
3456 3649 3703 3707 desolati
3751 3654 3801 3704 et

2153 3740 2417 3797 destituti
2439 3742 2637 3810 eratis,
2659 3759 2763 3814 pro
2785 3759 2892 3797 sua
2919 3740 3216 3798 redonavit
3235 3741 3453 3814 pietate
3476 3743 3797 3795 rectorem:

2155 3831 2323 3887 nobis
2346 3830 2691 3904 scilicet,qui
2713 3832 2773 3886 in
2796 3849 2861 3887 eo
2881 3831 3151 3899 vivimus,
3170 3846 3477 3885 movemur
3495 3834 3555 3884 et
3576 3844 3797 3893 sumus,

2153 3920 2225 3975 ad
2249 3937 2383 3975 eum
2405 3920 2569 3975 vobis
2592 3921 2955 3975 reddendum
2987 3924 3135 3976 nutu
3167 3937 3285 3976 sua;
3308 3916 3710 3974 miserationis
3729 3916 3801 3971 in-

2152 4008 2334 4063 terius
2367 4009 2662 4081 imperans
2683 4014 2740 4064 et
2760 4012 3156 4081 competenter
3175 4008 3471 4065 erudiens.
3487 4008 3633 4062 Ecce
3653 4007 3800 4062 enim

2150 4098 2537 4153 venerabilem
2570 4098 2759 4154 virum
2791 4099 3145 4167 Rothadum,
3180 4098 3418 4153 fratrem
3452 4100 3723 4151 nostrum
3754 4098 3804 4148 et

2152 4187 2562 4260 coepiscopum
2594 4192 2887 4257 nostrum,
2909 4192 3172 4244 vestrum
3205 4190 3401 4242 autem
3432 4190 3685 4257 patrem,
3718 4199 3805 4256 pa-

2152 4280 2367 4332 storem
2387 4282 2560 4350 atque
2580 4276 3050 4351 magistrum,cuj
3062 4293 3131 4332 us
3145 4275 3319 4348 longa
3332 4275 3464 4346 jam
3482 4272 3799 4329 eruditione

2153 4364 2445 4433 instructi,
2477 4368 2646 4438 cujus
2677 4366 2814 4421 olim
2848 4366 2998 4422 sacri
3024 4364 3180 4422 verbi
3213 4380 3363 4436 pane
3394 4361 3617 4431 refecti,
3640 4361 3798 4431 cujus

2152 4453 2448 4509 diuturnis
2489 4454 2792 4511 laboribus
2842 4459 2898 4510 et
2945 4453 3161 4528 vigiliis
3202 4451 3605 4522 circumsepti,
3637 4451 3797 4520 cujus

2152 4543 2486 4617 magisterio
2535 4549 2591 4599 et
2638 4543 2904 4599 doctrina
2952 4548 3064 4599 Deo
3110 4542 3251 4598 estis
3299 4544 3538 4595 auctore
3586 4536 3794 4601 refecti,

393 4626 653 4716 clesiam,
690 4627 935 4716 aliquod
975 4628 1178 4716 palam
1226 4627 1313 4716 vel
1363 4628 1585 4716 occulte
1632 4633 2041 4701 przeparaverit
2071 4652 2119 4716 D
2151 4632 2362 4705 prioris
2392 4633 2595 4688 infulis
2625 4631 2933 4689 sacerdotii
2965 4637 3022 4689 et
3052 4629 3316 4703 pristinis
3338 4628 3796 4700 redintegratum

393 4715 1259 4787 oti‘endiculum,velsipersonaa
1274 4715 1460 4786 ipsius
1474 4732 1588 4786 quo
1599 4721 1891 4787 quomodo
1905 4720 2042 4776 insi-

394 4802 587 4857 diatus
609 4805 918 4871 exstiterit;
945 4803 1210 4874 quinimo
1231 4803 1281 4858 si
1304 4802 1437 4873 quis
1458 4810 1713 4860 vestrum
1744 4807 1814 4861 ad
1847 4808 2043 4866 Eccle-

393 4891 540 4946 siam
573 4892 966 4965 recipiendam
990 4891 1094 4958 illi,
1112 4896 1392 4962 tanquam
1416 4892 1591 4947 frater
1612 4894 1796 4962 fratri,
1816 4898 2043 4969 adjuto-

392 4978 544 5033 rium
570 4996 681 5033 non
708 4979 1059 5051 praestiterit,
1086 4983 1285 5051 utpote
1307 4979 1407 5049 qui
1428 4979 1583 5035 videt
1604 4982 1841 5039 fratrem
1866 5002 2039 5043 suum

392 5068 799 5122 necessitatem
833 5068 1065 5131 habere,
1098 5071 1155 5121 et
1180 5065 1398 5122 claudit
1427 5067 1645 5124 viscera
1676 5088 1785 5128 sua
1835 5075 1906 5129 ab
1948 5091 2036 5145 eo,

391 5159 449 5212 et
477 5155 654 5209 veluti
690 5156 737 5208 is
770 5156 826 5207 in
857 5172 969 5225 quo
1000 5154 1253 5209 Charitas
1283 5155 1383 5211 Dei
1416 5173 1530 5212 non
1565 5165 1779 5229 manet,
1810 5163 1881 5219 ab
1911 5162 2041 5236 ipsa

391 5243 692 5307 charitate,
720 5258 845 5310 quae
895 5241 1046 5295 Deus
1078 5249 1183 5308 est,
1217 5251 1272 5299 et
1302 5262 1336 5299 a
1383 5263 1619 5319 corpore
1650 5254 1706 5305 et
1757 5254 2043 5326 sanguine

391 5330 627 5397 Christi,
647 5334 703 5384 et
724 5346 757 5382 a
778 5329 946 5381 nobis
975 5331 1071 5399 qui
1106 5334 1368 5389 membra
1390 5334 1549 5392 illius
1573 5356 1801 5408 sumus,
1826 5340 2040 5396 habea-

394 5424 489 5474 tur
516 5415 874 5474 omnimodis
905 5415 1148 5477 alienus.
1184 5423 1363 5479 liorro
1396 5442 1465 5480 ne
1497 5427 1792 5496 justitiam
1844 5446 2039 5501 regere

390 5511 598 5560 nostrae
630 5504 862 5556 tantum
883 5504 1184 5567 videamur
1204 5513 1519 5568 voluntatis
1552 5517 1814 5581 arbitrio,
1848 5535 1913 5572 ac
1936 5535 2039 5589 per

387 5591 494 5647 hoc
527 5589 895 5646 mstimemun
928 5602 1218 5657 canonicis
1250 5602 1477 5675 legibus
1510 5607 1816 5667 contraire.
1838 5608 2035 5661 sanci-

382 5693 516 5737 mus
548 5683 727 5753 atque
758 5678 1123 5751 decernimus
1144 5697 1435 5769 quatenus
1458 5695 1803 5767 saepedictus
1826 5695 2035 5751 Betha-

2149 4721 2470 4777 honoribus
2502 4739 2566 4777 ac
2589 4722 2865 4778 omnibus
2886 4721 3254 4793 episcopatus
3276 4717 3490 4774 officiis
3512 4720 3798 4772 restaura-

2149 4815 2297 4878 tum,
2329 4815 2530 4866 vestraz
2558 4810 2733 4866 alacri
2764 4808 3052 4865 devotioni
3083 4813 3139 4864 et
3168 4808 3276 4880 piae
3305 4805 3608 4861 dilectioni
3640 4802 3797 4860 remi-

2150 4898 2611 4955 simus.IIabetis
2631 4903 2906 4971 praeterea
2932 4896 2991 4953 in
3023 4897 3133 4953 hoc
3163 4896 3345 4952 beatae
3380 4890 3793 4950 recordationis

2147 4987 2449 5044 Athanasii
2464 4986 2908 5061 prudentissimi
2923 4984 3242 5043 sacerdotis
3260 4983 3623 5056 exemplum:
3639 4983 3792 5053 cujus

2148 5075 2458 5133 tolerantia
2487 5077 2577 5132 cui
2613 5093 2727 5132 non
2756 5074 3141 5132 consolationi
3172 5074 3250 5130 sit
3269 5075 3297 5130 ‘I
3322 5073 3416 5129 cui
3469 5089 3589 5127 non
3643 5087 3787 5143 spem

2148 5164 2321 5220 faciat
2350 5166 2478 5236 ejus
2509 5165 2903 5238 inexspectata
2932 5162 3220 5220 reversio?
3241 5162 3494 5234 Ejicitur
3516 5160 3650 5216 Ario
3671 5176 3787 5233 prae

2151 5258 2455 5325 sequente,
2470 5254 2569 5309 sed
2593 5254 2952 5310 revocandus
2976 5252 3221 5309 Domino
3242 5247 3785 5324 prosequente.Pas-

2150 5359 2252 5398 sus
2282 5347 2371 5398 est
2400 5359 2710 5409 carcerem,
2734 5360 2948 5415 passus
2968 5346 3056 5399 est
3080 5341 3405 5415 angustias,
3429 5356 3539 5395 nec
3564 5338 3779 5399 mirum,

2148 5430 2197 5486 si
2228 5431 2315 5486 vir
2344 5431 2702 5503 apostolicus
2723 5448 2791 5487 ea
2831 5450 3043 5504 passus
3082 5436 3191 5499 est,
3215 5429 3433 5502 quibus
3466 5445 3531 5484 se
3560 5429 3777 5500 Aposto-

2144 5518 2238 5574 lus
2266 5520 2549 5593 gloriatur
2577 5520 2953 5577 exercitatum
2981 5522 3053 5591 (II
3077 5524 3227 5588 Cor.,
3251 5521 3351 5586 xu).
3382 5518 3445 5573 In
3481 5517 3577 5572 his
3609 5522 3775 5571 tamen

2145 5609 2419 5665 omnibus
2448 5615 2688 5666 secutus
2719 5614 2807 5666 est
2831 5610 3018 5677 illum,
3043 5609 3143 5682 qui
3175 5607 3285 5665 sibi
3316 5606 3378 5662 in
3411 5598 3774 5661 tribulationi-

2146 5696 2255 5753 bus
2284 5713 2343 5754 se
2375 5696 2601 5772 placere
2626 5703 2897 5768 testatur,
2933 5699 3168 5774 fugatus
3197 5696 3383 5765 illinc,
3417 5699 3471 5752 ct
3496 5696 3553 5751 in
3581 5687 3771 5750 nostris
