3898 6212
159 288 269 350 917

325 545 396 584 AD
433 543 662 584 ADONEM
698 542 1065 583 VIENNENSEM
1102 544 1623 584 ARCBIEPISCOPUM.

785 644 976 712 (Anno
1006 643 1155 715 865.)

163 762 265 819 Cur
288 759 525 834 synodus
568 776 676 816 non
720 761 898 834 fuerit
939 759 1224 834 celebrata.
1256 760 1590 834 DegArsenio
1623 761 1798 831 legato

228 837 284 890 in
319 831 545 888 'Gallius
596 839 649 887 et
703 831 1054 887 Germaniam
1102 833 1287 886 misso.
1324 831 1690 888 Guntharium
1746 842 1798 889 et

232 902 640 973 Theutgaudum
667 919 778 959 non
805 904 973 974 fuisse
1001 904 1237 974 pristim
1270 903 1475 971 gradui
1503 906 1792 960 restitutos.

132 1022 137 1033 .
223 977 600 1047 Presbyterum
632 974 859 1048 Gerardi
904 976 1116 1048 comitis
1172 975 1466 1031 alteriusve
1505 976 1795 1048 cujuslibet

228 1048 352 1104 laici
378 1046 487 1102 non
518 1054 660 1103 recte
682 1046 975 1118 appellari.

659 1179 842 1253 [Apud
878 1177 1087 1246 Mansi,
1122 1178 1282 1251 ibid.]

226 1317 501 1372 NICOLAUS
540 1314 869 1387 episcopus,
901 1330 1102 1369 servus
1149 1330 1448 1369 servorum
1482 1314 1600 1381 Dei,
1635 1332 1793 1371 reve-

161 1403 481 1462 rentissimo
503 1408 562 1460 et
583 1402 957 1459 sanctissimo
991 1401 1269 1458 confratri
1298 1404 1482 1459 Aoom
1513 1403 1796 1476 archiepi-

162 1511 325 1566 scopo
354 1493 689 1549 Viennensi.

225 1581 467 1647 Miraris,
501 1582 697 1649 frater,
731 1598 836 1636 cur
861 1580 1151 1653 synodum
1185 1580 1533 1653 dispositam
1557 1600 1672 1638 non
1700 1601 1792 1640 ce-

159 1670 585 1739 lebraverimus,
620 1687 755 1726 cum
785 1670 843 1724 in
871 1686 939 1725 ea
967 1669 1119 1725 inter
1146 1674 1352 1726 caetera
1380 1688 1507 1743 quae
1533 1690 1689 1728 nunc
1711 1674 1796 1728 in-

1362 286 1768 351 EPISTOLE
1808 288 1910 349 ET
1951 287 2343 354 DECRETA.

1826 425 1878 489 Α
1911 423 2135 479 cemodi
2172 424 2345 479 verbo
2392 422 2767 491 intellexeris,
2809 442 2916 481 nos
2963 424 3146 481 fateor
3194 422 3557 498 ignoramus.

3440 288 3561 354 918

1909 512 2184 584 Nunquid
2213 512 2716 571 Gerarduscomes
2743 513 2910 570 illum
2937 515 3345 586 presbyterum
3364 532 3562 571 conse-

1909 601 2134 657 cravit?
2154 602 2421 674 nunquid
2452 603 2522 659 de
2553 602 2739 676 ipsius
2770 606 2858 659 est
2889 602 3117 659 diozcesi
3138 602 3167 658 ?
3198 603 3304 658 Ubi
3336 602 3445 659 hoc
3476 602 3558 659 1e-

1908 691 2090 765 gisti?
2122 692 2219 746 ubi
2252 691 2361 747 hoc
2394 692 2698 748 didicisti?
2727 694 2852 748 Nisi
2902 693 3042 765 quia
3088 693 3409 766 presbyteri
3440 711 3556 749 non

1908 780 2237 853 specialiter
2256 780 2509 837 ecclesiae
2540 782 2810 849 civitatis,
2830 786 2932 837 aut
2955 781 3210 836 ecclesia:
3234 782 3557 852 possessio-

1906 871 2018 937 nis,
2052 874 2152 926 aut
2180 871 2463 944 martyrii,
2494 875 2595 926 aut
2625 872 2963 927 monasterii
2996 872 3324 926 secundum
3358 889 3556 928 sacras

1905 959 2137 1031 regulas
2158 959 2521 1023 ordinantur,
2540 960 2639 1027 sed
2664 958 2723 1013 in
2746 958 3018 1015 domibus
3040 958 3322 1014 laicorum
3347 959 3557 1015 consti-

1903 1050 2172 1115 tuuntur,
2196 1052 2405 1104 etcum
2437 1047 2821 1104 saecularibus
2851 1048 2993 1103 adeo
3029 1053 3465 1115 conversantur,
3490 1053 3556 1103 ut

1905 1154 2019 1191 non
2038 1138 2161 1209 jam
2184 1136 2283 1192 Dei
2306 1141 2364 1192 et
2386 1135 2643 1192 ecclesia:
2661 1136 2994 1207 cujuslibet,
3019 1137 3120 1191 sed
3143 1135 3301 1191 illius
3324 1137 3554 1193 comitis

1904 1228 2078 1297 atque
2109 1224 2269 1280 illius
2292 1225 2457 1280 ducis
2479 1241 2607 1281 esse
2630 1225 3033 1280 dicantur?ita
3063 1228 3127 1279 ut
3156 1224 3463 1297 impletum
3478 1226 3557 1281 sit

1903 1315 2060 1386 quod
2093 1331 2197 1386 per
2228 1313 2570 1386 prophetam
2614 1314 2829 1369 dicitur
2861 1330 2873 1367 :
2906 1315 2971 1368 Et
2993 1315 3099 1369 erit
3128 1316 3269 1369 sicut
3295 1316 3551 1386 populus,

1900 1405 1984 1459 sic
2001 1403 2249 1459 sacerdos
2274 1402 2415 1472 (Osc.
2442 1402 2538 1473 1v).
2573 1403 2734 1468 Quod
2761 1403 3006 1458 fortasse
3029 1419 3214 1457 unum
3238 1408 3327 1457 est
3349 1420 3551 1458 eorum

1904 1510 2052 1565 quae,
2086 1509 2221 1547 cum
2254 1492 2313 1546 in
2347 1491 2582 1547 nomine
2614 1492 2843 1547 Domini
2877 1491 3321 1547 convenerimus
3345 1492 3552 1546 unani-

1903 1582 2075 1637 miter
2105 1581 2162 1635 in
2192 1582 2474 1653 idipsum,
2509 1580 2797 1653 oportebit
2828 1581 3130 1635 decentius
3162 1581 3559 1647 emendari,et

1900 1675 2183 1743 tanquam
2214 1675 2564 1726 venenatum
2588 1669 2908 1725 elleborum
2932 1668 3247 1740 amputari.
3268 1670 3556 1742 Optamus

161 1765 480 1835 congruunt
507 1762 595 1832 [[1,
626 1760 952 1833 ingruunt],
984 1762 1040 1814 et
1069 1757 1313 1833 longum
1343 1764 1432 1816 est
1461 1779 1697 1817 narrare
1722 1763 1793 1819 de
1828 1796 1872 1860 B
1904 1760 2327 1816 fraternitatem
2354 1762 2608 1815 vestram
2640 1759 2698 1813 in
2731 1758 2957 1814 Christo
2990 1760 3135 1813 bene
3163 1757 3372 1814 valere.

161 1849 394 1924 negotiis
418 1867 546 1922 quae
569 1849 725 1921 apud
757 1865 858 1905 vos
887 1852 1172 1921 geruntur
1200 1849 1316 1904 Deo
1344 1854 1579 1906 auctore
1599 1852 1796 1924 praci-

161 1954 265 2012 pue
290 1938 589 2005 ventilare,
625 1955 691 1993 ac
734 1954 853 1993 una
898 1936 1222 2006 vobiscum,
1255 1941 1445 1993 tecum
1490 1939 1713 1996 scilicet
1742 1945 1799 1996 et

162 2026 370 2083 caeteris
399 2025 684 2082 fratribus
714 2024 930 2082 nostris
962 2025 1273 2081 decernere
1292 2029 1792 2099 proposuerimus,

161 2121 213 2172 et
235 2133 331 2172 vos
362 2132 466 2188 per
498 2131 646 2188 quos
683 2132 777 2171 res
828 2113 1065 2170 illarum
1115 2114 1443 2188 regionum,
1476 2134 1603 2189 quae
1633 2118 1799 2174 vobis

161 2205 334 2279 magis
362 2221 469 2277 pro
501 2203 800 2261 vicinitate
832 2220 1012 2276 quam
1062 2204 1232 2259 nobis
1262 2209 1410 2260 nota:
1440 2207 1794 2275 consistunt,

162 2292 431 2365 liquidius
460 2296 522 2349 et
551 2292 941 2349 sufficientius
968 2307 1284 2364 agnoscere
1314 2295 1718 2366 sperabamus,
1742 2300 1800 2352 et

164 2400 354 2440 rursus
383 2380 672 2455 quidquid
720 2382 836 2438 Deo
881 2381 1170 2437 revelante
1220 2384 1599 2440 statuendum
1651 2391 1795 2453 erat,

162 2472 268 2528 illis
288 2471 723 2526 arbitrabamur
742 2468 1008 2542 partibus
1030 2470 1796 2539 innotescendum,defueri-

167 2560 269 2628 tis;
298 2558 619 2632 praesertim
673 2575 807 2613 cum
854 2558 1021 2615 vobis
1050 2562 1109 2614 et
1136 2559 1414 2615 omnibus
1460 2577 1605 2632 pene
1645 2562 1801 2618 ultra

163 2648 323 2721 Alpes
350 2647 739 2705 existentibus
783 2647 1176 2703 Ecclesiarum
1210 2648 1311 2704 Dei
1342 2648 1692 2720 praesulibus
1724 2652 1797 2707 ad

167 2738 437 2811 synodum
474 2738 669 2792 Romae
700 2736 1131 2805 celebrandam,
1163 2740 1219 2793 et
1249 2737 1322 2793 ad
1347 2738 1496 2793 hanc
1518 2756 1580 2796 se
1598 2757 1801 2796 convo-

168 2830 370 2882 candos
408 2825 697 2880 fuerimus
748 2825 1109 2897 frequentius
1140 2826 1453 2897 provocati,
1486 2831 1543 2882 et
1572 2844 1676 2900 pro
1707 2827 1801 2884 his

169 2933 284 2988 quae
296 2913 491 2969 illicite
503 2929 805 2986 perperam
818 2917 1077 2986 aguntur
1087 2914 1291 2986 potissi
1302 2932 1463 2969 mum
1477 2915 1800 2972 existamus

166 3002 463 3060 salubriter
494 3001 720 3074 agitati.
748 3001 906 3058 Alias
941 3006 1137 3058 autem
1186 3003 1457 3059 misimus
1486 3005 1799 3061 Arsenium

166 3090 537 3148 venerabilem
585 3091 926 3163 episcopum
974 3091 1419 3163 apocrisiarium
1461 3099 1518 3149 et
1548 3092 1795 3150 missum

168 3181 478 3254 apostolicae
502 3180 660 3236 sedis
680 3184 737 3235 et
757 3179 1158 3236 consiliarium
1181 3182 1798 3249 nostrum,Galliarum
1829 3165 1871 3233 ἶ]

166 3274 218 3326 et
232 3269 549 3326 Germaniae
572 3268 838 3340 partibus
856 3269 926 3324 de
943 3269 1193 3342 negotiis
1212 3267 1490 3326 instantis
1521 3272 1803 3344 temporis

167 3358 419 3430 quaedam
470 3357 773 3412 vobiscum
822 3357 1174 3413 rimaturum
1211 3375 1277 3413 ac
1305 3358 1702 3416 inventurum.
1734 3361 1805 3415 Et

169 3447 285 3503 ideo
307 3463 417 3502 non
441 3444 777 3518 putavimus
805 3463 908 3501 vos
937 3446 1143 3503 debere
1174 3448 1376 3503 deesse
1405 3448 1523 3504 illis
1553 3449 1804 3523 regioni-

170 3535 288 3603 bus,
319 3534 582 3607 quandiu
635 3534 831 3607 ipsum
886 3534 1003 3589 illic
1033 3552 1127 3590 me
1164 3536 1453 3591 demorari
1486 3542 1800 3594 constaret.

171 3623 319 3679 Unde
344 3624 493 3679 bene
525 3622 697 3679 faciet
725 3623 1024 3679 beatitudo
1055 3627 1157 3679 tua
1187 3624 1236 3681 si
1267 3624 1352 3680 illi
1387 3625 1715 3693 adhaeserit,
1750 3631 1807 3681 et

132 3780 135 3783 Α
171 3713 225 3767 in
254 3712 341 3768 his
372 3730 500 3785 qua
534 3729 603 3767 ex
634 3716 834 3768 nostra
863 3711 1225 3785 delegatione
1246 3716 1473 3786 agenda
1492 3721 1649 3783 sunt,
1677 3716 1805 3787 ejus

171 3800 459 3857 laboribus
492 3802 745 3857 fraterne
791 3803 1326 3859 communicaverit.
1358 3805 1581 3860 Asserit
1609 3810 1805 3861 autem

173 3890 438 3946 sanctitas
452 3895 559 3945 tua
576 3890 731 3962 quod
746 3890 902 3944 fama
918 3890 1139 3962 ubique
1157 3895 1467 3965 spargatur
1478 3893 1808 3964 Theutgau-

172 3979 301 4033 dum
329 3983 385 4034 et
409 3977 805 4034 Guntharium
837 3978 1062 4033 dudum
1093 3978 1396 4050 episcopos
1422 3995 1524 4051 per
1554 3997 1660 4035 nos
1693 3981 1808 4051 pri-

173 4067 314 4123 stino
343 4065 552 4139 gradui
586 4067 926 4135 restitutos;
961 4068 1115 4140 quod
1165 4066 1417 4139 qualiter
1459 4068 1551 4140 agi
1583 4071 1809 4140 poterat

174 4156 303 4211 dum
333 4155 548 4225 scelus,
576 4160 697 4211 tam
739 4156 894 4228 quod
930 4174 1027 4212 rex
1054 4156 1361 4212 Lotharius
1390 4156 1447 4211 in
1475 4156 1808 4228 repulsione

173 4245 541 4317 Theutbergae
573 4245 784 4317 regina:
814 4250 871 4301 et
899 4245 1257 4302 admissione
1284 4246 1460 4301 scorti
1487 4246 1805 4314 commisit,

173 4350 335 4405 quam
357 4335 515 4406 quod
542 4333 890 4407 Ingeltrudis
920 4336 1242 4407 apostatrix
1262 4340 1318 4392 et
1330 4335 1593 4391 adultera
1604 4352 1808 4408 perpe-

174 4422 350 4487 travit,
384 4425 577 4478 adhuc
606 4423 814 4497 vigeat,
844 4424 1012 4495 cujus
1044 4423 1299 4480 fautores
1328 4425 1488 4481 fuere
1515 4425 1810 4480 nescimus

1971 2025 2042 2064 AD
2081 2024 2385 2064 ARDUICUM
2423 2022 2921 2064 ARCHIIPISCOPUM
2960 2023 3488 2063 VESONTIONBNSEM.

2546 2124 2733 2195 (Anno
2766 2121 2915 2193 865.)

2255 2238 2551 2312 Respondet
2580 2239 2651 2295 ad
2679 2239 2926 2295 consulta
2952 2238 3210 2310 ejusdem.

2419 2356 2603 2429 [Apud
2639 2355 2849 2427 Mansi,
2886 2355 3048 2428 ibid.]

1980 2474 2268 2529 NICOLAUS
2300 2473 2630 2545 episcopus,
2678 2489 2881 2528 servus
2913 2489 3211 2528 servorum
3246 2471 3369 2539 Dei,
3403 2488 3558 2527 reve-

1909 2563 2244 2619 rentissimo
2267 2566 2323 2617 et
2353 2561 2729 2616 sanctissimo
2762 2560 3037 2615 confratri
3070 2565 3268 2616 nostro
3297 2562 3561 2616 Aaoutco

1910 2650 2342 2707 Bisontionensi
2370 2650 2845 2721 Archiepiscopo.

1980 2744 2138 2795 Inter
2161 2744 2366 2795 caetera
2384 2738 2669 2794 virtutum
2689 2742 2924 2793 tuarum
2948 2738 3361 2811 insignia,quae
3384 2738 3563 2811 pluri-

1909 2830 2022 2885 mis
2044 2834 2183 2885 sunt
2194 2828 2515 2901 gratiarum
2530 2826 2860 2882 actionibus
2877 2826 3557 2886 cumulanda.summam

1909 2917 2301 2975 obedientiam
2333 2921 2529 2971 tenere
2546 2920 2599 2970 te
2631 2915 3026 2987 conspicimus
3054 2932 3186 2969 cum
3207 2915 3559 2972 humilitatis

1910 3007 2165 3079 fastigio.
2188 3007 2409 3060 Etcum
2440 3009 2665 3059 tantam
2696 3004 2755 3058 in
2778 3010 2832 3059 te
2854 3004 3009 3059 circa
3032 3021 3137 3059 nos
3160 3003 3340 3058 animi
3371 3002 3556 3059 admi-

1909 3095 2019 3152 rati
2044 3111 2356 3150 cernamus
2389 3092 3043 3168 alacritatem,mentem
3077 3096 3238 3147 tuam
3272 3092 3559 3164 apostolo-

1913 3202 2041 3240 rum
2075 3183 2286 3256 spiritu
2318 3187 2535 3237 tactam
2570 3199 2685 3237 non
2716 3181 3079 3237 dubitamus.
3099 3180 3203 3236 Cui
3226 3181 3369 3236 dum
3388 3181 3557 3253 apri-

1914 3279 2068 3329 mate
2090 3289 2219 3339 suo,
2241 3272 2413 3342 cujus
2437 3288 2541 3326 nos
2564 3270 2697 3325 licet
2717 3270 2940 3324 meritis
2962 3270 3217 3342 impares
3245 3270 3399 3325 vices
3416 3269 3561 3342 geri-

1912 3379 2069 3428 mus,
2102 3365 2332 3415 tantum
2379 3360 2554 3414 verbo
2604 3359 2915 3421 diceretur,
2962 3358 3100 3413 Vada
3143 3359 3370 3429 piscari,
3405 3356 3558 3412 illico

1913 3451 2344 3523 responderunt
2392 3447 2633 3515 aientes,
2689 3449 2941 3503 Venimus
2969 3456 3019 3502 et
3050 3464 3145 3502 nos
3174 3455 3347 3502 tecum
3377 3449 3557 3514 (Joan.

1913 3558 2028 3604 xxx,
2052 3540 2105 3611 3)
2131 3556 2144 3593 :
2171 3539 2251 3593 ita
2272 3553 2505 3608 quoque
2528 3553 2685 3591 nunc
2718 3536 3125 3591 unanimitatis
3148 3540 3258 3590 ture
3290 3535 3561 3589 fraterni-

1913 3636 2005 3685 tas
2028 3645 2163 3685 cum
2184 3644 2292 3682 nos
2316 3643 2418 3698 pro
2442 3624 2741 3680 lucrandis
2762 3629 2817 3680 et
2839 3623 3250 3680 abstrahendis
3271 3640 3302 3679 e
3323 3622 3487 3678 falsis
3508 3627 3566 3678 et

1916 3717 2134 3773 amaris
2165 3716 2344 3787 hujus
2375 3715 2579 3769 mundi
2614 3713 2947 3786 gurgitibus
2973 3713 3230 3769 fidelium
3253 3712 3566 3767 animabus

1917 3806 2096 3863 studii
2129 3820 2398 3877 gressum
2434 3819 2646 3874 ponere
2678 3803 2802 3857 solo
2833 3818 3102 3857 sermone
3132 3801 3277 3856 velle
3302 3801 3565 3865 sentiret,

1917 3894 2183 3967 protinus
2206 3892 2343 3963 quia
2374 3908 2480 3945 nos
2514 3890 2860 3961 sequi,quia
2888 3906 2993 3960 per
3024 3894 3225 3944 nostra
3255 3888 3455 3960 cupiat
3475 3905 3567 3943 ve-

1916 3982 2091 4054 stigia
2122 3984 2421 4052 gratanter
2451 3978 2736 4043 incedere,
2763 3976 2985 4031 nullam
3017 3976 3358 4031 dilationem
3390 3992 3567 4046 passa

1915 4069 2302 4142 suggessit,et
2334 4083 2520 4137 usque
2549 4066 2620 4120 ad
2655 4069 2899 4120 mortem
2933 4082 2994 4119 se
3027 4065 3332 4119 nobiscum
3363 4068 3567 4119 contra

1916 4160 2114 4215 hostes
2136 4156 2569 4216 dimicaturum,
2587 4154 2788 4209 crebra
2808 4153 3098 4226 legatione
3128 4154 3567 4224 missaspopon-

1917 4248 2022 4303 dit.
2046 4246 2157 4303 Sed
2180 4260 2417 4299 oramus
2450 4242 2913 4313 omnipotentem
2941 4242 3123 4297 Deum
3158 4246 3222 4297 ut
3251 4241 3344 4296 cui
3376 4242 3565 4297 factus

1917 4354 1980 4393 es
2001 4336 2059 4390 in
2083 4331 2423 4403 hujusmodi
2450 4330 2838 4403 promissione
2866 4330 3210 4398 consimilis,
3231 4335 3567 4403 protegente

1917 4426 2047 4497 ipso
2061 4421 2333 4478 efﬁciaris
2348 4419 2403 4474 in
2419 4419 2726 4491 negatione
2748 4417 3568 4489 dissimilis.Quanquam,etsi

175 4512 219 4565 si
240 4512 357 4584 ipse
381 4511 758 4584 aliquatenus
779 4512 1196 4568 animadvertis
1222 4530 1233 4568 :
1260 4514 1548 4586 praecipue
1570 4514 1628 4568 in
1652 4514 1809 4569 Gun-
1840 4534 1886 4598 D
1918 4514 2033 4570 tale
2063 4512 2199 4584 quid
2234 4510 2565 4574 accidisset,
2597 4507 2751 4562 idem
2798 4507 2922 4579 ipse
2954 4508 3142 4561 fuerat
3172 4506 3230 4560 in
3263 4522 3566 4577 recupera-

177 4600 374 4672 thario,
388 4601 488 4672 qui
506 4605 707 4656 contra
720 4618 917 4657 sacros
929 4617 1181 4657 canones
1195 4602 1428 4658 decreta
1440 4607 1638 4659 nostra
1652 4607 1809 4675 post-

177 4705 408 4759 ponens,
423 4688 821 4745 ministerium
835 4689 949 4745 sibi
960 4689 1204 4745 vetitum
1211 4690 1234 4760 j
1246 4694 1381 4745 uxta
1395 4692 1814 4763 praecedentem

178 4778 654 4834 consuetudinem
686 4778 1023 4851 contingere
1053 4796 1234 4835 ausus
1258 4784 1365 4835 est.
1382 4780 1656 4846 Quamvis
1677 4796 1813 4852 ergo

178 4864 305 4921 hinc
350 4866 500 4922 nihil
550 4884 738 4939 usque
784 4867 976 4924 adhuc
1004 4869 1063 4923 in
1097 4869 1268 4925 corde
1299 4873 1498 4924 nostro
1528 4874 1810 4935 teneatur,

182 4957 365 5011 tamen
394 4956 443 5012 si
476 4957 548 5011 de
577 4956 936 5013 restituendo
985 4974 1282 5029 quoquam
1331 4974 1534 5012 eorum
1592 4957 1813 5029 aliquid

180 5042 518 5116 egissemus,
551 5050 977 5118 consequenter
1009 5045 1161 5101 sicut
1190 5046 1261 5100 de
1291 5062 1452 5113 casu,
1478 5045 1560 5101 ita
1581 5062 1816 5117 quoque

181 5132 446 5189 omnibus
481 5132 646 5190 vobis
674 5134 745 5189 de
776 5134 1141 5191 restitutione
1172 5133 1422 5191 scribere
1451 5151 1812 5190 curaremus.

182 5219 318 5277 lllud
359 5227 577 5291 autem,
612 5222 791 5278 frater
836 5222 1200 5289 charissime,
1235 5222 1546 5279 ridiculose
1594 5223 1814 5289 sonuit,

182 5310 325 5381 quod
358 5310 594 5383 apicum
624 5314 860 5366 tuorum
884 5312 1150 5385 gerulum
1184 5312 1351 5368 nobis
1374 5313 1815 5383 commendans,

182 5396 329 5453 hunc
346 5399 751 5472 presbyterum
773 5400 1011 5456 Gerardi
1034 5399 1280 5456 illustris
1301 5400 1531 5455 comitis
1552 5417 1680 5454 esse
1699 5418 1817 5471 per-

182 5484 455 5543 hibueris.
480 5487 626 5544 Vere
664 5490 820 5561 quod
846 5488 969 5562 [pro
992 5489 1155 5561 quid.
1180 5490 1386 5553 HARD.]
1419 5488 1524 5542 hoc
1558 5489 1818 5543 scribens

184 5575 485 5645 prudentia
515 5580 616 5633 tua
643 5576 835 5634 dicere
864 5577 1229 5645 voluerit,vel
1251 5577 1390 5649 quid
1422 5593 1597 5649 super
1618 5577 1820 5646 hujus-

1919 4604 2078 4659 tione
2109 4602 2295 4656 forma
2337 4598 2571 4670 penitus
2620 4596 2945 4663 imitabilis,
2978 4597 3183 4650 beatus
3212 4594 3436 4650 scilicet
3468 4595 3567 4649 Pe-

1922 4699 2051 4748 trus
2073 4686 2469 4761 apostolorum
2496 4686 2790 4759 princeps,
2815 4685 2916 4756 qui
2937 4684 3147 4740 Malchi
3173 4682 3456 4755 corporali
3474 4684 3571 4738 ah-

1924 4781 2110 4837 scissa
2140 4776 2332 4852 gladio
2385 4792 2524 4831 aure
2573 4773 3050 4842 inobedientiam,
3084 4777 3141 4828 et
3170 4773 3229 4827 in
3257 4772 3485 4827 Anania
3514 4777 3573 4827 et

1924 4869 2172 4941 Saphira
2202 4865 2450 4939 spiritali
2481 4863 2638 4918 verbi
2672 4879 2949 4918 mucrone
2982 4862 3351 4917 mendacium
3375 4864 3429 4916 et
3446 4878 3574 4916 ava-

1922 4958 2120 5013 ritiam
2143 4953 2410 5029 perculit.
2436 4953 2619 5023 Cujus
2641 4952 2781 5006 dum
2807 4951 3006 5006 sedem
3034 4949 3329 5005 veneraris
3350 4954 3406 5004 et
3423 4966 3571 5020 pra:-

1923 5050 2092 5118 cepta
2104 5041 2672 5110 sectaris,credimus
2696 5040 2848 5111 quod
2875 5037 3572 5111 patrociniaquoqueadi-

1925 5134 2192 5208 piscaris,
2217 5137 2273 5187 et
2296 5131 2449 5203 apud
2474 5131 2657 5185 Deum
2680 5126 3165 5183 intercessionum
3191 5143 3432 5182 suarum
3454 5129 3573 5195 teg-

1927 5223 2087 5278 mina
2108 5220 2637 5291 consequare.Jam
2660 5233 2790 5273 vero
2813 5217 2884 5271 ad
2910 5216 3177 5271 consulta
3195 5214 3573 5270 fraternitatis

1925 5312 2136 5377 ture,de
2148 5310 2365 5381 quibus
2380 5326 2480 5380 per
2501 5308 2832 5363 litterarum
2856 5310 3089 5361 tuarum
3114 5305 3450 5376 portitorem
3468 5302 3573 5357 tibi

1924 5399 2163 5455 voluisti
2196 5397 2555 5469 responderi,
2593 5400 2764 5467 prout
2802 5396 3087 5455 Dominus
3119 5393 3364 5458 dederit,
3397 5410 3429 5447 a
3461 5407 3575 5462 quo

1927 5491 2015 5542 est
2042 5502 2201 5539 omne
2248 5485 2439 5539 datum
2481 5487 2748 5555 optimum
2775 5492 2826 5539 ct
2857 5480 3012 5539 mune
3038 5483 3243 5538 donum
3280 5484 3580 5554 per/celum

1927 5578 2068 5643 (Jac.
2113 5591 2154 5639 ι,
2205 5574 2307 5641 I7),
2359 5572 2574 5627 mentis
2626 5572 2861 5628 oculum
2917 5572 3253 5645 dirigentes,
3309 5568 3579 5626 charitati
