3898 6212
364 343 486 406 919

1735 328 2046 409 NICOLAI
2090 343 2316 409 ΡΑρλΕ
2359 346 2409 410 ι.

3640 322 3778 408 '920

366 484 479 534 tum
514 497 622 534 non
658 481 1074 534 subtrahcmus
1112 479 1207 534 sed
1245 479 1438 550 po'ius
1473 483 1746 551 ta'tquznn
1783 480 2009 534 cu‘lilus
2043 481 2092 544 Α
2126 480 2342 550 cepnlm
2365 482 2590 550 abierit,
2622 481 2768 538 alter
2798 483 2896 556 qui
2930 486 3226 555 superstes
3255 481 3532 546 fuerit,et
3565 479 3622 535 in
3653 483 3779 534 arto-

367 569 549 642 gratis
581 574 884 640 acceptum
917 569 1290 624 donabimus.

957 701 1138 740 CAPUT
1178 701 1431 739 PRIMUM.

439 793 554 846 llas
571 791 746 865 igitur
767 809 892 863 qua:
917 791 1146 848 duobus
1173 791 1449 845 fratribus
1473 791 1894 863 nupserint,vcl
1915 792 2015 864 qui

368 881 516 937 duas
535 898 764 937 sorores
786 898 992 936 uxores
1016 881 1366 952 acceperint,
1393 881 1704 936 concilium
1729 882 2020 937 Neocaesa-

368 972 560 1027 riensc
583 987 770 1041 usque
790 970 862 1025 ad
887 975 1135 1025 mortem
1159 969 1353 1038 abjici,
1375 973 1429 1024 et
1447 969 1500 1024 in
1525 970 1682 1024 exitu
1706 987 1812 1039 suo
1835 970 2016 1042 poeni-

369 1059 563 1116 tentia:
589 1057 1254 1126 remedium,dissolutis
1277 1057 1560 1112 duntaxat
1583 1059 1763 1129 hujus
1781 1059 2021 1128 conjun-

370 1148 584 1204 ctionis
613 1147 884 1212 vinculis,
918 1146 1194 1218 consequi
1220 1147 1409 1218 jubet.
1437 1147 1552 1203 llos
1573 1152 1766 1203 autem
1795 1147 1882 1204 vel
1911 1147 2020 1202 has

374 1238 472 1310 qui
493 1237 578 1292 vel
601 1254 727 1309 qua:
751 1241 882 1309 post
905 1235 1306 1307 paenitentiam
1348 1253 1496 1292 nova
1541 1236 1814 1308 conjugia
1843 1241 1898 1292 et
1927 1236 2021 1292 in-

373 1326 590 1382 hibitos
621 1325 947 1397 appetivere
979 1323 1568 1392 concubitus,bcatus
1600 1342 1750 1396 papa
1777 1323 2020 1380 Sirieius

373 1433 408 1472 a
428 1414 742 1471 Dominicze
767 1431 981 1469 mensa:
1006 1413 1263 1468 convivio
1287 1418 1540 1485 separat,
1573 1419 1628 1468 et
1659 1413 1782 1470 solo
1811 1413 2021 1468 viatico

373 1521 508 1560 cum
541 1504 608 1558 ad
645 1503 954 1558 Dominum
990 1503 1271 1575 cmperint
1301 1501 1611 1574 proﬁcisci,
1634 1519 1734 1572 per
1764 1519 2024 1557 commu-

376 1593 569 1649 nionis
601 1591 850 1663 gratiam
896 1590 1077 1646 voluit
1121 1590 1337 1646 talibus
1382 1591 1700 1646 subveniri.
1735 1593 1856 1658 Quo
1887 1607 2023 1664 ergo

374 1686 541 1756 pacto
575 1680 770 1753 aliquo
803 1685 1051 1753 possunt
1081 1680 1164 1735 uti
1195 1679 1720 1752 conjugio,quibus
1744 1697 1848 1735 nec
1879 1679 2026 1735 inhi-

374 1772 530 1826 bitos
559 1771 748 1826 denuo
800 1775 1055 1842 repetere
1104 1768 1472 1833 concubitus,
1507 1785 1611 1823 nec
1642 1786 1848 1824 rursus
1879 1785 2026 1824 nova

376 1859 650 1932 conjugia
680 1859 811 1914 licet
841 1858 1202 1926 contrahere,
1227 1875 1357 1912 cum
1385 1857 1558 1913 etiam
1593 1857 1896 1913 dissolutis
1919 1858 2027 1912 hu-
2059 1850 2104 1914 Β

370 1948 635 2022 jusmodi
666 1946 1098 2017 conjunctionis
1129 1946 1890 2016 vinculis,nonnisiinexitu
1916 1964 2028 2018 pm-

378 2037 634 2094 nitentise
649 2035 971 2092 remedium
987 2035 1131 2091 tales
1145 2035 1422 2106 consequi
1440 2035 1694 2106 possint?
1707 2036 1828 2090 Non
1847 2035 2000 2090 enim
2012 2077 2025 2101 ,

379 2131 446 2180 ut
475 2129 676 2181 saneto
707 2125 989 2179 innuente
1019 2123 1263 2196 prznsule
1294 2123 1503 2178 Siricio
1536 2141 1714 2196 supra
1757 2123 2026 2179 memini-

381 2217 647 2279 mus,aut
669 2229 814 2267 nova
830 2212 1231 2283 conjugia,aut
1251 2211 1527 2266 inhibitos
1545 2213 1737 2267 denuo
1759 2216 2028 2283 appetere

382 2301 731 2358 concubitus
761 2299 982 2371 hosqui
1009 2299 1410 2371 pmnitcntiam
1445 2316 1736 2355 reservare
1769 2301 2026 2366 student,

383 2394 630 2463 oportet.
653 2389 861 2444 Praeter
884 2389 1003 2443 haec
1025 2394 1220 2444 autem
1256 2389 1548 2460 quomodo
1583 2393 1781 2460 posset
1801 2389 2030 2443 duabus

383 2479 684 2536 sororibus
712 2478 801 2532 vir
829 2477 1213 2549 quilil)et,aut
1244 2477 1474 2532 duobus
1507 2476 1782 2532 fratribus
1819 2477 2030 2548 qumvis

383 2568 596 2624 mulier
625 2566 906 2640 copulari,
940 2571 996 2622 et
1028 2584 1233 2620 rursus
1264 2565 1591 2620 viventibus
1633 2565 1749 2620 illis
1781 2567 1851 2620 ad
1883 2565 2030 2621 alias

381 2656 618 2730 nuptias
647 2655 971 2718 convolare,
992 2672 1124 2710 cum
1148 2653 1281 2710 licet
1304 2656 1590 2725 nonjure,
1617 2654 1674 2709 in
1699 2655 1929 2710 duabus
1951 2659 2032 2710 ta-

381 2763 514 2802 men
549 2743 837 2818 personis,
869 2743 1226 2799 connubium
1266 2748 1632 2799 contractum
1675 2745 1803 2816 jam
1837 2743 2028 2812 fuerit,

386 2839 444 2891 et
464 2834 788 2890 secundum
828 2832 1201 2905 Evangelium
1238 2831 1464 2887 vivente
1495 2849 1611 2888 uno
1633 2850 1700 2888 ex
1722 2833 2028 2888 matrimo-

382 2923 504 2992 nio,
536 2922 680 2978 alter
711 2921 758 2977 si
791 2923 1100 2993 conjugem
1134 2921 1384 2989 duxerit,
1408 2921 1733 2977 mmehatur
1755 2921 1780 2976 ?
1801 2923 1961 2987 Quod
1982 2921 2031 2976 si

384 3015 628 3068 mortuae
651 3011 776 3081 jam
807 3015 947 3066 sunt
978 3009 1090 3064 illa:
1121 3010 1248 3064 dum
1281 3027 1511 3065 sorores
1540 3010 1626 3065 vel
1653 3011 1881 3072 fratres.
1902 3011 2029 3082 qui-

385 3101 497 3157 bus
517 3101 606 3156 vir
633 3098 716 3155 vel
754 3099 965 3155 mulier
987 3100 1197 3170 juncta
1229 3099 1358 3166 fuit,
1391 3104 1447 3154 et
1489 3099 1618 3155 ideo
1665 3098 2035 3154 existimatur

382 3190 586 3246 tertias
617 3187 936 3281 quemlibet
951 3188 1035 3242 vel
1057 3187 1382 3259 quamlibet
1411 3188 1646 3281 nuptias
1669 3189 2030 3255 contrahere,
2063 3215 2106 3281 ρ

387 3278 690 3334 sciendum
724 3282 811 3333 est
841 3275 980 3348 quia
1005 3294 1110 3331 nos
1143 3294 1256 3330 non
1291 3276 1396 3331 hoc
1421 3293 1454 3331 a
1486 3275 1779 3332 Salvatore
1813 3282 2030 3346 nostro,

388 3385 504 3423 non
518 3367 590 3422 ab
603 3365 906 3440 apostolis,
921 3381 1036 3420 non
1057 3365 1128 3419 ab
1161 3364 1498 3436 apostolicis
1520 3364 1658 3421 viris
1679 3365 2034 3438 accepimus,

389 3457 488 3512 sed
525 3473 630 3511 nec
662 3453 1067 3526 accipiendum
1101 3453 1536 3508 mandabimus.

1073 3585 1256 3624 CAPUT
1295 3586 1352 3624 11.

461 3677 578 3731 llos
605 3691 739 3729 vero
771 3673 872 3746 qui
920 3674 990 3728 de
1041 3673 1276 3746 propria
1321 3675 1827 3746 consanguinitate
1870 3693 1935 3731 ac
1967 3677 2036 3732 de

389 3762 626 3837 propria
655 3761 998 3834 cognatione
1047 3779 1256 3818 uxores
1305 3763 1619 3834 accipiunt,
1651 3763 1740 3818 vel
1781 3765 2034 3830 nubunt,

388 3851 525 3924 quis
548 3868 663 3906 non
713 3850 1099 3922 reprehendat
1122 3855 1180 3907 et
1200 3851 1447 3922 arguat?
1477 3868 1610 3906 cum
1643 3852 1817 3908 etiam
1848 3853 2034 3908 sancti

341 4014 346 4020 ἰ
387 3941 844 4014 praedecessores
860 3940 1038 3996 nostri
1057 3939 1388 4013 apostolicae
1411 3941 1566 3996 sedis
1588 3941 2039 4007 antistites,Gre-

386 4029 586 4106 gorius
619 4029 842 4084 scilicet
873 4035 927 4084 et
957 4029 1286 4096 Zacharias,
1318 4029 1424 4085 hos
1475 4030 1868 4086 anathematis
1906 4048 2036 4084 mu-

386 4135 562 4175 crone
594 4117 942 4190 percutiant,
976 4124 1032 4173 et
1061 4118 1298 4174 dissolvi
1349 4119 1690 4191 hujusmodi
1739 4117 2032 4191 copulam,

387 4210 589 4279 utpote
620 4207 942 4262 bestiarum
973 4225 1135 4263 more
1164 4211 1544 4276 contractam,
1576 4207 1815 4263 omnino
1849 4206 2037 4263 volue-

385 4295 523 4351 rint.
548 4295 680 4352 Jam
701 4312 831 4350 vero
863 4301 1174 4368 postquam
1206 4296 1494 4352 dissoluta
1523 4297 1734 4370 copula
1763 4295 2034 4364 fuerit,ab

383 4383 632 4440 invicem
657 4385 928 4456 separati,
954 4385 1003 4439 si
1025 4386 1433 4458 possint,quod
1459 4386 1798 4451 sciscitaris,
1815 4385 1886 4440 ad
1913 4401 2034 4440 me-

385 4471 500 4528 lius
531 4489 859 4528 commeare
889 4475 1251 4546 conjugium,
1287 4474 1448 4530 nulla
1495 4475 1639 4528 ratio
1671 4479 1846 4544 patet.
1879 4476 2032 4539 Quo-

383 4561 544 4650 niam
577 4578 711 4618 cum
743 4561 802 4650 hi
835 4563 1185 4634 paenitentia:
1219 4562 1602 4650 submittendi
1639 4561 1901 4626 sint,nee
1927 4563 2032 4618 hos
2063 4583 2110 4650 Ι)

381 4649 664 4706 inhibitos
694 4649 804 4706 sibi
835 4652 1205 4714 concubitus,
1223 4667 1326 4704 nec
1349 4649 1464 4703 alia
1485 4665 1630 4703 nova
1651 4654 1919 4720 appetere
1937 4651 2034 4706 de-

384 4737 527 4795 bent
545 4739 838 4810 coniugia.
875 4739 1136 4808 Denique
1167 4737 1216 4791 si
1247 4737 1506 4791 Thamar
1537 4753 1570 4790 a
1602 4736 1796 4804 fratre,
1819 4743 1876 4793 et
1903 4755 2034 4794 con-

380 4827 610 4884 cubime
639 4827 814 4882 David
850 4843 884 4880 a
917 4825 1034 4880 ﬁlio
1063 4827 1190 4895 ejus
1238 4822 1519 4878 violenter
1547 4841 1858 4896 oppressae,
1894 4843 2026 4897 pro-

378 4915 810 4988 pterincestum
843 4913 1061 4968 coitum
1086 4911 1277 4966 nullas
1303 4910 1537 4983 nuptias
1568 4913 1924 4969 contraxisse
1947 4932 2023 4970 re—

378 5003 582 5068 fertur,
616 5007 673 5056 et
719 5000 973 5056 Adonias
1005 5018 1037 5054 a
1069 4999 1380 5053 Salomone
1439 5006 1623 5054 morte
1683 5001 1924 5072 punitur
1959 5021 2026 5058 eo

379 5091 531 5163 quod
553 5089 809 5162 puellam
835 5104 961 5158 quae
985 5105 1118 5141 cum
1136 5092 1296 5158 patre
1311 5087 1758 5158 pudicetantum
1782 5091 2028 5147 dormie-

377 5183 485 5246 rat,
520 5193 757 5232 uxorem
789 5173 902 5228 sibi
931 5174 1054 5228 dari
1091 5174 1414 5245 poposcerit
1447 5193 1459 5230 :
1495 5183 1714 5248 quanto
1745 5181 1934 5251 magis
1964 5180 2024 5235 hi

378 5266 478 5338 qui
512 5268 720 5336 sponte
751 5263 1086 5330 junguntur
1115 5267 1172 5316 et
1201 5261 1674 5322 irrationabiliter
1705 5268 2028 5324 miscentur

378 5357 692 5425 postquam
726 5347 976 5416 separati
1013 5347 1246 5416 fuerint,
1282 5351 1468 5424 digna:
1502 5355 1852 5426 paenitentiae
1885 5359 2022 5412 sub-

379 5440 570 5501 missi,
604 5435 818 5486 debent
849 5431 1039 5487 nullas
1072 5437 1327 5508 nuptias,
1355 5441 1453 5495 sed
1478 5442 1802 5498 castitatem
1829 5445 2024 5516 potius

379 5530 653 5605 appetere
675 5518 970 5605 depcactero
1001 5527 1212 5582 mentis
1240 5534 1296 5583 et
1317 5531 1578 5601 corporis
1599 5533 1625 5585 ’ἲ
1645 5537 1792 5587 Sane
1817 5533 1862 5587 si
1890 5534 2025 5605 qui-

374 5609 514 5664 libet
535 5609 606 5663 dc
622 5604 732 5658 hac
746 5601 999 5663 infausta
1013 5615 1422 5671 commistione
1437 5601 2021 5688 postdissolutionem

2124 567 2411 624 lescentize
2446 573 2616 627 annis
2666 573 2859 628 adhuc
2898 573 3211 639 detinetur,
3247 571 3295 626 si
3332 573 3652 642 ingruente
3681 570 3780 625 ali-

2127 675 2241 729 quo
2273 659 2416 714 forte
2449 660 2790 717 discrimine
2836 661 2957 734 egit
3001 659 3452 732 pmnitudinem,
3487 661 3548 712 et
3577 675 3640 713 se
3671 676 3779 714 non

2127 764 2299 818 posse
2331 747 2625 804 continere
2657 749 3059 822 conqueritur,
3091 747 3348 819 conjugii
3394 745 3553 802 valet
3597 764 3782 802 reme-

2127 835 2223 890 dio
2255 835 2572 892 subveniri.
2608 837 2790 908 Cujus
2816 836 3192 911 indulgentiae
3227 836 3483 891 formam
3511 834 3783 890 volumus

2127 925 2302 980 etiam
2335 925 2490 980 circa
2536 925 2785 982 feminas
2831 926 3146 982 observari.
3184 925 3246 982 ln
3282 941 3402 997 quo
3435 929 3637 980 tamen
3672 943 3786 980 non

2127 1013 2389 1085 regulam
2413 1015 2852 1086 constituimus,
2877 1017 2977 1071 sed
3001 1032 3135 1070 cum
3158 1012 3374 1070 eximia
3394 1013 3678 1069 columna
3693 1015 3790 1070 Ec-

2129 1102 2315 1158 clesiae
2347 1104 2516 1159 beato
2549 1105 2736 1160 Leone
2768 1121 2920 1177 papa
2949 1103 3089 1176 quid
3123 1103 3201 1160 sit
3232 1101 3604 1158 tolerabilius
3625 1104 3786 1158 aesti-

2133 1209 2384 1247 mamus.

2805 1299 2990 1338 CAPUT
3021 1298 3102 1336 Ill.
3263 1347 3268 1350 _

2203 1369 2384 1437 (Conc.
2419 1370 2641 1442 Ancyra,
2677 1387 2725 1425 c.
2761 1371 2866 1437 l7.)
2897 1371 3009 1425 Eos
3033 1373 3227 1424 autem
3253 1369 3355 1441 qui
3379 1385 3516 1424 cum
3551 1371 3789 1442 pecudi-

2133 1458 2244 1513 bus
2269 1457 2818 1524 miseentur,sancta
2840 1458 3100 1530 synodus
3122 1475 3237 1513 non
3260 1456 3555 1530 nuptialia
3575 1459 3790 1514 fmdera

2132 1546 2493 1612 contrahere,
2518 1548 2617 1602 sed
2644 1547 2798 1604 inter
2817 1564 2916 1602 eos
2946 1563 3111 1603 orare
3136 1545 3398 1619 praecipit
3431 1545 3535 1618 qui
3567 1548 3643 1602 ab
3669 1549 3788 1619 spi-

2133 1636 2249 1690 ritu
2272 1639 2554 1690 vexantur
2573 1634 3322 1691 immundo.Verumtan:en
3348 1634 3395 1690 si
3420 1633 3524 1707 qui
3552 1636 3790 1706 suntju-

2103 1723 2382 1788 \veneuli,
2416 1724 2515 1793 qui
2567 1727 2730 1778 tanto
2787 1721 3014 1796 piaculo
3071 1722 3395 1796 constricti,
3443 1723 3786 1779 imminente

2135 1813 2340 1868 mortis
2369 1814 2541 1867 exitio
2564 1811 2648 1867 vel
2682 1812 3038 1884 captivitatis
3067 1811 3358 1877 cxsulatu,
3382 1811 3785 1885 pmniteutiam

2135 1905 2465 1974 gesserunt,
2498 1919 2562 1956 ac
2597 1905 2870 1974 paventes
2907 1906 3040 1974 post
3069 1901 3189 1956 haec
3219 1900 3670 1957 incontinentiae
3698 1919 3786 1957 ca-

2136 1991 2369 2057 sum,ad
2393 1989 2724 2062 conjugalis
2737 1991 3013 2046 consortii
3039 1990 3299 2046 remedia
3317 2007 3424 2046 con
3437 1991 3786 2063 fugerint,ne

2137 2079 2196 2134 in
2229 2079 2450 2134 crimen
2487 2078 2889 2134 fornicationis
2922 2078 3189 2135 fortassis
3219 2078 3572 2141 inciderent,
3609 2079 3785 2136 consi-

2133 2167 2280 2222 lium
2312 2167 2740 2240 dignoscuntur
2770 2166 2990 2223 veniale
3011 2167 3465 2239 sumpsisse,ita
3486 2165 3786 2240 duntaxat,

2137 2257 2184 2312 si
2219 2274 2334 2312 non
2365 2257 2535 2313 modo
2568 2255 2986 2313 irrationabilis
3016 2256 3336 2312 animantis
3368 2255 3544 2329 (proh
3579 2257 3740 2312 nefas
3755 2258 3784 2326 Β)

2138 2345 2210 2399 de
2240 2349 2443 2399 caatcro
2493 2343 2966 2410 contubernium,
2997 2347 3401 2399 verumtamen
3449 2344 3651 2399 omnis
3680 2361 3788 2398 om-

2139 2433 2278 2488 nino
2297 2432 2582 2496 mulieris,
2604 2439 2844 2504 excepto
2861 2432 3129 2504 conjugis
3143 2432 3410 2504 propriae,
3427 2435 3781 2489 consortium

2138 2520 2542 2576 declinarint.J
2555 2529 2751 2576 ustum
2775 2521 3040 2576 videlicet
3056 2521 3160 2576 Lot
3185 2520 3418 2592 imitati,
3437 2522 3540 2594 qui
3557 2527 3624 2578 ut
3639 2528 3787 2577 vasta

2139 2611 2528 2666 Sodomorum
2562 2611 2802 2666 evadere
2837 2610 3123 2683 potuisset
3149 2610 3444 2680 incendia,
3461 2612 3651 2684 Segor
3669 2629 3786 2684 par-

2137 2716 2269 2754 vam
2301 2698 2682 2766 civitatulam,
2719 2703 2784 2754 ut
2839 2697 2926 2754 vel
2981 2699 3040 2754 in
3099 2716 3167 2754 ea
3219 2696 3571 2765 salvaretur,
3599 2700 3782 2772 elegit.

2141 2789 2291 2843 Sane
2324 2803 2436 2860 non
2472 2787 2529 2841 in
2562 2787 2672 2842 hoc
2713 2786 2997 2858 regulam,
3031 2785 3184 2842 sicut
3213 2786 3489 2860 superius
3519 2787 3784 2848 diximus.

2139 2857 2586 2948 promulgamus
2613 2893 2626 2942 ;
2661 2876 2762 2930 sed
2782 2857 2867 2930 ine
2897 2874 3156 2931 deterius
3201 2857 3495 2948 peccetur,
3529 2877 3684 2949 quod
3715 2876 3784 2930 le-

2139 2966 2268 3020 vius
2294 2966 2667 3031 arhitramur,
2712 2964 3140 3037 indulgendum
3192 2969 3492 3036 utcunque
3537 2964 3786 3037 praevidi-

2142 3071 2296 3110 mus.
2325 3055 2588 3125 Denique
2610 3054 2780 3125 juxta
2813 3052 3044 3125 plenam
3095 3053 3558 3108 satisfactionem
3603 3051 3680 3108 nil
3711 3053 3785 3108 eis

2143 3143 2580 3200 convenientius
2641 3149 2750 3208 est,
2806 3142 2906 3213 qui
2965 3145 3086 3196 tam
3143 3141 3474 3214 pernicioso
3508 3146 3584 3214 et
3639 3141 3782 3197 omni

2147 3251 2315 3306 pmna
2346 3233 2648 3305 plectendo
2675 3231 2888 3287 scelere
2913 3229 3334 3304 pmnitudincm
3365 3235 3783 3303 gerunt,quam

2145 3337 2520 3395 perseverans
2576 3321 2816 3376 castitas
2875 3337 2989 3375 non
3050 3319 3244 3376 solum
3301 3319 3568 3392 corporis
3609 3320 3704 3375 sed
3737 3324 3786 3374 et

2146 3411 2380 3466 mentis.

2824 3514 3002 3554 CAPUT
3041 3514 3116 3552 IV.

2594 3589 2666 3642 De
2691 3588 2939 3658 episcopo
2965 3587 3131 3642 semel
3159 3587 3340 3641 electo.

2219 3677 2353 3731 Post
2384 3681 2629 3731 mortem
2653 3692 2784 3730 vero
2811 3673 3068 3747 episcopi
3092 3674 3190 3748 qui
3214 3673 3394 3729 semel
3419 3673 3480 3728 in
3511 3673 3635 3729 loco
3664 3675 3786 3744 ejus

2145 3765 2365 3820 electus
2398 3765 2589 3830 fuerit,
2615 3764 2664 3820 si
2689 3765 2746 3819 in
2771 3763 2932 3819 nullo
2957 3781 2990 3818 a
3011 3763 3194 3819 sacris
3225 3761 3556 3819 canonibus
3585 3762 3785 3830 deviat,

2145 3859 2200 3908 et
2231 3853 2434 3909 electio
2466 3854 2594 3925 ejus
2626 3870 2740 3908 non
2771 3871 2804 3908 a
2834 3851 3216 3908 saecularibus
3247 3851 3607 3924 quibusque,
3639 3850 3738 3906 sed
3760 3868 3788 3904 a

2146 3942 2298 3999 clero
2330 3942 2596 3997 Ecclesia:
2627 3959 2759 3998 cum
2806 3958 3096 3998 consensu
3157 3941 3488 4012 primorum
3549 3939 3786 3995 civitatis

2147 4031 2333 4104 ipsius
2363 4032 2536 4086 fuerit
2565 4030 2908 4103 composita,
2933 4036 2991 4086 et
3021 4033 3357 4086 sanctorum
3383 4028 3626 4084 Patrum
3648 4028 3700 4082 in
3729 4044 3787 4083 eo

2145 4120 2515 4176 consentiant
2547 4118 3066 4192 promulgationes,
3098 4123 3156 4174 et
3184 4123 3301 4175 tam
3339 4118 3476 4173 fidei
3510 4117 3784 4191 dogmati-

2145 4209 2256 4264 bus
2289 4225 2465 4280 quam
2494 4209 2662 4263 bonis
2683 4208 2997 4263 concordat
3020 4207 3300 4274 moribus,
3329 4205 3497 4262 nulla
3519 4207 3686 4262 debet
3704 4204 3782 4260 ul-

2143 4297 2326 4352 terius
2358 4297 2582 4352 ratione
2614 4295 2917 4352 removeri.
2939 4295 3209 4368 Alioquin
3236 4300 3299 4351 ut
3326 4296 3784 4368 praavaricatores

2143 4392 2200 4442 et
2219 4387 2694 4460 tergiversatores
2719 4386 2819 4458 qui
2842 4385 2952 4441 hoc
2973 4385 3345 4451 tentaverint,
3369 4401 3404 4439 a
3425 4384 3617 4440 sacris
3637 4399 3784 4454 regu-

2142 4474 2214 4530 lis
2236 4479 2576 4547 arguentur.
2602 4474 2670 4528 Et
2695 4473 2983 4546 praecipue
3001 4473 3102 4546 qui
3137 4475 3343 4528 contra
3372 4489 3547 4527 suam
3583 4471 3781 4546 profes-

2143 4564 2366 4620 sionem
2398 4562 2486 4617 vel
2517 4562 3009 4634 subscriptionem
3027 4561 3220 4627 ierint,
3241 4560 3549 4618 canonicis
3572 4560 3783 4634 legibus

2144 4652 2545 4708 arctabuntur.
2716 4663 2720 4666 ·

2831 4755 3015 4795 CAPUT
3043 4755 3098 4793 V.

2211 4831 2290 4886 De
2321 4827 2774 4900 chorepiscopis,
2804 4827 2875 4883 de
2907 4827 3124 4899 quibus
3152 4825 3416 4883 consulis
3440 4828 3642 4881 utrum
3664 4842 3778 4898 pre-

2136 4921 2401 4992 sbyteros
2423 4922 2478 4973 et
2509 4917 2788 4972 diaconos
2817 4915 3044 4972 valeant
3076 4915 3606 4980 consecrare,sacri
3629 4919 3781 4970 teca-

2137 5024 2318 5063 nones
2339 5006 2482 5063 satis
2504 5008 2777 5077 poterunt
2797 5003 3364 5068 edocere.Quomodo
3377 5007 3585 5058 autem
3604 5003 3780 5059 chore-

2135 5095 2407 5167 piscopos
2436 5111 2607 5166 posse
2639 5092 2894 5148 dicimus
2925 5091 3200 5148 ecclesias
3233 5108 3604 5162 consecrare,
3649 5107 3777 5163 quas

2137 5183 2280 5238 nulli
2313 5183 2722 5255 episcoporum
2749 5180 2885 5236 licet
2905 5181 3031 5236 sine
3053 5184 3254 5236 nostro
3277 5185 3573 5252 praecepto
3597 5194 3777 5235 secun-

2135 5273 2276 5327 dum
2308 5276 2542 5327 sanctas
2574 5269 2810 5342 regulas
2841 5268 3157 5326 dedicare?
3187 5269 3314 5324 Non
3345 5284 3486 5340 ergo
3535 5267 3775 5339 chorepi-

2135 5359 2327 5431 scopis
2355 5357 2650 5414 dabimus.
2679 5357 2842 5414 Unde
2872 5374 2972 5414 vos
3002 5357 3334 5429 episcopos,
3365 5361 3654 5428 tanquam
3683 5359 3774 5409 ter-

2135 5449 2326 5502 minos
2347 5465 2381 5502 a
2404 5447 2665 5518 putribus
2683 5447 2902 5518 positos
2925 5446 3345 5501 transferentes
3369 5444 3584 5499 merito
3611 5459 3772 5515 repre-

2133 5535 2469 5591 hendimus.
2486 5537 2767 5590 Praeterea
2787 5534 2919 5606 quis
2939 5534 3192 5590 infantes
3214 5534 3423 5589 debeat
3447 5532 3768 5604 consignant

2135 5629 2376 5678 sanctus
2408 5620 2782 5678 Innocentius
2827 5621 3105 5689 ostendit,
3138 5621 3341 5677 dicens
3375 5636 3389 5675 :
3425 5643 3454 5670 ‹‹
3485 5619 3570 5676 De
3602 5617 3766 5675 consi-
