3898 6212
112 374 240 470 ’ὀξέι

1333 405 1738 469 ΕΡῘΞΤΟΕΕ
1782 405 1881 467 ET
1925 403 2314 467 DECRETA.

3415 404 3536 467 922

132 540 373 615 gnandis
394 556 526 594 vero
559 538 880 593 infantibus
904 539 1279 593 manifestum
1303 543 1390 593 est
1415 557 1527 593 non
1558 541 1627 594 ab
1662 539 1770 594 alio
1805 544 1850 607 Α
1889 557 2003 604 rex,
2039 540 2137 610 qui
2173 555 2416 609 regnum
2450 543 2615 593 tuum
2648 555 2749 611 per
2778 536 3096 593 maximum
3131 538 3384 612 spatium
3419 539 3539 595 lon-

134 647 299 704 quam
331 630 403 685 ab
443 626 713 702 episcopo
764 628 889 684 ﬁeri
938 626 1133 684 licere.
1159 650 1186 677 ››
1208 628 1278 683 Et
1326 645 1566 683 rursus:
1600 649 1622 677 ι
1659 629 1774 683 Hoc

130 726 336 783 autem,
360 718 571 790 inquit,
596 716 738 773 solis
776 717 1149 789 pontilicibus
1190 717 1386 772 deberi
1419 721 1482 771 ut
1513 716 1600 772 vel
1633 734 1769 773 con-

134 809 371 881 signent,
403 806 490 862 vel
522 806 874 862 Paraclitum
916 806 1200 879 Spiritum
1244 806 1497 871 tradant,
1533 824 1646 862 non
1682 824 1774 862 so-

133 898 246 953 lum
265 897 625 952 consuetudo
644 895 1038 951 ecclesiastica
1056 896 1653 964 demonstrat,verum
1678 895 1779 951 illa

133 986 292 1043 lectio
329 988 579 1041 Actuum
614 984 1008 1055 apostolorum
1044 1002 1173 1055 qua:
1215 985 1424 1040 asserit
1454 986 1688 1040 Petrum
1722 988 1778 1039 et

137 1077 409 1132 Joannem
441 1091 570 1129 esse
609 1074 879 1143 directos,
905 1074 1003 1145 qui
1037 1075 1161 1145 jam
1196 1073 1501 1147 baptizatis
1540 1075 1777 1129 tradant

138 1163 405 1238 Spiritum
440 1168 731 1219 sanctum.
754 1184 781 1211 »

802 1269 986 1307 CAPUT
1021 1269 1099 1307 VI.

204 1342 280 1409 (S.
314 1341 506 1412 Greg.,
539 1340 639 1396 lib.
662 1358 764 1410 xn,
790 1340 992 1396 indict.
1018 1341 1068 1408 Ι,
1094 1358 1184 1413 ep.
1208 1342 1322 1408 25.)
1346 1341 1520 1397 Porro
1546 1341 1615 1396 de
1648 1356 1776 1412 pre-

140 1430 539 1503 sbytero,quod
560 1447 673 1485 non
696 1430 880 1503 possit
898 1429 1376 1485 restaurationem
1398 1430 1777 1503 postlapsum

139 1519 397 1591 recipere,
415 1524 480 1574 ut
513 1519 699 1574 multa
729 1524 1162 1591 przetereamus,
1188 1521 1391 1574 beatus
1416 1536 1565 1592 papa
1586 1518 1775 1573 decla-

139 1606 565 1680 rat,Gregorius
587 1607 658 1662 ad
692 1606 1076 1663 Sabinianum
1104 1607 1255 1663 inter
1281 1612 1485 1663 caetera
1515 1608 1778 1663 scribens

138 1698 491 1754 Jadertinum
506 1697 847 1770 episcopum
866 1715 912 1752 :u
925 1698 1330 1770 Presbyterum
1344 1697 1778 1769 vero,inquiens

102 1780 107 1783 Α
140 1787 204 1841 de
225 1804 334 1859 quo
358 1803 463 1842 nos
497 1785 831 1841 fraternitas
862 1782 963 1840 tua
990 1785 1193 1841 latoris
1225 1786 1599 1857 praesentium
1631 1784 1776 1841 rela-

138 1877 283 1931 tione
304 1874 575 1943 consulit,
600 1873 762 1929 nulla
790 1875 1015 1929 ratione
1042 1875 1101 1928 in
1125 1892 1289 1930 sacro
1311 1874 1513 1931 ordine
1544 1879 1673 1946 post
1694 1874 1776 1929 la-

140 1982 300 2037 psum
323 1969 423 2019 aut
447 1980 809 2036 permanere,
825 1967 925 2017 aut
943 1962 1196 2018 revocari
1214 1981 1383 2035 posse
1401 1980 1777 2035 cognoscas.»

205 2054 328 2109 Haec
351 2052 609 2120 quidem,
628 2053 806 2107 frater
827 2051 1265 2118 charissime,in
1291 2052 1494 2108 multis
1513 2052 1776 2124 occupati

139 2142 224 2197 vix
251 2143 319 2197 ad
350 2147 451 2196 tua
480 2142 747 2197 consulta
782 2141 1220 2213 rescripsimus.
1244 2141 1461 2197 Caetera
1489 2159 1620 2197 vero
1653 2159 1779 2213 quae

142 2231 425 2287 communi
441 2229 755 2286 consulant
772 2230 1181 2297 utilitati,cum
1203 2230 1442 2287 Arsenio
1464 2229 1780 2286 venerabili

139 2321 418 2393 episcopo,
446 2319 824 2392 apocrisiario
869 2323 925 2374 et
971 2318 1150 2375 misso
1209 2319 1539 2392 apostolica:
1598 2319 1775 2386 sedis,

140 2426 300 2482 quem
334 2407 462 2463 illas
496 2409 553 2463 in
588 2411 781 2480 partes
803 2408 1145 2476 direximus,
1173 2426 1305 2463 cum
1331 2410 1445 2463 Deo
1473 2410 1618 2463 duce
1650 2427 1779 2482 per-

138 2498 363 2561 venerit,
386 2497 531 2552 satis
554 2496 755 2552 valetis
788 2498 1137 2570 abundeque
1170 2502 1439 2564 tractare,
1466 2498 1555 2551 eui
1589 2502 1645 2552 et
1677 2515 1778 2552 no-

141 2591 251 2641 stra
282 2587 531 2651 credere,
558 2590 614 2641 et
644 2591 746 2641 tua
776 2587 944 2641 nobis
976 2587 1335 2659 exponenda,
1361 2604 1492 2641 cum
1524 2586 1775 2654 redierit,

143 2674 344 2746 poteris
376 2674 501 2729 sine
535 2673 653 2729 ulla
698 2674 1153 2729 contrectatione
1197 2673 1578 2729 committere.
1604 2675 1777 2746 Opta-

144 2780 267 2817 mus
288 2761 705 2818 fraternitatem
740 2766 900 2818 tuam
935 2764 993 2818 in
1016 2763 1246 2818 Christo
1280 2767 1521 2818 nunc'et
1550 2780 1782 2835 semper

145 2852 277 2906 bene
308 2852 513 2907 valere.

796 2958 979 2996 CAPUT
1014 2959 1115 2996 VII.

210 3031 265 3087 Si
297 3029 427 3103 quis
457 3047 527 3085 ex
557 3030 790 3104 propria
811 3031 1154 3103 cognatione
1176 3029 1521 3103 sanguinem
1544 3029 1783 3087 occisio-

146 3118 230 3174 nis
258 3119 486 3183 fuderit,
514 3119 662 3175 sacri
695 3136 947 3175 canones
978 3137 1165 3192 usque
1199 3120 1270 3174 ad
1305 3124 1553 3175 mortem
1580 3120 1776 3192 abjici,

144 3211 194 3263 et
218 3208 358 3263 inter
389 3207 634 3263 rebelles
666 3208 930 3281 deputari
964 3211 1301 3264 sanxerunt.

139 3430 206 3467 AD
236 3430 559 3470 LUDOVICUM
591 3430 901 3469 ϐΕῐὶΜΑΝΙίΕ
930 3432 996 3469 ΕΤ
1015 3430 1285 3469 CAROLUM
1317 3429 1546 3468 CALVUM
1580 3430 1776 3468 REGES.

764 3502 951 3573 (Anno
988 3504 1139 3571 865.)

141 3591 479 3661 Reprehendit
510 3591 653 3663 quod
681 3593 951 3663 episcopos
983 3594 1042 3645 in
1062 3591 1257 3663 Urbem
1282 3591 1352 3646 ad
1382 3592 1650 3662 synodum
1673 3610 1781 3647 non

202 3664 461 3746 miseruit.
503 3662 576 3745 Ut
597 3662 915 3746 Lotliarimn
1037 3662 1271 3746 divortio
1295 3679 1635 3746 commoneri:
1656 3680 1780 3746 per-

200 3742 344 3801 gant.
381 3739 457 3790 De
484 3736 749 3805 episcopis
778 3736 839 3789 in
872 3735 1264 3805 Coloniensiel
1287 3733 1669 3789 Cameracensi
1692 3752 1776 3790 ec-

202 3806 359 3861 clesia
389 3804 791 3871 consecrandis,
824 3812 875 3860 et
901 3805 966 3861 de
998 3804 1233 3860 Rothado
1268 3807 1668 3860 Suessioncnsi.

659 3902 843 3974 [Apud
876 3900 1083 3969 Mansi,
1118 3900 1279 3973 ibid.]

199 4007 481 4065 NICOLAUS
529 4008 861 4081 episcopus,
906 4024 1107 4063 servus
1155 4023 1453 4063 servorum
1487 4006 1775 4074 Dei,dile-

136 4095 402 4155 ctissimis
432 4090 572 4153 filiis
594 4097 881 4153 Lunovxco
913 4099 969 4151 et
998 4095 1221 4151 Csaom
1252 4093 1657 4168 glorisissimis
1689 4112 1775 4151 re-

136 4183 314 4255 gibus.

197 4273 498 4330 Credimus
531 4290 599 4329 ex
619 4272 719 4329 Dei
742 4272 1027 4337 dono,filii
1050 4269 1774 4345 charissimi,processisse

136 4361 277 4433 quod
308 4363 621 4418 unanimos
660 4360 846 4417 effecti
877 4379 979 4418 vos
1027 4362 1098 4417 de
1142 4361 1314 4417 corde
1365 4378 1512 4435 puro
1552 4366 1607 4416 et
1637 4377 1775 4416 con-

134 4448 365 4505 scientia
394 4450 571 4517 bona,
598 4455 656 4505 et
687 4451 799 4505 fide
840 4467 955 4505 non
991 4450 1123 4504 ficta
1161 4448 1466 4521 junxistis.
1493 4449 1656 4504 Unde
1688 4450 1772 4517 fit,

136 4540 193 4592 ut
217 4555 329 4593 nno
359 4538 579 4605 animo,
608 4541 665 4595 et
693 4556 809 4594 uno
839 4555 936 4594 ore
970 4556 1072 4610 per
1098 4556 1199 4593 vos
1229 4538 1591 4611 glorificetur
1619 4538 1775 4594 Deus

135 4620 184 4679 et
210 4626 376 4683 Pater
402 4626 637 4683 Domini
686 4626 869 4683 nostri
899 4626 1037 4683 Jesu
1070 4626 1307 4693 Christi,
1330 4631 1388 4683 et
1445 4628 1516 4683 ad
1562 4632 1774 4683 sancta:

134 4714 413 4771 catholicae
454 4721 513 4771 et
561 4714 891 4788 apostolicae
940 4715 1230 4784 Ecclesiaa,
1266 4715 1547 4790 regnique
1596 4717 1771 4773 vestri

132 4800 295 4857 decus
325 4803 659 4875 conjunctio
700 4807 893 4859 vestra
932 4802 1195 4875 proficiat
1254 4804 1326 4858 ad
1386 4804 1656 4859 salutem.
1690 4803 1771 4859 De

131 4888 377 4959 epistolis
409 4896 609 4948 autem
641 4892 1041 4967 nostris,quas
1072 4891 1459 4965 suscipientes
1486 4893 1769 4966 archiepi-

130 4979 307 5051 scopis
336 4984 394 5035 et
421 4980 736 5053 episcopis,
768 4997 1084 5052 regnorum
1143 4985 1492 5047 vestrorum,
1542 4981 1658 5037 imo
1716 4989 1773 5039 et

98 5064 373 5147 ’Lotharii
405 5069 569 5143 regni
602 5069 819 5144 pariter
856 5068 1308 5141 archiepiscopis
1355 5072 1411 5125 et
1458 5070 1769 5143 episcopis,

132 5158 441 5213 secundum
484 5164 743 5214 tenorem
788 5157 1022 5214 illarum
1065 5158 1333 5229 dedistis,
1358 5162 1553 5229 grates
1591 5159 1772 5216 excel-

131 5240 307 5299 lentia:
329 5251 532 5303 vestrae
564 5247 1016 5303 retulimus.Sed
1054 5247 1195 5319 quia
1223 5264 1320 5302 eos
1366 5247 1437 5303 ad
1481 5249 1769 5321 synodum

134 5338 398 5402 nostram,
423 5339 481 5391 et
529 5352 632 5408 pro
665 5336 940 5409 angustia
969 5336 1270 5408 temporis,
1296 5339 1355 5391 et
1402 5354 1506 5408 pro
1556 5337 1771 5407 injuria

132 5421 419 5490 transitus,
436 5440 739 5479 occurrere
771 5442 885 5479 non
909 5421 1097 5478 valere
1128 5423 1379 5490 dixistis,
1400 5425 1605 5480 merito
1627 5425 1770 5481 dure

132 5507 380 5580 tulimus,
401 5529 537 5567 cum
569 5516 730 5567 tanta
748 5512 1030 5584 temporis
1061 5512 1334 5585 angustia
1366 5530 1478 5567 non
1507 5513 1773 5569 immine-

133 5598 225 5663 ret,
249 5604 305 5653 at
335 5600 542 5675 saltem
595 5602 664 5656 de
716 5599 1015 5656 vobiscum
1068 5601 1550 5658 conversantibus
1598 5603 1770 5659 binos

133 5684 344 5744 mittere
388 5688 822 5761 nequivissetis,
873 5689 1160 5762 praecipue
1208 5694 1293 5757 tu,
1326 5689 1407 5745 fili
1459 5690 1537 5746 mi
1571 5690 1769 5747 Carole

1883 627 2015 699 qius
2047 643 2222 699 quam
2260 626 2453 683 fratris
2502 626 2587 683 tui
2632 627 2902 683 Ludovici
2937 626 3131 683 dilecti
3189 628 3292 684 filii
3352 630 3536 686 nostri

1884 716 2122 789 gloriosi
2156 716 2308 789 regis
2340 718 2412 771 ab
2444 716 2551 772 hac
2582 722 2785 772 sancta
2815 717 2952 773 sede
2986 717 3045 777 in
3078 717 3537 802 occidentalibus

1884 805 2150 877 partibus
2173 823 2342 861 secus
2367 823 2525 861 mare
2542 806 2836 861 Oceanum
2863 806 3150 879 disparari
3172 808 3388 864 fateris.
3411 810 3535 864 Non

1884 893 2038 949 enim
2072 893 2349 949 credibile
2383 898 2572 965 potest
2602 894 2952 959 existere,ut
2982 895 3123 949 adeo
3154 893 3389 967 longius
3418 896 3538 952 dis-

1884 987 2123 1056 paretur
2153 998 2400 1055 regnum
2434 988 2622 1049 tuum,
2658 987 2741 1051 ut,
2769 982 2922 1038 sicut
2963 1000 3142 1055 supra
3181 984 3540 1042 meminibus

1883 1072 2036 1140 (edit.
2074 1072 2220 1127 Rom.
2254 1074 2490 1127 inserit:
2524 1070 2731 1127 saltem
2765 1072 2834 1127 de
2864 1072 3165 1127 vobiscum
3198 1090 3540 1130 conversan-

1885 1160 2066 1227 tibus,
2090 1161 2199 1229 vel,
2226 1164 2381 1228 etc.),
2407 1159 2493 1215 vel
2526 1160 2695 1216 binos
2720 1161 2916 1228 unius,
2934 1167 3036 1216 aut
3056 1162 3305 1217 duarum
3332 1167 3540 1218 metro-

1889 1247 2093 1320 poleon
2128 1248 2351 1322 legatos
2381 1248 2644 1304 omnium
2686 1248 2842 1305 vices
2874 1254 3111 1322 agentes
3144 1249 3391 1325 dirigere
3423 1269 3539 1308 non

1885 1336 2187 1393 valuisses.
2207 1335 2682 1409 Reprehensibile
2698 1337 2949 1410 denique
2961 1338 3127 1393 valde
3145 1356 3271 1395 esse
3289 1346 3537 1410 constat,

1888 1427 2042 1497 quod
2076 1425 2464 1493 subintulisti,
2493 1425 2738 1482 dicendo
2771 1428 3051 1499 majorem
3079 1433 3300 1500 partem
3323 1430 3542 1502 episco-

1887 1532 2096 1586 porum
2130 1518 2393 1571 omnium
2428 1516 2520 1572 die
2550 1522 2867 1589 noctuque,
2902 1535 3035 1573 cum
3088 1517 3219 1575 aliis
3270 1520 3540 1577 fidelibus

1885 1602 2024 1669 tuis,
2050 1608 2252 1659 contra
2283 1604 2504 1676 piratas
2545 1606 2873 1661 maritimos
2914 1605 3236 1679 invigilare,
3262 1609 3333 1663 ob
3365 1610 3540 1681 idque

1886 1692 2142 1764 episcopi
2176 1693 2574 1765 impediantur
2602 1694 2794 1750 venire
2823 1711 2835 1750 :
2870 1712 3004 1750 cum
3038 1695 3293 1753 militum
3325 1697 3540 1754 Christi

1888 1781 1965 1837 sit
1986 1781 2211 1837 Christo
2244 1783 2477 1851 servire,
2506 1782 2759 1839 militum
2788 1801 2921 1839 vero
2952 1783 3169 1853 szeculi,
3194 1786 3434 1856 saeculo;
3461 1788 3539 1843 si-

1888 1875 1986 1926 cut
2007 1871 2117 1927 seri
2126 1877 2289 1943 ptum
2323 1876 2411 1927 est
2435 1890 2447 1927 :
2472 1873 2635 1929 Nemo
2659 1875 2910 1928 militans
2943 1879 3056 1930 Deo
3087 1876 3335 1947 implicat
3361 1894 3417 1932 se
3445 1894 3539 1933 ne-

1887 1961 2047 2028 gotiis
2077 1962 2439 2017 saecularibus
2481 1962 2550 2034 (ll
2595 1963 2727 2017 Tim.
2768 1967 2853 2031 ιι).
2882 1963 3045 2029 Quod
3079 1963 3127 2019 si
3158 1964 3351 2020 saeculi
3387 1965 3541 2020 mili-

1887 2054 1975 2105 tes
2006 2048 2268 2105 szeculari
2300 2049 2519 2105 militiae
2563 2052 2823 2117 student,
2846 2051 2984 2123 quid
3030 2054 3101 2107 ad
3152 2054 3453 2126 episcopos
3484 2059 3542 2111 ct

1888 2137 2104 2193 milites
2127 2137 2360 2205 Christi,
2388 2140 2498 2194 nisi
2526 2144 2587 2194 ut
2608 2143 2809 2194 vacent
2833 2140 3120 2197 orationi?
3150 2142 3542 2215 Sperabamus

1887 2230 1963 2296 te,
1991 2227 2071 2282 fili
2096 2227 2461 2293 charissime,
2488 2229 2544 2283 in
2568 2228 2707 2285 talia
2729 2247 2842 2285 non
2868 2248 3267 2304 prorumpere,
3284 2233 3404 2305 qui,
3425 2233 3542 2289 Dco

1887 2317 2126 2388 gratias,
2152 2316 2345 2373 clarus
2373 2317 2430 2372 in
2457 2319 2685 2374 cunctis
2715 2318 2969 2375 liaberis.
2995 2320 3200 2376 Aditus
3232 2326 3425 2377 autem
3450 2340 3542 2379 ve-

1889 2407 2083 2460 niendi
2118 2407 2188 2461 ad
2224 2412 2453 2461 tantum
2491 2409 2789 2479 negotium
2823 2408 3191 2467 antistitibus
3222 2409 3338 2467 illis
3369 2413 3543 2469 dene-

1889 2494 2011 2567 gari
2044 2512 2158 2550 non
2191 2495 2412 2551 debuit.
2449 2497 2514 2550 Et
2544 2497 2592 2551 si
2629 2497 2773 2552 forte
2814 2498 3100 2570 denegare
3132 2499 3364 2568 vellent,
3398 2518 3542 2573 quo-

1889 2584 2267 2655 quomodo,si
2302 2586 2540 2639 monitis
2564 2586 2781 2640 nostris
2809 2604 3010 2658 parere
3033 2587 3403 2661 delegissent,
3425 2590 3543 2645 adi-

1887 2676 1985 2727 tus
2014 2671 2131 2727 illis
2152 2678 2206 2728 et
2238 2674 2524 2730 transitus
2555 2676 2872 2746 patefieret.
2891 2676 2947 2730 Si
2969 2675 3266 2733 venissent
3288 2678 3544 2735 collectis

1888 2762 2318 2833 operariis,hoc
2345 2761 2543 2835 utique
2575 2780 2646 2818 ne
2671 2764 2830 2818 fleret
2854 2764 3063 2821 melius
3094 2765 3540 2839 corrigeremus.

1846 2844 1857 2849 ’
1890 2850 2037 2917 Quia
2065 2849 2180 2907 illis
2211 2851 2365 2918 inde,
2390 2856 2446 2907 et
2478 2852 2646 2908 nobis
2677 2851 2815 2908 hinc
2848 2852 3002 2909 Deus
3034 2854 3094 2909 in
3124 2860 3410 2911 conventu
3445 2874 3545 2913 no-

1890 2944 2011 2995 stro
2045 2939 2273 2995 medius
2306 2940 2611 3012 tribuerat,
2638 2943 2703 2996 ut
2732 2945 2789 2995 et
2820 2942 3037 2998 nostris
3069 2946 3125 2997 et
3151 2944 3355 3000 vestris
3386 2945 3546 3001 dein-

1847 3022 1855 3026 ’
1888 3043 2025 3101 ceps
2047 3028 2240 3085 aditus
2261 3029 2535 3102 denegari
2560 3046 2677 3085 non
2702 3035 2918 3102 posset.
2939 3031 3083 3087 Nam
3110 3049 3213 3088 nec
3235 3033 3306 3088 de
3326 3034 3545 3090 nostris

1890 3114 2100 3172 melius
2131 3118 2321 3174 dicere
2354 3135 2694 3191 possumus,
2718 3135 2825 3173 nec
2857 3120 3023 3191 pejus
3050 3120 3121 3177 de
3144 3122 3374 3188 vestris,
3405 3122 3546 3195 quia

1893 3205 2031 3276 quid
2066 3206 2233 3260 nobis
2263 3206 2544 3279 impediat
2573 3206 2814 3280 longum
2849 3213 2937 3263 est
2974 3226 3266 3265 enarrare.
3297 3212 3456 3276 Quod
3492 3212 3542 3268 si

1776 3286 1779 3293 ’
1808 3280 1851 3346 C
1889 3293 2320 3367 intercapedine
2364 3296 2645 3368 temporis
2677 3297 2746 3351 ad
2779 3295 2985 3353 Clusas
3024 3314 3126 3369 pro
3169 3298 3284 3354 Deo
3318 3298 3541 3372 aliquid

1891 3382 2259 3451 tolerassent,
2284 3383 2513 3439 lucrum
2541 3402 2642 3456 pro
2666 3385 3084 3441 tentationibus
3107 3390 3163 3442 et
3187 3386 3487 3444 laboribus
3510 3406 3545 3444 a

1891 3472 2139 3528 Domino
2190 3491 2468 3546 magnum
2516 3474 2858 3546 reciperent.
2892 3475 3002 3530 Sed
3054 3475 3191 3548 quia
3237 3476 3542 3533 occasione

1889 3562 2175 3616 transitus
2204 3562 2535 3635 sulfugiunt
2562 3580 2669 3619 nos
2701 3562 2837 3619 licet
2858 3563 3038 3618 coacti
3062 3564 3254 3621 adhuc
3277 3563 3396 3621 haec
3416 3583 3540 3639 gra-

1888 3650 2123 3706 vamina
2153 3652 2577 3707 sustinebimus
2602 3670 2614 3707 :
2642 3670 2744 3708 vos
2775 3657 2971 3708 tamen
3002 3653 3293 3709 videbitis.
3325 3655 3435 3710 Sed
3462 3655 3540 3711 in-

1889 3738 2071 3813 telligi
2104 3741 2279 3796 datur
2309 3756 2408 3796 eos
2450 3740 2691 3796 monitis
2733 3743 2950 3797 nostris
2996 3759 3111 3798 non
3141 3742 3288 3798 velle
3316 3761 3541 3815 parere,

1888 3833 2124 3899 pr0pter
2143 3826 2285 3882 illud
2311 3826 2467 3898 quod
2490 3826 2548 3881 in
2573 3826 2781 3882 litteris
2797 3827 3005 3884 vestris
3024 3828 3315 3885 subditur.
3332 3829 3546 3886 Dicunt

1888 3917 2042 3970 enim
2077 3920 2208 3987 post
2238 3915 2641 3987 aliquanta,ut
2671 3914 2976 3989 episcopos
3007 3917 3077 3971 de
3109 3917 3304 3989 regnis
3335 3919 3544 3976 vestris

1886 4004 1957 4058 ad
1983 4003 2269 4077 synodum
2296 4004 2536 4058 Romam
2565 4003 2833 4058 mittendi
2856 4003 3175 4060 necessitas
3204 4023 3318 4060 non
3347 4012 3543 4078 postu-

1885 4090 1982 4147 let.
2007 4091 2163 4147 Unde
2186 4092 2232 4147 si
2258 4109 2355 4146 vos
2382 4091 2627 4147 fortasse
2658 4090 2827 4146 aliter
2848 4092 3066 4163 dicitis,
3092 4109 3200 4148 nos
3230 4092 3371 4149 illud
3397 4094 3541 4151 dici-

1886 4181 2213 4252 mus,quod
2240 4179 2520 4235 divinitus
2554 4178 3020 4253 revelatur,quia
3051 4198 3185 4236 cum
3219 4178 3541 4241 novitatum

1886 4268 2043 4325 mala
2064 4266 2441 4341 multiplicari
2460 4268 2780 4334 videamus,
2799 4268 2848 4324 si
2870 4287 2937 4325 ex
2959 4268 3203 4327 diversis
3228 4272 3541 4345 provinciis

1884 4360 2093 4415 fratres
2125 4358 2181 4412 in
2212 4357 2458 4413 invicem
2495 4357 2902 4413 convenissent
2924 4359 3094 4429 juxta
3125 4361 3383 4433 priscum
3415 4380 3541 4419 mo-

1886 4451 2113 4513 rem,et
2144 4465 2251 4502 nos
2296 4464 2585 4502 consensu
2635 4445 2892 4515 illorum,
2928 4447 3220 4504 revelante
3269 4449 3538 4517 Domino,

1886 4554 2012 4609 qua:
2042 4537 2404 4592 decernenda
2427 4540 2566 4590 sunt
2586 4535 2987 4603 deccrnemus,
3012 4541 3068 4592 et
3092 4536 3202 4609 ipsi
3229 4539 3540 4595 necessita-

1884 4630 1971 4681 tes
1993 4644 2132 4682 suas
2164 4627 2498 4692 referentes,
2524 4628 2580 4680 et
2611 4642 2717 4680 nos
2748 4630 2979 4681 nostras
3009 4632 3382 4697 exponentes,
3409 4644 3538 4699 quae

1883 4716 2115 4771 decreta
2133 4715 2381 4771 fuissent
2400 4713 2611 4771 melius
2630 4714 2688 4769 in
2708 4714 2975 4770 omnium
2993 4714 3264 4770 notitiam
3284 4716 3540 4770 facerent

1881 4804 2304 4876 pervenire,qui
2331 4822 2562 4877 semper
2583 4803 2923 4877 synodalem
2943 4807 3289 4859 conventum
3314 4821 3347 4859 a
3370 4804 3539 4861 nobis

1881 4893 2181 4967 aggregari
2205 4892 2524 4965 petierant:
2547 4892 2746 4964 sicque
2769 4892 2951 4962 fieret,
2967 4895 3031 4947 ut
3053 4892 3376 4947 secundum
3402 4909 3541 4964 qua-

1882 4982 2106 5038 litatem
2130 4982 2317 5038 morbi
2351 4982 2643 5037 medicina
2664 4982 3065 5047 conficeretur,
3089 4984 3147 5036 et
3180 4980 3252 5036 ad
3276 4982 3539 5036 sananda

1880 5070 2121 5127 vulnera
2139 5070 2307 5143 longe
2323 5069 2553 5143 lateque
2571 5071 2983 5125 effunderetur.
3000 5067 3276 5125 Salomon
3296 5069 3535 5141 quidem

1881 5160 2071 5216 verbis
2104 5160 2320 5215 nostris
2353 5160 2816 5226 consentit,cum
2843 5159 2997 5214 dicat
3023 5174 3034 5212 :
3060 5159 3225 5215 Salus
3246 5160 3347 5213 ubi
3364 5160 3537 5214 multa

1878 5250 2111 5305 consilia
2132 5252 2316 5316 (Prov.
2341 5249 2547 5316 x1).An
2572 5246 2809 5303 nescitis
2841 5246 3156 5302 nonnullos
3186 5264 3254 5302 ex
3284 5248 3535 5302 nonnul-

1880 5336 1951 5392 lis
1983 5334 2293 5408 provinciis
2344 5335 2624 5408 preesulcs
2676 5336 2756 5391 ita
2804 5335 3053 5391 fecisse?
3090 5336 3251 5401 Quod
3304 5335 3535 5392 facilius

1880 5424 2027 5480 scire
2057 5424 2320 5495 potestis,
2345 5423 2393 5479 si
2424 5422 2630 5491 vultis;
2665 5422 2798 5478 licet
2827 5441 2949 5490 vos,
2984 5424 3033 5480 si
3065 5423 3263 5490 vultis,
3291 5423 3535 5479 minimc

1877 5513 2072 5568 lateat.
2099 5512 2359 5584 Denique
2391 5516 2510 5566 tam
2543 5512 2878 5584 prudentes,
2916 5517 3154 5584 tamque
3187 5511 3532 5585 praecipuos,

1879 5607 1933 5658 et
1965 5600 2290 5674 przeelaros,
2310 5618 2373 5657 ac
2396 5618 2543 5672 quos
2565 5601 2719 5657 Deus
2744 5602 2798 5655 in
2824 5601 3106 5658 charitate
3126 5618 3261 5658 vera
3281 5602 3534 5674 cunjun-

1879 5690 1980 5760 xit,
2004 5691 2055 5747 vi
2065 5707 2159 5747 ros
2191 5688 2613 5762 reprehendere
2635 5689 2913 5748 nolumus
2937 5708 2950 5747 :
2976 5691 3116 5765 quin
3140 5691 3335 5765 potius
3357 5695 3423 5749 ut
3444 5690 3533 5751 di-
