3898 6212
360 339 477 406 923

1730 336 2042 401 NICOLAI
2084 335 2315 399 PAP/E
2356 335 2406 400 Ῑ.

3666 336 3785 400 924

360 473 710 530 lectissimos
739 472 887 528 ﬁlios
920 476 1156 543 paterno
1189 488 1385 527 amore
1407 471 1820 537 cxcolimus,et
1851 476 1913 525 ut
1948 470 2004 525 in
2039 472 2093 537 Α
2125 477 2236 528 tem
2268 474 2396 541 ejus
2420 475 2617 529 nostro
2640 472 2869 543 judicio
2893 477 3250 530 reservantes
3282 472 3636 537 statuimus,
3651 480 3708 527 ut
3738 473 3784 527 si

362 563 584 619 unitate
602 561 735 618 ﬁdei
753 561 1367 634 permaneatis,cuncti
1376 562 1627 633 potentis
1643 561 2011 617 clementiam

361 668 691 709 exoramus.
717 652 877 716 Quod
912 651 961 706 si
995 650 1087 705 cui
1119 667 1189 706 ex
1219 651 1609 706 confratribus
1647 650 1861 705 nostris
1892 649 2011 721 epi-

361 741 553 813 scopis
585 739 726 796 talia
756 740 924 796 nobis
974 740 1295 811 misissent,
1339 739 1734 795 habueramus
1764 738 2015 812 qualiter

358 830 491 887 illos
514 829 935 902 reprehendere
953 834 1010 884 et
1027 829 1375 902 redarguere
1395 829 1760 894 deberemus,
1776 832 2011 899 excepto

359 920 408 975 si
441 918 694 992 regalem
748 918 1218 989 magnitudinem
1266 923 1520 973 vestram
1572 917 1681 972 sibi
1732 916 2013 989 impedire

358 1009 664 1075 dixissent,
690 1009 748 1063 in
770 1008 932 1062 vobis
957 1007 1063 1062 hoc
1098 1008 1347 1078 pendere
1379 1012 1436 1063 et
1466 1006 1677 1077 corrigi
1699 1007 1908 1061 debere
1929 1004 2010 1060 vi-

358 1080 613 1153 deretur.
635 1098 779 1152 Ecce
810 1096 1101 1167 episcopis
1134 1113 1445 1169 regnorum
1476 1102 1796 1150 vestrorum
1829 1095 2012 1165 impe-

358 1188 687 1243 dimentum
718 1191 1080 1257 praeparatur
1120 1202 1189 1239 ne
1227 1186 1499 1240 veniant:
1527 1184 1785 1241 Lotharii
1816 1189 2010 1238 autem

357 1275 750 1349 episcopi,qui
781 1275 959 1329 frater
990 1274 1160 1330 Istius
1188 1278 1277 1329 est
1298 1275 1437 1346 quid
1470 1272 1854 1344 obsistit,nisi
1874 1274 2015 1344 quia

358 1366 428 1421 de
460 1365 666 1421 vestris
706 1368 945 1418 sumant
995 1362 1382 1430 occasionem,
1418 1368 1473 1418 et
1504 1363 1657 1418 sicut
1698 1361 1896 1427 vestri,
1930 1362 2014 1416 ita

357 1459 414 1510 et
442 1453 602 1509 illius
637 1452 996 1524 negligentes
1029 1452 1385 1524 appareant?
1413 1451 1558 1506 Nam
1608 1451 1760 1505 inter
1808 1454 2014 1506 caetera

357 1542 680 1616 plurimum
716 1558 870 1595 nunc
902 1542 961 1595 in
994 1557 1171 1595 causa
1200 1541 1465 1611 ejusdem
1500 1539 1865 1604 Lotharii,de
1896 1556 2012 1609 quo

358 1632 816 1697 subinferemus,
842 1630 1139 1702 profuerat
1166 1630 1214 1684 si
1251 1630 1544 1685 venissent
1577 1646 1589 1683 :
1626 1628 1764 1700 quia
1794 1628 2012 1683 auditis

355 1720 607 1777 decretis
629 1725 685 1775 et
711 1718 997 1774 institutis
1020 1718 1272 1774 lucidius
1297 1722 1507 1773 cuncta
1528 1718 1827 1783 referrent,
1848 1717 1931 1772 ita
1949 1721 2014 1771 ut

357 1808 626 1866 nubilum
645 1808 866 1881 aliquid
892 1806 1133 1863 minime
1156 1808 1777 1863 remaneret.Fortasse
1794 1806 2008 1861 etenim
2042 1843 2088 1907 Β

356 1900 478 1957 haec
525 1898 761 1955 illorum
793 1896 1016 1966 dilatio,
1043 1901 1101 1953 et
1130 1897 1398 1952 absentia
1456 1896 1645 1970 magis
1705 1895 1893 1951 obfuit
1949 1895 2010 1949 in

355 1989 486 2060 ejus
505 1986 931 2052 emendatione,
953 2002 1131 2057 quam
1153 1984 1489 2052 obstinatio,
1514 1983 1653 2056 quia
1674 1984 1724 2040 si
1746 1982 2013 2040 absentia

358 2082 415 2133 et
446 2076 647 2132 dilatio
679 2092 795 2130 non
827 2080 1001 2139 esset,
1034 2074 1350 2130 obstinatio
1381 2073 1583 2145 utique
1627 2074 1753 2145 jam
1802 2073 2010 2129 saltem

359 2169 558 2221 coacta
589 2167 862 2220 cessaret.
887 2163 998 2219 Sed
1030 2162 1123 2218 his
1154 2162 1411 2227 omissis,
1436 2163 1506 2217 ad
1531 2168 1723 2217 vestra
1742 2160 2013 2217 consulta

360 2253 582 2325 stylum
615 2255 883 2308 nostrum
916 2252 1306 2307 reflectamus.
1330 2250 1533 2306 Dicitis
1558 2250 1713 2306 enim
1743 2268 1844 2306 vos
1866 2268 2011 2323 prae-

363 2343 549 2400 fatum
581 2340 1015 2397 commonuisse
1050 2339 1409 2395 Lotharium.
1430 2340 1594 2395 Sicut
1614 2339 1673 2395 in
1696 2341 2014 2396 commoni-

359 2432 509 2488 torio
538 2430 707 2487 nobis
739 2449 773 2486 a
799 2429 963 2485 vobis
994 2429 1212 2485 directo
1245 2427 1434 2501 legere
1465 2428 2008 2501 prievaluissemus;

360 2526 417 2577 et
446 2520 719 2575 eumdem
752 2535 904 2590 saepe
931 2517 1095 2574 vobis
1126 2519 1438 2573 mandasse
1471 2518 2010 2591 asseveratis,quod

360 2611 605 2666 Romam
628 2624 865 2680 pergere
887 2607 1042 2675 velit,
1059 2611 1115 2663 ct
1143 2625 1247 2679 per
1276 2613 1535 2663 nostram
1561 2607 2010 2679 dispositionem

359 2699 429 2754 de
459 2714 636 2753 causa
667 2696 757 2751 sui
806 2695 1063 2768 conjugii
1094 2697 1301 2751 facere.
1336 2697 1447 2751 Sed
1498 2695 1647 2751 heul
1681 2695 1853 2751 dictis
1887 2698 2009 2768 [al.,

358 2786 452 2842 his
476 2786 666 2852 dictis,
684 2786 891 2857 Hann]
916 2802 1064 2858 opus
1086 2802 1200 2841 non
1225 2784 1880 2857 accommodastis,quia
1906 2803 2012 2840 sae-

358 2875 491 2949 pius
507 2874 577 2929 de
590 2874 907 2930 directione
920 2873 1352 2929 commonitorii
1366 2874 1664 2929 mentione
1688 2873 1838 2930 facta
1855 2873 2010 2930 idem

358 2962 873 3020 commonitorium
904 2962 1111 3031 abfuit,
1144 2968 1202 3018 et
1249 2961 1419 3019 nobis
1465 2962 1762 3019 frustratis
1793 2980 2011 3035 nequa-

359 3069 538 3125 quam
571 3051 917 3125 comparuit.
954 3052 1114 3118 Quod
1150 3051 1199 3106 si
1237 3050 1675 3121 habuissemus,
1718 3057 2011 3108 certamen

358 3146 617 3197 vestrum
658 3158 834 3213 super
873 3140 966 3196 his
994 3157 1518 3212 cognosceremus:
1545 3142 1646 3196 sed
1686 3158 1820 3197 cum
1862 3141 2006 3197 illud

359 3229 627 3297 defuerit,
652 3229 950 3285 nescimus
981 3229 1030 3284 si
1061 3228 1224 3285 labor
1269 3234 1458 3285 vester
1505 3229 1845 3285 fructuosus
1878 3231 2005 3286 fuit.
2039 3208 2083 3275 (ἶ

361 3317 491 3390 Ipse
521 3318 756 3388 quidem
788 3316 1100 3373 Lotharius
1131 3316 1321 3383 nobis,
1355 3323 1420 3372 ut
1446 3318 1630 3386 vobis,
1654 3318 1879 3375 vicibus
1908 3338 2014 3393 per

359 3406 694 3479 imperiales
726 3406 950 3479 legatos
1002 3406 1318 3473 mandavit,
1342 3406 1497 3478 quod
1547 3408 1793 3463 Romam
1840 3408 2014 3465 vellet

360 3496 574 3550 venire.
608 3494 711 3549 Cui
757 3493 1188 3562 interdiximus,
1226 3499 1282 3549 et
1313 3495 1551 3551 omnino
1583 3496 2010 3567 interdicimus,

361 3589 428 3639 ut
458 3584 569 3640 iter
597 3582 732 3637 talis
764 3582 957 3654 qualis
1000 3600 1155 3639 nunc
1185 3588 1275 3638 est
1314 3601 1429 3639 non
1470 3584 1732 3657 arripiat,
1759 3603 1825 3642 eo
1857 3588 2010 3659 quod

363 3678 568 3729 sancta
595 3672 858 3727 Romana
887 3671 1145 3727 Ecclesia
1181 3672 1358 3727 talem
1395 3678 1634 3745 respuat
1662 3679 1721 3730 et
1749 3680 2012 3732 conteru-

364 3764 557 3825 nat,et
587 3760 645 3814 in
678 3760 785 3815 hoc
816 3761 1331 3832 perseveret,quod
1356 3760 1470 3818 late
1498 3762 1559 3817 in
1586 3766 1705 3819 toto
1729 3764 2011 3820 diffusum

361 3854 451 3905 est
480 3849 636 3905 orbe.
660 3849 805 3904 Nam
838 3866 1003 3905 verso
1035 3851 1132 3906 diu
1165 3850 1388 3906 lumine
1417 3868 1521 3923 per
1550 3852 1745 3924 apices
1764 3858 2009 3921 vestros,

362 3937 688 3996 anhelando
719 3938 1203 4011 praestolabamur
1230 3938 1424 3995 locum
1446 3940 1751 4014 attingere,
1773 3943 1873 4014 qui
1905 3960 2012 3999 nos

358 4027 446 4084 vel
478 4028 651 4083 verbo
684 4026 880 4099 aliquo
930 4029 1102 4085 modo
1127 4030 1223 4099 [αι.
1257 4031 1405 4085 abest
1436 4046 1561 4095 vox,
1586 4030 1779 4098 modo,
1801 4031 2011 4104 Hand]

360 4117 489 4189 opis
511 4121 815 4186 annueret,
840 4133 955 4189 quo
976 4134 1288 4189 possemus
1309 4116 1577 4190 aliquam
1592 4117 1851 4175 laatitiam
1871 4138 2013 4192 prie-

361 4206 736 4262 sumere.Sed
760 4207 1140 4277 perscrutatis
1161 4206 1456 4273 omnibus,
1478 4223 1544 4262 ac
1566 4208 1639 4263 ad
1660 4206 1880 4264 calcem
1913 4226 2011 4265 us-

363 4311 478 4367 que
509 4294 758 4363 relectis,
784 4299 916 4366 post
942 4294 1249 4353 lectionem
1281 4296 1410 4369 ipsa
1439 4313 1566 4368 quis
1598 4296 1786 4353 inerat
1815 4297 2014 4355 laetitia

362 4383 741 4449 abscessit,et
762 4401 868 4440 nos
886 4384 1049 4441 dolor
1070 4386 1387 4441 continuus
1412 4385 1566 4441 illico
1589 4387 2014 4460 possedit,quia

361 4470 421 4526 in
453 4470 681 4525 cunctis
703 4488 911 4527 sumus
932 4471 1217 4541 frustrati,
1244 4478 1300 4527 et
1321 4474 1475 4543 quod
1500 4489 1614 4527 non
1638 4476 2010 4545 optabamus,

2125 563 2410 634 praedictae
2441 561 2823 636 Theutbergae
2855 563 3112 634 captiose
3140 562 3343 635 aliqua
3372 561 3493 618 alia
3513 561 3789 628 crimina,

2123 656 2438 724 postquam
2482 668 2612 707 eam
2642 668 2677 706 a
2707 667 2768 707 se
2819 652 3053 724 repulit,
3077 652 3332 724 objicere
3372 651 3645 718 voluerit,
3675 651 3793 706 hoc

2122 744 2478 813 expurgetur
2498 745 2887 806 sacramento,
2902 740 2951 796 si
2970 741 3050 795 ita
3072 740 3393 796 necessitas
3410 738 3791 813 compulerit.

2123 829 2284 895 Quod
2318 828 2366 883 si
2400 829 2647 900 innupta
2680 845 2915 884 manere
2944 829 3264 885 decreverit
3292 835 3351 885 et
3381 830 3505 885 viro
3544 846 3655 885 suo
3698 846 3791 883 re-

2122 917 2422 973 conciliari
2440 917 2714 989 noluerit,
2730 918 3030 974 sancimus
3047 924 3111 973 ut
3130 924 3372 990 cogatur
3395 918 3453 973 in
3478 918 3794 990 amplexus

2123 1006 2358 1061 uxorios
2381 1006 2597 1074 redire;
2624 1007 2764 1078 quia
2785 1006 3090 1079 utriusque
3114 1024 3176 1063 se
3198 1007 3516 1079 separandi
3539 1024 3657 1062 non
3679 1006 3797 1062 fuit

2120 1097 2410 1151 voluntas.
2432 1097 2578 1151 Nam
2610 1096 2658 1151 si
2706 1096 2941 1168 utrique
2973 1096 3033 1150 in
3064 1096 3309 1152 divortio
3350 1095 3795 1162 consenserint,

2122 1189 2179 1240 et
2211 1185 2520 1240 Lotharius
2542 1185 2669 1256 jam
2702 1185 2944 1240 omnino
2975 1184 3243 1257 copulam
3284 1185 3639 1240 concubitus
3670 1202 3793 1239 non

2122 1274 2438 1345 repetierit,
2459 1273 2568 1329 hoc
2589 1273 2711 1328 fieri
2745 1290 2861 1329 non
2894 1273 3308 1346 prohibemus:
3331 1274 3472 1346 quia
3498 1273 3797 1333 Dominus

2122 1362 2193 1417 de
2224 1361 2573 1418 dimittenda
2601 1378 2777 1418 uxore
2821 1379 3061 1418 causam
3091 1365 3323 1418 tantum
3374 1362 3795 1418 fornicationis

2122 1451 2365 1523 excepit.
2393 1451 2576 1523 Igitur
2596 1452 2645 1506 si
2671 1451 3000 1517 Lotharius,
3018 1468 3193 1524 quem
3217 1451 3505 1508 hactenus
3524 1452 3795 1507 converti

2122 1538 2437 1611 prestolati
2471 1545 2777 1606 sumus,et
2805 1540 3123 1596 vindictam
3156 1539 3214 1595 in
3246 1556 3403 1608 eum,
3438 1556 3511 1596 ne
3542 1540 3798 1612 sanguis

2121 1628 2539 1696 effunderetur,
2555 1634 2611 1684 et
2635 1646 2705 1684 ne
2729 1628 2880 1684 bella
2900 1630 3315 1696 excitarentur,
3340 1628 3653 1701 propalare
3674 1629 3798 1684 dis-

2121 1718 2394 1785 tulimus,
2415 1735 2595 1774 cornu
2628 1717 2922 1784 extulerit,
2954 1723 3012 1773 et
3041 1718 3259 1773 nostris
3300 1717 3632 1790 vestrisque
3664 1735 3796 1773 mo-

2122 1806 2263 1863 nitis
2294 1806 2530 1863 obedire
2560 1806 2904 1880 neglexerit;
2939 1808 3011 1862 de
3051 1812 3255 1863 caetero
3299 1805 3437 1862 talis
3478 1806 3797 1862 habendus

2119 1899 2229 1963 est,
2248 1895 2485 1968 qualem
2510 1894 2677 1951 illum
2700 1912 2803 1968 per
2822 1894 3131 1967 epistolam
3157 1900 3421 1952 nostram
3443 1894 3797 1951 Rhadoaldo

2120 1984 2347 2039 dudum
2370 1984 2664 2056 episcopo,
2681 1988 2737 2039 et
2752 1984 2964 2040 Joanni
2989 1984 3263 2057 episcopo
3287 1984 3534 2039 missam
3558 2000 3671 2040 nos
3692 1983 3797 2039 ha-

2119 2073 2254 2130 bere
2272 2075 2398 2145 jam
2422 2072 2797 2146 cognovistis.
2815 2073 2926 2129 Sed
2949 2072 3077 2142 filii,
3101 2072 3563 2141 dilectissimi,et
3589 2073 3795 2146 singu-

2119 2161 2321 2219 lariter
2343 2181 2377 2218 a
2396 2163 2565 2219 nobis
2588 2161 2890 2235 diligendi,
2905 2178 3036 2218 ecce
3054 2162 3368 2219 Arsenium
3390 2161 3791 2219 venerabilem

2119 2251 2462 2324 episcopum
2493 2252 2566 2306 ad
2599 2250 2709 2307 hoc
2729 2250 3035 2307 vobiscum
3057 2251 3559 2323 pertractandum,
3577 2256 3640 2307 et
3662 2268 3789 2306 mo-

2122 2340 2445 2396 nitionibus
2490 2340 2925 2413 corrigendum,
2945 2356 3080 2396 cum
3128 2339 3466 2413 apostolicis
3517 2339 3789 2412 epistolis

2121 2429 2257 2485 illuc
2288 2429 2733 2485 destinavimus.
2759 2430 3019 2495 Quarum
3045 2428 3421 2501 exemplaria,
3445 2446 3519 2485 ne
3539 2428 3789 2485 authen-

2121 2518 2245 2573 ticaa
2275 2517 2547 2585 istarum,
2573 2523 2676 2573 aut
2706 2517 3060 2589 interceptae,
3084 2522 3188 2573 aut
3217 2535 3252 2573 a
3281 2518 3502 2589 quibus
3534 2517 3786 2573 fortasse

2121 2608 2539 2675 dehonestatze,
2569 2612 2673 2662 aut
2720 2606 2980 2679 perdita),
3002 2610 3105 2662 aut
3132 2606 3308 2662 etiam
3355 2611 3594 2679 propter
3625 2608 3782 2678 quod

2120 2696 2286 2752 vobis
2314 2696 2586 2751 dubietas
2616 2694 2893 2751 credendi
2921 2699 3318 2768 generaretur,
3344 2712 3447 2768 pro
3479 2695 3657 2751 libitu
3678 2696 3783 2751 ali-

2120 2789 2208 2841 ter
2238 2786 2451 2841 habitaa
2496 2784 2767 2841 fuissent.
2794 2783 3188 2857 magnitudini
3218 2790 3420 2840 vestra:
3470 2800 3572 2855 per
3625 2783 3783 2839 hunc

2121 2874 2393 2949 gerulum
2423 2874 2887 2931 transmisimus.
2915 2876 3080 2930 Tunc
3112 2874 3163 2931 si
3206 2875 3577 2931 authenticas
3609 2875 3696 2929 ita
3722 2892 3783 2929 se

2122 2964 2334 3019 habere
2364 2963 2720 3036 repereritis,
2743 2979 3025 3019 assensus
3053 2968 3247 3019 vester
3292 2963 3483 3019 eidem
3534 2964 3781 3019 Arsenio

2122 3052 2466 3125 prmbeatur.
2491 3052 2594 3108 Sin
2616 3059 2833 3119 autem,
2857 3056 3093 3125 excepto
3116 3052 3187 3109 de
3219 3052 3486 3108 Rothado
3508 3059 3567 3108 et
3582 3052 3783 3109 Albui-

2121 3158 2217 3207 no,
2243 3140 2329 3195 illi
2362 3157 2461 3196 vos
2492 3141 2726 3197 credere
2775 3158 2890 3196 non
2938 3146 3184 3213 oportet.
3219 3142 3289 3197 Et
3320 3141 3613 3214 quidquid
3664 3141 3782 3197 illis

2122 3231 2181 3287 in
2204 3230 2472 3303 partibus
2493 3234 2691 3285 actum
2715 3229 2910 3295 fuerit,
2928 3230 3040 3285 sub
3061 3234 3360 3302 gestorum
3383 3230 3784 3286 insinuatione

2120 3319 2313 3385 nobis,
2328 3324 2644 3391 antequam
2664 3317 2810 3373 illud
2829 3335 2931 3391 per
2946 3317 3093 3375 alios
3110 3318 3784 3392 cognoscamus,optime

2121 3408 2440 3475 munitum,
2460 3412 2527 3462 ut
2548 3406 2760 3462 melius
2795 3406 3061 3463 laborare
3080 3407 3402 3480 possimus,
3416 3407 3674 3480 dirigere
3692 3424 3785 3479 pe-

2122 3499 2323 3564 timus,
2341 3513 2715 3568 nequaquam
2735 3495 3004 3552 omittite.
3023 3497 3172 3552 Sunt
3191 3502 3248 3552 et
3264 3495 3403 3552 aliia
3419 3496 3783 3569 quampluri-

2122 3604 2237 3652 ma,
2262 3603 2389 3657 quae
2419 3585 2584 3641 vobis
2628 3601 2734 3639 nos
2767 3586 3049 3641 mandare
3074 3585 3241 3641 valde
3271 3589 3610 3658 oportuerat
3635 3602 3649 3638 :
3679 3585 3777 3640 sed

2122 3674 2261 3748 quia
2287 3679 2408 3731 tam
2440 3673 2785 3731 clarissimis
2815 3678 2873 3730 et
2904 3673 3382 3746 prudentissimis
3410 3691 3601 3747 pauca
3621 3674 3785 3728 sufﬁ-

2121 3765 2370 3832 ciunt,et
2390 3763 2485 3818 hic
2509 3762 2751 3836 gerulus
2772 3763 2942 3819 nobis
2958 3768 3083 3819 erat
3101 3763 3460 3836 incognitus,
3477 3767 3656 3835 atque
3676 3761 3780 3817 hoc

2119 3869 2255 3909 eum
2288 3851 2524 3916 latebat,
2548 3855 2756 3923 praeter
2795 3850 2918 3907 haec
2959 3852 3215 3908 scribere
3257 3851 3571 3908 desiimus.
3604 3854 3778 3907 Porro

2120 3944 2192 3998 de
2214 3940 2471 3996 Ecclesia
2488 3939 2841 4008 Coloniensi,
2866 3941 2938 3996 de
2969 3957 3087 4013 qua
3118 3958 3225 3997 nos
3258 3940 3670 4009 consuluistis,
3689 3940 3780 3994 de-

2120 4030 2417 4087 cernimus
2448 4033 2513 4083 ut
2554 4028 2635 4083 ibi
2682 4033 3054 4084 consecretur
3102 4028 3370 4085 antistes.
3394 4029 3476 4085 De
3516 4029 3777 4084 Camera-

2120 4118 2281 4176 censi
2302 4134 2455 4186 vero,
2480 4117 2636 4190 quod
2657 4119 2945 4173 statutum
2968 4116 3278 4186 habemus,
3292 4117 3571 4173 volumus
3592 4117 3780 4172 obseb

2118 4208 2240 4265 vari
2274 4224 2288 4263 :
2320 4206 2591 4262 videlicet
2621 4210 2687 4261 ut
2733 4204 2784 4261 si
2837 4204 2945 4260 tibi
3001 4205 3206 4261 electio
3237 4206 3525 4262 canonica
3584 4205 3775 4271 fuerit,

2121 4294 2451 4353 consecrari
2483 4294 2695 4350 debeat
2723 4292 2785 4348 in
2833 4310 2902 4349 ea
2945 4294 3278 4367 episcOpus.
3312 4295 3400 4351 Ad
3433 4300 3777 4363 extremum,

2122 4385 2277 4459 quod
2310 4383 2480 4440 silere
2529 4400 2645 4438 non
2693 4399 3032 4454 possumus,
3067 4383 3210 4455 quin
3243 4382 3362 4439 imo
3403 4400 3585 4455 super
3613 4382 3779 4438 dictis

2120 4474 2329 4531 vestris
2346 4470 2844 4543 obstupescimus,
2859 4471 2931 4526 de
2953 4471 3330 4527 Suessionica
3350 4471 3578 4528 scilicet
3598 4471 3781 4527 Eccle-

363 4558 641 4615 derelicti.
668 4560 1084 4616 Verumtamen
1118 4560 1396 4633 quoniam
1430 4559 1583 4615 circa
1628 4560 1870 4618 missam
1895 4567 2014 4635 [hoc
2045 4578 2089 4642 Ι)
2121 4565 2230 4632 sia,
2254 4564 2324 4618 de
2355 4578 2491 4634 qua,
2522 4559 2604 4615 ﬁli
2635 4560 2716 4615 mi
2747 4559 2971 4627 Carole,
2994 4562 3150 4632 quod
3192 4559 3530 4633 loquimini,
3574 4578 3679 4633 per
3719 4577 3781 4615 os

363 4657 440 4704 est
461 4648 614 4704 circa
646 4648 884 4715 festum,
903 4649 1112 4719 Hann]
1136 4647 1321 4704 sancti
1350 4648 1617 4714 Joannis,
1642 4649 1713 4704 de
1733 4667 1847 4722 quo
1870 4653 2013 4708 dixi-

366 4754 520 4804 mus,
542 4736 905 4807 Lotharium,
920 4736 1274 4808 dispositum
1300 4735 1529 4790 habetis
1550 4736 1741 4793 denuo
1763 4756 2017 4798 commo-

365 4843 521 4893 nere,
571 4843 684 4881 non
727 4825 971 4881 moleste
1028 4823 1295 4878 tulimus.
1331 4822 1594 4879 Forsitan
1647 4828 2015 4900 omnipotens

367 4915 522 4971 Deus
544 4930 641 4969 cor
662 4915 791 4984 ejus
812 4914 884 4969 ad
908 4912 1017 4968 sibi
1045 4910 1256 4984 placita
1278 4910 1556 4967 inclinare
1579 4912 1936 4987 dignabitur,
1960 4925 2017 4975 et

368 5004 439 5059 de
469 5002 908 5074 praevaricatore
938 5000 1176 5055 tandem
1218 4999 1388 5055 faciet
1425 5004 1808 5059 convertenda
1839 5005 2014 5064 dilec-

369 5098 517 5147 tum.
542 5091 601 5146 Si
634 5096 830 5146 autem
874 5087 1117 5145 subdole
1146 5088 1595 5162 Theutbergam,
1629 5096 1693 5147 ut
1721 5110 1849 5150 eam
1881 5112 2014 5168 per-

372 5181 491 5247 dat,
506 5178 650 5233 velle
671 5184 928 5248 repetere
957 5175 1194 5245 dicitur,
1220 5176 1271 5231 si
1301 5176 1429 5249 ipsa
1458 5176 1604 5234 tales
1635 5179 1891 5253 elegerit,
1917 5202 2021 5257 per

372 5285 521 5340 quos
552 5267 661 5321 sibi
713 5265 998 5320 securitas
1027 5265 1353 5322 certissima
1384 5267 1505 5333 fiat,
1536 5284 1667 5325 ecce
1716 5271 1880 5327 bene.
1915 5275 2016 5329 Sin

374 5362 591 5421 autem,
613 5353 770 5409 idem
802 5352 1111 5408 Lotharius
1142 5356 1393 5427 praebeat
1421 5364 1878 5429 sacramentum,
1903 5379 2018 5434 quo

374 5442 723 5516 polliceatur
751 5456 879 5494 eam
919 5440 1092 5515 digno
1142 5444 1511 5501 matrimonio
1562 5446 1838 5519 recipere,
1870 5456 1926 5505 et
1958 5454 2021 5505 ut

376 5547 613 5586 uxorem
655 5526 976 5597 legitimam
1009 5530 1277 5588 decenter
1303 5534 1565 5590 venerari
1611 5540 1669 5589 et
1714 5537 1919 5604 colere,
1954 5555 2020 5593 ac

376 5618 650 5688 deinceps
682 5615 1011 5674 incolumen
1051 5638 1407 5679 conservare.
1432 5623 1512 5678 De
1554 5623 1894 5695 poenitentia
1924 5643 2022 5682 au-

2126 4651 2369 4709 alterius
2398 4648 2923 4721 loquimini,quam
2948 4652 3123 4705 etiam
3158 4665 3263 4722 per
3283 4649 3527 4723 triginta
3558 4649 3784 4705 eirciter

2123 4757 2309 4799 annos
2331 4739 2403 4795 ab
2436 4737 2800 4795 infructuosa
2831 4736 3084 4793 ficulnea
3112 4737 3379 4794 Rothado
3402 4739 3526 4809 [al.,
3553 4737 3784 4794 Rothal-

2124 4832 2218 4900 do,
2242 4837 2294 4885 et
2320 4830 2400 4884 sic
2427 4827 2630 4898 ubique
2662 4828 2919 4899 inferius,
2954 4826 3164 4899 lixam]
3198 4826 3487 4883 inutiliter
3535 4844 3779 4899 occupa-

2124 4919 2517 4987 tam,excepto
2549 4913 2673 4970 solo
2718 4913 2975 4981 nomine,
3000 4913 3279 4986 pastorali
3319 4913 3519 4970 dicitis
3546 4929 3779 4969 vacasse

2125 5004 2519 5064 sollicitudine
2544 5019 2558 5058 :
2584 5002 2873 5059 miramur
2893 5019 2999 5059 cur
3016 5006 3218 5058 tantus
3241 5018 3340 5059 rex
3362 5001 3648 5059 suasoriis
3669 5017 3779 5056 ver-

2127 5096 2219 5151 bis
2240 5094 2412 5161 cedit,
2428 5096 2487 5149 et
2507 5110 2622 5149 non
2646 5092 2835 5165 magis
2860 5110 2975 5149 non
2997 5092 3252 5165 qualiter
3270 5093 3341 5148 de
3364 5090 3633 5148 Rhotado
3654 5091 3777 5146 obe-

2129 5183 2253 5240 diat
2281 5182 2573 5239 laetiﬁcare
2603 5185 2896 5254 procurat.
2930 5182 3140 5237 Desine
3178 5197 3338 5255 ergo,
3363 5180 3471 5249 fili,
3492 5185 3549 5236 et
3580 5180 3774 5252 depre-

2129 5271 2348 5328 catoria
2375 5271 2551 5326 verba
2580 5269 2729 5342 pelle
2753 5287 2787 5326 a
2806 5271 2999 5337 corde,
3021 5270 3329 5343 incipeque
3360 5269 3582 5325 nostris
3605 5268 3775 5323 moni-

2128 5361 2206 5417 tis
2237 5376 2458 5432 parere,
2480 5364 2546 5414 ut
2574 5357 3067 5416 excellentissima
3095 5358 3283 5432 gloria
3310 5363 3506 5415 vestra
3531 5374 3664 5414 cum
3696 5374 3775 5412 ex-

2130 5448 2445 5506 sultatione
2467 5448 2798 5515 fructificet,
2821 5453 2877 5503 et
2906 5464 3040 5504 cum
3072 5448 3287 5522 gaudio
3316 5446 3655 5520 manipulos
3674 5444 3774 5501 col-

2128 5538 2291 5609 ligat.
2314 5538 2536 5592 Tamen
2569 5536 2819 5608 qualiter
2847 5537 2918 5593 de
2950 5536 3050 5593 illo
3076 5536 3501 5594 sublimitatem
3531 5540 3769 5592 vestram

2130 5629 2393 5699 oporteat
2415 5625 2622 5692 facere,
2637 5624 2768 5682 aliis
2800 5625 3009 5683 litteris
3031 5626 3248 5683 nostris
3268 5626 3558 5698 liquidius
3578 5639 3775 5697 cogno-
