3898 6212
347 363 467 430 927

1717 364 2027 430 NlCOLAI
2068 365 2299 429 ΡᾹΡΑΞ
2340 367 2389 430 Ι.

3636 369 3763 439 938

420 503 914 575 Proposueramus
946 498 1203 572 quidem,
1236 508 1548 571 antequam
1583 500 1827 557 Michael
1870 499 1997 573 glo-
2026 501 2083 567 Α
2112 502 2318 557 bentcr
2342 501 2892 574 ferimus.Discipuli
2920 501 3078 559 enim
3105 520 3314 560 sumus
3346 503 3531 569 illius,
3550 504 3624 559 de
3653 520 3762 576 quo

348 591 541 648 riosus
554 589 1057 664 protospatharius
1069 588 1297 662 legatus
1307 591 1749 646 vesterRomam
1763 591 2001 647 veniens

348 680 653 752 epistolam
682 679 853 735 nobis
883 677 1168 735 claritatis
1197 683 1400 734 vestrae
1422 678 1893 745 detulisset,talia
1910 696 2002 735 vo-

346 770 438 826 bis
487 770 704 842 scripta
736 787 838 842 per
869 767 1084 823 missos
1115 773 1369 834 nostros,
1404 785 1529 840 quae
1548 769 1676 840 jam
1709 773 1766 825 et
1799 773 2002 841 parata

346 856 1163 929 erant,transmittere,qualia
1192 856 1999 929 gravissimusfgratissimus)

348 947 504 1003 ﬁlius
534 965 569 1002 a
598 946 877 1020 diligente
908 951 1071 1017 patre
1090 962 1154 1000 ac
1179 945 1280 1000 Dei
1312 945 1941 1018 cultore,imperatores
1968 964 2002 1001 a

348 1036 504 1093 sedis
535 1035 862 1108 apostolicae
897 1032 1246 1106 prmsulibus
1294 1033 1450 1089 soliti
1486 1038 1651 1089 erant
1680 1036 1997 1107 suscipere.

345 1127 418 1181 At
444 1142 577 1182 vero
608 1125 843 1197 praefato
872 1123 994 1179 viro
1026 1122 1416 1194 perveniente,
1448 1122 1875 1196 epistolamque
1898 1141 2000 1179 no-

346 1213 438 1270 bis
466 1218 668 1269 vestra:
701 1210 919 1286 glorias,
953 1228 1080 1282 quae
1114 1215 1235 1266 tota
1266 1209 1671 1282 blasphemiis,
1708 1216 1830 1267 tota
1877 1216 2001 1267 erat

346 1302 580 1374 injuriis
610 1299 1161 1374 plena,porrigente,
1197 1304 1422 1355 mutata
1451 1305 1539 1355 est
1570 1299 1629 1354 in
1656 1300 1880 1356 luctum
1925 1300 2001 1356 ci-

346 1392 515 1447 thara
540 1396 740 1447 nostra
768 1390 1096 1461 (Thren._v),
1131 1392 1185 1444 et
1216 1405 1502 1459 organum
1536 1393 1801 1445 nostrum
1831 1390 1889 1444 in
1910 1406 2002 1445 vo-

346 1498 471 1536 cem
529 1479 792 1534 ﬂentium
847 1483 979 1543 (lia.
1042 1478 1117 1548 v).
1188 1476 1473 1541 Quoniam
1535 1477 2000 1549 exspectavimus

345 1573 628 1640 tanquam
656 1568 725 1622 de
758 1568 908 1621 bona
936 1567 1048 1621 vite
1080 1583 1242 1631 uvas,
1275 1566 1569 1637 suscepim
1600 1584 1647 1621 .s
1677 1572 1875 1621 autem
1910 1566 1999 1622 la-

345 1658 590 1713 bruscas
622 1673 638 1711 :
671 1657 917 1728 ideoque
970 1655 1329 1711 mutavimus
1373 1654 1614 1727 stylum,
1663 1659 1719 1709 et
1763 1660 1999 1712 ostenso

341 1746 570 1802 vulneri
593 1762 852 1818 congrua
875 1743 1246 1818 praevidimus
1260 1744 1537 1799 adhibere
1551 1743 1996 1801 medicamenta.

2110 590 2505 662 apostolorum
2547 591 2820 663 princeps
2849 591 2931 647 ait
2961 608 2975 647 :
3005 593 3113 661 Qui
3155 610 3282 650 cum
3324 593 3764 661 "addiceretur,

2108 696 2220 736 non
2263 680 2618 737 maledicebat
2645 697 2660 735 :
2691 689 2743 736 et
2770 697 2893 736 cum
2918 689 3217 753 pateretur,
3250 699 3363 737 non
3391 682 3765 739 comminaba-

2110 776 2202 823 tur
2232 771 2281 838 (I
2302 775 2452 825 Petr.
2486 772 2570 837 II).
2605 769 2685 825 De
2714 768 2932 825 talibus
2960 770 3119 825 enim
3166 770 3399 827 Veritas
3440 770 3707 843 loquitur
3745 788 3759 826 :

2109 857 2172 913 Si
2236 859 2697 930 patremfamilias
2735 859 3059 915 Beelzebuth
3122 869 3511 916 vocaverunt:
3569 870 3770 933 quanto

2108 948 2285 1016 magis
2337 945 2650 1002 domesticos
2697 948 2849 1019 ejus?
2880 946 3095 1017 (Matth.
3144 950 3226 1016 x.)
3280 947 3347 1003 Et
3394 964 3611 1003 rursus
3649 964 3767 1011 eos,

2110 1034 2213 1107 qui
2243 1039 2479 1107 propter
2520 1051 2733 1090 nomen
2783 1033 2945 1090 illius
2975 1036 3466 1107 persecutionem,
3499 1040 3560 1090 et
3590 1034 3772 1091 male-

2109 1124 2266 1180 dicta
2295 1123 2595 1179 toleraturi
2622 1127 2814 1189 erant,
2854 1125 3057 1180 beatos
3104 1140 3234 1180 esse
3284 1124 3660 1196 pronuntiat,
3691 1124 3773 1179 di-

2110 1230 2247 1269 cens
2280 1229 2293 1268 :
2327 1214 2480 1268 Beati
2502 1214 2631 1268 estis
2659 1228 2785 1267 cum
2809 1211 3203 1269 maledizerint
3226 1214 3405 1281 vobis,
3423 1222 3477 1269 et
3501 1215 3775 1285 persecuti

2108 1318 2200 1357 vos
2225 1303 2514 1373 fuerint,et
2543 1301 2796 1357 dixerint
2816 1318 2975 1358 omne
2992 1302 3207 1358 malum
3235 1301 3501 1359 adversus
3522 1319 3615 1358 vos
3636 1320 3777 1357 mm-

2108 1392 2300 1446 tientes
2327 1397 2546 1461 propter
2571 1407 2659 1445 me
2688 1390 2895 1462 (Matth.
2918 1395 2994 1458 v).
3008 1390 3118 1446 Ubi
3140 1394 3455 1463 ergo,teste
3475 1390 3775 1447 conscien-

2108 1478 2210 1543 tia,
2240 1476 2394 1533 Deus
2432 1477 2505 1535 ,in
2553 1493 2737 1533 causa
2762 1482 2872 1545 est,
2908 1476 2988 1533 ibi
3020 1477 3262 1533 omnino
3307 1476 3617 1532 beatitudo
3648 1494 3774 1549 spe-

2109 1567 2294 1622 randa
2325 1582 2339 1621 :
2372 1570 2431 1621 et
2461 1566 2561 1620 ubi
2594 1565 2968 1622 mendacium
3001 1566 3182 1631 saevit,
3216 1566 3297 1622 ibi
3325 1565 3597 1621 convicia
3619 1564 3776 1625 nulla

2107 1656 2390 1711 timenda.
2423 1654 2588 1711 Sicut
2620 1670 2757 1726 ergo
2790 1671 2897 1711 nos
2925 1659 3163 1727 propter
3191 1654 3375 1711 Deum
3402 1653 3585 1711 etiam
3609 1671 3646 1710 ι
3666 1672 3774 1709 non

2105 1760 2241 1798 vera
2271 1741 2604 1798 dicentibus
2630 1742 2882 1812 injurias
2925 1743 3104 1799 nobis
3142 1742 3339 1800 illatas
3368 1742 3778 1816 mquanimiter

346 1836 531 1909 Igitur
554 1835 626 1889 ad
652 1832 973 1906 potentiam
993 1838 1242 1887 vestram
1262 1832 1584 1905 inspirante
1602 1831 1848 1888 Domino
1862 1832 2000 1889 scri-
2033 1872 2079 1936 Β
2108 1832 2383 1899 ferimus;
2412 1831 2495 1887 ita
2522 1848 2756 1936 quoque
2804 1836 3035 1903 oportet
3086 1831 3364 1904 pietatem
3396 1836 3663 1931 vestram
3691 1849 3778 1888 sa-

342 1925 520 1998 pturi,
556 1928 884 1995 nostrasque
932 1922 1112 1977 menti
1163 1922 1407 1976 affectus
1461 1921 1767 1977 industriae
1798 1926 2001 1977 vestra-2.

342 2011 905 2077 reseraturi,necnon
939 2014 998 2065 et
1031 2026 1136 2082 pro
1172 2013 1377 2065 sancta
1424 2007 1680 2065 Ecclesia
1721 2010 2007 2066 catholica

344 2106 402 2158 et
430 2099 753 2175 apostolica
783 2100 975 2171 (cujus
1018 2115 1125 2154 nos
1175 2096 1463 2170 praecipue
1512 2114 1676 2164 cura,
1707 2102 1765 2153 et
1811 2099 2004 2170 quoti-

344 2191 519 2246 diana
548 2188 875 2245 secundum
908 2184 1244 2260 Apostolum
1278 2185 1610 2242 sollicitudo
1631 2187 2002 2260 constringit)

345 2279 500 2352 apud
531 2295 633 2333 vos
664 2274 1131 2342 interventuri,et
1152 2274 1411 2346 epistolae
1436 2280 1641 2331 vestrae
1672 2276 2007 2332 assertioni-

342 2368 455 2422 bus
489 2367 685 2438 (prout
713 2364 999 2420 Dominus
1028 2380 1200 2435 posse
1221 2367 1277 2419 et
1299 2380 1470 2419 nosse
1491 2364 1740 2433 dederit)
1773 2382 2011 2437 respon-

344 2456 488 2523 suri,
520 2453 665 2510 nihil
699 2450 1265 2525 opportunius,nihil
1298 2453 1517 2525 aptius,
1555 2452 1699 2509 nihil
1747 2454 2004 2526 profecto

344 2543 647 2601 sulubrius
677 2541 1196 2610 arbitramur(licet
1220 2559 1322 2597 vos
1354 2559 1389 2597 a
1417 2541 1696 2598 conviciis
1731 2543 2003 2599 inchoas~

344 2633 505 2705 setis)
522 2648 697 2705 quam
733 2648 848 2704 prae
879 2632 1155 2687 omnibus
1187 2630 1446 2703 ﬂagitare
1478 2630 1824 2703 suppliciter
1845 2649 2002 2700 eum,

344 2740 447 2795 per
477 2738 650 2794 quem
685 2736 850 2794 reges
880 2724 1146 2794 regnant,
1182 2725 1239 2776 et
1270 2719 1466 2792 legum
1500 2720 1831 2776 conditores
1839 2722 2007 2792 justa

309 2812 683 2878 .deccrnunt,
716 2814 773 2866 et
804 2810 863 2864 in
894 2810 1065 2881 cujus
1098 2826 1278 2864 manu
1316 2809 1492 2865 corda
1521 2813 1661 2864 sunt
1692 2826 1917 2882 regum,
1948 2814 2006 2865 et

342 2917 413 2957 ex
437 2918 554 2973 quo
585 2903 793 2973 regnat
816 2898 1010 2955 omnis
1040 2898 1138 2971 qui
1163 2898 1255 2971 pie
1278 2901 1509 2971 regnat;
1535 2902 1591 2953 et
1613 2897 1861 2970 imperat
1882 2916 2008 2957 om-

342 2988 565 3061 nis,qui
596 2987 785 3044 eidem
820 2987 960 3059 Regi
994 3003 1199 3060 regum
1226 2990 1284 3040 et
1302 2986 1549 3042 Domino
1571 2987 2002 3043 dominantium

343 3096 458 3135 non
492 3080 801 3150 repugnat,
832 3075 1148 3132 Dominum
1180 3075 1450 3131 videlicet
1498 3080 1769 3131 nostrum
1798 3077 2002 3132 Jesum

310 3158 317 3161 ’
340 3165 755 3236 Christum,cui
780 3163 972 3220 omnis
991 3152 1356 3220 rationabilis
1385 3168 1653 3220 creatura
1674 3164 1999 3221 ministrat:

2112 1921 2468 1993 cerdotibus,
2496 1919 2937 1993 qualescunque
2966 1921 3353 1994 sint,propter
3382 1937 3525 1977 eum
3552 1920 3651 1977 cui
3682 1921 3777 1977 de-

2113 2010 2396 2075 serviunt,
2428 2008 2810 2065 reverentiam
2843 2010 3061 2083 potius,
3093 2026 3274 2082 quam
3321 2010 3581 2081 injurias
3626 2009 3779 2066 exhi-

2113 2100 2269 2154 bere.
2297 2098 2406 2154 Sed
2440 2098 2513 2153 de
2542 2097 2636 2152 his
2658 2098 2782 2169 jam
2808 2114 2947 2153 cum
2978 2102 3181 2154 sancto
3212 2114 3367 2171 papa
3386 2098 3561 2154 vobis
3582 2097 3776 2170 loqua-

2116 2205 2251 2243 mur
2277 2186 2553 2259 Gregorio
2583 2187 2966 2258 (Epist.lib.tv,
2996 2203 3080 2259 ep.
3112 2188 3202 2259 31)
3238 2203 3250 2241 :
3285 2187 3434 2243 Nam
3468 2186 3533 2243 in
3564 2186 3775 2244 divinis

2114 2276 2364 2349 eloquiis
2393 2276 2725 2331 sacerdotes
2753 2275 3069 2347 aliquando
3099 2275 3202 2344 dii,
3235 2274 3561 2348 aliquando
3583 2275 3772 2348 angeli

2114 2370 2414 2421 vocantur.
2446 2365 2594 2420 Nam
2626 2368 2683 2419 et
2712 2381 2815 2436 per
2844 2364 3079 2437 Moysen
3136 2365 3209 2420 de
3253 2381 3343 2432 eo,
3373 2364 3478 2436 qui
3510 2365 3587 2420 ad
3610 2365 3769 2436 jura-

2114 2458 2380 2510 mentum
2412 2453 2789 2509 deducendus
2817 2458 2926 2520 est,
2960 2453 3209 2509 dicitur:
3238 2455 3481 2526 Applica
3514 2454 3682 2509 illum
3708 2453 3773 2509 ad

2113 2544 2237 2599 deos
2263 2542 2623 2613 (Exodxxn),
2646 2541 2916 2597 videlicet
2943 2542 3016 2597 ad
3048 2543 3399 2598 sacerdotes.
3432 2542 3507 2598 Et
3534 2559 3769 2598 rursum

2113 2632 2401 2704 scriptum
2432 2636 2521 2687 est
2552 2647 2565 2686 :
2599 2632 2717 2686 Diis
2745 2647 2857 2687 non
2882 2631 3132 2687 deuahes
3182 2631 3385 2701 (ibid.),
3418 2631 3649 2688 scilicet
3684 2649 3772 2687 sa-

2114 2720 2545 2777 cerdotibus.Et
2575 2720 2862 2793 propheta
2887 2720 2970 2775 ait
3002 2737 3015 2777 :
3047 2722 3221 2777 Labia
3254 2720 3551 2777 sacerdotis
3599 2729 3771 2777 custo-

2111 2811 2264 2866 dient
2289 2812 2597 2877 scientiam,
2642 2817 2697 2865 et
2737 2811 2908 2882 legem
2950 2811 3234 2881 requirent
3258 2826 3329 2867 ea:
3353 2827 3449 2867 ore
3472 2811 3618 2882 ejus,
3646 2812 3770 2882 quia

2112 2900 2340 2971 angelus
2367 2898 2591 2954 Domini
2615 2900 2957 2955 exercituum
2982 2906 3063 2954 est
3082 2898 3342 2968 (Halach.
3365 2900 3453 2970 ιι.)

2185 2988 2333 3054 Quid
2364 3003 2502 3060 ergo
2534 2987 2829 3053 mirum,si
2852 2986 2986 3043 illos
3018 2986 3341 3060 imperialis
3370 2987 3562 3059 pietas
3588 2986 3771 3043 bono-

2113 3081 2219 3147 ret,
2254 3076 2474 3149 quibus
2502 3074 2563 3131 in
2593 3093 2700 3132 suo
2734 3075 2966 3148 eloquio
3014 3076 3297 3132 honorem
3346 3076 3642 3142 tribuens,
3674 3091 3766 3133 eos

2076 3170 2216 3222 .aut
2243 3164 2504 3238 angelos,
2536 3169 2641 3220 aut
2685 3165 2826 3221 deos
2869 3164 2995 3237 ipse
3042 3163 3223 3220 etiam
3272 3161 3533 3236 appellat
3577 3162 3768 3225 Deus?

341 3255 622 3313 nimirum
656 3254 749 3310 cui
780 3259 837 3309 et
866 3252 1237 3309 insensibiles
1282 3252 1459 3319 venti,
1493 3256 1551 3308 et
1602 3270 1765 3309 mare
1812 3254 1997 3326 impe-
2029 3236 2074 3304 C
2111 3236 2518 3311 Ecclesiastica
2548 3269 2782 3325 quoque
2806 3236 3061 3311 testatur
3087 3252 3337 3310 historia
3375 3253 3593 3324 (Ruﬁn.
3629 3254 3764 3319 Hist.

342 3344 498 3402 ranti
528 3344 829 3409 obediunt,
849 3349 1141 3415 quatenus
1164 3346 1221 3397 et
1260 3340 1415 3397 labia
1444 3346 1648 3397 nostra
1676 3343 1747 3397 ad
1775 3360 2000 3399 annun-

340 3434 609 3491 tiandum
628 3432 861 3488 laudem
876 3447 1043 3486 suam
1059 3430 1665 3502 aperiens,dilatatum
1688 3448 1918 3504 quoque
1931 3449 1997 3489 os

341 3528 611 3580 nostrum
646 3524 818 3593 pastu
850 3517 1126 3574 doctrinae
1153 3518 1428 3574 salutaris
1445 3518 1847 3592 adimpleat,et
1868 3539 1995 3594 quze

338 3629 444 3685 per
461 3609 643 3665 nostri
662 3606 1023 3680 apostolatus
1054 3606 1314 3661 ofticium
1344 3605 1587 3663 auribus
1615 3609 1825 3664 vestris
1848 3614 1999 3666 exte-

341 3699 465 3755 rius
494 3696 766 3759 dicimus,
801 3712 904 3768 per
933 3712 994 3751 se
1026 3711 1258 3767 quoque
1289 3700 1435 3750 nutu
1468 3713 1586 3751 suae
1618 3697 1997 3769 aspirationis

337 3785 587 3844 interius
637 3784 934 3841 mentibus
981 3783 1189 3840 vestris
1234 3784 1469 3857 aspiret.
1503 3785 1649 3851 Quia
1694 3786 1995 3843 incassum

339 3882 496 3933 terra
516 3874 707 3931 cordis
727 3890 959 3930 vomere
980 3877 1192 3929 nostrae
1213 3873 1425 3947 linguae
1456 3874 1997 3946 proscinditur,nisi

341 3965 595 4022 ccelestis
643 3962 790 4021 roris
842 3963 1181 4037 aspersione
1241 3963 1593 4020 intrinsecus
1630 3964 1992 4021 infundatur.

303 4043 315 4049 ’
339 4055 496 4111 Deus
521 4058 610 4111 est
640 4053 818 4121 enim,
848 4052 948 4126 qui
975 4053 1404 4109 incrementum
1445 4053 1545 4109 dat
1574 4055 1626 4123 (I
1647 4053 1768 4110 Cor.
1803 4054 1906 4126 in),
1940 4059 1997 4110 et

339 4144 438 4217 qui
470 4145 638 4200 docet
669 4142 967 4199 hominem
999 4141 1306 4198 scientiam
1337 4143 1512 4215 (Psal.
1544 4144 1761 4215 xcxm).

410 4234 610 4297 Putas,
661 4232 996 4304 imperator,
1032 4248 1147 4287 non
1200 4232 1347 4288 bene
1396 4231 1683 4288 facimus?
1711 4234 1864 4303 quod
1893 4250 1995 4289 vos

339 4322 412 4377 ab
445 4320 677 4393 injuriis
706 4321 1028 4377 scribentes
1046 4320 1487 4389 *inchoaveritis,
1524 4338 1629 4378 nos
1682 4323 1755 4378 ab
1782 4322 1994 4378 oratio-

339 4410 517 4466 nibus
551 4426 565 4464 :
597 4426 697 4466 vos
727 4428 761 4464 a
791 4411 1068 4467 conviciis
1098 4410 1158 4465 in
1188 4428 1315 4479 nos,
1352 4411 1468 4466 imo
1500 4415 1706 4466 contra
1742 4411 1993 4483 primam

339 4505 399 4556 et
429 4498 774 4572 magistram
805 4499 1195 4556 Ecclesiarum
1223 4499 1490 4555 omnium
1511 4498 1817 4570 loquentes
1839 4517 1997 4557 exor-

340 4588 503 4645 dium
538 4588 821 4655 feceritis;
855 4606 962 4645 nos
999 4589 1059 4643 in
1112 4588 1410 4653 laudibus,
1442 4591 1501 4641 et
1530 4587 1589 4641 in
1619 4588 1855 4644 nomine
1884 4591 1999 4646 Do-

342 4677 485 4732 mini
518 4678 590 4731 ad
630 4678 946 4748 potentiam
978 4681 1229 4733 vestram
1263 4690 1593 4729 sermonem
1644 4674 1899 4732 habituri
1934 4697 1998 4735 os

343 4764 786 4837 aperuerimus?
809 4764 1093 4820 Videmus
1114 4763 1270 4817 enim
1301 4761 1597 4833 gigantem
1632 4761 1991 4837 allophylum

346 4860 550 4910 contra
596 4870 843 4924 puerum
889 4856 1183 4917 sanctum,
1215 4855 1275 4905 et
1316 4848 1697 4906 citharoedum
1727 4857 1993 4912 nostrum

341 4941 521 4997 David
555 4941 748 4996 furore
778 4939 1037 5012 plenum,
1092 4942 1151 4993 et
1194 4935 1592 5009 blasphemias
1634 4944 1994 5000 eructantem

343 5029 533 5102 primo
563 5029 785 5099 impetu
818 5026 1032 5098 populo
1079 5025 1180 5080 Dei
1225 5029 1508 5079 terrorem
1550 5042 1665 5083 non
1700 5030 1994 5088 modicum

343 5116 618 5174 intulisse
652 5118 695 5186 (Ι
729 5115 861 5184 Reg.
893 5116 1045 5181 XVII).
1081 5113 1193 5168 Sed
1244 5117 1514 5185 exspecta
1561 5116 1890 5189 paululum,
1940 5125 1999 5176 et

343 5222 475 5262 ecce
504 5201 727 5256 videbis
757 5199 925 5253 illum
976 5201 1033 5254 in
1082 5201 1321 5257 nomine
1359 5202 1588 5261 Domini
1624 5223 1993 5279 percussum,

345 5298 403 5348 et
425 5293 553 5363 jam
586 5304 619 5342 a
641 5288 793 5340 dicto
826 5286 1164 5357 hymnidieo
1191 5295 1247 5346 et
1278 5290 1481 5348 laudes
1527 5298 1584 5350 et
1613 5295 1897 5368 psalmos,
1931 5316 1997 5355 ac

345 5376 642 5435 orationes
672 5369 906 5424 Domini
952 5377 1245 5448 majestati
1297 5379 1602 5438 humiliter
1643 5385 1998 5455 eti'undente,

345 5464 540 5536 gladio
570 5470 678 5513 suo
706 5463 1157 5544 prostratum.Et
1180 5468 1417 5540 quidem
1435 5487 1541 5526 nos
1562 5471 1809 5544 injurias
1831 5475 1999 5531 nobis

345 5545 682 5620 Specialiter
709 5539 1012 5632 irrogatas,
1045 5560 1102 5611 et
1131 5539 1384 5613 maxime
1426 5576 1528 5630 pro
1568 5539 1811 5632 justitia
1839 5561 2000 5619 labo-

345 5633 639 5702 rentibus,
672 5631 727 5680 et
756 5644 790 5683 a
811 5632 1053 5707 justitia;
1080 5644 1594 5720 impugnatoribus
1625 5650 1906 5722 ingestas,
1939 5651 2003 5707 li-

2103 3344 2256 3411 eccl.,
2290 3342 2387 3398 lib.
2421 3359 2462 3410 ι,
2494 3358 2615 3414 cap.
2643 3344 2723 3409 2),
2755 3340 2896 3413 quia
2935 3357 3091 3399 cum‘
3120 3341 3227 3413 pias
3278 3340 3579 3399 memoriae
3625 3340 3764 3397 Con-

2064 3482 2077 3487 ,
2106 3432 2365 3489 stantino
2393 3429 2642 3503 principi
2674 3429 2893 3501 scripto
2915 3428 3123 3485 oblata:
3141 3427 3552 3486 accusationes
3570 3431 3767 3489 contra

2068 3574 2075 3575 ,
2103 3521 2412 3594 episcopos
2442 3516 2949 3586 fuissent,libellos
2976 3517 3217 3590 quidem
3247 3517 3490 3590 accepit,
3541 3522 3615 3573 et.
3646 3534 3762 3573 eos-

2105 3613 2239 3667 dem
2271 3609 2371 3683 qui
2403 3607 2659 3665 accusati
2692 3608 2942 3674 fuerant,
2972 3606 3281 3679 episcOpos
3321 3623 3677 3673 convocans,
3709 3605 3759 3660 in

2104 3717 2308 3756 eorum
2338 3700 2655 3770 conspectu
2684 3694 2934 3765 libellos,
2966 3712 3115 3769 quos
3143 3700 3469 3768 acceperat,
3498 3695 3753 3751 incendit

2104 3789 2348 3845 dicens:
2376 3787 2493 3842 Vos
2539 3785 2620 3841 dii
2668 3784 2831 3854 estis,
2864 3802 2898 3840 a
2942 3801 3077 3841 vero
3125 3784 3243 3841 Deo
3271 3784 3623 3852 constituti;
3670 3784 3760 3851 ite,

2104 3882 2164 3935 et
2191 3878 2342 3933 inter
2368 3893 2472 3931 vos
2495 3892 2707 3932 causas
2734 3878 2961 3931 vestras
2988 3874 3287 3947 deponite,
3328 3873 3474 3946 quia
3524 3873 3760 3945 dignum

2070 3992 2073 3995 λ
2104 3983 2222 4022 non
2248 3970 2358 4031 est,
2388 3968 2455 4019 ut
2484 3980 2590 4019 nos
2611 3962 2952 4033 judicemus
2999 3963 3159 4019 deos.
3196 3963 3262 4018 In
3309 3978 3433 4034 qua
3475 3960 3762 4018 sententia

2104 4054 2215 4111 sibi
2240 4053 2431 4126 magis
2452 4069 2521 4108 ex
2541 4051 3083 4123 humilitate,quam
3105 4050 3222 4107 illis
3238 4050 3467 4123 aliquid
3489 4049 3755 4123 prastitit

2103 4160 2173 4199 ex
2201 4140 2523 4198 reverentia
2550 4139 2993 4212 impensa.Ante
3020 4156 3158 4196 eum
3202 4138 3674 4212 quippe~pagani
3694 4136 3753 4192 in

2105 4229 2407 4304 republica
2436 4228 2731 4303 principes
2759 4229 3011 4295 fuerant,
3059 4228 3161 4300 qui
3191 4244 3392 4284 verum
3444 4228 3635 4283 Deum
3667 4243 3757 4281 ne-

2104 4319 2375 4387 scientes,
2408 4317 2549 4373 deos
2578 4316 2802 4389 ligneos
2850 4320 2907 4372 et
2951 4314 3215 4388 lapideos
3264 4315 3565 4387 colebant,
3595 4320 3652 4370 et
3687 4319 3757 4369 ta-

2104 4426 2238 4466 men
2257 4423 2458 4465 eorum
2482 4405 2886 4462 sacerdotibus
2902 4406 3179 4467 honorem
3197 4405 3526 4460 maximum
3550 4404 3758 4460 tribue-

2105 4499 2264 4554 bant.
2297 4495 2442 4561 Quid
2476 4495 2658 4568 igitur
2686 4494 2929 4563 mirum,
2960 4494 3011 4551 si
3040 4493 3413 4550 Christianus
3446 4493 3757 4565 imperator

2103 4586 2222 4643 veri
2252 4584 2355 4642 Dei
2382 4584 2715 4641 sacerdotes
2746 4582 3013 4651 honoret,
3047 4584 3192 4639 dum
3237 4581 3477 4657 pagani,
3511 4586 3579 4637 ut
3628 4597 3758 4653 pra-

2108 4672 2686 4747 diximus,principes
2701 4671 2983 4730 honorem
3006 4672 3345 4745 impendere
3360 4670 3757 4729 sacerdotibus

2103 4767 2408 4831 noverunt,
2440 4762 2542 4834 qui
2574 4761 2699 4817 dies
2728 4759 2942 4835 ligneis
2988 4765 3048 4817 et
3090 4760 3338 4832 lapideis
3389 4757 3756 4816 serviebant?

2104 4854 2234 4910 Haec
2288 4867 2424 4925 ergo
2476 4866 2592 4906 non
2632 4853 2863 4909 tantum
2915 4848 3264 4922 specialiter,
3315 4853 3629 4921 quantum,
3665 4862 3752 4919 ge-

2104 4942 2381 4999 neraliter
2425 4956 2531 5013 pro
2586 4939 2864 4995 omnibus
2914 4938 3237 4995 asserimus
3289 4935 3697 4996 sacerdotibus
3738 4948 3751 4987 :

2105 5030 2387 5105 quoniam
2436 5027 2631 5085 adhuc
2687 5028 3007 5095 nescimus,
3061 5028 3196 5101 quis
3245 5025 3304 5082 in
3358 5024 3617 5087 terribili
3664 5022 3751 5078 Dei

2096 5119 2323 5193 judicio
2383 5116 2577 5191 qualis
2621 5116 2859 5172 futurus
2901 5115 2997 5172 sit.
3049 5117 3281 5174 Etenim
3339 5112 3563 5179 Paulus
3592 5126 3753 5185 .egre-

2104 5210 2239 5281 gius
2267 5205 2614 5280 praedicator
2644 5204 2786 5260 dicit
2817 5221 2829 5260 :
2864 5205 3041 5262 Nolite
3077 5205 3334 5277 judicare
3377 5210 3517 5259 ante
3537 5208 3749 5271 tempus.

2105 5298 2272 5353 donec
2314 5297 2497 5351 veniat
2538 5295 2821 5362 Dominus,
2853 5296 2951 5366 qui
2978 5302 3029 5351 et
3058 5294 3407 5357 illuminabit
3452 5289 3751 5353 abscondita

2108 5386 2477 5455 tenebrarum,
2502 5391 2555 5440 et
2580 5384 2962 5455 manifestabit
3004 5385 3239 5441 consilia
3286 5380 3542 5441 cordium
3568 5379 3627 5446 (Ι.
3644 5378 3746 5435 Cor.

2108 5475 2192 5543 ιι).
2228 5473 2344 5528 Hoc
2393 5477 2588 5528 tamen
2640 5472 2894 5528 breviter
2940 5472 3214 5541 dicimus,
3246 5470 3405 5545 quia,
3453 5467 3748 5538 licetkpec-

2111 5567 2334 5619 catores
2364 5566 2426 5617 et
2454 5560 2703 5635 indigni,
2736 5560 2871 5634 plus
2903 5565 3102 5617 tamen
3154 5561 3226 5617 de
3271 5556 3505 5616 venturi
3538 5549 3748 5619 Domini

2070 5698 2075 5709 ι
2112 5650 2532 5719 misericordia,
2558 5666 2736 5723 quam
2767 5651 2840 5707 de
2868 5654 3061 5708 vestra
3080 5650 3295 5724 pietate
3321 5644 3743 5722 praesumimus.
