3898 6212
119 396 225 467 κε

1307 392 1713 458 ΕΡῙΞΤΟῙΛΕ
1754 392 1858 458 ET
1899 393 2283 459 DECRETA.

3377 392 3496 460 946

110 533 202 606 jus
227 528 520 599 causa,aut
538 543 572 584 a
596 542 657 584 se
686 524 1056 600 negotiorum
1090 523 1315 581 meritis
1345 525 1733 598 exigentibus,
1763 526 1818 593 Α
1848 526 2367 584 Psalmistanosset
2387 527 2703 600 quamdam
2728 545 2842 586 non
2864 526 3153 586 bonorum
3172 525 3497 587 multitudi-

118 622 169 680 in
190 619 383 677 melius
403 619 925 683 cemmutatur,aut
941 616 1122 671 solius
1146 616 1242 671 Dei
1264 616 1390 671 sine
1414 614 1734 688 quaestione

116 713 414 771 reservatur
441 705 698 764 arbitrio.

174 803 341 867 Quem
367 800 558 853 autem
576 795 896 869 primatum
915 795 1229 851 dioeceseos
1243 798 1450 851 sancta
1475 794 1733 867 synodus

117 889 321 954 dixerit,
347 891 553 959 praeter
582 884 830 958 apostoli
862 884 1037 957 primi
1068 884 1374 951 vicarium,
1400 883 1598 939 nullus
1633 900 1733 956 pe-

115 980 254 1039 nitus
282 975 637 1048 intelligitur.
672 975 801 1047 Ipse
834 978 921 1030 est
952 975 1109 1030 enim
1140 974 1491 1046 primas,qui
1525 977 1583 1029 et
1612 972 1732 1045 pri-

114 1084 230 1125 mus
257 1065 517 1131 habetur,
563 1068 623 1119 et
669 1079 943 1119 summus
977 1079 989 1117 :
1024 1079 1155 1136 quae
1199 1062 1440 1130 viritim,
1476 1061 1524 1117 si
1568 1061 1733 1118 locus

115 1153 425 1229 exegerit,in
456 1151 709 1210 subditis
739 1151 1299 1208 demonstrabimus.
1334 1152 1415 1207 Ne
1442 1167 1576 1207 vero
1606 1168 1732 1207 mo-

111 1248 225 1303 veat
246 1243 377 1317 quia
401 1241 687 1316 singulari
720 1258 963 1297 numero
994 1241 1305 1297 dioeceseos
1351 1239 1572 1296 dictum
1620 1243 1729 1306 est,

113 1333 386 1391 sciendum
417 1335 508 1387 est
538 1331 676 1404 quia
702 1331 1073 1387 tantumdem
1102 1329 1255 1386 valet
1283 1329 1500 1386 dixisse
1522 1329 1734 1401 prima-

110 1429 215 1480 tem
242 1422 546 1478 dioeceseos
575 1423 865 1492 quantum
886 1420 935 1475 si
956 1418 1353 1493 perhibuisset
1381 1419 1726 1475 dioeceseon:

108 1513 272 1587 plenae
282 1513 416 1566 sunt
432 1509 588 1565 enim
605 1514 824 1566 sanctae
838 1509 1150 1582 Scriptura
1161 1508 1262 1563 tali
1276 1508 1464 1563 forma
1484 1506 1730 1562 locutio-

106 1602 204 1658 nis.
234 1598 485 1671 Denique
515 1599 801 1672 scriptum
832 1602 923 1655 est
949 1616 962 1654 :
994 1601 1139 1655 Fons
1168 1596 1490 1653 ascendebat
1508 1613 1536 1652 e
1559 1605 1728 1663 terra,

106 1693 326 1761 im'gans
370 1690 686 1745 universam
731 1688 1069 1761 superﬁciem
1120 1695 1286 1744 terrm
1314 1687 1465 1755 (Gen.
1499 1689 1585 1755 ιι).
1619 1685 1729 1753 Qui

105 1780 242 1836 enim
268 1794 377 1834 non
407 1777 678 1845 ait,Unus
709 1777 841 1834 fons
861 1776 1209 1833 ascendebat
1230 1793 1260 1831 e
1291 1780 1467 1840 terra,
1496 1775 1599 1831 sed
1625 1775 1728 1841 ait,

104 1873 232 1926 Fons
255 1876 431 1925 autem
459 1867 779 1924 ascendebat
807 1884 837 1924 e
864 1874 1030 1933 terra,
1071 1882 1176 1939 pro
1220 1881 1464 1921 numero
1514 1863 1725 1937 plurali

105 1956 280 2030 posuit
294 1955 744 2030 singularem,ut
763 1956 847 2011 sic
869 1953 1272 2028 intelligamus
1298 1954 1485 2010 tentes
1508 1952 1729 2009 multos

104 2065 194 2120 per
219 2045 540 2102 universam
572 2048 789 2100 terram
820 2042 1045 2099 locavel
1074 2043 1341 2115 regiones
1371 2042 1638 2115 proprias
1658 2042 1732 2097 ir-

103 2133 533 2208 rigauteszsicut
555 2132 772 2188 dicitur
800 2131 1055 2198 miles,et
1084 2131 1253 2186 multi
1281 2130 1724 2203 intelliguntur;

102 2225 235 2282 sicut
261 2222 409 2279 dicta
437 2228 528 2280 est
548 2222 776 2279 locusta
792 2226 848 2278 et
862 2238 1008 2277 rana
1027 2220 1086 2275 in
1114 2220 1304 2293 plagis
1334 2219 1550 2292 quibus
1571 2225 1731 2292 Egy-

102 2315 191 2389 ptii
218 2313 469 2387 percussi
500 2315 642 2368 sunt
668 2311 861 2381 (Exod.
894 2311 973 2382 Χ),
1009 2327 1143 2366 cum
1183 2312 1338 2366 esset
1389 2308 1728 2365 innumera-

101 2402 219 2459 bilis
262 2401 621 2457 locustarum
674 2415 957 2454 numerus
1006 2401 1063 2453 et
1101 2413 1401 2464 ranarum,
1431 2396 1512 2452 ita
1542 2401 1600 2452 et
1630 2395 1725 2451 hic

102 2490 368 2547 diceeesim
400 2487 780 2562 singulariter
808 2486 980 2555 dixit;
1017 2487 1116 2543 sed
1150 2486 1301 2541 hanc
1332 2490 1568 2558 propter
1595 2484 1728 2541 uni-

103 2585 261 2637 tatem
289 2578 449 2652 pacis
479 2581 538 2634 et
566 2577 700 2633 ﬁdei
731 2575 1038 2649 pluraliter
1068 2574 1312 2647 intelligi
1345 2575 1546 2631 voluit.

164 2669 299 2724 Illud
325 2672 521 2725 autem
553 2666 741 2722 ridere
770 2664 963 2732 libuit,
994 2665 1149 2737 quod
1201 2664 1369 2736 quasi
1419 2664 1491 2719 ad
1542 2663 1725 2734 majo-

105 2775 210 2814 rem
241 2757 596 2821 firmitatem,
628 2754 943 2811 concilium
975 2755 1255 2810 adversus
1288 2752 1579 2825 Ignatium
1612 2752 1727 2807 fra-

102 2852 232 2904 trem
250 2851 303 2903 et
318 2845 787 2902 comministrum
812 2847 1077 2900 nostrum
1095 2847 1730 2915 congregatum,a:qua-

104 2935 168 2993 lis
194 2935 411 2991 numeri
445 2951 584 2990 cum
604 2936 807 2990 sancta
826 2930 968 2988 olim
1000 2932 1220 3004 synodo
1251 2930 1311 2985 in
1328 2930 1520 2986 Nicaea
1542 2948 1575 2987 a
1598 2947 1730 2987 san-

103 3026 197 3082 etis
224 3025 498 3080 fratribus
529 3022 820 3079 celebrata
849 3020 1032 3077 fuisse
1070 3020 1389 3092 perhibetis
1424 3038 1436 3075 :
1472 3020 1628 3091 quod
1679 3018 1730 3075 si

101 3113 214 3170 ideo
241 3118 324 3171 est
351 3112 804 3178 admittendum,
841 3109 980 3182 quia
1030 3107 1273 3181 aequalis
1331 3107 1561 3163 numeri
1591 3124 1726 3163 cum

100 3208 284 3259 sancta
313 3204 548 3259 Nicaena
573 3201 793 3273 synodo
824 3199 1094 3267 habetur,
1127 3214 1363 3254 necesse
1410 3201 1499 3253 est
1528 3201 1594 3253 ut
1627 3200 1730 3252 aut

100 3292 385 3365 septimam
416 3293 797 3347 autoctavam
819 3289 973 3343 hanc
994 3288 1285 3360 synodum
1313 3285 1607 3354 vocitetis;
1631 3302 1728 3341 ne—
1757 3273 1799 3340 C

100 3398 244 3438 cesse
269 3386 357 3438 est
371 3382 552 3437 etiam
576 3384 640 3435 ut
662 3384 748 3434 tot
764 3376 1149 3434 instabilitate
1170 3375 1329 3431 illius
1345 3376 1600 3448 synodos
1616 3374 1729 3430 col-

98 3469 451 3544 ligatis,quot
478 3486 583 3542 pro
613 3468 859 3524 Nicaeus:
890 3465 1096 3539 synodi
1130 3464 1446 3537 sequendis
1479 3464 1728 3520 decretis

96 3564 303 3616 constat
322 3560 508 3615 fuisse
538 3556 783 3614 concilia
812 3554 1336 3627 congregata.Quid
1368 3557 1564 3609 autem
1597 3569 1728 3626 pro-

98 3649 203 3705 licit
228 3648 346 3704 solo
378 3662 624 3703 numero
655 3643 1123 3701 convenientium
1155 3659 1541 3715 personarum
1588 3659 1729 3698 san-

96 3741 229 3793 ctam
258 3738 550 3811 synodum
580 3752 683 3792 vos
713 3734 896 3790 fuisse
927 3736 1246 3797 secutos,et
1278 3732 1544 3787 moribus
1576 3730 1729 3787 hanc

96 3844 207 3882 esse
234 3825 550 3883 crudeliter
575 3831 914 3898 persecutos
930 3822 958 3877 ‘2
979 3821 1213 3877 Utinam
1264 3837 1381 3876 non
1431 3825 1627 3876 essent
1646 3824 1732 3875 tot

97 3932 341 3983 numero,
370 3916 476 3971 sed
523 3918 720 3969 tamen
768 3911 1086 3969 existerent
1115 3909 1260 3965 tales
1294 3909 1487 3965 meriti
1526 3908 1730 3980 quales

94 4010 243 4060 erant
270 4004 487 4076 quibus
501 4001 772 4058 Christus
803 3999 994 4055 aiebat
1014 4015 1028 4053 :
1048 3998 1232 4054 Nolite
1261 3998 1470 4061 timere,
1487 3996 1731 4068 pusillus

94 4110 231 4164 grate,
258 4095 391 4165 quia
418 4092 747 4163 complacuit
777 4090 934 4145 Patri
977 4103 1095 4143 meo
1143 4086 1274 4142 dare
1316 4085 1469 4141 vobis
1498 4100 1732 4154 regnum

95 4182 227 4254 (Luc.
258 4184 408 4251 xm.)
441 4181 570 4236 Non
600 4195 736 4251 ergo
766 4177 1008 4233 totidem
1060 4174 1359 4247 praesules,
1392 4173 1493 4229 sed
1524 4172 1732 4228 merita

95 4288 196 4326 non
219 4271 446 4327 minora
462 4269 752 4342 synodum
770 4266 993 4340 synodo
1011 4264 1258 4320 Nicaeum
1275 4266 1526 4335 possunt
1543 4262 1731 4317 facere

94 4358 343 4431 parilem,
376 4360 689 4432 magisque
717 4355 863 4412 illud
893 4352 1313 4411 advertendum
1346 4355 1436 4407 est
1478 4350 1617 4423 quia
1646 4349 1729 4405 ibi

94 4450 276 4505 castra
302 4449 486 4504 unius
519 4445 840 4518 nuneupati
886 4440 1203 4515 presbyteri
1260 4439 1579 4504 vesaniam,
1613 4455 1730 4494 non

92 4537 263 4594 solum
296 4536 621 4594 multarum
653 4532 958 4608 regionum
988 4530 1520 4603 pontiﬁces,verum
1552 4528 1730 4584 etiam

1843 634 2377 689 nem,nequaquam
2414 623 2524 674 Deo
2557 617 2941 691 supplicando
2967 618 3496 692 diceretzDisperge

1842 707 1966 763 illos
1988 709 2048 762 in
2062 708 2262 763 virtute
2291 715 2385 763 tua
2411 708 2582 776 (Psal.
2608 707 2784 781 Lvm).
2813 708 3110 781 Dispersio
3134 709 3289 764 enim
3313 710 3498 769 mino-

1842 795 2129 853 rationem
2162 796 2635 864 facit,minoratio
2664 814 2796 853 vero
2829 797 3205 854 abolitionem
3237 803 3493 871 generat.

1842 884 2031 941 Nolite
2061 902 2196 958 ergo
2220 885 2455 958 gloriari
2475 886 2533 941 in
2568 886 3118 959 multitudine,quia
3148 905 3262 942 non
3294 889 3494 944 multi-

1839 974 1981 1029 tudo
2030 975 2131 1030 sed
2182 991 2360 1031 causa
2405 974 2862 1043 damnationem,
2897 976 2983 1031 vel
3009 977 3493 1047 justiﬁcationem

1841 1062 2307 1136 adducit.Neque
2338 1064 2496 1119 enim
2530 1064 2819 1137 Ignatium
2836 1066 3150 1136 justiorem
3174 1065 3494 1123 dixerimus

1831 1152 1959 1223 jam
1993 1156 2314 1209 memorato
2345 1153 2524 1208 David
2558 1158 2772 1226 rege,et
2805 1155 3085 1227 propheta
3113 1155 3366 1224 Domini,
3393 1158 3493 1229 qui

1839 1240 2071 1297 dicebat
2104 1258 2117 1296 :
2150 1242 2504 1314 Multiplicati
2525 1250 2656 1298 sunt
2680 1260 2842 1315 super
2868 1245 3094 1315 capillos
3123 1248 3320 1316 capitis
3360 1248 3489 1311 mei,

1839 1333 1938 1404 qui
1963 1331 2195 1387 oderunt
2220 1348 2307 1387 me
2332 1333 2504 1403 gratis
2529 1332 2699 1405 (Psal.
2732 1336 2946 1401 XXXIX).
2979 1333 3089 1388 Sed
3122 1333 3260 1406 quid
3282 1335 3351 1390 de
3382 1335 3492 1391 ho-

1840 1419 1995 1478 mine
2026 1419 2442 1488 dicimus,cum
2476 1421 2546 1476 de
2581 1426 2690 1477 Deo
2725 1420 3027 1488 nimirum,
3048 1439 3116 1477 ex
3146 1425 3315 1495 cujus
3356 1441 3490 1496 per-

1838 1526 1982 1566 sona
2014 1509 2135 1565 haec
2168 1509 2479 1566 Psalmista
2509 1510 2758 1577 dicebat,
2789 1510 2849 1565 in
2880 1511 3151 1584 passione
3179 1512 3387 1584 ipsius,
3406 1514 3492 1569 si-

1838 1602 1936 1654 cut
1964 1598 2344 1671 Evangelium
2377 1602 2707 1666 attestatur,
2740 1599 2855 1656 tale
2887 1601 3026 1673 quid
3061 1600 3242 1657 nihilo
3293 1603 3491 1660 minus

1837 1692 2265 1761 agnoscamus?

1870 1822 1873 1823 ν
1907 1777 2067 1840 Quod
2102 1782 2297 1833 autem
2327 1776 2650 1850 scripsistis
2681 1795 2781 1833 vos
2813 1779 3026 1834 idcirco
3067 1781 3352 1852 quosdam
3387 1799 3491 1837 no-

1840 1869 2095 1922 strorum
2127 1868 2335 1922 adesse
2363 1866 2637 1933 voluisse,
2672 1869 2951 1939 quoniam
2985 1869 3326 1925 dicebamur
3356 1887 3489 1925 cum

1838 1955 2336 2028 expugnatoribus
2386 1973 2686 2012 sacrarum
2747 1956 3074 2029 imaginum
3136 1962 3490 2027 concertare,

1838 2061 1985 2100 nova
2016 2045 2272 2117 profecto
2295 2045 2627 2101 adinventio
2655 2046 2914 2101 est.Nam
2943 2046 3095 2118 apud
3119 2064 3222 2102 vos
3245 2065 3493 2120 praesen-

1835 2132 1919 2188 tia
1946 2136 2036 2188 est
2060 2133 2379 2189 missorum
2410 2137 2749 2189 nostrorum
2782 2151 2885 2207 pro
2914 2134 3489 2207 imaginibussacris,

1838 2237 1943 2276 nec
1967 2221 2142 2293 digne
2173 2222 2533 2278 decertatum
2565 2224 2787 2289 est,nec
2818 2223 3258 2295 impugnatores
3288 2240 3491 2280 earum

1836 2308 2122 2365 hactenus
2153 2328 2346 2367 errare
2368 2311 2695 2379 desierunt;
2718 2312 2817 2367 sed
2842 2310 3013 2367 sicuti
3037 2329 3225 2384 usque
3251 2312 3324 2368 ad
3347 2312 3491 2369 illud

1836 2402 2071 2471 tempus
2101 2401 2256 2473 apud
2286 2416 2388 2456 vos
2421 2417 2597 2473 super
2616 2400 2725 2456 hac
2747 2418 2924 2456 causa
2953 2401 3234 2473 strepitus
3256 2405 3313 2456 et
3333 2401 3489 2458 blas-

1837 2488 2083 2561 phemiae
2116 2507 2230 2544 non
2261 2493 2590 2560 cessarunt,
2612 2490 2694 2545 ita
2723 2494 2782 2545 et
2813 2507 2968 2544 nunc
2998 2489 3216 2545 ibidem
3249 2491 3492 2562 profana

1836 2578 2229 2650 praedicantur
2258 2582 2315 2634 et
2346 2578 2651 2650 hucusque
2681 2578 2967 2650 sacrilega
3014 2579 3487 2650 pronuntiantur.

1836 2666 1999 2723 Unde
2027 2672 2269 2739 apparet
2299 2666 2520 2740 legatos
2553 2672 2785 2723 nostros
2815 2684 2931 2722 non
2968 2684 3146 2723 causa
3193 2668 3428 2739 pietatis
3457 2686 3493 2724 a

1833 2756 2018 2824 vobis,
2052 2757 2153 2811 sed
2185 2756 2550 2812 crudelitatis
2589 2761 2935 2829 argumento
2976 2755 3156 2812 fuisse
3188 2756 3487 2828 quaesitos.

1834 2845 2050 2900 Verum
2084 2845 2155 2900 ad
2188 2844 2327 2916 quid
2362 2845 2581 2900 fuerint
2607 2843 2793 2916 petiti,
2826 2861 2919 2900 res
2950 2844 3079 2915 ipsa
3109 2844 3386 2911 declarat,
3401 2844 3491 2899 vi-

1837 2933 2226 3000 delicet,sicut
2248 2934 2375 3004 jam
2409 2933 2632 2989 dictum
2656 2937 2836 2998 est,ut
2865 2933 3019 3005 quod
3054 2933 3123 2988 de
3157 2933 3491 3005 Ignatioju-

1837 3022 2153 3079 dicandum
2185 3026 2329 3091 erat,
2361 3027 2418 3078 et
2448 3026 2751 3094 acceptum
2784 3022 2939 3093 apud
2972 3037 3196 3089 omnes,
3221 3025 3278 3076 et
3306 3022 3488 3077 ﬁxum

1836 3128 2067 3184 semper
2093 3115 2446 3177 maneret,ut
2478 3115 2611 3184 pote
2643 3111 2798 3183 quod
2828 3113 3003 3166 tantas
3024 3109 3389 3166 auctoritatis
3404 3110 3488 3165 vi-

1837 3201 1978 3257 carii
2000 3199 2514 3273 judicassent.Nos
2543 3200 2696 3255 enim
2723 3216 2828 3255 nec
2845 3198 3052 3256 saltem
3072 3199 3266 3255 tenuis
3287 3216 3491 3255 rumor

1838 3290 2090 3363 aspersit
2110 3289 2426 3362 aliquando
2460 3306 2593 3345 cum
2640 3306 2817 3361 prava
2864 3287 3226 3360 sapientibus
3259 3304 3485 3361 sapere,

1836 3383 2055 3452 quanto
2078 3379 2275 3435 minus
2297 3378 2667 3435 concertare?
2689 3376 2991 3449 Siquidem
3013 3393 3307 3449 nusquam
3330 3377 3489 3451 frigi-

1836 3469 2271 3540 dus,nusquam
2282 3469 2518 3540 tepidus
2532 3467 2696 3522 labor
2709 3472 3046 3523 sanctorum
3060 3466 3387 3539 apostolicae
3407 3484 3493 3523 se-

1836 3556 1930 3612 dis
1961 3556 2284 3628 praesulum
2302 3556 2456 3612 circa
2472 3555 2726 3611 debitam
2748 3571 3048 3611 sacrarum
3067 3554 3393 3628 imaginum
3410 3572 3494 3612 re-

1835 3648 2157 3702 verentiam
2190 3651 2246 3701 et
2275 3649 2702 3717 competentem
2734 3645 3166 3701 venerationem
3199 3644 3489 3717 apparuit.

1838 3736 1954 3791 Nec
1983 3736 2294 3792 defuerunt
2326 3735 2534 3790 harum
2577 3734 3090 3807 impugnatoribus
3120 3734 3494 3789 decessorum

1839 3828 2174 3881 nostrorum
2206 3822 2545 3889 certamina,
2582 3822 2681 3894 qui
2712 3823 2821 3878 hoc
2851 3827 3096 3896 egerunt
3126 3821 3499 3894 scriptis,hoc

1840 3913 2086 3969 diversis
2118 3912 2444 3979 laboribus,
2489 3911 2598 3967 hoc
2626 3911 2804 3967 etiam
2837 3912 2963 3966 suis
2995 3910 3498 3982 increpationibus

1840 4002 1993 4073 apud
2021 4000 2226 4055 mundi
2260 3999 2438 4070 hujus
2463 3998 2778 4070 principes,
2816 4004 2879 4053 ut
2908 3998 3045 4053 talis
3074 4014 3235 4053 error
3264 3997 3497 4055 eminus

1839 4086 2181 4160 pelleretur;
2215 4086 2484 4157 quamvis
2505 4084 2911 4150 dixeritis,non
2936 4084 3117 4140 nostri
3140 4083 3373 4156 eguisse
3394 4101 3497 4141 vos

1839 4176 1911 4232 ad
1953 4174 2371 4247 expugnandos
2418 4172 2720 4227 haereticos
2751 4189 2856 4245 pro
2886 4189 2951 4228 eo
2983 4172 3139 4243 quod
3162 4173 3288 4243 jam
3321 4172 3499 4228 fuerit

1838 4262 2182 4335 hujusmodi
2212 4261 2451 4317 haeresis
2478 4261 2536 4315 in
2567 4260 2758 4316 Nicaea
2787 4262 3042 4317 secundo
3073 4265 3387 4317 convocata
3406 4278 3497 4334 sy-

1841 4353 2014 4419 nodo,
2045 4355 2103 4407 et
2132 4368 2167 4407 a
2197 4366 2409 4422 magno
2441 4349 2735 4405 Methodio
2766 4349 2977 4405 deinde
3007 4350 3495 4423 subversa,quasi

1841 4459 1957 4498 non
1987 4445 2045 4497 et
2072 4440 2184 4513 ipsi
2216 4438 2474 4496 secundo
2501 4437 2560 4494 in
2593 4437 2783 4493 Nicaea
2812 4438 3061 4494 collectae
3094 4440 3314 4512 synodo
3332 4456 3498 4510 apos-

1839 4531 2015 4587 tolica
2035 4533 2237 4585 nostra
2259 4528 2427 4584 sedes
2447 4526 2864 4600 praesederit,et
2894 4527 3087 4599 prima
3116 4530 3320 4582 contra
3341 4526 3497 4581 mala

91 4630 142 4681 et
166 4626 513 4699 patriarchae
542 4622 887 4697 praesedisse
917 4620 1266 4676 referuntur.
1301 4618 1405 4673 Hic
1435 4622 1634 4674 autem
1668 4617 1728 4672 in
1761 4642 1807 4705 D
1841 4618 2156 4677 sentientes
2189 4616 2509 4688 spiritalem
2541 4616 2817 4689 sagittam
2847 4615 3204 4671 emiserit.Et
3234 4631 3494 4681 rursum,

90 4714 421 4787 patriarchae
455 4712 686 4787 negotio
708 4729 823 4767 non
844 4709 1035 4766 solum
1062 4707 1220 4763 ullus
1242 4706 1730 4779 patriarcharum,

91 4805 181 4858 sed
211 4821 317 4860 nec
348 4803 512 4859 ullus
541 4801 784 4858 alterius
816 4800 1131 4855 diceeeseos
1160 4796 1432 4851 inventus
1464 4798 1553 4851 est
1573 4794 1734 4867 quis-

91 4909 253 4965 quam
284 4893 622 4965 episcopus,
656 4890 808 4946 sicut
828 4888 956 4960 jam
988 4885 1471 4959 significavimus.

152 4982 442 5038 Numerus
473 4979 655 5053 igitur
684 4976 937 5051 pusillus
967 4990 1072 5030 nec
1104 4974 1289 5037 obest,
1325 4972 1424 5028 ubi
1475 4972 1738 5028 abundat

92 5070 294 5141 pietas;
329 5086 439 5127 nec
470 5067 777 5139 multiplex
806 5064 1061 5138 prodest,
1078 5062 1178 5119 ubi
1210 5066 1415 5134 regnat
1443 5060 1733 5132 impietas.

92 5159 352 5224 Quinimo
385 5161 610 5232 quanto
635 5153 1005 5212 numerosior
1032 5156 1121 5209 est
1151 5149 1522 5223 congregatio
1562 5149 1737 5205 mali-

90 5262 352 5320 gnorum,
385 5251 551 5303 tanto
578 5245 824 5302 validior
861 5247 951 5299 est
996 5241 1070 5298 ad
1118 5239 1461 5297 sectandum
1492 5255 1735 5295 suorum

90 5353 256 5408 prava
282 5340 587 5403 votorum;
619 5351 726 5390 nec
755 5331 1127 5407 gloriandum
1149 5327 1313 5385 estin
1337 5327 1733 5396 multitudine,

89 5425 179 5480 ubi
211 5443 326 5483 non
356 5428 566 5481 contra
594 5422 799 5479 mundi
831 5424 1083 5477 rectores
1112 5417 1491 5474 tenebrarum
1522 5416 1735 5472 harum

89 5518 279 5570 contra
308 5512 603 5588 spiritalia
632 5508 905 5583 nequitiae
935 5511 1228 5564 certamen
1254 5504 1609 5573 assumitur;
1636 5505 1736 5561 sed

90 5602 360 5659 adversus
392 5618 626 5658 carnem
658 5604 715 5656 et
742 5595 1177 5671 sanguinem,id
1207 5597 1297 5650 est
1326 5594 1603 5648 adversus
1634 5594 1738 5649 ho-

90 5692 291 5761 mines,
343 5694 530 5748 totius
576 5688 713 5745 belli
765 5687 996 5761 pondus
1043 5683 1374 5749 inducitur;
1422 5680 1535 5735 nisi
1580 5683 1737 5737 enim

1842 4708 2009 4782 quasi
2028 4725 2143 4763 non
2162 4711 2217 4762 et
2237 4706 2574 4761 veneranda:
2594 4705 2885 4761 memoria:
2906 4704 3235 4760 Methodius
3260 4704 3317 4758 in
3335 4703 3490 4759 Grau-

1845 4800 1936 4855 cia
1965 4796 2367 4870 persecutione
2400 4794 2774 4863 fervente,hic
2795 4795 2947 4867 apud
2976 4794 3209 4849 beatum
3232 4792 3489 4859 Petrum,

1845 4893 1903 4945 et
1933 4887 2087 4960 apud
2121 4884 2353 4950 nos,ubi
2386 4882 2525 4939 olim
2557 4882 2935 4951 Athanasius,
2985 4882 3084 4938 ubi
3125 4880 3360 4951 Paulus,
3394 4881 3497 4935 ubi

1846 4976 2088 5051 plurimi
2121 4991 2254 5029 cum
2286 4972 2488 5039 illis,et
2515 4976 2721 5044 praeter
2750 4971 2901 5038 illos,
2930 4971 3030 5027 ubi
3061 4969 3314 5042 denique
3346 4985 3500 5025 sem-

1846 5083 1948 5141 per
1977 5062 2276 5121 catholicis
2308 5059 2671 5128 subvenitur,
2698 5060 2992 5115 consecuti
3043 5059 3161 5116 sint
3208 5057 3494 5130 requiem,

1846 5156 2030 5211 donec
2051 5150 2512 5224 apprehenderct
2528 5165 2804 5219 campum
2826 5148 3163 5204 certaminis
3178 5147 3300 5219 jam
3326 5146 3498 5202 satia-

1843 5248 1941 5299 tus
1967 5241 2115 5297 lacte
2136 5238 2344 5295 matris
2374 5237 2553 5307 hujus
2575 5237 2840 5293 omnium
2864 5242 3076 5293 sanctas
3096 5235 3363 5292 videlicet
3390 5235 3498 5290 Ro-

1846 5348 2032 5388 manae
2062 5326 2331 5385 Ecclesiae
2361 5325 2716 5382 catholicum
2749 5326 2963 5397 dogma
2992 5326 3300 5381 defendere
3322 5322 3499 5379 fuerit

1846 5417 2207 5475 eruditus.Et
2237 5413 2407 5486 quasi
2429 5430 2544 5467 non
2563 5397 2698 5467 hinc
2718 5413 3123 5468 auctoritatem
3144 5411 3499 5485 praedicandi

1847 5503 2296 5576 sumpserit,nec
2326 5500 2418 5555 his
2450 5499 2652 5555 infulis
2677 5501 3136 5557 sacerdotalibus
3157 5501 3377 5556 ditatus
3410 5515 3502 5554 ex-

1850 5594 2085 5659 stiterit,
2114 5592 2186 5648 ad
2219 5594 2543 5646 extremum
2576 5589 2745 5660 quasi
2796 5606 2909 5645 non
2942 5589 3081 5646 hinc
3112 5587 3503 5645 constantiam

1850 5682 2089 5748 Petri,et
2121 5678 2319 5736 omnia
2351 5675 2511 5733 Pauli
2544 5677 2616 5732 ad
2664 5677 3040 5736 debellandos
3082 5676 3504 5735 Iconomachos
