3898 6212
103 409 222 476 οιθι

1295 401 1703 467 EPISTOLIE
1744 399 1849 464 ET
1890 399 2276 466 DEGIIETA.

3373 399 3493 464 950

104 543 286 611 addita
305 545 390 600 est
409 540 655 598 societas
675 530 1007 597 beatissimi
1030 538 1213 607 Pauli,
1232 537 1387 594 vasis
1409 536 1730 603 electionis,
1762 534 1819 602 Α
1847 537 2133 594 consistit.
2168 539 2249 593 Ex
2277 538 2404 609 ejus
2434 536 2589 592 enim
2626 534 3019 593 ecclesiastica
3052 534 3363 608 disciplina
3391 553 3494 608 per

105 632 353 708 magistri
382 631 663 698 veritatis,
696 630 787 687 cui
820 630 1046 703 jugiter
1077 628 1423 685 imminebat
1465 624 1731 682 omnium

104 722 474 781 Ecclesiarum
506 717 837 776 sollicitudo
869 720 944 793 (II
975 719 1094 776 Cor.
1127 720 1243 787 xv).

166 813 227 868 Hi
256 826 407 883 ergo,
432 813 716 882 tanquam
760 809 876 864 duo
923 807 1240 864 luminaria
1270 823 1484 880 magna
1512 804 1640 862 οωΙί
1669 803 1729 860 in

104 899 341 960 Ecclesia
368 898 631 953 Romana
660 895 942 953 divinitus
969 896 1290 962 constituti,
1318 898 1507 951 totum
1530 894 1730 950 orbem

104 989 389 1063 splendore
440 984 686 1059 fulgoris
716 985 808 1041 sui
859 985 1208 1041 mirabiliter
1252 984 1641 1048 illustrarunt,
1675 986 1733 1038 et

103 1078 359 1137 Occidens
379 1090 581 1131 eorum
603 1074 1124 1148 praesentia,veluti
1152 1073 1429 1130 rutilante
1451 1074 1591 1139 sole,
1608 1077 1728 1129 tam

104 1184 194 1241 per
220 1182 278 1221 se
306 1164 555 1220 nitorem
585 1164 761 1219 dante
799 1180 979 1236 quam
1039 1180 1143 1236 per
1188 1162 1509 1236 discipulos
1567 1179 1727 1231 suos,

104 1255 255 1330 quasi
298 1252 581 1325 quosdam
639 1251 834 1308 radios
891 1251 1063 1319 lucis,
1095 1251 1364 1321 micante,
1398 1251 1588 1307 factus
1644 1254 1730 1307 est

104 1344 316 1411 Oriens;
351 1340 571 1414 quique
618 1356 735 1396 non
792 1344 1104 1413 postquam
1153 1340 1368 1396 mortui
1425 1344 1582 1407 sunt,
1618 1340 1729 1395 Ro-

104 1449 245 1490 mam
272 1449 305 1488 a
329 1428 695 1503 principibus
726 1433 866 1485 sunt
909 1428 1106 1497 delati,
1132 1433 1198 1486 ut
1230 1430 1502 1485 Romanis
1532 1428 1730 1485 Eccle-

103 1523 191 1579 sia;
209 1520 480 1592 majorem
502 1518 834 1575 conferrent
854 1517 1294 1591 privilegiorum
1325 1518 1627 1586 honorem,
1653 1518 1729 1574 si-

101 1614 189 1667 cut
215 1609 359 1682 apud
397 1625 503 1664 vos
551 1624 668 1663 non
717 1607 1164 1675 rationabiliter,
1189 1609 1289 1664 sed
1337 1606 1733 1681 potentialiter

102 1704 278 1757 actum
298 1696 690 1766 est,videlicet
712 1702 775 1752 ut
791 1686 1065 1753 Ecclesiae
1078 1701 1293 1753 caeteras
1321 1697 1585 1770 patronis
1607 1696 1731 1753 suis

101 1788 467 1862 privarentur,
483 1790 540 1843 et
568 1786 696 1842 sola
719 1785 1255 1859 Constantinopolis
1286 1785 1491 1860 spoliis
1522 1789 1578 1842 et
1606 1786 1731 1859 opi-

100 1878 217 1945 bus,
232 1891 371 1948 quas
398 1872 683 1973 violenter
713 1872 1319 1973 abstulit,‘ditaretur;
1348 1874 1447 1973 sed
1484 1874 1729 1973 Romam
1761 1909 1808 1973 Β

100 1966 154 2022 in
188 1980 351 2020 carne
385 1961 850 2029 venientes,vitae
880 1963 1119 2018 verbum
1151 1962 1636 2035 evangelizantes,
1658 1962 1730 2017 ab

100 2072 160 2112 ea
192 2051 394 2111 erroris
449 2050 762 2124 caliginem
811 2055 1165 2120 amoventes,
1198 2051 1457 2108 veritatis
1509 2050 1732 2107 lumine

101 2146 307 2200 mentes
335 2140 641 2197 hominum
674 2138 1061 2206 illustrantes,
1088 2145 1145 2195 et
1172 2139 1233 2195 in
1265 2157 1333 2196 ea
1359 2157 1475 2196 uno
1506 2140 1733 2196 eodem-

102 2248 200 2305 que
227 2230 315 2286 die
338 2227 687 2301 martyrium
715 2233 1214 2295 consummantes,
1238 2232 1503 2285 sanctam
1525 2230 1733 2284 Roma-

101 2338 221 2377 nam
250 2317 564 2375 Ecclesiam
596 2334 760 2374 roseo
805 2333 1011 2373 cruore
1061 2334 1168 2374 suo
1218 2322 1730 2386 consecraverunt;

101 2414 151 2465 et
175 2409 316 2465 hanc
352 2424 471 2463 non
520 2406 803 2462 habentes
861 2405 1178 2473 maculam,
1211 2410 1314 2462 aut
1372 2424 1602 2479 rugam.
1634 2411 1735 2462 aut

102 2497 301 2571 aliquid
330 2494 676 2568 hujusmodi
706 2494 1063 2563 evhibentes,
1087 2496 1201 2552 Deo
1224 2495 1471 2551 Domino
1502 2495 1731 2551 dedica-

103 2590 307 2644 verunt.
355 2586 571 2657 Sicque
621 2585 859 2640 demum
915 2583 1367 2640 Alexandrinam
1417 2583 1733 2640 Ecclesiam

106 2694 255 2734 suam
281 2676 562 2742 fecerunt,
594 2690 697 2746 per
727 2674 964 2729 beatum
995 2672 1216 2729 scilicet
1246 2674 1529 2739 Marcum,
1558 2672 1736 2729 unius

104 2766 295 2822 horum
326 2763 516 2819 filium
548 2780 613 2818 ac
643 2761 1021 2836 discipulum.
1041 2762 1359 2818 Haereditas
1383 2762 1599 2835 quippe
1631 2762 1735 2816 filii

106 2855 156 2910 in
184 2856 455 2927 potestate
486 2850 748 2923 parentis
792 2850 1009 2922 existit,
1043 2854 1099 2906 et
1128 2849 1312 2923 gloria
1360 2850 1632 2924 discipuli
1662 2850 1735 2905 ad

107 2943 430 3016 magistrum
464 2941 594 2996 sine
624 2940 994 2996 cunctatione
1023 2940 1288 2995 refertur.

172 3032 392 3089 Fecerat
410 3034 609 3087 autem
634 3029 1016 3085 beatissimus
1047 3029 1250 3085 Petrus
1273 3028 1582 3102 praesentia
1613 3045 1736 3084 eor-

112 3120 275 3194 porali
304 3123 359 3176 et
387 3118 707 3175 Ecclesiam
750 3117 1171 3175 Antiochenam
1203 3118 1329 3189 jam
1362 3135 1555 3185 suam,
1586 3136 1735 3190 quae,

111 3210 249 3266 sicut
276 3209 480 3265 beatus
531 3225 682 3281 papa
730 3206 871 3263 dicit
917 3207 1292 3263 Innocentius
1326 3208 1409 3280 (in
1437 3210 1594 3280 epist.
1622 3207 1735 3278 21),

1842 644 2045 683 omnes
2076 626 2385 693 Ecclesias,
2420 626 2717 700 religionis
2747 627 2875 697 jam
2917 630 3208 682 crescente
3238 624 3487 694 cultura,

1842 716 1973 773 fons
2003 716 2314 773 emanavit.
2340 716 2582 772 Niezenze
2614 715 2821 789 synodi
2859 732 2975 771 non
3004 714 3161 770 aliud
3203 720 3492 787 praecepta

1838 808 2159 874 testantur;
2194 806 2337 861 adeo
2369 810 2435 861 ut
2465 823 2580 861 non
2611 805 2831 877 aliquid
2874 821 3049 877 super
3077 820 3205 860 eam
3237 821 3383 859 ausa
3412 804 3490 860 sit

1840 895 2213 964 constituere,
2230 912 2363 951 cum
2391 895 2611 950 videret
2634 893 2776 949 nihil
2810 911 2989 965 supra
3013 893 3288 949 meritum
3312 911 3486 950 suum

1839 1001 2011 1058 posse
2033 985 2302 1041 conferri.
2327 984 2537 1040 Omnia
2557 983 2807 1056 denique
2832 982 3234 1038 huic'noverat
3261 982 3486 1039 Domini

1840 1090 2107 1129 sermone
2137 1090 2434 1130 concessa.
2460 1073 2519 1128 Si
2542 1072 2758 1139 omnia,
2783 1088 2918 1145 ergo
2948 1072 3132 1128 defuit
3161 1071 3308 1127 nihil
3332 1072 3486 1144 quod

1839 1179 1956 1218 non
1987 1162 2071 1217 illi
2103 1160 2471 1218 concesserit.

1910 1250 2171 1323 Denique
2202 1250 2251 1305 si
2282 1250 2553 1306 instituta
2577 1250 2816 1307 Nicmnze
2839 1251 3041 1324 synodi
3067 1251 3377 1325 diligenter
3396 1253 3485 1309 in-

1839 1339 2181 1412 spiciantur,
2201 1339 2529 1395 invenietur
2556 1340 2811 1412 profecto
2834 1340 2973 1412 quia
3000 1341 3271 1398 Romanae
3293 1343 3486 1400 Eccle-

1839 1429 1937 1485 siae
1961 1428 2191 1485 nullum
2223 1429 2426 1484 eadem
2460 1429 2718 1502 synodus
2745 1428 2991 1485 contulit
3019 1429 3444 1488 incrementum
3470 1451 3483 1488 :

1840 1518 1941 1575 sed
1972 1517 2167 1590 potius
2199 1534 2268 1573 ex
2297 1518 2426 1590 ejus
2455 1518 2660 1585 forma,
2679 1518 2831 1590 quod
2862 1518 3261 1575 Alexandrinae
3292 1521 3485 1578 Eccle-

1839 1606 1937 1664 sia:
1960 1607 2245 1663 tribueret
2264 1606 2714 1680 particulariter,
2730 1607 2984 1680 sumpsit
2999 1610 3488 1682 exemplum.Haac

1839 1696 2036 1769 igitur,
2061 1700 2119 1752 et
2148 1696 2243 1752 his
2276 1695 2511 1763 similia,
2538 1713 2644 1752 nos
2675 1713 2779 1769 pro
2801 1697 3028 1754 eunetis
3047 1699 3344 1765 Ecclesiis,
3372 1700 3488 1756 sol-

1838 1784 2030 1841 licitos
2062 1786 2341 1854 reddunt;
2376 1785 2497 1840 haec
2537 1786 2710 1841 etiam
2745 1786 2817 1841 de
2849 1786 3490 1860 Constantinopolitana

1838 1873 2097 1930 Ecclesia
2125 1874 2439 1947 impigram
2469 1891 2668 1929 curam
2691 1874 2947 1947 arripere
2966 1875 3341 1933 vehementer
3360 1878 3491 1934 hor-

1837 1968 2067 2032 tantur;
2100 1963 2243 2028 hac,
2277 1962 2544 2034 inquam,
2570 1962 2858 2035 Ignatium
2901 1963 3293 2036 patriarcham
3328 1967 3489 2023 nulla

1840 2053 2043 2126 regula
2074 2051 2353 2123 nulloque
2384 2051 2588 2107 ordine
2629 2051 3022 2108 ecclesiastico
3053 2055 3310 2111 dictante
3339 2057 3490 2128 deje-

1840 2145 2021 2208 ctum,
2055 2144 2337 2212 tanquam
2363 2140 2599 2195 fratrem
2632 2141 2910 2212 adjuvare
2939 2143 3316 2215 compellunt.
3339 2146 3488 2201 Nam

1841 2235 1899 2287 et
1930 2231 2082 2286 inter
2110 2233 2314 2285 caetera
2369 2228 2421 2285 is
2479 2246 2581 2301 per
2608 2246 2784 2301 quem
2818 2231 2988 2287 nobis
3036 2234 3326 2305 praecipue
3378 2234 3493 2289 ista

1842 2324 1981 2376 sunt
2010 2318 2314 2392 privilegia
2343 2317 2589 2374 collata:
2617 2320 2691 2374 Tu
2720 2320 3017 2391 aliquando
3046 2339 3355 2390 conversus,
3389 2341 3491 2379 au-

1842 2409 1986 2465 divit
2016 2426 2050 2464 a
2080 2408 2348 2476 Domino,
2373 2406 2642 2480 conﬁrma
2668 2411 2871 2480 fratres
2903 2418 3021 2466 tuos
3054 2412 3203 2483 (Luc.
3235 2413 3395 2485 xxn).

1914 2498 1972 2554 Si
1999 2498 2238 2570 quidem
2264 2500 2321 2552 et
2341 2497 2469 2553 ideo
2500 2497 2558 2551 in
2583 2497 2817 2570 culpam
2841 2499 3050 2555 cecidit
3072 2506 3134 2556 ut
3155 2501 3329 2557 sciret
3350 2520 3493 2574 qua-

1843 2587 1976 2643 liter
2005 2586 2252 2642 aliorum
2301 2586 2660 2658 infirmitatis
2709 2588 2971 2642 misereri
3014 2589 3331 2646 debuisset.
3371 2593 3495 2647 Ηωο

1844 2675 2151 2747 Privilegia
2173 2674 2463 2741 Photium,
2482 2674 2707 2731 vivente
2735 2676 2977 2748 Ignatio,
3004 2677 3061 2733 in
3087 2679 3285 2735 caulas
3306 2680 3497 2735 Domi=

1844 2763 2008 2820 nicas
2039 2780 2154 2819 non
2189 2780 2291 2835 per
2323 2762 2561 2832 ostium,
2586 2764 2686 2819 sed
2710 2764 2946 2820 aliunde
2977 2768 3412 2834 ascendentem,
3438 2773 3498 2825 et

1844 2857 2140 2925 pastorem
2169 2850 2588 2924 impellentem,
2614 2856 2670 2906 et
2700 2868 2833 2908 oves
2866 2853 3298 2928 dispergentem
3325 2857 3497 2914 nobis

1843 2946 1900 2997 et
1944 2940 2015 2997 ab
2064 2940 2303 3007 honore,
2328 2956 2503 3012 quem
2562 2940 2959 3013 irregulariter
3014 2945 3340 3016 usurpavit,
3374 2950 3433 3001 et
3462 2964 3498 3003 a

1845 3028 2258 3086 communione
2288 3029 2750 3085 Christianorum
2790 3048 3057 3087 amovere
3101 3032 3381 3089 divinitus
3411 3035 3497 3090 in-

1846 3120 2066 3191 spirata
2087 3119 2413 3190 jusserunt.
2438 3119 2599 3183 Quod
2631 3123 2826 3175 autem
2861 3120 3127 3191 perhibet
3153 3121 3498 3179 excellentia

1844 3212 2039 3264 vestra
2068 3207 2327 3264 noluisse
2346 3224 2448 3262 vos
2476 3212 2540 3263 ut
2561 3224 2594 3263 a
2612 3208 2812 3264 missis
2828 3209 3044 3265 nostris
3066 3211 3327 3283 lgnatius
3339 3212 3497 3283 judi-

113 3299 260 3354 urbis
306 3298 499 3354 Romae
532 3278 671 3352 ise—di
721 3312 835 3351 non
876 3297 1124 3353 cederet.
1160 3296 1274 3353 nisi
1323 3278 1477 3369 quod
1526 3297 1629 3352 illa
1678 3297 1738 3351 in
1770 3278 1813 3345 (ἶ
1852 3303 2103 3363 earetur,
2126 3314 2191 3353 eo
2215 3298 2369 3370 quod
2403 3297 2576 3352 fuerit
2592 3297 2720 3368 jam
2743 3297 3045 3368 judicatus
3077 3278 3133 3355 εἰ
3159 3278 3507 3357 condemna—

111 3387 343 3444 transitu
375 3386 612 3454 meruit,
648 3385 762 3441 ista
782 3389 1121 3459 susceptum
1144 3384 1360 3458 quippe
1390 3386 1626 3443 beatum
1650 3386 1748 3442 Pe-

113 3481 255 3532 trum
283 3476 436 3549 apud
470 3492 534 3532 se
564 3476 1160 3547 consummatumque
1181 3476 1481 3547 gauderet.
1504 3476 1610 3531 Per
1640 3475 1747 3531 has

114 3565 277 3638 igitur
304 3570 421 3621 tres
453 3563 779 3637 praecipuas
817 3563 1122 3631 Eeclesias,
1149 3564 1414 3620 omnium
1462 3564 1748 3621 Ecclesia-

116 3672 232 3710 rum
262 3653 593 3710 sollicitudo
624 3653 929 3709 beatorum
968 3652 1368 3726 apostolorum
1415 3652 1749 3726 principum

118 3743 252 3799 Petri
271 3760 335 3800 ac
356 3741 522 3799 Pauli
558 3741 961 3815 proculdubio
1002 3743 1379 3798 moderamen
1433 3747 1747 3815 exspectat.

116 3833 211 3888 Pro
231 3832 445 3906 quibus
478 3830 747 3905 patribus
776 3847 883 3888 nos
909 3830 1210 3898 divinitus,
1236 3831 1595 3888 incremento
1626 3849 1754 3905 gra-

119 3922 201 3977 tia:
228 3922 577 3989 ministrato,
611 3920 733 3976 nati
776 3936 985 3976 sumus
1013 3920 1118 3976 ﬁlii
1164 3924 1220 3976 et
1268 3920 1588 3989 constituti,
1623 3920 1755 3975 licet

121 4009 260 4077 [licet
286 4009 537 4084 indigni,
564 4009 717 4075 licet,
741 4010 874 4082 etc.]
906 4009 991 4065 eis
1020 4008 1191 4083 longe
1222 4008 1445 4065 meritis
1476 4009 1751 4082 impares,

119 4098 395 4172 principes
433 4115 612 4171 super
650 4114 885 4155 omnem
915 4102 1155 4164 terram,
1189 4097 1246 4151 id
1278 4100 1367 4152 est
1414 4113 1590 4169 super
1619 4097 1755 4169 uni-

117 4203 330 4244 versam
360 4186 701 4245 Ecclesiam.
734 4188 915 4243 Terra
944 4187 1101 4243 enim
1132 4184 1389 4242 Ecclesia
1417 4186 1650 4253 dicitur,
1685 4186 1757 4241 si-

121 4280 208 4333 cut
236 4277 522 4351 scriptum
564 4281 655 4333 est
686 4294 699 4332 :
731 4277 851 4332 Non
880 4278 959 4332 sic
989 4278 1168 4347 impii,
1202 4292 1314 4330 non
1341 4277 1422 4330 sic
1451 4294 1469 4329 :
1501 4275 1593 4329 sed
1635 4282 1756 4330 tan-

1855 3393 1982 3455 tus;
2018 3387 2270 3442 fatemur
2298 3386 2581 3441 veraciter
2610 3386 2751 3458 quia
2782 3403 2886 3443 nec
2918 3387 3064 3443 illud
3097 3388 3216 3444 ulla
3245 3406 3314 3444 ex
3343 3393 3509 3462 parte

1855 3478 2088 3532 videtur
2106 3476 2286 3532 fuisse
2303 3474 2670 3542 canonicum,
2686 3493 2792 3532 nec
2810 3476 2916 3532 hoc
2936 3476 3508 3550 ipsorumjudicium

1858 3566 1980 3622 fieri
2016 3563 2419 3638 praecepimus,
2452 3581 2557 3619 nec
2605 3564 2821 3620 factum
2867 3565 3238 3623 admisimus.
3269 3566 3514 3623 Verum-

1859 3660 2057 3711 tamen
2090 3654 2179 3709 cui
2207 3653 2395 3727 magis
2419 3652 2637 3725 placuit
2658 3654 2956 3711 evidenter
2986 3655 3351 3730 intelligitur,
3376 3674 3514 3713 cum

1861 3747 2155 3817 patratum
2178 3759 2279 3798 vos
2292 3742 2600 3798 scribendo
2624 3744 3193 3818 roborassetis,quod
3218 3763 3516 3819 nusquam

1862 3830 2179 3905 aliquando
2204 3832 2419 3886 factum
2443 3830 2515 3886 ab
2539 3831 2889 3903 imperatore
2918 3833 3212 3901 recolitur,
3229 3840 3288 3890 et
3311 3852 3516 3891 omnes

1863 3921 1922 3975 in
1954 3937 2021 3976 eo
2054 3919 2309 3976 scribere
2340 3919 2760 3990 imperassetis.
2787 3920 2902 3975 Nos
2945 3926 3144 3977 autem
3176 3939 3292 3978 non
3324 3925 3516 3980 solum

1862 4010 2085 4065 factum
2118 4007 2359 4062 minime
2392 4007 2742 4079 recepimus,
2767 4025 2969 4063 verum
2991 4010 3166 4064 etiam
3197 4011 3514 4080 doluimus,

1865 4102 1922 4153 et
1950 4114 1985 4151 a
2015 4100 2213 4152 nostro
2245 4111 2535 4150 consensu
2591 4097 2792 4167 procul
2840 4097 3199 4165 amovimus;
3251 4099 3517 4171 quinimo

1865 4184 2208 4242 auctoritate
2239 4187 2297 4239 et
2327 4182 2590 4255 exemplo
2621 4187 3058 4240 antecessorum
3090 4192 3425 4243 nostrorum
3458 4175 3518 4244 in

1867 4276 2100 4331 irritum
2132 4272 2430 4328 duximus.
2457 4273 2616 4337 Quod
2642 4273 2689 4327 si
2721 4277 2954 4343 tempus
2984 4273 3335 4349 indulgeret,
3361 4281 3518 4351 quod

121 4381 270 4437 quam
319 4367 528 4438 pulvis,
580 4381 740 4438 quem
789 4366 1014 4438 proﬁcit
1065 4372 1253 4420 ventus
1308 4382 1343 4419 α
1396 4365 1540 4436 facta
1597 4370 1761 4420 terra?
1869 4364 2124 4420 dicimus
2155 4361 2321 4417 facile
2353 4362 2597 4434 probare
2628 4377 2694 4416 ex
2739 4364 3140 4421 monumentis
3182 4369 3523 4437 poteramus

122 4456 280 4523 (Psal.
312 4458 375 4526 ι).
408 4456 567 4523 Quae,
601 4454 754 4510 sicut
801 4457 1040 4510 sanctus
1085 4452 1454 4526 Augustinus
1503 4451 1757 4524 exponit,
1868 4451 2298 4509 ecclesiasticis.
2324 4451 2649 4507 Patratores
2686 4454 2882 4505 autem
2915 4454 3258 4526 praesumpti
3285 4455 3518 4525 judieii,

123 4542 363 4600 Ecclesia
383 4542 753 4616 intelligitur.
778 4543 1047 4599 Haeredes
1067 4541 1283 4614 quippe
1312 4541 1525 4597 horum
1548 4541 1757 4609 effecti,
1862 4540 2088 4614 judicio
2109 4540 2167 4595 in
2191 4557 2307 4612 quo
2321 4539 2731 4611 judicaverunt
2744 4539 2996 4611 judicati
3018 4545 3176 4607 sunt,
3198 4544 3523 4598 secundum

124 4631 443 4689 facultatem
465 4631 987 4705 potestatis,quam
1015 4648 1050 4687 a
1078 4631 1324 4687 Domino
1356 4635 1759 4704 perceperunt,
1793 4649 1841 4713 D
1873 4630 2281 4702 Evangeliuni;
2314 4635 2371 4684 et
2400 4646 2679 4685 mensura
2710 4629 2769 4683 in
2801 4646 2920 4701 qua
2948 4629 3137 4685 mensi
3168 4630 3406 4686 fuerunt
3436 4632 3524 4686 di-

124 4724 177 4775 et
202 4738 344 4778 onus
394 4719 813 4779 sollicitudinis
844 4720 1027 4777 nihilo
1078 4719 1277 4776 minus
1326 4736 1630 4791 capessere
1661 4735 1767 4775 nos
1876 4737 2148 4776 mensum
2181 4723 2269 4774 est
2299 4719 2384 4775 eis
2412 4719 2564 4788 (Luc.
2589 4724 2684 4786 va).
2708 4719 2825 4775 Nos
2855 4719 3072 4791 quippe
3120 4718 3272 4787 illos,
3316 4736 3431 4775 non
3464 4725 3531 4776 ut

127 4813 359 4880 oportet.
1877 4808 2086 4882 Ignatii
2118 4808 2190 4863 ad
2240 4806 2687 4880 patriarchalem
2739 4809 2937 4864 sedem
2985 4808 3411 4881 promotionem
3440 4808 3529 4865 vel

193 4898 429 4955 Proinde
463 4897 1046 4955 animadvertendum
1076 4901 1166 4953 est
1196 4897 1334 4969 quia
1364 4914 1478 4953 non
1510 4897 1767 4963 Niemna,
1816 4896 1819 4901 ’
1877 4898 2212 4971 ingressum
2237 4896 3060 4968 inquirerentautjudicarent
3080 4896 3527 4966 destinavimus,

128 5003 235 5042 non
263 4987 515 5060 denique
542 4987 663 5044 ulla
683 4987 1319 5060 synodus,quodquam
1342 4986 1616 5041 Romanis
1639 5004 1772 5043 con-
1826 4986 1841 4997 ’
1880 4987 1982 5043 sed
2015 4990 2080 5041 ut
2110 4983 2614 5041 circumstantiam
2656 4985 2996 5056 dejectionis
3025 4985 3154 5057 ejus
3183 4985 3528 5055 ediscerent,

130 5075 256 5131 tulit
282 5076 550 5134 Ecclesiae
598 5076 1133 5151 privilegium,quze
1182 5076 1241 5130 in
1294 5075 1459 5131 Petro
1513 5079 1772 5144 noverat,
1880 5073 2480 5147 nobisqueveritatem
2498 5076 2786 5143 repertam
2807 5074 3530 5147 repedantesintimarent,

129 5178 248 5220 eam
274 5164 456 5222 totius
477 5167 616 5238 jura
640 5166 946 5240 potestatis
967 5164 1212 5239 pleniter
1232 5164 1537 5232 meruisse,
1553 5168 1609 5220 et
1630 5181 1773 5220 cun-
1883 5164 2225 5220 direximus.

131 5256 347 5310 ctarum
368 5254 585 5311 Christi
606 5256 802 5312 ovium
833 5255 1095 5328 regimen
1119 5253 1443 5326 accepisse;
1469 5252 1619 5309 sicut
1638 5254 1775 5310 bea-
1956 5254 2119 5319 Quod
2149 5255 2381 5318 nostrae,
2405 5251 2520 5306 Deo
2566 5252 2806 5323 gratias,
2839 5251 3062 5325 liquido
3092 5256 3385 5309 testantur
3413 5253 3535 5324 epi-

128 5344 221 5399 tus
234 5344 447 5415 praesul
464 5344 795 5402 Bonifacius
813 5348 1124 5401 attestatur
1140 5342 1543 5416 (a),unlversis
1558 5342 1780 5416 episco-
1886 5341 2069 5409 stola),
2102 5356 2249 5412 quas
2279 5343 2476 5394 ternas
2511 5356 2612 5411 per
2638 5339 2973 5395 Zachariam
3008 5344 3065 5395 et
3094 5345 3331 5397 Petrum
3363 5346 3540 5414 atque

130 5430 215 5502 pis
245 5448 344 5504 per
372 5433 741 5490 Thessaliam
772 5432 1110 5490 constitutis
1141 5431 1403 5489 scribens
1433 5447 1445 5487 ε
1482 5431 1777 5487 Institutio
1888 5433 2162 5497 Leonem,
2187 5428 2302 5483 Deo
2334 5426 2619 5483 amabiles
2650 5428 2989 5485 scriniarios
3020 5434 3234 5485 sancta:
3266 5432 3539 5487 Romanae

133 5519 476 5578 universalis
496 5522 792 5579 nascentis
809 5521 1077 5578 Ecclesiae
1095 5519 1335 5577 debeati
1354 5519 1503 5575 Petri
1524 5520 1782 5591 sumpsit
1887 5518 2179 5585 Ecclesiae,
2217 5534 2333 5572 uno
2365 5520 2525 5572 textu
2585 5515 2763 5571 scribi
2824 5519 3206 5592 praecepimus
3244 5523 3301 5574 et
3345 5536 3539 5574 coram

135 5606 341 5665 honore
372 5610 751 5684 principium,
775 5611 836 5666 in
863 5627 978 5683 quo
1013 5610 1270 5683 regimen
1298 5609 1427 5679 ejus
1457 5612 1515 5664 et
1546 5625 1782 5665 summa
1890 5612 2094 5665 sancta
2122 5606 2398 5672 Ecclesia,
2430 5623 2557 5677 qua:
2589 5606 2741 5678 apud
2796 5623 2900 5662 nos
2947 5613 3055 5677 est,
3101 5608 3391 5682 dispertiti
3444 5625 3541 5663 su-

201 5715 273 5786 (a)
305 5716 366 5773 In
399 5717 650 5789 epistola
679 5736 806 5793 quae
836 5717 1112 5775 recitatur
1143 5716 1201 5771 in
1233 5715 1481 5771 concilio
1511 5716 1789 5785 Romano,
1826 5717 1982 5789 quod
2012 5713 2349 5771 Holstenius
2381 5711 2561 5768 edidit
2593 5712 2653 5768 in
2682 5714 2967 5783 Boni/acto
2996 5715 3066 5770 II.
3101 5716 3286 5773 Hann.
