3898 6212
348 318 469 380 931

1724 325 2043 388 NICOLAI
2084 326 2315 388 PAPIE‘
2352 326 2404 388 Ι.

3658 319 3787 382 ἥὶ

352 474 513 521 mus;
550 460 601 511 at
648 474 823 509 unam
858 456 1087 527 quidem
1136 458 1287 527 aput
1342 476 1445 511 n-s
1497 458 1843 512 refixuitnrs
1896 476 1995 528 pr“;
2030 462 2075 524 Α
2113 460 2295 528 ip<ins
2320 459 2469 512 vasis
2496 464 2713 512 cunctae
2736 455 3783 529 'f..cunc'.as.,H.\no.jdignoscantur

358 548 394 600 ft
424 554 553 599 ἒτινῖι
838 552 979 599 ca'i-
1118 554 1167 599 ﬁt
1214 556 1447 618 χέρς’-,ιε’
1478 556 1855 619 πεςῑτπκζε-ρξελυ
1885 566 1916 618 q
1946 566 2007 599 ii:

351 635 487 690 oriri
524 641 747 707 poterat
780 636 836 689 in
872 641 1190 706 posterum.
1216 638 1373 699 Quod
1424 654 1553 691 ecce
1590 636 2010 708 impraesentia-

351 743 505 789 rum,
543 724 683 796 proh
719 724 916 779 dolor!
951 726 1275 781 cernimus:
1309 726 1481 780 aliain
1510 744 1638 780 vero
1672 727 1893 781 dilecte
1918 745 2016 781 su-

354 814 581 869 blimati
629 820 830 867 vestra:
889 814 1432 869 direximuspirro
1492 817 1725 869 tertiam
1787 816 2007 869 eisdem

354 904 561 976 legatis
595 903 809 957 nostris
860 904 1194 969 tribuimus,
1232 911 1292 958 ut
1327 904 1487 959 illam
1530 904 1685 958 velut
1742 905 2010 975 specular

357 1012 471 1065 prie
505 992 689 1047 oculis
722 992 1021 1059 habentes,
1045 994 1100 1047 in
1125 1012 1191 1047 ea
1226 994 1648 1048 meditarentur
1671 994 1807 1064 quid
1842 1010 2010 1065 agere

357 1083 721 1143 debuissent,
753 1087 929 1153 atque
971 1083 1418 1136 recor—darentur
1447 1083 1585 1155 quid
1634 1083 1743 1137 sibi
1776 1100 1809 1137 a
1843 1084 2009 1137 nobis

358 1172 698 1225 constiterat
727 1188 853 1225 esse
884 1178 1261 1242 praeceptum.

430 1263 493 1315 Et
523 1260 569 1314 si
604 1261 847 1314 fortasse
870 1266 1058 1314 vestra
1088 1262 1429 1331 magnitudo
1453 1262 1866 1333 dedignaretur
1896 1262 2007 1317 sibi

358 1349 601 1403 missam
635 1348 940 1419 epistolam
978 1349 1033 1403 in
1066 1350 1469 1421 episcoporum
1505 1352 1806 1405 ostendere
1838 1358 2009 1419 cortu,

351 1439 644 1509 jussimus
668 1439 751 1492 eis
776 1445 839 1491 ut
866 1438 1240 1509 illam,quam
1276 1440 1384 1493 sibi
1421 1440 1751 1510 specialiter
1780 1441 2013 1495 dedera-

363 1545 515 1594 mus,
534 1544 829 1598 quamque
883 1528 1057 1582 unius
1092 1529 1287 1581 forma-2
1321 1546 1453 1583 cum
1506 1529 1748 1600 reliquis
1780 1531 2009 1585 duabus

360 1634 490 1671 esse
525 1622 819 1682 noverant,
846 1617 901 1670 in
932 1634 996 1671 eo
1029 1624 1334 1684 conventu,
1361 1619 1415 1671 in
1446 1636 1561 1689 quo
1593 1636 1830 1673 causam
1855 1620 2009 1689 deje-

362 1703 571 1759 ctionis
596 1705 799 1775 lgnatii
827 1722 1285 1777 praeceperamus
1312 1706 1603 1776 inquirere
1622 1723 1685 1759 ac
1705 1706 2012 1777 diligenter

976 554 1053 583 .¹ει
1118 554 1167 599 rt
1214 565 1271 585 ἰ’
1306 556 1447 587 ιη’-ιβ
1478 556 1651 589 n"":-~'

1012 592 1018 597 ι
1054 594 1077 611 ι’
1132 596 1137 599 .
1214 594 1335 617 ιηνθι
1396 592 1433 601 ,ι
1496 586 1595 617 λλιν
1646 590 1651 599 ι

2121 548 2177 601 in
2214 567 2271 602 se
2302 550 2591 602 continere
2618 550 3015 601 υνῑέγιςῖιξπιηι.ῑω
3044 548 3392 601 animalium
3428 554 3575 616 (qur
3600 545 3791 597 bon:-

2119 655 2223 691 nes
2270 637 2685 709 intelliguntur
2731 636 3133 708 spiritualiter,
3172 638 3468 691 nationes.
3512 635 3797 705 Suscepit

2118 742 2253 797 ergo
2285 744 2350 780 ac
2382 727 2641 780 continet
2673 727 2729 779 in
2764 743 2821 780 se
2856 726 3002 781 Rom
3043 744 3117 779 na
3142 724 3597 795 Ecclesia.quod
3634 728 3799 778 Dens

2121 816 2507 869 universalem
2533 814 2850 869 Ecclesiam
2883 816 3183 885 suscipere
3211 831 3275 868 ac
3307 814 3617 869 continere
3642 830 3799 883 prae-

2118 903 2292 974 cepit.
2317 904 2808 958 Decentissimum
2849 903 3067 975 quippe
3087 908 3175 957 est
3215 910 3393 973 atque
3431 903 3799 956 conveniens

2118 993 2414 1047 tissimum
2448 1000 2509 1046 ut
2541 993 2694 1063 apud
2737 1010 2797 1048 se
2844 994 3047 1047 Petrus
3074 992 3230 1063 quod
3282 992 3399 1047 sibi
3448 990 3799 1062 specialiter

2118 1088 2420 1137 ostensum
2470 1090 2643 1152 atque
2696 1089 3051 1154 praeceptum
3098 1087 3206 1145 est,
3239 1081 3545 1145 exhibeat;
3582 1080 3799 1151 sicque

2118 1172 2357 1226 demum
2390 1173 2544 1242 quod
2572 1170 2630 1225 in
2664 1172 2921 1242 generali
2970 1170 3231 1226 Ecclesia
3279 1170 3511 1225 facilius
3540 1169 3799 1224 creden-

2118 1260 2259 1315 dum
2292 1260 2390 1326 sit,
2434 1261 2658 1314 innuat.
2686 1261 2835 1315 Sane
2876 1261 3229 1315 intuendum
3259 1266 3349 1315 est
3380 1259 3520 1331 quia
3571 1266 3633 1313 et
3677 1259 3801 1312 hoc

2116 1367 2240 1415 vas,
2265 1349 2322 1403 in
2356 1367 2470 1421 quo
2499 1349 2697 1404 omnia
2729 1367 2943 1421 genera
2974 1355 3139 1404 erant
3170 1348 3594 1413 animantium,
3620 1347 3803 1401 Petro

2119 1439 2449 1510 sperialiter
2472 1446 2774 1493 ostensum
2807 1446 2926 1505 est;
2950 1445 3009 1493 et
3032 1443 3184 1493 utea
3213 1444 3499 1493 mactaret
3524 1442 3585 1491 et
3620 1454 3802 1490 man-

2119 1529 2379 1593 ducaret,
2406 1528 2488 1582 illi
2514 1527 2618 1582 soli
2645 1529 2887 1598 jussum
2911 1534 3021 1582 est.
3047 1529 3115 1582 Et
3137 1532 3269 1600 post
3289 1526 3799 1582 resurrectionem

2120 1622 2181 1670 ut
2216 1622 2334 1672 rete
2368 1616 2602 1687 plenum
2656 1616 2902 1672 diversis
2934 1617 3201 1687 piscibus
3248 1617 3321 1670 ad
3370 1615 3538 1671 littus
3590 1616 3799 1669 trahe-

2121 1712 2227 1771 ret,
2263 1724 2296 1760 a
2339 1706 2585 1761 Domino
2644 1706 2756 1776 ipsi
2813 1705 3043 1777 proprie
3102 1705 3210 1760 soli
3264 1710 3631 1777 praeceptum
3676 1712 3797 1767 est,

360 1792 728 1865 investigare,
764 1794 1236 1864 imprzctermisse
1281 1794 1558 1865 legerent,
1583 1799 1639 1849 et
1678 1795 1736 1848 in
1769 1794 2011 1848 auribus
2045 1830 2093 1895 Β
2124 1797 2300 1851 Uoun.
2333 1800 2472 1862 xxn).
2496 1795 2695 1866 Ipsum
2732 1796 2913 1863 enim,
2942 1796 3116 1864 cujus
3144 1812 3274 1862 nos,
3306 1793 3443 1850 licet
3473 1793 3799 1857 immeriti,

362 1883 625 1935 omnium
662 1882 994 1951 reritarent,
1040 1882 1173 1937 licet
1229 1883 1341 1954 ipsi
1391 1883 1662 1937 contrarii
1716 1884 1847 1937 facti
1900 1884 2018 1937 sint

360 1988 562 2025 eorum
597 1972 862 2025 omnium
893 1988 1019 2041 qua:
1068 1972 1179 2025 sibi
1215 1973 1443 2026 fuerant
1476 1973 1779 2043 imperata.
1804 1975 2020 2037 Quam-

362 2059 561 2113 obrem
586 2066 640 2115 et
664 2077 839 2124 nunc,
867 2060 1005 2131 quia
1031 2062 1293 2131 quaedam
1325 2062 1543 2132 scripta
1565 2062 1843 2115 dicuntur
1864 2062 2019 2132 apud

360 2165 461 2202 vos
486 2154 929 2218 esse,tanquam
954 2166 1017 2201 ex
1046 2149 1277 2203 nomine
1305 2156 1501 2203 nostro
1533 2150 1735 2215 missa,
1762 2168 1888 2221 qua:
1916 2169 2020 2207 nos

362 2236 602 2292 omnino
637 2254 749 2291 non
787 2237 1080 2299 misimus,
1111 2238 1324 2291 idcirco
1355 2244 1409 2291 et
1443 2238 1617 2304 hanc,
1642 2256 1818 2309 quam
1853 2257 2019 2293 man-

361 2326 657 2381 suetudini
701 2334 902 2380 vestra:
953 2327 1285 2398 dirigimus,
1322 2328 1377 2381 in
1426 2328 1607 2381 altero
1654 2334 1809 2383 tomo
1840 2322 2019 2385 scribi

364 2416 780 2487 praicepimus;
805 2421 859 2469 et
887 2416 1034 2469 hanc
1060 2416 1295 2487 quidem
1322 2417 1545 2483 Petrus,
1564 2418 1659 2488 qui
1684 2417 1857 2473 unius
1880 2437 2019 2492 pra:-

364 2505 655 2558 dictarum
691 2504 865 2558 trium
901 2506 1149 2575 scriptor
1179 2506 1430 2573 exstitit;
1465 2524 1641 2576 quam
1674 2523 1807 2562 vero
1840 2524 2017 2579 penes

366 2611 471 2647 nos
506 2593 846 2658 retinemus,
871 2596 1146 2665 prchatus
1181 2595 1312 2657 Leo,
1339 2595 1453 2649 Deo
1480 2595 1761 2649 amabiles
1783 2597 2019 2651 scrinia-

364 2681 431 2737 rii
464 2689 676 2736 sancta:
730 2683 999 2737 Romam:
1051 2684 1339 2746 Ecclesizc,
1372 2701 1620 2754 quorum
1658 2686 1799 2739 fides
1847 2687 2015 2742 nobis

367 2773 611 2843 probata
635 2777 741 2833 est,
767 2772 1071 2844 scripsisse
1101 2778 1443 2828 noscuntur.

433 2865 609 2915 Porro
641 2861 876 2932 scripsit
910 2862 1077 2916 nobis
1110 2862 1421 2932 imperium
1449 2868 1703 2917 vestrqu
1741 2871 1803 2918 ut
1836 2864 2017 2919 Theo-

360 2955 658 3021 gnostum,
684 2950 783 3022 qui
817 2968 851 3005 a
883 2951 1056 3005 fratre
1087 2956 1142 3005 et
1173 2951 1515 3022 coepiscopo
1561 2958 1757 3007 nostro
1790 2954 2014 3025 lgnatio

360 3056 537 3110 super
567 3040 852 3111 quasdam
886 3039 1213 3111 provincias
1263 3040 1607 3095 exarchatus
1658 3043 1889 3112 pondus
1917 3059 2011 3097 ac-

360 3129 583 3199 cepisse
615 3128 995 3200 dignoscitur,
1018 3146 1240 3183 necnon
1275 3135 1330 3183 et
1373 3129 1516 3184 alios
1550 3131 1867 3186 monachos
1898 3133 2009 3186 sibi

360 3220 641 3288 tanquam
665 3223 866 3272 vestra:
898 3217 1244 3289 augustialis
1266 3218 1637 3289 injuriatores
1659 3220 2009 3275 excellentia:
2041 3198 2083 3263 (ἶ

361 3306 745 3361 destinemus.
780 3309 839 3362 In
891 3325 1005 3379 quo
1038 3325 1171 3361 cum
1212 3314 1407 3361 tamen
1470 3308 1579 3378 ipsi
1641 3309 2011 3379 injuriatores

361 3396 537 3450 vestri
569 3415 683 3451 non
718 3396 951 3459 fuerint,
978 3395 1117 3467 quid
1164 3396 1319 3450 aliud
1355 3396 1467 3450 nisi
1502 3401 1563 3450 ut
1595 3403 1814 3467 quanta
1843 3417 2013 3471 pcena

363 3485 619 3556 [quantm
666 3503 866 3556 pmnte,
900 3485 1107 3555 Hann]
1141 3490 1195 3539 et
1228 3486 1443 3555 quibus
1476 3487 1781 3541 tormentis
1826 3489 2010 3559 subji-

361 3574 591 3627 ciantur
618 3574 676 3627 hi
711 3574 808 3644 qui
842 3590 910 3627 ex
942 3578 1103 3643 parte
1126 3573 1329 3645 Ignatii
1364 3578 1520 3633 sunt.
1546 3581 1600 3630 et
1633 3577 1785 3647 apud
1820 3594 1919 3631 vos
1951 3579 2006 3633 in

360 3662 580 3716 (titione
620 3668 811 3715 vestra
858 3662 1206 3729 consistunt,
1259 3662 1542 3734 liquidius
1596 3681 2005 3736 agnoscamus.

358 3751 600 3815 Quando
640 3749 694 3804 hi
745 3768 857 3805 non
910 3751 1110 3822 utique
1142 3752 1211 3805 ad
1248 3752 1468 3823 epulas,
1501 3770 1614 3808 non
1668 3755 1738 3809 ad
1793 3755 2008 3811 infulas

357 3840 609 3911 alicujus
641 3840 878 3895 honoris
910 3841 1315 3912 percipiendas
1356 3844 1611 3913 profecto
1644 3848 2004 3915 qureruntur,

356 3930 456 3985 sed
488 3929 683 4002 potius
724 3929 793 3984 ad
842 3931 1227 4001 puniendum,
1264 3947 1412 4001 quos
1448 3931 1590 3986 forte
1622 3948 1724 3986 nec
1754 3933 2005 3999 vidistis,

352 4037 457 4074 nec
489 4021 659 4090 cujus
692 4019 869 4075 moris
915 4020 1032 4074 sint
1080 4020 1313 4092 penitus
1374 4021 1711 4091 agnovistis.
1750 4022 2007 4094 Denique

355 4109 594 4180 quidam
629 4128 828 4164 eorum
863 4110 935 4164 ab
968 4109 1202 4163 ineunte
1233 4114 1399 4164 aetate
1433 4110 1625 4165 Roma:
1658 4111 1871 4166 divinis
1902 4113 2005 4166 ob—

356 4197 579 4268 sequiis
614 4197 873 4252 famulati
910 4203 1067 4263 sunt,
1091 4203 1147 4252 et
1181 4215 1294 4252 non
1318 4199 1550 4269 justum
1575 4200 1872 4256 credimus
1902 4200 2005 4255 hu-

348 4286 610 4357 jusmodi
645 4287 951 4341 tormentis
1002 4288 1121 4342 fore
1171 4288 1527 4343 subdendos.
1564 4289 2003 4360 Theognostum

357 4379 552 4429 autem
588 4392 701 4428 non
736 4376 805 4429 de
838 4375 998 4431 vobis
1030 4376 1289 4442 sinistra,
1315 4377 1412 4430 sed
1448 4377 1641 4448 potius
1673 4383 1837 4450 grata
1869 4396 2007 4449 prae-

354 4462 547 4519 dicare
578 4468 879 4519 testamur.
905 4466 1289 4529 Quamobrem
1340 4481 1477 4533 ergo
1536 4482 1669 4519 eum
1729 4467 2003 4537 quaeratis

2125 1886 2307 1938 vicem
2340 1886 2729 1956 suscepimus,
2759 1884 3159 1957 principaliter
3186 1902 3253 1939 ac
3283 1884 3629 1957 specialiter
3660 1885 3799 1939 uni-

2126 1974 2369 2029 versatis
2402 1974 2669 2029 Ecclesiae
2700 1991 2902 2029 curam
2943 1974 3223 2028 divinitus
3270 1973 3793 2046 accepisse,etiam

2128 2063 2298 2118 nobis
2344 2065 2691 2127 tacentibus,
2724 2064 3021 2118 credimus
3052 2063 3208 2135 quod
3251 2068 3447 2119 vestra
3493 2064 3793 2135 sapientia

2119 2153 2244 2221 jam
2291 2153 2734 2206 animadvertat.
2770 2153 3019 2206 Putasne
3077 2169 3235 2224 ergo,
3270 2151 3620 2222 imperator,
3664 2155 3797 2222 jus-

2127 2246 2254 2292 tum
2287 2256 2415 2294 esse
2447 2246 2509 2293 ut
2542 2240 2844 2293 tradamus
2889 2239 3142 2311 aliquem
3184 2256 3410 2302 eorum,
3444 2257 3601 2310 quos
3634 2257 3791 2294 nunc

2127 2330 2738 2393 commemoravimus,
2774 2328 3168 2400 principibus;
3203 2344 3457 2399 quorum
3487 2327 3685 2393 aulas,
3706 2330 3791 2382 di—

2126 2418 2401 2487 gnitates,
2428 2417 2676 2473 honores
2725 2423 2781 2472 et
2830 2418 3112 2472 beneficia
3159 2422 3671 2488 contempserunt,
3703 2418 3789 2471 vel

2127 2523 2379 2577 quorum
2414 2508 2557 2560 forte
2588 2507 3021 2577 indignationes
3048 2511 3151 2560 aut
3182 2506 3627 2577 persecutiones
3658 2524 3788 2560 sus-

2124 2596 2471 2649 tinuerunt?
2494 2596 2680 2650 Absit.
2714 2595 3001 2650 Nolumus
3030 2595 3211 2659 enim,
3236 2595 3354 2650 Deo
3384 2600 3653 2661 auctore,
3688 2614 3787 2651 nec

2123 2684 2287 2739 Judte
2342 2685 2621 2755 proditori
2668 2684 2892 2739 similes
2947 2683 3218 2749 inveniri,
3251 2701 3355 2738 nec
3413 2701 3786 2755 paganorum

2124 2774 2395 2829 excedere
2426 2776 2680 2844 profecto
2734 2773 3080 2845 nequitiam.
3106 2773 3222 2843 Ipsi
3252 2774 3411 2827 enim
3464 2773 3615 2827 nihil
3676 2774 3785 2828 tale

2122 2878 2291 2934 agere
2325 2863 2558 2933 penitus
2608 2863 2933 2934 patiuntur.
2957 2860 3133 2934 quale
3162 2878 3271 2917 nos
3320 2867 3665 2934 perpetrare
3694 2880 3785 2917 co-

2121 2949 2439 3006 hortamini
2466 2968 2588 3007 vos.

2192 3041 2453 3112 Denique
2485 3058 2619 3095 cum
2666 3040 2904 3112 quidam
2957 3045 3401 3096 antecessorum
3450 3045 3782 3096 vestrorum

2121 3130 2435 3200 quemdam
2467 3129 2854 3185 venerabilem
2875 3129 3065 3184 virum
3098 3130 3171 3184 ab
3192 3131 3595 3201 Agarenorum
3619 3131 3781 3201 prin-

2122 3218 2268 3289 cipe,
2288 3218 2489 3273 multis
2507 3218 2720 3274 oblatis
2737 3219 3104 3284 muneribus,
3120 3219 3231 3273 sibi
3248 3219 3404 3274 mitti
3423 3220 3779 3290 poposcerit,

2122 3325 2237 3361 non
2287 3307 2479 3363 solum
2530 3308 2773 3361 minime
2832 3306 3187 3378 impetravit,
3219 3323 3423 3362 verum
3481 3308 3689 3374 etiam,
3724 3316 3779 3359 ut

2122 3396 2324 3462 fertur,
2346 3396 2419 3450 ab
2451 3412 2517 3450 eo
2547 3413 2722 3467 quem
2755 3396 3072 3468 quaerebat,
3101 3396 3387 3468 pudorem
3416 3396 3779 3451 conferentia

2119 3484 2336 3555 scripta
2367 3484 2601 3556 recepit.
2626 3484 2928 3550 Quumvis,
2951 3484 3068 3539 Deo
3109 3484 3353 3558 gratias,
3379 3493 3435 3539 el
3464 3501 3573 3555 per
3615 3486 3776 3556 prino

2119 3573 2365 3645 cipalem
2398 3574 2700 3628 beatorum
2732 3573 3128 3645 apostolorum
3172 3572 3325 3628 Petri
3367 3590 3436 3628 ac
3486 3574 3678 3640 Pauli,
3710 3574 3775 3628 de

2118 3679 2237 3734 qua
2276 3680 2415 3717 sura
2473 3663 2686 3734 partim
2734 3663 3136 3734 exposuimus,
3170 3667 3523 3734 potestatem
3568 3668 3629 3718 et.
3677 3664 3773 3733 jus

2118 3751 2462 3818 habeamus,
2485 3769 2597 3805 non
2622 3749 2815 3806 solum
2834 3751 3378 3817 monachos,verum
3402 3752 3585 3806 etiam
3607 3769 3775 3824 quos-

2117 3839 2259 3895 libet
2289 3840 2531 3895 clericos
2560 3841 2631 3896 de
2671 3856 3024 3913 quacunque
3066 3839 3325 3908 dimcesi,
3354 3857 3491 3895 cum
3541 3858 3769 3896 necesse

2116 3930 2291 3985 fuerit
2310 3930 2383 3983 ad
2418 3947 2521 3984 nos
2544 3946 2879 3996 convocare,
2904 3934 3080 4001 atque
3110 3928 3528 3985 ecclesiasticis
3547 3930 3770 4002 exigen-

2114 4019 2274 4075 tibus
2320 4018 2856 4090 opportunitatibus
2908 4018 3173 4073 invitare.
3208 4020 3322 4074 Hoc
3361 4019 3604 4091 quidem
3669 4037 3769 4073 no-

2115 4114 2336 4173 strum;
2362 4114 2618 4162 vestrum
2650 4112 2845 4162 autem
2868 4112 2927 4163 et
2946 4108 3175 4179 piorum
3210 4108 3635 4179 imperatorum
3660 4125 3767 4163 non

2114 4201 2204 4253 est
2230 4196 2413 4251 ullum
2438 4197 2671 4268 penitus
2692 4197 2983 4267 quau'cndi
3011 4196 3330 4252 monachos
3352 4196 3767 4263 ministerium,

2114 4285 2230 4339 nisi
2265 4285 2335 4338 ad
2372 4285 2799 4352 miserandum,
2828 4290 2889 4340 et
2916 4285 3211 4341 orationes
3240 4301 3445 4340 eorum
3478 4286 3769 4341 submime

2112 4374 2494 4445 poscendum.
2519 4373 2679 4437 Quod
2713 4373 2761 4426 si
2796 4373 3040 4427 forsitan
3085 4374 3413 4446 Opinamini
3463 4374 3768 4446 Theogno-

2112 4468 2273 4517 stum
2298 4461 2452 4533 apud
2477 4478 2583 4517 nos
2614 4461 2817 4517 Photio
2840 4461 3163 4529 detrahere,
3188 4462 3602 4536 Ignatiumque
3618 4463 3769 4535 jugi-

354 4552 713 4625 ignoramus,
740 4553 851 4609 nisi
888 4554 1030 4608 forte
1070 4554 1208 4623 quia
1244 4552 1401 4607 illiue
1433 4552 1692 4623 fugatus,
1716 4554 1807 4608 hic
1849 4556 2002 4626 apud
2035 4567 2080 4630 Β
2112 4556 2199 4605 ter
2237 4551 2668 4615 commendare,
2694 4551 2898 4605 scitote
2946 4551 3227 4606 veraciter
3254 4552 3397 4623 quia
3447 4552 3597 4606 nihil
3646 4551 3767 4624 ipse

354 4658 460 4695 nos
494 4641 1289 4712 requiem,quemadmodum
1338 4640 1629 4693 innumeri
1666 4640 1998 4710 Christiani,

353 4728 778 4800 aliquantulam
815 4728 1046 4798 reperit.

425 4816 727 4889 Siquidem
759 4820 925 4870 tanta
968 4812 1152 4868 millia
1182 4812 1488 4867 hominum
1542 4815 1883 4884 protectioni
1934 4834 1999 4873 ac

352 4904 753 4959 intercessioni
788 4904 937 4957 beati
983 4901 1379 4972 apostolorum
1414 4901 1696 4972 principis
1728 4904 1899 4970 Petri,
1926 4924 1998 4962 cx

352 4993 629 5048 omnibus
653 4993 865 5046 ﬁnibus
900 4995 1061 5043 terra:
1097 4988 1555 5060 properantium,
1581 5007 1707 5045 sese
1739 4994 2000 5063 quotidie

352 5083 679 5147 conferunt,
713 5086 768 5133 et
796 5097 980 5149 usque
1029 5076 1087 5130 in
1124 5078 1296 5129 tinem
1330 5077 1454 5131 vitae
1510 5097 1626 5134 sua:
1684 5083 1835 5151 apud
1870 5084 1998 5152 ejus

351 5170 558 5224 limina
588 5173 773 5221 semet
818 5181 1095 5220 mansura
1123 5171 1472 5235 proponunt,
1507 5173 1570 5223 ut
1602 5174 1807 5240 praeter
1854 5169 1999 5224 illud

350 5275 465 5330 quo
490 5274 588 5309 vas
609 5271 640 5308 e
661 5256 802 5309 cmlo
826 5252 1210 5319 submissum,
1233 5254 1289 5308 in
1314 5270 1427 5325 quo
1445 5262 1789 5313 cunctorum
1809 5263 2001 5314 osten-

350 5363 415 5399 sa
454 5348 591 5398 sunt
622 5340 809 5397 eidem
842 5342 1007 5396 beato
1039 5341 1202 5397 Petro
1237 5342 1440 5399 horum
1474 5346 1736 5401 omnium
1793 5348 1997 5403 rectori

350 5427 737 5486 animantium
772 5446 1003 5503 genera,
1031 5431 1373 5488 catholicam
1408 5435 1601 5507 signat
1634 5435 1949 5491 Ecclesium
1978 5453 1990 5492 :

348 5519 522 5572 etiam
558 5516 683 5584 ipsa
706 5520 829 5575 sola
856 5521 1247 5577 Itanianormu
1280 5524 1439 5588 urbs,
1459 5525 1615 5596 apud
1645 5541 1817 5595 quam
1846 5525 1998 5595 ejus-

349 5605 477 5656 dem
513 5605 759 5671 apostoli
788 5609 1104 5683 corporalis
1136 5612 1443 5682 prtcsentia
1464 5613 1665 5667 sedule
1690 5618 1999 5667 veneratur

2111 4640 2182 4694 de
2212 4644 2457 4710 utroque
2484 4638 2743 4710 loquitur
2767 4639 2879 4693 nisi
2903 4640 3057 4711 quod
3082 4639 3142 4694 in
3164 4638 3480 4711 propatulo
3500 4645 3593 4696 est
3612 4641 3764 4713 quod

2108 4728 2370 4782 mundus
2400 4727 2563 4792 dicit,
2592 4728 2747 4798 quod
2798 4728 2991 4783 omnis
3037 4727 3295 4782 Ecclesia
3342 4727 3583 4796 clamat,
3615 4730 3762 4800 quod

2109 4816 2218 4889 ipsi
2250 4832 2354 4889 per
2372 4815 2713 4871 innumeros
2742 4816 3012 4872 homines
3034 4817 3276 4871 Romam
3301 4816 3376 4871 ab
3395 4815 3763 4881 Alexandria,

2109 4907 2180 4961 ab
2213 4904 2653 4977 Hierosolymis,
2702 4923 2737 4960 a
2785 4903 3308 4976 Constantinopoli,
3352 4923 3389 4960 a
3436 4907 3763 4962 conﬁnibus

2108 4994 2257 5064 ejus,
2274 4994 2345 5048 ab
2369 4993 2613 5066 Olympo
2637 4999 2855 5059 monte,
2876 4998 3053 5066 atque
3075 5011 3109 5049 a
3137 4994 3363 5050 caeteris
3394 4996 3605 5050 mundi
3638 5012 3760 5067 par-

2107 5082 2267 5136 tibus
2289 5083 2668 5137 adventantes
2693 5068 3074 5153 agnovimus:
3095 5083 3164 5137 ad
3187 5086 3514 5138 extremum
3535 5100 3759 5157 quoque

2110 5171 2263 5241 quod
2295 5186 2402 5225 nos
2435 5186 2538 5241 per
2567 5171 2782 5225 missos
2811 5174 3033 5226 vestros
3064 5174 3122 5225 et
3150 5169 3382 5227 diversa
3407 5172 3633 5244 scripta
3662 5190 3756 5244 pa-

2110 5262 2298 5314 tenter
2338 5256 2752 5314 intelleximus.
2779 5258 2928 5322 Quid
2976 5275 3112 5331 ergo
3169 5259 3304 5330 quis
3358 5266 3587 5330 peccat,
3620 5261 3668 5317 si
3696 5277 3755 5314 ea

2108 5346 2248 5402 dicit
2277 5364 2402 5419 qua:
2455 5365 2554 5402 vos
2602 5348 2821 5402 dixisse
2861 5350 3132 5403 constat?
3161 5348 3307 5403 Ecce
3336 5349 3497 5403 enim
3550 5350 3753 5420 scripta

2105 5440 2298 5491 vestra
2328 5435 2511 5491 missa
2540 5436 2610 5490 ad
2654 5441 3080 5493 antecessorem
3113 5442 3406 5503 nostrum,
3435 5454 3557 5510 qua
3590 5454 3749 5511 penes

2106 5541 2214 5580 nos
2244 5526 2538 5580 recondita
2569 5532 2893 5592 servantur,
2928 5526 3215 5598 quosdam
3265 5526 3455 5597 partis
3501 5525 3746 5599 Gregorii

2111 5612 2485 5682 Syracusani,
2518 5613 2888 5687 congregatis
2933 5613 3242 5686 episcopis,
3294 5615 3477 5670 etiam
3524 5615 3746 5671 absente
