3898 6212
150 326 300 390 ’953

1403 320 1809 388 ΕΡΙΞΤΟῙΛΕ
1849 320 1956 384 ET
1997 319 2380 385 DECRETA.
2450 397 2463 400 δ

3471 318 3594 385 984

178 461 363 518 fratre
386 463 589 516 nostro
622 459 866 534 lgnatio,
898 477 1000 515 vos
1042 459 1569 515 anathematizasse
1618 460 1836 512 testan-
1868 456 1920 520 Α
1952 456 2389 526 spensationem
2422 455 2590 511 nobis
2607 455 2889 511 creditam
2911 455 3599 525 exercehimus,anteces-

181 555 304 608 tur.
330 550 481 618 Quid
505 567 643 623 ergo
670 549 966 623 quispiam
999 548 1330 621 delinquit?
1362 548 1445 604 vel
1480 565 1586 602 nos
1620 548 1674 601 in
1700 564 1837 618 quo,

187 656 492 714 rogamus,
515 639 871 696 offendimus
904 638 1059 711 (licet
1079 655 1181 694 vos
1196 654 1363 694 versa
1380 637 1503 694 vice
1535 653 1683 710 quos
1701 640 1840 692 tunc

187 728 505 799 laudastis,
538 745 697 784 nunc
726 728 1087 800 vituperetis,
1120 731 1177 783 et
1207 744 1357 799 quos
1411 730 1554 782 tunc
1605 742 1732 781 reos
1783 729 1842 781 et

188 818 502 875 damnatos
539 816 984 890 pronuntiastis,
1020 834 1175 872 nunc
1203 815 1367 871 miris
1399 814 1679 887 praeconis
1705 815 1839 870 effe-

188 908 360 979 ratis)
384 906 434 961 si
452 907 606 979 quod
632 906 955 979 scripsistis
976 905 1418 971 credidimus,et
1434 905 1588 977 quod
1611 904 1843 961 dixistis

188 1014 302 1053 nos
331 1012 568 1069 quoque
599 1012 757 1051 nunc
786 995 1077 1051 dicimus?
1101 997 1417 1059 Postremo,
1443 994 1554 1049 nisi
1587 1010 1843 1049 correxe-

188 1086 385 1142 rimus
416 1083 730 1140 consilium
772 1088 1061 1153 nostrum,
1104 1083 1371 1139 videlicet
1402 1088 1467 1138 ut
1502 1083 1643 1140 illud
1674 1085 1844 1153 juxta.

190 1172 511 1228 consilium
542 1176 801 1227 vestrum
834 1171 1281 1245 dirigamus,vel
1313 1172 1364 1228 si
1397 1189 1513 1227 non
1544 1172 1728 1227 effecti
1760 1172 1841 1228 si-

190 1261 368 1317 miles
398 1262 581 1327 vobis,
612 1262 767 1317 sicut
796 1261 905 1334 ipsi
938 1266 1133 1334 caput,
1156 1261 1239 1317 ita
1270 1277 1504 1334 quoque
1526 1278 1632 1317 nos
1658 1277 1843 1317 mem-

189 1350 303 1405 bra
334 1350 657 1417 tradamus,
690 1349 1265 1405 interminationihus
1295 1350 1515 1405 crebris
1555 1351 1844 1406 deterrere

189 1456 324 1506 nos,
359 1442 417 1494 et
448 1438 706 1494 minitari
739 1439 1038 1507 videmini,
1073 1443 1354 1511 tanquam
1401 1439 1530 1494 sitis
1560 1438 1759 1511 patria
1789 1442 1846 1494 et

189 1528 330 1584 urbi
358 1532 568 1583 nostra:
591 1527 865 1583 ultimum
888 1528 1301 1585 exterminium
1323 1527 1560 1583 illaturi.
1580 1528 1714 1592 Quae
1737 1544 1844 1584 nos

188 1617 430 1673 Christo
452 1616 701 1689 propitio
723 1621 898 1689 atque
920 1618 1161 1673 custode
1183 1617 1277 1680 (de
1294 1634 1410 1689 quo
1428 1617 1711 1689 scriptum
1725 1620 1840 1672 est:

187 1709 327 1764 Nisi
348 1708 621 1762 Dominus
649 1706 965 1762 custodierit
986 1708 1280 1771 civitatem,
1306 1708 1365 1762 in
1388 1724 1590 1762 vanum
1612 1707 1846 1775 vigilant

1950 562 2149 600 eorum
2180 545 2425 617 vestigia
2453 552 2784 601 nostrorum
2811 545 3190 612 sectabimur,
3216 545 3594 606 ecclesiarum

1949 638 2295 690 cunctarum
2308 633 2761 691 sollicitudinem
2777 634 3178 706 bajulabimus
3196 636 3254 692 in
3272 637 3467 709 eo,qui
3487 655 3594 695 nos

1950 723 2302 779 confortabit
2327 724 2574 781 Domino
2620 729 2820 782 nostro
2852 726 2992 781 Jesu
3024 725 3275 782 Christo.
3308 726 3456 790 Quid
3488 744 3595 783 sae-

1948 812 2114 868 viunt
2143 812 2450 868 homines?
2483 814 2623 885 quid
2657 813 2793 869 mali
2825 814 3071 870 fecimus
3105 815 3259 872 nos?
3282 815 3446 873 Certe
3477 834 3595 874 non

1950 901 2181 958 Cretam
2210 901 2554 968 invasimus,
2586 920 2701 958 non
2744 902 3001 960 Siciliam
3052 905 3594 974 exterminavimus,

1950 1007 2066 1047 non
2088 991 2439 1047 innumeras
2450 991 2664 1048 Graecis
2685 993 2985 1063 subjectas
3006 994 3334 1065 provincias
3350 996 3600 1052 obtinui-

1953 1097 2086 1136 mus
2114 1098 2126 1135 :
2152 1085 2447 1151 postremo
2469 1098 2585 1137 non
2608 1080 2883 1137 ecclesias
2904 1087 3261 1151 sanctorum,
3277 1084 3597 1142 interfectis

1952 1170 2282 1226 numerosis
2300 1169 2660 1236 hominibus,
2681 1187 2746 1226 ac
2763 1171 3103 1227 suburbana
3118 1172 3599 1248 Constantinopo-

1950 1257 2092 1325 leos,
2130 1275 2258 1330 quae
2289 1262 2347 1315 et
2376 1258 2561 1314 muris
2591 1260 2720 1331 ejus
2752 1276 2897 1331 pene
2929 1262 3205 1333 contigua
3234 1262 3603 1329 sunt,incen-

1952 1347 2245 1402 dimus.Et
2265 1364 2396 1403 vere
2418 1348 2488 1403 de
2503 1346 2634 1403 istis
2652 1347 2814 1404 nulla
2830 1349 2894 1404 fit
2910 1348 3053 1405 ultio
3086 1350 3184 1422 qui
3204 1352 3415 1424 pagani
3438 1356 3596 1418 sunt,

1952 1436 2052 1507 qui
2084 1435 2327 1492 alterius
2358 1437 2491 1491 ﬁdei
2524 1441 2682 1503 sunt,
2710 1437 2807 1510 qui
2832 1436 3052 1494 inimici
3087 1439 3297 1495 Christi
3332 1442 3599 1515 sunt,qui

1951 1524 2211 1581 veritatis
2230 1525 2754 1599 ministrisjugiter
2774 1528 3159 1583 adversantur
3182 1546 3196 1596 ;
3227 1532 3285 1585 et
3301 1530 3599 1604 nobis,qui

1952 1614 2141 1686 gratia
2170 1615 2271 1671 Dei
2294 1614 2609 1671 Christiani
2631 1617 2965 1688 sumus,qui
2988 1634 3056 1672 ex
3080 1619 3424 1690 parentibus
3441 1620 3602 1676 Chri-

1954 1704 2165 1759 stianis
2194 1703 2520 1773 existimas,
2554 1708 2726 1778 atque
2756 1705 3080 1773 catholicis,
3115 1707 3213 1779 qui
3244 1709 3421 1765 unius
3451 1709 3603 1780 ejus.

189 1797 294 1868 qui
349 1796 661 1851 custodiunt
714 1812 833 1851 eam
882 1796 1054 1864 [Psal.
1088 1796 1335 1868 cxxv1]),
1369 1796 1522 1852 sicut
1563 1796 1846 1852 hactenus
1877 1830 1925 1895 B
1955 1793 2203 1863 demque
2232 1792 2365 1893 ﬁdei
2398 1794 2674 1894 dogmata
2703 1795 3019 1861 credimus,
3051 1796 3152 1868 qui
3192 1798 3338 1853 servi
3388 1797 3600 1854 Christi

189 1902 316 1940 non
350 1885 799 1953 timuimus,nec
825 1885 997 1941 modo
1026 1885 1327 1952 timemus,
1348 1886 1649 1941 credentes
1671 1903 1849 1958 super

190 1991 403 2029 muros
426 1975 556 2045 ejus
575 1974 915 2047 angelorum
938 1974 1294 2041 custodiam;
1313 1974 1429 2030 imo
1443 1991 1577 2030 vero
1595 1975 1846 2030 scientes

190 2062 356 2133 quod
390 2061 652 2117 Salvator
680 2060 905 2133 positus
938 2061 1015 2117 sit
1042 2061 1102 2117 in
1137 2078 1204 2116 ea
1236 2077 1441 2116 murus
1492 2066 1550 2116 et
1579 2066 1846 2116 antemu-

190 2150 321 2207 rale
353 2153 482 2217 (Isa.
513 2151 688 2218 xxvi),
722 2150 780 2206 id
813 2155 902 2206 est
954 2150 1355 2223 apostolorum
1411 2150 1847 2205 munimentum

189 2239 708 2295 intercessionum.
734 2240 930 2311 Neque
952 2240 1107 2294 enim
1131 2256 1246 2295 non
1266 2238 1538 2312 legimus,
1562 2244 1663 2293 aut
1685 2237 1848 2293 obliti

190 2345 412 2389 sumus
443 2328 737 2383 minarum
769 2328 1163 2383 Sennacherib
1196 2327 1348 2400 regis
1378 2328 1770 2399 Assyriorum,
1792 2331 1849 2382 et

188 2433 502 2473 servorum
529 2417 659 2488 ejus
687 2421 892 2472 contra
917 2416 1122 2473 urbem
1139 2416 1465 2473 Jerusalem
1485 2422 1541 2472 et
1562 2416 1845 2490 populum

187 2507 349 2576 ejus,
376 2523 502 2578 quae
533 2522 649 2560 non
680 2506 936 2561 minores
958 2522 1062 2561 nec
1091 2505 1394 2578 pauciores
1434 2505 1610 2562 minis
1637 2505 1848 2562 vestris

188 2595 459 2651 fuerunt.
491 2596 561 2649 Et
601 2611 806 2650 rursus
838 2594 1281 2651 miserationum
1314 2595 1543 2650 Domini
1575 2595 1848 2650 recorda-

188 2701 354 2754 mur,
385 2690 443 2739 et
470 2682 720 2756 qualiter
761 2686 997 2740 centum
1046 2684 1343 2756 octoginta
1372 2684 1633 2757 quinque
1665 2683 1850 2740 millia

190 2773 509 2828 hominum
541 2773 612 2828 de
633 2773 845 2829 castris
864 2773 1235 2847 Assyriorum
1260 2772 1590 2829 interierint
1612 2775 1700 2836 (IV
1717 2779 1845 2845 Reg.

192 2866 346 2930 xxx),
378 2867 434 2918 et
464 2862 606 2918 urbs
652 2878 786 2917 cum
836 2860 1263 2917 habitatoribus
1313 2862 1437 2917 suis
1486 2862 1754 2931 evaserit,
1786 2863 1847 2917 in

193 2956 401 3007 mente
432 2950 765 3012 recolimus.
788 2956 844 3006 et
872 2950 1090 3021 gratias
1122 2951 1445 3023 agimus,et
1473 2967 1636 3023 spem
1668 2951 1851 3007 sumi-

193 3057 360 3107 mus,
396 3058 463 3096 ac
511 3039 860 3095 ﬁducialiter
890 3039 960 3094 de
1003 3040 1177 3094 domo
1208 3038 1460 3104 Domini,
1493 3040 1541 3094 si
1572 3039 1848 3094 virtutem

190 3130 328 3202 ipse
359 3129 677 3194 donaverit,
710 3127 933 3183 cultum
974 3126 1101 3183 Baal
1153 3144 1419 3183 amovere
1461 3127 1795 3184 curavimus
1832 3144 1845 3181 :

1954 1898 2247 1948 vocamur,
2265 1882 2365 1954 qui
2386 1882 2644 1939 veritatis
2675 1883 2948 1953 cultores,
2966 1890 3252 1957 quantum
3283 1903 3600 1958 possumus

1954 1988 2082 2026 esse
2104 1970 2509 2027 desideramus
2526 1990 2539 2038 ;
2556 1971 3463 2045 minispraetendunturﬁerrores
3475 1994 3603 2049 pro-

1955 2060 2237 2115 mittuntu
2247 2061 2476 2127 r,etiam
2500 2061 2792 2117 nonnullae
2813 2062 3092 2119 molestiae
3114 2064 3600 2137 irrogantur.Non

1956 2154 2045 2205 est
2093 2149 2204 2204 iste
2249 2150 2391 2204 ordo
2441 2149 2776 2219 laudabilis,
2810 2169 2925 2206 non
2959 2156 3049 2208 est
3078 2153 3193 2209 ista
3220 2156 3601 2211 commutatio

1954 2236 2351 2303 imitabilis,ut
2372 2238 2470 2310 qui
2504 2239 2817 2294 innumera
2849 2239 3003 2296 mala
3024 2240 3602 2315 ingerunt,impuniti

1956 2328 2241 2395 evadant;
2276 2331 2331 2381 et
2363 2327 2461 2398 qui
2495 2327 2641 2382 nihil
2674 2327 2812 2382 mali
2844 2333 3175 2400 gesserunt,
3207 2347 3311 2403 pro
3342 2330 3436 2388 his
3466 2331 3606 2388 talia

1956 2416 2278 2488 recipiant;
2312 2421 2369 2471 et
2399 2416 2497 2487 qui
2521 2415 2817 2472 Christum
2848 2417 3277 2490 blasphemant,
3312 2419 3608 2477 dimittan-

1955 2508 2088 2571 tur;
2121 2510 2178 2560 et
2224 2503 2325 2575 qui
2369 2504 2670 2560 Christum
2711 2504 3027 2574 celebrant,
3060 2505 3403 2579 hujusmodi
3429 2509 3606 2567 minis

1956 2593 2484 2665 subjiciantur.Sed
2499 2592 2709 2648 habem
2722 2611 2788 2648 us
2800 2594 2869 2648 ad
2886 2610 3061 2665 quem
3076 2596 3462 2668 respiciamus
3475 2615 3603 2665 nos,

1957 2682 2241 2739 habemus
2273 2682 2333 2737 in
2367 2698 2483 2753 quo
2514 2681 2902 2737 consolemur.
2928 2684 3207 2740 Fecerunt
3235 2685 3393 2741 enim
3423 2686 3534 2742 hoc
3550 2691 3609 2743 et

1955 2770 2160 2837 Judaei,
2189 2770 2477 2826 latronem
2509 2770 2892 2841 dimittentes,
2925 2774 2983 2826 et
3014 2770 3372 2829 Salvatorem
3402 2778 3602 2830 tenen-

1954 2865 2080 2927 tes;
2114 2859 2431 2915 occisorem
2472 2859 2889 2930 justiticantes,
2923 2867 2975 2915 et
3004 2859 3419 2918 vivificatorem
3464 2880 3600 2918 con-

1957 2949 2301 3004 demnantes
2316 2965 2330 3015 ;
2346 2947 2669 3003 Barabbam
2692 2945 3091 3016 liherantes,et
3112 2948 3408 3007 Christum
3429 2952 3602 3008 morti

1957 3038 2275 3094 subdentes
2308 3038 2520 3110 (Matth.
2554 3040 2709 3104 xvii).

2026 3127 2135 3181 Sed
2159 3126 2253 3182 his
2277 3125 2512 3182 tandem
2545 3125 2784 3182 omissis
2806 3127 2875 3181 ad
2901 3144 2988 3197 ea,
3009 3144 3135 3200 quae
3167 3146 3301 3184 cum
3332 3129 3604 3185 universa

194 3199 483 3291 quoniam
511 3217 637 3289 ipse
667 3222 754 3273 est
784 3234 939 3271 nunc
971 3217 1071 3288 qui
1102 3221 1241 3272 tunc
1273 3216 1398 3289 ipse
1423 3221 1478 3273 et
1507 3217 1566 3271 in
1594 3215 1841 3284 saecula;
1876 3199 1918 3265 Ο
1960 3220 2163 3271 sancta
2191 3214 2465 3282 Ecclesia,
2499 3232 2626 3287 quae
2677 3216 2832 3287 apud
2880 3233 2988 3273 nos
3036 3221 3146 3288 est,
3179 3217 3603 3290 dispensatoris

193 3324 309 3362 nec
342 3304 536 3361 minor
564 3305 984 3370 misericordia,
1031 3322 1135 3361 nec
1165 3305 1456 3362 infirmior
1483 3306 1849 3377 omnipoten-

194 3394 305 3450 tia.
334 3396 502 3467 Ergo,
526 3410 599 3450 ne
619 3393 757 3450 velit
794 3394 1006 3449 minari
1031 3393 1222 3465 pulvis
1243 3397 1299 3448 et
1319 3394 1532 3450 vermis
1562 3394 1848 3466 scriptum

193 3488 326 3540 est:
355 3484 494 3552 Quid
534 3485 782 3555 superbit
827 3491 974 3539 terra
1008 3491 1059 3538 et
1088 3484 1230 3539 cinis
1252 3486 1280 3537 Ρ
1309 3485 1505 3547 (Eccli.
1538 3489 1616 3556 x.)
1644 3484 1728 3540 Ne
1754 3500 1852 3539 ve-

192 3573 266 3628 lit
299 3570 563 3644 ampulla
593 3571 650 3627 in
683 3571 853 3644 aquis
882 3570 1096 3640 inﬂari,
1119 3572 1258 3644 quia
1289 3576 1421 3644 post
1453 3572 1773 3645 pauxillum
1795 3576 1852 3628 et

192 3678 335 3718 ecce
364 3678 477 3715 non
506 3665 616 3717 est.
652 3660 791 3728 Quid
830 3661 1112 3733 gloriatur
1158 3662 1217 3716 in
1268 3662 1507 3727 malitia,
1536 3664 1636 3734 qui
1662 3670 1850 3734 potens

191 3758 277 3807 est
302 3753 363 3805 in
396 3748 736 3822 iniquitate?
766 3750 933 3813 (Psal.
967 3751 1106 3812 xxx.)
1138 3749 1286 3815 Quid
1312 3749 1573 3806 facturus
1604 3755 1729 3807 est:
1756 3768 1849 3807 oc-

195 3839 437 3897 cisurus
483 3843 573 3895 est
601 3842 688 3903 (ut
737 3838 895 3894 verbi
953 3838 1141 3911 gratia
1176 3839 1473 3901 dicamus)
1502 3839 1797 3895 hominem
1820 3840 1848 3895 ?

193 3930 467 4002 quoniam
512 3929 753 4000 amplius
797 3944 907 3983 non
959 3928 1118 3983 habet
1160 3928 1293 3999 quid
1318 3930 1494 3999 faciat
1522 3930 1671 3991 (Luc.
1701 3946 1797 3984 Χη-
1833 3946 1846 3984 :

193 4018 313 4075 hoc
335 4022 393 4074 et
418 4035 574 4073 unus
605 4017 822 4090 fungus
847 4016 985 4073 facit
1006 4016 1219 4072 malus.
1236 4017 1280 4071 Ο
1305 4017 1621 4089 imperator
1641 4018 1700 4072 in
1720 4017 1851 4073 hoc-

193 4108 333 4163 cine
364 4107 598 4162 redacta
627 4110 717 4161 est
762 4104 988 4161 malitia
1034 4104 1290 4161 hominis
1319 4106 1375 4159 in
1410 4104 1717 4177 iniquitate
1750 4123 1849 4178 po-

194 4195 405 4265 tentis,
430 4198 493 4250 ut
513 4196 691 4268 fungo
716 4194 868 4249 malo
897 4194 1305 4265 comparetur?
1326 4194 1447 4250 Heu
1472 4210 1649 4265 quam
1671 4194 1852 4250 inuti-

194 4284 321 4340 lem
353 4288 670 4355 potentem,
703 4283 818 4338 heu
849 4299 1206 4354 supervacue
1230 4281 1615 4355 gloriantcml

272 4374 452 4431 Porro
484 4376 673 4429 vestra
701 4375 906 4443 potens
934 4371 1120 4427 virtus
1150 4371 1208 4425 in
1240 4370 1483 4427 Domino
1512 4373 1708 4444 potius
1728 4371 1852 4443 glo-

195 4462 407 4530 rietur,
442 4461 501 4516 in
532 4460 789 4516 bonitate
818 4460 1114 4530 laudetur,
1147 4459 1206 4514 in
1231 4459 1469 4531 justitia
1517 4461 1804 4518 exaltetur
1835 4480 1848 4518 :

1958 3304 2703 3376 consideravimus,stylum
2719 3305 2847 3375 jam
2868 3305 3417 3378 dirigemus,etcum
3434 3308 3604 3363 beato

1956 3392 2186 3449 Gelasio
2219 3396 2430 3449 nostrae
2464 3393 2621 3449 sedis
2670 3393 2932 3450 antistite
2980 3394 3245 3452 consulte
3290 3395 3554 3452 dicemus
3587 3412 3602 3453 :

1958 3483 2301 3541 Necessaria
2350 3499 2546 3538 rerum
2603 3482 2988 3555 dispositione
3034 3484 3515 3557 constringimur,
3549 3489 3607 3541 et

1959 3571 2291 3645 apostolica:
2317 3572 2472 3627 sedis
2498 3571 2898 3629 moderamine
2923 3574 3301 3630 convenimur
3321 3572 3402 3629 sic
3431 3591 3606 3630 cano-

1959 3679 2101 3716 num
2127 3664 2502 3733 paternorum
2519 3660 2994 3733 decretalibrare,
3015 3666 3071 3719 et
3091 3667 3244 3719 retro
3263 3658 3603 3735 praesulum,

1960 3750 2452 3819 decessorumque
2485 3755 2823 3805 nostrorum
2857 3754 3145 3823 praecepta
3174 3751 3607 3826 metiri,utquaa

1959 3838 2335 3911 praesentium
2368 3838 2690 3894 necessitas
2719 3842 3052 3909 temporum
3086 3842 3499 3897 restaurandis.
3520 3860 3609 3899 ec-

1959 3927 2153 3983 clesiis
2165 3926 2479 3981 relaxanda
2490 3925 3040 3996 deposcit,adhibita
3050 3927 3516 3985 consideratione
3529 3932 3611 3986 di-

1958 4014 2183 4087 ligenti,
2211 4017 2500 4086 quantum
2525 4017 2719 4085 potest
2739 4014 2887 4081 fieri,
2914 4018 3308 4086 temperemus
3336 4020 3518 4088 (epist.
3549 4020 3605 4085 6,

1958 4103 2030 4159 ad
2058 4104 2222 4174 episc.
2253 4118 2352 4174 per
2384 4103 2683 4156 Lucaniam
2710 4110 2761 4157 et
2789 4104 3057 4164 Brutios).
3088 4103 3157 4158 Et
3202 4105 3484 4176 quoniam
3536 4108 3609 4163 de

1960 4208 2210 4265 persona
2230 4190 2464 4263 lgnatii,
2494 4194 2668 4261 atque
2692 4190 2878 4245 Photii
2899 4190 3045 4245 nihil
3078 4190 3410 4260 discretius,
3433 4198 3608 4267 atque

1961 4279 2186 4347 mitius,
2232 4294 2455 4333 necnon
2486 4281 2544 4331 et
2573 4276 2871 4333 salubrius
2918 4277 3301 4348 arbitramur,
3333 4297 3512 4353 quam
3544 4286 3610 4337 ut

1961 4374 2207 4441 uterque
2252 4368 2497 4423 Romam
2531 4366 2604 4421 ad
2635 4366 3032 4422 renovandum
3092 4384 3335 4424 examen
3391 4370 3606 4437 veniat,

1960 4458 2071 4514 hoc
2095 4472 2448 4530 magnopere
2468 4454 2759 4524 volumus,
2776 4459 2834 4511 et
2856 4459 2921 4510 ut
2939 4472 3041 4512 vos
3062 4458 3338 4513 annuatis
3361 4458 3608 4515 salubri-

194 4568 321 4617 non
345 4550 539 4607 minas
569 4549 761 4617 nobis,
784 4565 898 4605 non
923 4554 1175 4605 terrores
1196 4548 1334 4605 velit
1353 4549 1631 4606 incutere.
1651 4550 1851 4607 Nesci-
1882 4566 1930 4631 Ι)
1961 4550 2050 4602 ter
2079 4546 2485 4601 admonemus.
2520 4544 2633 4600 Sed
2666 4544 2773 4601 hoc
2806 4544 3131 4600 secundum
3174 4544 3605 4618 indulgentiam

194 4640 283 4696 tis
313 4638 470 4695 enim
501 4639 827 4695 secundum
859 4636 1233 4694 Salomonem
1260 4638 1403 4710 quid
1435 4643 1855 4711 superventura

195 4727 398 4800 pariat
428 4727 554 4784 dies
574 4728 752 4787 (Prov.
773 4728 945 4790 xxvu)
971 4743 983 4782 :
1010 4730 1067 4781 et
1083 4726 1254 4797 juxta
1281 4726 1804 4800 psalmographum
1837 4747 1850 4784 :

196 4818 471 4873 Dominus
501 4815 735 4888 dissipat
773 4814 1008 4871 consilia
1054 4817 1318 4884 gentium,
1370 4817 1623 4887 reprobat
1675 4826 1857 4874 autem

197 4907 556 4974 cogitationes
580 4906 938 4978 populorum,
954 4912 1009 4960 et
1019 4905 1271 4976 reprobat
1288 4906 1523 4961 consilia
1538 4908 1858 4978 principum

202 4996 382 5066 (Psal.
408 4995 581 5056 xxx")
607 5012 621 5063 ;
655 4993 979 5066 praesertim
1019 5010 1152 5050 cum
1201 4993 1356 5049 inter
1384 5011 1491 5051 nos
1522 5000 1579 5050 ct
1605 5012 1707 5051 vos
1738 5013 1855 5051 non

200 5082 441 5152 modica
471 5082 547 5139 sit
575 5083 972 5155 intercapedo,
1004 5100 1130 5155 quae
1172 5081 1431 5154 quotidie
1461 5083 1708 5156 populos
1739 5102 1855 5141 non

197 5171 496 5246 pauxillas
525 5172 692 5228 vobis
721 5171 989 5243 injurias,
1023 5171 1141 5227 imo
1169 5170 1513 5228 discrimina
1541 5173 1855 5232 inferentes

196 5260 497 5334 producit,
532 5265 591 5317 et
620 5260 690 5317 de
719 5258 812 5317 his
840 5276 944 5316 vos
973 5260 1283 5316 conveniat
1328 5260 1524 5332 potius
1573 5280 1752 5335 quam
1784 5264 1857 5319 de

196 5349 373 5406 nobis
404 5348 633 5407 ulcisci.
666 5349 784 5406 Nos
830 5349 988 5404 enim
1048 5346 1199 5420 apici
1259 5347 1454 5421 gloria:
1502 5356 1704 5406 vestrae
1738 5369 1854 5407 non

197 5439 441 5508 damna,
465 5456 584 5495 non
607 5438 884 5506 convicia,
910 5454 1024 5492 non
1047 5454 1291 5509 prorsus
1313 5438 1484 5509 ullas,
1500 5440 1654 5511 quod
1678 5441 1851 5507 absit,

193 5528 450 5601 injurias
482 5527 895 5600 irrogavimus.
926 5525 1344 5581 Verumtamen
1377 5528 1638 5599 quandiu
1668 5530 1856 5585 subsi-

195 5623 453 5689 stemus,
485 5615 889 5674 ministerium
920 5618 1189 5671 nostrum
1220 5612 1855 5687 honoriﬁcabimus,di-

1964 4636 2361 4701 concedimus,
2396 4652 2512 4690 non
2560 4633 2856 4689 licentiam
2888 4634 2946 4689 id
2978 4632 3267 4691 efﬁciendi
3307 4652 3410 4707 pro
3442 4635 3607 4693 libito

1964 4723 2281 4796 cujuslibet
2308 4723 2648 4778 tribuimus.

2037 4813 2323 4882 Quoniam
2356 4829 2490 4868 cum
2520 4812 2848 4868 secundum
2877 4811 3273 4879 canones,uhi
3302 4817 3392 4869 est
3422 4814 3611 4885 major

1964 4902 2302 4969 auctoritas,
2318 4900 2614 4973 judicium
2647 4901 2989 4957 inferiorum
3010 4902 3089 4958 sit
3110 4902 3512 4973 deferendum,
3534 4904 3608 4959 ad

1966 4991 2405 5049 dissolvendum
2453 4989 2696 5057 scilicet,
2727 4989 2816 5045 vel
2854 4991 2924 5046 ad
2972 4991 3367 5047 roborandum
3403 5007 3416 5045 :
3450 4997 3612 5063 patet

1965 5080 2220 5152 profecto
2265 5078 2420 5134 sedis
2464 5076 2813 5150 apostolicae,
2848 5079 3019 5149 cujus
3050 5079 3394 5136 auctoritate
3424 5081 3613 5149 major

1967 5186 2082 5226 non
2103 5171 2212 5235 est,
2228 5165 2519 5237 judicium
2543 5184 2578 5223 a
2599 5167 2831 5223 nemine
2866 5167 2987 5223 fore
3020 5168 3476 5236 retractandum,
3508 5186 3608 5225 ne-

1965 5274 2078 5329 que
2108 5255 2384 5327 cuiquam
2407 5255 2478 5309 de
2498 5255 2628 5325 ejus
2651 5253 2822 5310 liceat
2840 5255 3108 5327 judicare
3130 5256 3379 5327 judicio.
3415 5256 3609 5329 Siqui-

1964 5346 2096 5401 dem
2127 5344 2198 5399 ad
2230 5342 2392 5397 illam
2420 5343 2491 5398 de
2512 5342 2773 5415 qualibet
2802 5344 3007 5400 mundi
3040 5350 3204 5418 parte
3234 5362 3486 5402 canones
3509 5363 3608 5418 ap-

1965 5432 2165 5508 pellari
2193 5429 2519 5497 voluerunt,
2550 5431 2621 5486 ab
2653 5430 2755 5486 illa
2783 5437 2979 5488 autem
3016 5450 3186 5490 nemo
3214 5433 3290 5488 sit
3319 5433 3611 5506 appellem

1964 5522 2309 5597 permissus.
2331 5519 2505 5574 Juxta
2529 5521 2686 5591 quod
2710 5527 2767 5576 et
2788 5522 3326 5595 Bonifacius,atque
3344 5522 3611 5579 Gelasius

1964 5607 2325 5670 sanctissimi
2348 5607 2648 5681 prmsules,
2666 5627 2782 5666 non
2814 5610 2939 5667 suis
2967 5611 3609 5683 adinventionibus,sed
