3898 6212
307 311 428 378 955

1678 313 1987 376 NICOLAI
2028 313 2260 376 PAPE
2299 313 2348 375 Ῑ.

3608 313 3726 378 956

307 447 577 504 Ecclesia:
612 449 882 502 Romamn
929 445 1410 501 consuetudinem
1460 465 1572 502 non
1619 447 1951 520 ignorantes
1985 449 2034 513 Α
2068 447 2564 519 sicutibilegitur,
2582 447 2747 504 facile
2770 465 2942 504 suum
2965 465 3135 521 posse
3155 449 3282 522 capi
3317 448 3722 504 mendacium.

308 539 542 593 dicunt:
562 536 894 592 Bonifacius
913 535 1149 607 quidem
1169 537 1402 603 ltufo,et
1422 538 1646 593 caeteris
1664 540 1956 611 episcopis

307 644 412 698 per
433 625 818 690 Thessaliam,
846 629 900 680 et
922 624 1067 680 alias
1098 625 1426 697 provincias
1456 627 1794 683 constitutis
1820 628 1957 683 seri-

307 716 452 770 bens
487 732 499 768 :
536 715 736 782 Nemo,
780 715 877 781 ait,
914 731 1175 786 unquam
1225 715 1541 787 apostolico
1587 715 1854 788 culmini,
1887 717 1957 773 de

306 803 714 875 cujusjudicio
738 821 852 859 non
877 803 1010 859 licet
1033 808 1362 870 retractare,
1390 822 1600 861 manus
1624 806 1822 862 obvias
1853 825 1956 862 au-

308 895 506 949 dacter
538 893 755 948 intulit.
793 893 973 948 Nemo
1007 894 1063 948 in
1111 894 1220 948 hoc
1281 893 1510 949 rebellis
1571 894 1808 962 exstitit,
1844 897 1955 951 nisi

305 983 406 1055 qui
429 984 502 1038 de
523 999 584 1038 se
607 981 1084 1053 voluitjudicari.
1110 982 1377 1037 Gelasius
1400 988 1593 1037 autem
1625 983 1683 1038 in
1707 1001 1958 1040 commo-

305 1071 516 1127 nitorio
537 1073 752 1127 Fausto
775 1071 1055 1142 magistro
1081 1071 1340 1143 iungenti
1367 1070 1654 1144 legatione
1680 1073 1956 1129 Constan-

302 1160 609 1232 tinopolim
649 1162 787 1216 dato
823 1178 834 1215 :
871 1161 1070 1224 Nobis,
1106 1161 1316 1231 inquit,
1351 1166 1655 1233 opponunt
1701 1179 1954 1218 canones

303 1252 444 1305 dum
478 1250 747 1306 nesciunt
771 1250 912 1321 quid
940 1251 1505 1321 loquantur;contra
1528 1269 1674 1323 quos
1695 1252 1802 1308 hoc
1826 1253 1955 1324 ipso

300 1341 496 1396 venire
524 1357 584 1394 se
617 1340 1063 1410 produnt,quod
1098 1338 1298 1410 primae
1333 1340 1457 1394 sedi
1483 1357 1648 1406 sana,
1683 1346 1954 1412 rectaque

303 1429 569 1486 suadenti
610 1446 809 1499 parere
849 1427 1097 1498 fugiunt.
1136 1428 1250 1500 Ipsi
1282 1433 1418 1483 sunt
1448 1430 1956 1502 canones,quiapo

301 1518 644 1592 pellationes
679 1518 858 1573 totius
890 1516 1157 1572 Ecclesiae
1190 1518 1260 1572 ad
1295 1517 1474 1588 hujus
1525 1519 1681 1574 sedis
1712 1536 1952 1575 examen

300 1607 532 1663 voluere
563 1607 794 1661 deferri.
820 1607 904 1662 Ab
936 1606 1065 1678 ipsa
1094 1623 1226 1661 vero
1260 1623 1551 1678 nusquam
1587 1625 1829 1678 prorsus
1853 1627 1952 1682 ap-

299 1696 504 1769 pellari
536 1697 744 1752 debere
794 1699 1132 1760 sanxerunt,
1171 1712 1234 1750 ac
1267 1712 1370 1767 per
1398 1696 1506 1750 hoc
1541 1696 1701 1752 illam
1733 1698 1803 1753 de
1835 1702 1954 1753 tota

2067 539 2224 604 Quod
2262 555 2367 594 nos
2405 555 2637 610 quoque
2669 538 2727 592 in
2763 539 3008 611 lgnatio,
3039 556 3106 594 ac
3139 539 3343 594 l’hotio
3378 539 3554 593 modo
3588 557 3723 611 pro-

2065 627 2358 694 babimus,
2393 628 2533 699 quia
2577 626 2937 683 conscientia
2966 646 3028 684 se
3058 629 3454 692 remordente,
3487 627 3588 700 qui
3623 646 3729 701 pa-

2062 721 2175 782 vet,
2211 717 2380 772 nobis
2428 717 2667 772 obedire
2719 721 3076 775 contemnet.
3109 717 3168 773 Si
3200 722 3398 772 tamen
3430 717 3729 790 Ignatius,

2065 805 2164 877 qui
2196 805 2354 860 omni
2387 811 2475 862 est
2502 806 2762 861 humano
2793 806 3112 862 destitutus
3143 805 3724 878 praesidion'estrum

2065 912 2179 950 non
2212 894 2700 966 impedimentum
2746 912 2980 967 passus,
3017 895 3118 950 sed
3169 894 3368 967 potius
3402 895 3580 950 fuerit
3613 895 3729 948 mi-

2065 984 2433 1039 sericorditer
2475 988 2664 1040 vestro
2712 984 2966 1056 qualiter
3007 984 3202 1039 venire
3233 985 3442 1056 possit,
3477 985 3731 1055 adjutus

2063 1073 2298 1128 auxilio.

2136 1164 2330 1229 Porro,
2366 1163 2414 1217 si
2445 1162 2640 1218 venire
2669 1161 2751 1217 illi
2784 1179 2889 1235 per
2917 1178 2978 1218 se
3010 1166 3328 1234 nequeunt,
3362 1162 3553 1234 primo
3589 1163 3730 1234 qui-

2063 1252 2197 1306 dem
2232 1251 2362 1322 ipsi,
2397 1253 2569 1323 cujus
2597 1252 2678 1307 rei
2710 1268 2887 1307 causa
2918 1251 3112 1307 venire
3157 1267 3271 1306 non
3302 1251 3516 1317 valent,
3545 1252 3729 1307 nobis

2063 1357 2166 1413 per
2194 1341 2616 1396 satisfactorias
2649 1358 2787 1396 suas
2817 1340 3043 1396 litteras
3075 1340 3367 1408 indicent;
3391 1341 3604 1396 deinde
3631 1359 3730 1396 ve-

2064 1429 2227 1484 niant
2259 1430 2330 1484 de
2359 1429 2473 1496 his,
2509 1430 2608 1501 qui
2641 1446 2774 1484 eum
2829 1429 3195 1502 Syracusano
3245 1429 3523 1502 Gregorio
3575 1434 3728 1485 sunt

2064 1523 2351 1591 quotquot
2380 1518 2686 1585 voluerint,
2720 1518 2876 1574 vices
2913 1523 3255 1574 caeterorum
3287 1522 3575 1585 tenentes,
3615 1519 3725 1590 qui

2063 1607 2251 1679 ipsius
2283 1612 2423 1663 sunt
2451 1607 2986 1680 partis.Mittantur
3016 1606 3191 1663 etiam
3223 1607 3293 1662 de
3309 1611 3472 1679 parte
3503 1607 3724 1680 Ignatii

2063 1697 2487 1769 archiepiscopi
2548 1697 2788 1769 quidam
2845 1696 3136 1751 Antonius
3192 1695 3398 1768 Cyzici,
3459 1695 3726 1751 Basilius

299 1785 555 1840 Ecclesia
577 1784 1072 1858 judicare,ipsam
1104 1785 1176 1839 ad
1209 1784 1429 1840 nullius
1462 1786 1953 1858 commearejudi-
1981 1818 2028 1882 Β
2063 1786 2512 1853 Thessalonicae,
2565 1785 2989 1842 Constantinus
3046 1786 3312 1852 Larissae,
3367 1784 3722 1842 Theodorus

298 1875 598 1930 cium.Nec
614 1874 824 1946 decjus
848 1891 1108 1946 unquam
1133 1879 1534 1945 praeceperunt
1549 1875 1948 1948 judiciojudi-

298 1981 450 2031 care,
476 1964 945 2035 sententiamque
977 1963 1136 2018 illius
1170 1964 1599 2018 constituerunt
1629 1981 1744 2020 non
1777 1983 1945 2037 opor-

295 2058 416 2108 tere
434 2051 676 2108 dissolvi
700 2053 872 2122 cujus
901 2052 1090 2123 potius
1122 2054 1420 2123 sequenda
1451 2053 1680 2108 decreta
1711 2055 1949 2109 manda-

296 2146 455 2197 runt.
489 2142 637 2213 Ergo
669 2142 740 2195 de
763 2140 988 2211 judicio
1021 2141 1262 2196 Romani
1316 2141 1582 2212 praesulis
1614 2159 1728 2197 non
1764 2147 1945 2199 retra-

297 2231 530 2296 ctando,
557 2229 695 2301 quia
719 2245 825 2284 nec
848 2246 975 2284 mos
996 2229 1193 2302 exigit,
1216 2231 1372 2301 quod
1398 2230 1654 2286 diximus
1679 2248 1943 2303 compro-

295 2320 460 2375 bato:
487 2336 600 2374 non
627 2335 911 2390 negamus
932 2319 1197 2390 ejusdem
1221 2319 1378 2374 sedis
1401 2321 1750 2376 sententiam
1776 2338 1944 2393 posse

297 2408 356 2462 in
381 2408 590 2463 melius
621 2407 970 2462 commutari
996 2427 1008 2476 ;
1045 2425 1178 2462 cum
1211 2413 1310 2462 aut
1342 2408 1451 2463 sibi
1485 2410 1827 2482 subreptum
1847 2411 1946 2466 ali-

297 2498 438 2569 quid
461 2497 653 2564 fucrit,
679 2497 926 2569 autipsa
955 2515 1058 2570 pro
1090 2498 1555 2554 consideratione
1587 2505 1823 2556 zetatum
1857 2501 1942 2557 vel

295 2591 625 2658 temporum
647 2603 748 2641 seu
779 2585 1044 2657 gravium
1072 2587 1485 2642 necessitatum
1519 2587 1943 2660 dispensatorie

295 2676 577 2748 quiddam
609 2675 878 2730 ordinare
908 2676 1242 2731 decreverit.
1262 2677 1546 2742 Quoniam
1567 2682 1622 2733 et
1641 2679 1941 2751 egregium

294 2764 624 2837 apostolum
646 2764 887 2820 Paulum
907 2765 1175 2836 quaedam
1200 2765 1405 2822 fecisse
1426 2766 1850 2839 dispensatorie
1868 2767 1942 2823 le-

294 2855 654 2927 gimus,quze
689 2858 892 2926 postea
923 2855 1262 2926 rcprobasse
1293 2854 1677 2927 dignoscitur.
1699 2857 1940 2920 Quando

294 2948 490 2998 tamen
522 2943 622 2997 illa
652 2944 915 2998 Romana
943 2943 1208 2999 videlicet
1234 2944 1487 2999 Ecclesia
1517 2945 1941 3001 discretissima

295 3033 758 3088 consideratione
791 3031 914 3087 fieri
947 3032 1244 3104 delegerit,
1263 3051 1375 3088 non
1402 3035 1637 3104 quando
1662 3035 1789 3105 ipsa
1811 3051 1939 3106 qua:

296 3139 441 3194 pene
477 3123 660 3187 [bene]
691 3125 832 3176 sunt
859 3120 1113 3176 diffinita
1141 3127 1454 3178 retractare
1484 3121 1749 3178 voluerit.

367 3210 541 3265 Porro
563 3227 634 3266 ne
656 3211 868 3265 dicatis
889 3214 1096 3281 praeter
1117 3209 1384 3264 Ecclesia:
1406 3211 1591 3283 legem
1625 3212 1938 3284 Ignatium,
1970 3187 2012 3252 Ο

294 3299 380 3355 vel
415 3299 685 3354 Photium
737 3300 980 3354 Romam
1030 3299 1224 3354 venire
1273 3299 1572 3369 sanxisse;
1605 3301 1808 3356 scitote
1835 3319 1941 3357 nos

296 3388 522 3460 antiqui
555 3387 736 3459 patris
767 3392 822 3442 et
855 3387 1297 3459 pradecessoris
1345 3389 1527 3444 nostri
1567 3389 1710 3445 Juiii
1743 3391 1799 3444 in
1835 3389 1941 3446 hoc

297 3493 426 3532 esse
457 3480 687 3531 secutos
719 3475 1071 3545 exemplum,
1106 3476 1205 3546 qui
1230 3477 1400 3546 juxta
1425 3478 1578 3548 quod
1608 3477 1667 3532 in
1697 3477 1944 3550 epistola

298 3583 406 3620 sua
439 3564 726 3635 reperitur
751 3564 925 3634 (epist.
959 3565 1028 3634 1),
1054 3564 1168 3631 his,
1195 3565 1293 3636 qui
1329 3571 1718 3621 convenerant
1748 3568 1941 3622 Antio-

297 3653 462 3718 chiaz,
492 3651 602 3707 hoc
635 3651 977 3723 praecepisse
1025 3653 1391 3724 dignoscitur
1423 3672 1435 3709 :
1472 3659 1528 3710 et
1557 3655 1942 3711 Theodoritus

299 3739 806 3813 historiographus
822 3739 882 3794 in
897 3740 988 3796 his
1002 3741 1110 3797 hoc
1132 3741 1328 3814 ipsum
1350 3744 1540 3800 verbis
1554 3744 1940 3817 ostendit(lib.

299 3846 362 3898 ιι,
392 3845 438 3885 c.
477 3830 529 3896 4)
567 3845 578 3883 :
615 3828 850 3900 Verum,
884 3829 1179 3901 inquiens,
1215 3831 1501 3888 Eusebius
1533 3835 1777 3906 ejusque
1816 3851 1943 3889 con-

299 3924 488 3974 sortes
519 3917 843 3974 calumnias
876 3919 934 3973 in
964 3919 1349 3976 Athanasium
1406 3920 1586 3978 factas
1639 3923 1794 3979 Julio
1840 3926 1946 3981 Ro-

299 4024 475 4063 mano
533 4007 796 4079 pontiﬁci
854 4008 1312 4076 destinaverunt,
1348 4011 1449 4082 qui
1492 4011 1942 4069 ecclesiasticam

299 4114 552 4169 sequens
595 4096 803 4168 legem,
837 4096 1010 4152 etiam
1042 4097 1202 4170 ipsos
1235 4099 1479 4155 Romam
1511 4102 1704 4157 venire
1735 4119 1944 4173 prece-

299 4185 474 4257 pit,et
497 4185 884 4241 venerabilem
912 4186 1295 4242 Athanasium
1319 4189 1390 4244 ad
1406 4189 1698 4260 judicium
1722 4191 1946 4264 regula-

301 4274 441 4328 riter
483 4273 776 4342 evocavit;
811 4273 906 4330 ille
953 4276 1232 4332 continuo
1282 4278 1614 4334 evocatione
1673 4286 1946 4352 suscepta

299 4363 476 4419 venit.

372 4453 533 4518 Quod
567 4452 617 4508 si
647 4469 713 4508 ac
743 4452 852 4508 hoc
883 4452 1098 4525 dicitis,
1133 4453 1234 4509 llle
1278 4455 1518 4524 quidem
1567 4457 1808 4525 vocavit,
1842 4459 1942 4514 sed

2059 1876 2586 1948 Syracusanorum,
2621 1875 3034 1948 MetrOphanes
3082 1874 3362 1946 Smyrnae,
3397 1879 3455 1929 et
3496 1874 3723 1930 Paulus

2055 1964 2364 2036 episcopus
2395 1965 2559 2020 Ponti
2595 1963 2887 2029 lleraclize,
2916 1963 3236 2034 Hegumeni
3271 1966 3469 2017 autem
3511 1963 3723 2018 Niceta

2054 2053 2785 2126 Chrysopoleos,Nieolaus
2817 2052 3028 2119 Studii,
3062 2051 3377 2108 Dositheus
3401 2051 3610 2107 Osiidii
3631 2058 3717 2108 at-

2056 2158 2167 2213 que
2191 2143 2442 2196 Lazarus
2475 2142 2795 2214 presbyter,
2817 2146 2873 2196 et
2890 2139 3214 2195 monachus
3241 2139 3340 2211 qui
3372 2139 3594 2194 dicitur
3611 2140 3718 2195 Ca-

2053 2231 2233 2298 zaris;
2259 2230 2359 2302 qui
2379 2231 2492 2286 nisi
2519 2231 2734 2286 fuerint
2758 2229 2950 2295 missi,
2969 2232 3274 2301 suspectos
3291 2246 3394 2284 vos
3425 2229 3711 2286 reddetis:

2054 2320 2194 2392 quia
2225 2321 2328 2375 hos
2355 2319 2413 2374 in
2462 2319 2677 2391 quibus
2721 2317 3025 2374 certificari
3071 2319 3392 2390 possimus,
3425 2336 3461 2374 a
3491 2319 3714 2374 nostris

2054 2409 2357 2465 obtutibus
2388 2409 2729 2464 subtrahere
2779 2407 3042 2464 studiose
3072 2406 3311 2462 curatis.
3344 2409 3414 2462 Et
3446 2407 3576 2463 ideo
3609 2426 3713 2464 ne-

2054 2500 2274 2555 minem
2307 2503 2648 2554 caeterarum
2682 2497 2938 2570 partium
2971 2497 3378 2562 admittemus,
3413 2497 3528 2552 nisi
3562 2498 3710 2553 forte

2053 2605 2199 2660 quos
2229 2604 2296 2642 ex
2328 2587 2505 2642 latere
2551 2591 2741 2642 vestro
2789 2585 3111 2642 destinatos
3141 2603 3269 2641 esse
3298 2587 3584 2642 veraciter
3609 2605 3710 2642 va-

2051 2679 2279 2733 leamus
2311 2693 2644 2749 agnoscere.
2679 2676 2902 2740 Quibus
2932 2690 3001 2730 ex
3032 2680 3280 2747 utraque
3312 2680 3477 2748 parte
3504 2693 3710 2731 conve-

2051 2767 2369 2833 nientibus,
2395 2770 2452 2821 et
2469 2782 2663 2820 coram
2691 2767 2888 2820 nostra
2919 2763 3248 2836 praesentia,
3273 2781 3340 2819 ac
3373 2765 3624 2820 fratrum
3652 2771 3709 2820 et

2051 2854 2525 2928 coepiscOporum
2560 2857 2895 2910 nostrorum
2929 2853 3324 2925 auditis,quid
3354 2855 3702 2926 quaestionis

2051 2944 2205 3000 inter
2227 2948 2534 3016 utramque
2555 2948 2777 3015 partem
2810 2943 3130 3012 emerserit,
3153 2941 3382 2998 facilius
3411 2959 3701 3015 agnosca-

2051 3050 2209 3102 mus,
2239 3038 2297 3089 et
2339 3033 2613 3088 canonice
2665 3032 2962 3087 finiamus.
2998 3031 3189 3086 Mittat
3220 3031 3612 3088 nihilominus
3645 3039 3702 3088 et

2052 3123 2296 3178 Photius
2327 3140 2395 3178 ex
2427 3140 2536 3178 sua
2564 3126 2729 3194 parte
2760 3137 2906 3192 quos
2951 3121 3288 3190 decreverit,
3321 3122 3422 3192 qui
3455 3123 3701 3177 modum

2052 3210 2438 3283 promotionis
2463 3228 2580 3267 suae
2605 3207 3169 3281 irreprehensibilem
3193 3213 3249 3265 et
3271 3211 3704 3278 canonicum,si

2051 3306 2320 3374 possunt,
2341 3300 2881 3356 edoceant.Necnon
2904 3303 2961 3354 et
2982 3297 3304 3371 imperialis
3325 3315 3470 3371 apex
3488 3307 3702 3370 vester,

2052 3392 2099 3447 si
2130 3390 2289 3458 libet,
2317 3405 2456 3444 suos
2475 3406 2505 3444 e
2525 3387 2704 3443 latere
2732 3387 2927 3443 mittat
2954 3386 3197 3455 aulicos,
3223 3387 3323 3459 qui
3355 3388 3415 3442 in
3449 3406 3706 3461 praesen-

2051 3480 2132 3534 tia
2163 3479 2360 3551 positi,
2383 3494 2559 3550 quem
2583 3476 2817 3547 justitia
2839 3481 2897 3531 et
2922 3477 3210 3532 rectitudo
3241 3477 3510 3549 utrisque
3533 3480 3705 3550 parti-

2051 3569 2164 3624 bus
2195 3569 2372 3622 finem
2406 3567 2650 3632 dederit,
2684 3568 2950 3637 patenter
2997 3569 3336 3638 agnoscant,
3382 3571 3704 3639 vestraeque

2052 3656 2250 3729 pietati
2275 3655 2630 3711 renuntient.
2656 3655 2722 3709 Hi
2743 3671 2899 3720 vero,
2923 3654 3024 3726 qui
3047 3670 3116 3709 ex
3142 3653 3321 3710 latere
3350 3659 3546 3711 vestro
3570 3656 3701 3710 mit-

2050 3745 2210 3802 tendi
2242 3749 2402 3812 sunt,
2433 3744 2580 3800 tales
2609 3743 2746 3810 sint,
2780 3743 2880 3815 qui
2912 3748 2969 3799 et
2997 3743 3180 3798 Deum
3211 3744 3554 3810 timeant,et
3587 3762 3698 3800 non

2053 3835 2172 3890 sint
2202 3832 2730 3890 ecclesiasticarum
2762 3831 3088 3904 inexpertes
3116 3832 3699 3906 traditionum,atque

2051 3923 2279 3980 veritati
2312 3922 2650 3979 obedienter
2679 3924 2736 3976 et
2765 3919 2934 3976 facile
2966 3919 3363 3992 acquiescant.

2125 4017 2340 4068 Verum
2363 4011 2502 4082 quia
2523 4014 2663 4065 sunt
2683 4009 2925 4081 quidam
2950 4025 3018 4064 ex
3040 4009 3152 4073 his,
3173 4027 3320 4082 quos
3346 4011 3596 4066 Romam
3615 4029 3702 4067 ve-

2053 4101 2177 4157 nire
2199 4099 2595 4173 praecipimus,
2614 4098 2713 4170 qui
2735 4097 2896 4153 nulla
2917 4115 3025 4154 sua
3045 4098 3330 4154 habentes
3351 4099 3700 4167 solatia,nisi

2053 4191 2300 4246 aliorum
2323 4188 2453 4244 freti
2474 4186 2774 4252 subsidiis,
2801 4187 3042 4242 omnino
3065 4192 3296 4242 tantum
3322 4189 3436 4244 iter
3451 4190 3701 4261 arripere

2052 4282 2365 4351 nequeant,
2400 4277 2616 4332 idcirco
2646 4275 2814 4349 quasi
2855 4275 3302 4349 praesentialiter
3327 4277 3700 4334 clementiam

2050 4373 2303 4424 vestram
2335 4369 2738 4431 exoramus,ut
2757 4365 2974 4437 quibus
3004 4370 3178 4438 egent
3209 4367 3280 4420 ad
3313 4370 3436 4421 tam
3471 4367 3701 4422 difﬁcile

2051 4462 2229 4530 atque
2250 4455 2539 4529 prolixum
2564 4455 2693 4523 iter,
2710 4471 2813 4527 pro
2835 4454 3146 4510 dilectione
3179 4455 3280 4510 Dei
3313 4455 3702 4512 misericordi-

301 4540 409 4613 ipsi
462 4541 654 4597 venire
713 4545 1214 4614 contempserunt,
1266 4542 1476 4596 Audite
1526 4546 1850 4614 sequentia,
1889 4552 1944 4603 et
1973 4557 2019 4621 D
2052 4552 2140 4602 ter
2170 4549 2445 4618 prmstare
2475 4543 2820 4616 dignemini.
2855 4542 3162 4599 Credimus
3205 4542 3363 4599 enim
3395 4549 3699 4617 acceptum

299 4629 570 4685 videbitis
605 4633 800 4684 utrum
836 4631 893 4684 in
919 4629 1176 4696 laudem,
1195 4645 1269 4683 an
1287 4628 1345 4682 in
1363 4628 1718 4700 vituperium
1741 4633 1853 4689 ista
1869 4635 1944 4690 sit

301 4717 416 4772 illis
430 4717 1412 4790 reputatecontemptio.Subjunxit
1427 4719 1582 4772 enim
1600 4718 1752 4775 idem
1767 4721 1947 4779 histo-

302 4805 649 4878 riographus
681 4806 908 4860 dicens:
929 4803 1368 4859 Calumniarum
1399 4823 1532 4860 vero
1561 4807 1944 4868 sarcinatores

302 4895 548 4950 Romam
599 4895 838 4966 quidem
887 4893 1127 4966 profecti
1160 4909 1274 4947 non
1307 4898 1465 4960 sunt,
1499 4895 1746 4954 scientes
1779 4900 1945 4957 facile

301 5001 477 5038 suum
510 5000 682 5056 posse
728 4982 854 5055 capi
898 4980 1291 5036 mendacium.
1326 4982 1407 5038 Ne
1432 5000 1568 5056 ergo
1598 4985 1808 5044 dicatis
1837 5006 1943 5046 nos

301 5076 510 5143 praeter
534 5070 800 5126 Ecclesia:
822 5070 1008 5141 legem
1033 5069 1304 5141 praefatos
1331 5071 1573 5128 Romam
1594 5075 1789 5132 venire
1802 5095 1940 5133 san-

300 5161 454 5214 xisse
477 5177 490 5214 :
528 5160 805 5230 quoniam
837 5158 1015 5229 (sicut
1036 5173 1102 5212 ex
1133 5157 1601 5234 historiographo
1623 5181 1754 5220 ecce
1776 5169 1940 5223 audi-

302 5249 432 5316 stis)
456 5249 661 5303 beatus
681 5245 875 5301 Julius
905 5250 961 5302 et
988 5250 1326 5303 accusatum
1358 5256 1414 5305 et
1441 5258 1808 5312 accusatores
1837 5257 1943 5314 Ro~

301 5352 459 5390 mam
491 5333 684 5389 venire
716 5334 1007 5406 praecepit,
1039 5340 1094 5391 et
1121 5339 1507 5395 venerabilem
1554 5341 1940 5401 Athanasium

301 5422 372 5476 ad
399 5419 690 5492 judicium
726 5420 1065 5492 regulariter
1105 5426 1380 5482 evocavit.
1416 5428 1524 5484 Sed
1559 5428 1674 5496 ille,
1710 5433 1807 5503 qui
1841 5434 1940 5488 bo-

301 5526 438 5564 nam
462 5507 875 5566 conscientiam
900 5515 1152 5586 gerebat,
1177 5514 1320 5570 nihil
1343 5517 1636 5574 reluctans
1656 5520 1837 5575 venit:
1856 5521 1940 5576 illi

302 5613 455 5661 vero,
484 5597 582 5667 qui
612 5598 1367 5677 malam,conteinpserunt;
1394 5608 1644 5664 scientes
1662 5609 1938 5680 profecto,

2052 4652 2179 4691 esse
2207 4633 2372 4690 vobis
2393 4632 2550 4688 istud
2582 4630 3036 4697 consilium,nec
3067 4631 3311 4688 moleste
3343 4633 3491 4689 feret
3522 4633 3704 4690 honor

2055 4724 2249 4798 regius
2270 4727 2479 4789 vester,
2507 4723 2607 4794 qui
2621 4720 2915 4793 justitiam
2935 4720 3144 4794 diligit,
3165 4739 3269 4794 pro
3291 4722 3384 4777 his
3415 4739 3548 4794 quae
3583 4722 3703 4778 tali-

2053 4817 2141 4868 ter
2170 4812 2477 4868 efﬁcienda
2509 4810 3203 4877 decrevimuszQuoniam
3220 4811 3461 4882 justitia
3490 4812 3701 4884 sepius

2051 4901 2334 4958 ventilata
2355 4899 2572 4956 clarius
2593 4899 2951 4972 splendescit
2973 4900 3030 4955 in
3053 4899 3265 4955 lucem.
3293 4899 3544 4956 Proinde
3577 4918 3700 4956 ma-

2053 4989 2281 5060 teriam,
2301 5007 2405 5062 per
2421 5007 2598 5062 quam
2613 4989 2828 5044 veritas
2844 4988 3029 5061 possit
3046 4989 3171 5044 fieri
3190 4989 3703 5058 manifesta,conﬁ-

2052 5079 2270 5148 dimus,
2290 5080 2446 5151 quod
2468 5080 2656 5152 pietas
2677 5082 2871 5135 vestra
2902 5079 3150 5152 benigne
3181 5079 3384 5152 cupiat
3403 5079 3698 5151 adjuvare.

2050 5169 2193 5224 Cum
2213 5173 2409 5224 autem
2442 5167 2618 5241 legati
2635 5167 2811 5224 vestri
2831 5168 3111 5237 venerint,
3132 5168 3345 5224 mittite
3363 5186 3702 5241 quasumus

2049 5262 2106 5313 et
2135 5257 2413 5330 epistolas
2443 5257 2835 5325 authenticas,
2871 5273 3019 5328 quas
3048 5274 3152 5329 per
3181 5257 3619 5326 Rhadoaldum,
3651 5263 3701 5314 et

2048 5346 2394 5402 Zacharium
2408 5347 2633 5402 dudum
2652 5346 2959 5420 episcopos
2975 5347 3251 5403 misimus
3262 5351 3473 5404 vestras
3485 5347 3699 5404 scilicet

2050 5435 2378 5491 eminentia:
2409 5440 2583 5508 atque
2613 5438 3002 5508 synodo,quae
3037 5441 3175 5492 tunc
3208 5453 3312 5509 pro
3345 5437 3534 5493 sacris
3554 5436 3698 5492 ima-

2048 5522 2286 5595 ginibus
2316 5540 2443 5580 esse
2473 5523 2799 5598 colligenda
2822 5526 3158 5597 putabatur,
3175 5530 3470 5599 quatenus
3493 5527 3542 5582 si
3560 5524 3698 5582 tales

2050 5618 2432 5684 permaneant
2460 5615 2616 5686 apud
2645 5631 2768 5684 vos,
2785 5615 2989 5686 quales
3014 5634 3048 5672 a
3068 5616 3238 5673 nobis
3259 5620 3494 5673 constat
3526 5616 3693 5672 fuisse
