3898 6212
343 372 465 438 989

1709 371 2023 436 NICOLAI
2066 371 2295 436 ΡΑΡιΕ
2337 371 2386 434 Ι.

3649 371 3767 441 aco

343 514 433 566 est
463 510 629 564 Nero.
673 504 1082 573 Diocletianus,
1134 505 1571 572 Constantinus,
1622 505 1987 573 Anastasius,
2023 510 2071 574 Α
2106 506 2403 562 ctantibus
2436 503 2695 562 ﬁdelium
2728 505 2995 564 convenit
3014 508 3190 565 corda
3211 507 3767 580 submitti;quanto

342 603 400 659 et
431 599 620 657 caeteri
653 597 834 654 moris
865 613 1066 653 eorum
1088 595 1539 668 pertulerunt,ct
1563 594 1660 651 ubi
1679 596 1851 651 modo
1873 596 1992 650 sint

342 685 623 744 attendite
652 684 1065 758 diligenter,et‘
1084 688 1371 756 quantum
1404 683 1482 739 sit
1512 684 1571 739 in
1603 683 1858 740 Ecclesia
1888 683 1987 739 Dei

339 774 712 834 exsecrabilis
745 776 899 830 fama
929 790 1149 841 eorum,
1183 777 1240 829 et
1270 790 1481 830 nomen
1521 773 1860 829 detestabile
1892 790 1991 829 sa-

338 866 565 940 pienter
593 864 892 921 advertite.
927 863 1155 927 Quanta
1197 867 1391 919 autem
1419 862 1518 918 Dei
1552 862 1843 917 cultorum
1872 863 1989 916 Au-

338 958 671 1030 gustorum,
690 954 789 1025 qui
808 952 1199 1008 Ecclesiarum
1220 951 1319 1007 Dei
1344 951 1744 1007 exeltaverunt
1764 955 1822 1006 et
1842 968 1987 1022 prte-

338 1045 506 1116 cipue
524 1044 846 1099 Romanam
859 1040 1175 1107 ,Constanti
1187 1040 1242 1095 ni
1266 1040 1534 1095 videlicet
1550 1044 1607 1095 et
1628 1039 1985 1107 Constantis,

338 1132 649 1191 Theodosii
675 1147 909 1204 quoque
941 1130 1180 1202 majoris
1209 1134 1265 1184 et
1292 1127 1705 1194 Valentiniani,
1738 1132 1793 1183 et
1822 1132 1987 1183 cente-

338 1240 538 1280 rorum
568 1221 699 1277 laus
728 1220 787 1274 in
822 1218 1135 1276 universali
1167 1216 1424 1273 Ecclesia
1451 1217 1756 1289 polleat,et
1785 1233 1987 1271 eorum

337 1311 627 1385 praeconia
658 1308 873 1381 ubique
903 1311 1234 1380 personent,
1267 1310 1323 1362 et
1350 1322 1561 1362 nomen
1610 1322 1811 1361 eorum
1837 1304 1989 1359 inter

337 1418 504 1459 sacra
533 1397 809 1472 mysteria
836 1396 1311 1469 imprzetermisse
1349 1399 1860 1459 commemoretur,
1893 1398 1987 1449 at-

334 1489 553 1547 tentius
584 1493 639 1543 et
668 1486 867 1542 sedule
920 1484 1303 1541 recordamini
1336 1501 1348 1540 :
1384 1484 1584 1556 sicque
1632 1501 1738 1538 nos
1786 1482 1988 1540 audire

336 1579 469 1637 illos
500 1578 799 1633 imitantes
828 1575 1074 1648 satagite
1104 1590 1117 1629 :
1141 1573 1341 1629 Patres
1362 1573 1518 1629 enim
1539 1572 1715 1628 vestri
1737 1589 1840 1644 per
1859 1587 1988 1645 gra-

336 1667 480 1725 tiam
512 1664 723 1722 Christi
762 1680 992 1732 sumus,
1024 1668 1083 1719 et
1129 1679 1230 1718 vos
1273 1666 1555 1734 tanquam
1604 1660 1986 1717 obarissimos

336 1755 641 1829 diligimus
674 1753 827 1810 ﬁlios
853 1770 865 1808 :
893 1769 999 1809 nec
1026 1768 1343 1825 possumus
1371 1751 1536 1806 vobis
1562 1749 1676 1805 nisi
1707 1749 1859 1805 viam
1891 1767 1985 1806 ve-

337 1844 528 1901 ritatis
558 1844 865 1901 ostendere
889 1860 902 1897 :
928 1846 1218 1897 terrenam
1243 1839 1489 1913 gloriam
1509 1843 1763 1896 vestram
1785 1839 1985 1912 augeri
2015 1879 2062 1945 B

336 1934 620 1992 divinitus
650 1930 1135 2004 exoptamus.Sed
1167 1928 1304 2002 quid
1339 1945 1672 2001 peccamus,
1706 1927 1755 1984 si
1786 1926 1983 1983 caoles-

336 2028 477 2092 tem,
512 2041 578 2080 ac
610 2026 884 2078 aeternam
923 2037 1023 2076 vos
1071 2035 1374 2092 capessere
1418 2017 1805 2074 nihilominus
1848 2034 1985 2073 exo-

336 2130 541 2171 ramus
557 2112 585 2167 ?

409 2203 774 2273 Quapropter
818 2198 1079 2254 attendat
1125 2195 1437 2252 clementia
1480 2200 1691 2261 vestra,
1728 2198 1984 2267 quantus

337 2293 526 2348 fuerat
553 2306 690 2362 erga
719 2287 874 2344 sedis
905 2285 1233 2358 apostolica:
1285 2285 1665 2342 reverentiam
1719 2287 1984 2339 anteces—

336 2395 534 2438 eorum
566 2381 891 2433 vestrorum
925 2374 1155 2447 piorum
1177 2375 1461 2430 duntaxat
1482 2374 1984 2447 imperatorum,et

334 2467 625 2543 praecipue
655 2482 802 2538 quos
833 2463 1005 2537 longe
1033 2464 1300 2536 superius
1328 2463 1985 2529 memoravimus,amor

335 2562 393 2614 et
423 2556 685 2614 studium
720 2570 733 2610 :
769 2552 1018 2626 qualiter
1047 2569 1172 2608 eam
1205 2552 1449 2608 diversis
1480 2551 1797 2625 privilegiis
1817 2556 1980 2607 extu-

334 2645 531 2713 lerint,
562 2643 731 2701 donis
786 2642 1117 2711 ditaverint,
1168 2641 1466 2699 beneﬁciis
1527 2640 1976 2715 ampliaverint:

336 2734 589 2809 qualiter
616 2732 779 2790 illam
811 2732 1022 2788 litteris
1054 2732 1178 2788 suis
1207 2731 1622 2788 honoraverint
1653 2732 1801 2804 (ejus
1830 2729 1979 2785 votis

332 2822 667 2893 annuerint,
692 2821 960 2879 instituta
988 2820 1339 2893 perﬁcienda
1370 2819 1817 2888 mandaverint),
1848 2836 1978 2875 ora-

330 2915 518 2971 tiones
548 2910 1058 2986 petiverint,ﬁdem
1075 2910 1412 2966 sectandam
1430 2909 1789 2966 decreverint
1807 2925 1820 2963 :
1842 2925 1979 2981 qua-

329 3002 460 3060 liter
489 3001 663 3059 etiam
695 3000 925 3073 legibus
955 2998 1079 3055 suis
1109 3015 1212 3071 pro
1245 2999 1574 3055 adunandis
1612 2997 1663 3054 ei
1713 2997 1976 3054 ecclesiis

329 3089 846 3167 promulgaverint,
862 3106 966 3162 pro
993 3086 1336 3161 colligendis
1365 3087 1648 3156 conciliis,
1681 3104 1747 3143 ac
1780 3087 1974 3159 profe-

329 3180 525 3238 rendis
557 3177 866 3236 sententiis
898 3194 1012 3233 non
1048 3177 1463 3249 imperaverint
1491 3193 1503 3233 :
1539 3178 1639 3233 sed
1671 3174 1887 3248 precati
1917 3180 1975 3231 et

2099 595 2295 668 potius
2326 595 2482 652 sedis
2509 594 2670 651 illius
2702 595 2964 668 pontiﬁci
2995 614 3322 656 consensus
3354 601 3445 655 est
3476 596 3768 655 adhiben-

2099 685 2231 751 dus,
2264 702 2441 757 quem
2473 689 2694 741 cuncta
2726 684 2996 742 Ecclesiae
3019 685 3311 760 generalis
3323 686 3562 761 jugiter
3582 686 3771 760 pietas

2099 772 2451 830 celebravit?
2483 774 2589 831 Ubi
2623 773 2935 831 clementia
2953 780 3148 832 vestra
3167 776 3472 833 evidenter
3493 776 3767 843 advertit,

2098 879 2398 935 nunquam
2434 863 2639 935 quovis
2669 864 2904 936 penitus
2937 863 3196 921 humano
3240 864 3495 921 consilio
3541 863 3769 921 elevare

2098 967 2161 1007 se
2192 968 2550 1024 quemquam
2582 969 2753 1024 posse
2785 957 2988 1009 contra
3035 953 3194 1009 illius
3244 952 3654 1028 privilegium,
3684 953 3767 1010 vel

2097 1041 2543 1109 confessionem,
2567 1058 2740 1115 quem
2774 1041 2987 1098 Christi
3016 1060 3125 1099 vox
3155 1043 3413 1116 praetulit
3445 1043 3763 1110 universis,

2098 1146 2274 1201 quem
2306 1129 2561 1186 Ecclesia
2600 1132 2930 1187 veneranda
2976 1132 3245 1189 confessa
3294 1149 3536 1206 semper
3563 1138 3681 1201 est,
3713 1138 3769 1189 et

2097 1218 2274 1275 habet
2299 1219 2503 1276 devota
2531 1220 2845 1293 primatem
2878 1238 2891 1275 :
2926 1220 3147 1293 impelli
3181 1239 3299 1279 non
3327 1222 3528 1281 valent
3554 1222 3773 1279 huma-

2098 1309 2189 1363 nis
2220 1308 2776 1381 praesumptionibus
2807 1328 2936 1383 quae
2966 1310 3163 1367 divino
3194 1316 3335 1367 sunt
3354 1311 3588 1383 judicio
3622 1329 3766 1368 con-

2097 1396 2320 1453 stituta.
2348 1397 2625 1454 Desinant
2649 1415 2786 1472 ergo
2817 1416 3116 1472 rogamus,
3148 1401 3516 1473 temporibus
3545 1400 3766 1458 vestris

2095 1486 2335 1557 quidam
2366 1503 2470 1558 per
2493 1487 2856 1544 occasionem
2881 1488 3383 1561 perturbationem
3406 1489 3767 1547 ecclesiasti-

2096 1591 2222 1630 cam
2280 1575 2709 1648 prascipitanter
2765 1581 3059 1650 appetere,
3110 1582 3168 1635 et
3217 1596 3345 1652 qua:
3406 1595 3525 1635 non
3584 1577 3764 1635 liceat

2095 1662 2319 1721 ambire
2353 1682 2368 1720 :
2400 1664 2661 1738 alioquin
2700 1669 2757 1721 et
2786 1667 2942 1739 quod
2994 1666 3147 1723 male
3191 1666 3602 1741 appetiverint,
3639 1685 3762 1724 non

2093 1752 2487 1824 perfruentur,
2510 1758 2567 1809 et
2598 1753 2786 1827 ipsam
2819 1771 3053 1828 quoque
3083 1754 3612 1822 Christianitatem,
3639 1757 3760 1813 nisi

2093 1841 2467 1914 resipuerint,
2501 1860 2743 1915 prorsus
2773 1844 3067 1909 amittent,
3100 1845 3217 1901 Vos
3264 1849 3486 1913 autem,
3515 1842 3761 1919 quasu-

2096 1930 2435 1997 mus,nolite
2460 1933 2866 2005 praejudicium
2897 1933 2998 1990 Dei
3032 1933 3297 1991 Ecclesiae
3327 1935 3589 2008 irrogare
3615 1953 3631 1992 :
3656 1934 3761 1993 illa

2094 2020 2312 2093 quippe
2341 2020 2571 2077 nullum
2603 2022 2850 2094 imperio
2880 2027 3074 2079 vestro
3106 2023 3517 2095 praeiudicium
3546 2025 3751 2093 infert,

2094 2124 2229 2164 cum
2260 2110 2448 2183 magis
2479 2128 2581 2183 pro
2612 2110 2929 2167 stabilitate
2958 2111 3146 2183 ipsius
3171 2118 3449 2170 sternam
3480 2114 3759 2171 divinita-

2091 2200 2211 2253 tem
2242 2202 2454 2266 exoret,
2484 2202 2540 2255 et
2569 2216 2674 2271 pro
2723 2199 3126 2257 incolumitate
3154 2205 3348 2258 vestra
3378 2206 3437 2258 et
3465 2208 3755 2276 perpetua

2093 2285 2284 2343 salute
2305 2287 2434 2360 jngi
2465 2287 2767 2345 devotione
2796 2289 3281 2361 precetur.Nolite
3313 2308 3442 2364 quae
3471 2309 3582 2349 sua
3607 2298 3755 2350 sunt

2092 2391 2378 2448 usurpare
2411 2394 2424 2432 :
2456 2375 2631 2432 nolite
2661 2393 2789 2448 quae
2822 2376 2934 2449 ipsi
2964 2376 3071 2434 soli
3104 2379 3425 2436 commissa
3444 2385 3583 2438 sunt
3603 2382 3753 2439 velle

2092 2464 2385 2536 surripere
2418 2481 2430 2519 :
2465 2464 2740 2532 scientes,
2790 2465 2929 2538 quia
2974 2470 3138 2523 tanto
3186 2465 3469 2524 nimirum
3501 2486 3534 2527 α
3560 2471 3752 2527 sacris

2090 2553 2263 2608 debet
2278 2553 2472 2610 omnis
2489 2555 2922 2611 mundanarum
2944 2573 3138 2612 rerum
3158 2557 3752 2617 administratoresse

2090 2647 2600 2715 remotus,quanto
2632 2643 2956 2716 quemlibet
2983 2662 3053 2701 ex
3078 2645 3343 2720 catalogo
3373 2646 3750 2715 clericorum,

2089 2735 2146 2787 et
2176 2730 2554 2789 militantium
2588 2736 2701 2789 Deo
2732 2733 2912 2790 nullis
2942 2734 3213 2793 convenit
3234 2735 3486 2807 negotiis
3506 2737 3749 2794 saecula-

2087 2821 2251 2876 ribus
2280 2819 2857 2895 implicari.Denique
2878 2822 3184 2896 hi.quibus
3206 2828 3439 2881 tantum
3462 2824 3749 2882 humanis

2086 2910 2261 2966 rebus
2292 2915 2350 2966 et
2380 2928 2495 2967 non
2527 2910 2742 2968 divinis
2772 2929 3018 2985 praeesse
3062 2912 3421 2984 permissum
3449 2919 3562 2985 est,
3593 2932 3747 2987 quo-

2085 3000 2259 3055 modo
2291 3000 2362 3055 de
2391 2998 2615 3072 his,per
2640 3017 2790 3074 quos
2819 3000 3016 3058 divina
3037 3000 3744 3074 ministrantur,iudica.re

2083 3092 2462 3160 praesumant,
2494 3090 2733 3162 penitus
2762 3089 3125 3163 ignoramus.

2156 3178 2414 3234 Fuerunt
2440 3178 2563 3235 haec
2592 3182 2727 3235 ante
2775 3179 3092 3236 adventum
3126 3178 3365 3249 Christi,
3398 3184 3466 3237 ut
3490 3181 3736 3253 quidam

326 3269 543 3326 hortati
575 3268 767 3325 solum
814 3266 1162 3333 exstiterint,
1196 3269 1253 3321 et
1282 3283 1409 3338 quae
1441 3264 1525 3320 illi
1573 3266 1972 3330 decreverunt,
2005 3251 2048 3321 C
2070 3266 2269 3339 .typice
2298 3283 2464 3341 reges
2494 3267 2671 3324 simul
2701 3273 2760 3323 et
2799 3268 3128 3325 sacerdotes
3178 3251 3543 3326 existerent}
3576 3272 3733 3343 quod

326 3357 441 3432 ipsi
500 3356 926 3420 consenserint,
969 3358 1026 3409 et
1073 3370 1201 3425 quae
1249 3353 1332 3408 illi
1382 3354 1829 3421 damnaverunt,
1863 3353 1977 3427 ipsi

328 3446 679 3521 respuerint.
713 3444 809 3501 Sic
840 3458 998 3515 ergo,
1028 3441 1109 3497 ﬁli
1143 3443 1508 3509 charissima,
1542 3443 1626 3499 sic
1658 3447 1715 3499 et
1744 3448 1847 3499 tua
1877 3460 1975 3499 su-

327 3536 589 3592 blimitas
620 3550 733 3588 non
765 3549 835 3587 ex
864 3535 1026 3602 parte
1056 3530 1420 3603 ingratorum
1440 3535 1497 3587 et
1514 3530 1975 3586 inobedientium

326 3624 584 3680 ﬁliorum
615 3619 889 3685 existens,
923 3619 1077 3691 quod
1108 3618 1386 3684 absit,sed
1418 3619 1527 3675 hos
1556 3618 1710 3674 inter
1738 3622 1975 3674 caeteros

327 3712 429 3769 Dei
460 3710 711 3767 cultores
741 3710 1037 3782 Augustos
1068 3707 1317 3777 imitata,
1351 3725 1479 3780 qua:
1511 3706 1873 3764 decrevimus
1904 3708 1975 3764 de

326 3797 971 3870 ConstantinOpolitana
999 3796 1273 3865 Ecclesia,
1307 3796 1644 3853 obedienter
1690 3797 1971 3853 attendat.

326 3893 447 3946 Ista
476 3904 816 3960 quaesumus
838 3885 1221 3943 suadentibus
1242 3885 1457 3958 saepius
1482 3885 1654 3941 nobis
1675 3885 1861 3958 pietas
1880 3902 1974 3942 ve-

326 3983 448 4036 stra
481 3994 588 4033 nos
617 3976 860 4032 minime
892 3979 1273 4047 spcrnat,prze
1296 3974 1481 4030 oculis
1503 3973 1719 4030 habitis
1742 3974 1973 4031 Domini

323 4068 537 4135 verbis,
559 4065 806 4123 dicentis
838 4081 852 4120 :
887 4065 995 4134 Qui
1022 4065 1178 4120 audit
1223 4081 1335 4133 vos,
1366 4080 1454 4121 me
1480 4064 1654 4132 audit,
1680 4071 1731 4120 et
1759 4066 1857 4136 qui
1884 4080 1974 4122 vos

321 4159 550 4230 spernit,
580 4172 666 4212 me
694 4156 922 4226 spernit,
954 4160 1007 4210 et
1052 4154 1149 4225 qui
1196 4170 1281 4210 me
1325 4155 1537 4226 spernit
1567 4155 1715 4225 (Luc.
1748 4156 1826 4222 χ),
1859 4157 1969 4209 etc.

323 4246 587 4317 Denique
616 4247 674 4299 et
702 4243 1062 4299 concordans
1091 4241 1403 4315 Apostolus
1441 4242 1692 4299 Domino
1730 4245 1926 4298 nostro
1957 4257 1969 4297 :

326 4335 679 4406 Quapropter,
713 4331 921 4404 ibquit,
956 4334 1054 4404 qui
1098 4332 1216 4390 haec
1257 4334 1482 4404 spernit,
1530 4348 1643 4389 non
1698 4332 1975 4388 hominem

321 4425 549 4496 spernit,
575 4421 666 4477 sed
690 4423 879 4489 Deum,
913 4424 1011 4493 qui
1038 4420 1185 4477 dedit
1211 4422 1482 4494 Spiritum
1518 4438 1680 4477 suum
1724 4429 1974 4478 sanctum

323 4515 384 4568 in
412 4512 567 4569 nobis
595 4513 647 4581 (Ι
676 4511 849 4567 Thess.
886 4510 980 4581 IV).
1008 4510 1226 4566 Verum
1259 4509 1304 4565 si
1335 4527 1436 4565 vos
1466 4526 1573 4565 nos
1611 4510 1971 4580 spernendos

323 4618 450 4658 esse
478 4599 829 4668 ducitis,nos
857 4602 1053 4655 tamen
1082 4615 1199 4653 non
1238 4613 1557 4669 possumus
1587 4613 1674 4663 ea,
1708 4614 1833 4668 qua:
1866 4597 1968 4654 Dei
1999 4620 2043 4688 ο

324 4693 760 4761 sunt,spernere
789 4692 845 4743 ct
876 4686 1185 4758 negligere,
1205 4701 1320 4755 quo
1352 4683 1552 4739 minus
1584 4688 1641 4739 et
1670 4685 1843 4741 saluti
1872 4704 1966 4743 ve-

323 4782 456 4834 strm
488 4775 954 4846 consulamus,et
972 4774 1043 4829 de
1065 4770 1400 4844 acceptione
1422 4770 1627 4827 talenti
1649 4774 1852 4829 crediti
1875 4793 1972 4831 no-

323 4869 513 4921 strum
545 4863 871 4938 periculum
903 4860 1285 4928 declinemus,
1322 4858 1755 4931 dispensatione
1800 4864 1969 4921 nobis

323 4954 580 5011 caelestis
611 4950 855 5009 seminis
888 4950 1155 5021 injuncta
1180 4964 1192 5002 :
1216 4947 1310 5005 Vae
1333 4949 1383 5005 si
1406 4964 1520 5004 non
1542 4951 1963 5023 sparserimus!

321 5060 403 5099 va:
433 5043 484 5099 si
514 5039 906 5098 tacuerimusl
943 5040 991 5109 (I
1016 5039 1142 5093 Cor.
1175 5037 1274 5107 1x).

393 5130 556 5195 Quod
602 5146 737 5185 cum
784 5124 1085 5183 electionis
1132 5141 1235 5181 vas
1293 5125 1567 5183 formidet
1622 5132 1680 5185 et
1733 5129 1963 5201 clamet,

323 5223 544 5293 quanto
574 5216 764 5289 magis
792 5212 1031 5270 cuilibet
1055 5212 1260 5286 exiguo
1284 5218 1662 5274 metuendum
1686 5220 1816 5275 est?
1835 5225 1971 5277 Pro-

323 5306 640 5374 inde,sicut
668 5320 782 5359 non
807 5302 928 5358 leve
949 5302 1264 5359 discrimen
1288 5304 1576 5363 incumbit
1594 5309 1971 5380 pontiﬁcibus

324 5395 559 5455 siluisse
585 5409 688 5465 pro
719 5389 1039 5448 divinitatis
1069 5391 1231 5449 cultu
1253 5397 1309 5449 et
1328 5393 1593 5451 Ecclesiae
1615 5399 1969 5456 correctione

326 5485 480 5558 quod
512 5479 798 5552 congruit,
834 5479 914 5537 ita
954 5480 1068 5549 his,
1101 5484 1255 5555 quod
1305 5484 1481 5553 absit,
1513 5502 1627 5542 non
1678 5488 1970 5545 mediocre

324 5569 649 5645 periculum
680 5570 895 5642 est,qui
925 5588 1059 5629 cum
1090 5572 1340 5630 debeant
1372 5591 1594 5647 parere,
1612 5576 1965 5649 despiciunt.

324 5660 395 5714 Et
424 5658 471 5714 si
535 5656 728 5715 unctis
774 5662 1118 5732 generaliter
1167 5662 1570 5720 sacerdotibus
1618 5664 1815 5721 divina
1851 5669 1968 5723 tra-

2085 3360 2351 3411 sanctum
2386 3355 2812 3412 Melchisedech
2836 3356 3021 3413 fuisse
3041 3374 3209 3413 sacra
3229 3358 3426 3430 prodit
3446 3357 3732 3416 historia:

2086 3445 2358 3517 quodque
2389 3445 2449 3500 in
2480 3445 2762 3502 membris
2783 3445 2909 3503 suis
2933 3445 3204 3503 diabolus
3225 3446 3588 3517 imitatus,ut
3605 3454 3742 3521 pote

2086 3533 2187 3606 qui
2219 3550 2451 3606 semper
2481 3550 2605 3605 qua:
2639 3533 2836 3589 divino
2864 3533 3051 3590 cultui
3090 3536 3466 3607 conveniunt,
3502 3536 3743 3595 sibimet

2083 3621 2385 3695 tyrannico
2418 3621 2629 3693 spiritu
2659 3621 2954 3678 vindicare
2985 3624 3377 3692 contendit,ut
3400 3626 3617 3699 pagani
3638 3626 3743 3682 im-

2082 3715 2381 3783 peratores
2411 3709 2587 3766 iidem
2630 3716 2688 3767 et
2736 3712 2975 3768 maximi
3029 3714 3334 3785 pontiﬁces
3381 3715 3736 3772 dicerentur.

2084 3800 2195 3856 Sed
2228 3816 2360 3855 cum
2393 3799 2465 3856 ad
2513 3816 2716 3856 verum
2742 3801 2975 3873 [nempe,
3003 3801 3331 3870 Christum,
3360 3803 3577 3877 Hm.)
3603 3822 3738 3862 ven-

2083 3892 2209 3945 tum
2254 3893 2363 3955 est,
2396 3889 2669 3946 eumdem
2719 3906 2915 3964 regem
2967 3894 3142 3963 atque
3187 3891 3550 3964 pontiﬁcem,
3583 3893 3736 3950 ultra

2082 3978 2194 4035 sibi
2229 3994 2333 4034 nec
2362 3978 2680 4051 imperator
2713 3980 2855 4051 jura
2899 3981 3274 4052 pontiﬁcatus
3322 3982 3597 4055 arripuit,
3631 3999 3735 4040 nec

2080 4066 2341 4140 pontifex
2368 4084 2581 4123 nomen
2612 4066 3057 4141 imperatorium
3088 4069 3413 4142 usurpavit.
3447 4071 3732 4137 Quoniam

2080 4155 2237 4213 idem
2270 4156 2559 4213 mediator
2586 4156 2687 4213 Dei
2713 4160 2770 4213 et
2797 4156 3105 4215 hominum
3134 4157 3310 4215 homo
3342 4158 3620 4218 Christus
3644 4160 3735 4217 Je-

2081 4261 2184 4302 sus
2214 4245 2299 4301 sic
2322 4244 2554 4302 actibus
2584 4245 2857 4319 propriis,
2891 4250 2950 4302 et
2977 4245 3371 4320 dignitatibus
3414 4247 3730 4313 distinctis,

2080 4333 2276 4390 ofﬁcia
2301 4333 2607 4406 potestatis
2638 4334 2950 4407 utriusque
2977 4334 3519 4409 discrevit,propria
3536 4336 3734 4394 volens

2081 4422 2415 4480 medicinali
2446 4422 2780 4483 humilitate
2807 4441 3048 4480 sursum
3085 4424 3297 4493 efferri,
3331 4442 3451 4481 non
3484 4425 3737 4483 humana

2082 4511 2358 4584 superbia
2388 4529 2594 4569 rursus
2623 4511 2681 4567 in
2712 4511 2942 4570 inferna
2972 4513 3254 4586 demergi,
3279 4517 3345 4570 ut
3370 4519 3432 4571 et
3461 4514 3738 4573 Christia-

2081 4601 2141 4657 ni
2173 4600 2551 4672 imperatores
2580 4617 2686 4672 pro
2712 4604 2929 4658 aeterna
2953 4601 3075 4658 vita
3101 4602 3481 4674 pontiﬁcibus
3506 4603 3738 4677 indige-

2080 4693 2228 4758 rent,
2261 4693 2318 4746 et
2347 4689 2654 4762 pontifices
2684 4706 2788 4762 pro
2819 4706 2997 4747 cursu
3022 4690 3439 4764 temporalium
3471 4696 3735 4749 tantum-

2078 4779 2252 4835 modo
2286 4794 2483 4835 rerum
2513 4776 2921 4850 imperialibus
2953 4778 3183 4851 legibus
3212 4784 3559 4837 uterentur:
3590 4798 3735 4854 qua-

2078 4872 2253 4925 tenus
2274 4866 2555 4940 spiritalis
2576 4866 2725 4924 actio
2746 4866 3083 4925 carnalibus
3102 4868 3350 4926 distaret
3370 4869 3729 4928 incursibus.

2148 4958 2219 5013 Et
2248 4957 2377 5013 ideo
2398 4954 2661 5013 militans
2684 4958 2797 5013 Deo
2819 4955 3064 5013 minime
3087 4973 3152 5014 se
3171 4957 3422 5031 negotiis
3444 4959 3733 5016 saeculari-

2074 5048 2187 5104 bus
2216 5044 2545 5118 implicaret
2575 5045 2658 5119 (ιι
2689 5047 2823 5102 Tim.
2857 5049 2942 5116 ιι),
2974 5062 3043 5102 ac
3073 5045 3335 5102 vicissim
3366 5064 3486 5104 non
3518 5048 3623 5105 ille
3648 5067 3732 5105 ω-

2074 5135 2187 5192 bus
2216 5133 2428 5191 divinis
2460 5134 2772 5206 praesidere
2799 5134 3116 5202 videretur,
3145 5133 3249 5207 qui
3274 5139 3433 5192 esset
3482 5138 3731 5211 negntiis

2079 5222 2459 5280 saecularibus
2488 5222 2848 5296 implicatus,
2880 5228 2949 5279 ut
2972 5227 3034 5280 et
3080 5223 3374 5281 modestia
3421 5226 3732 5299 utriusque

2079 5311 2301 5369 ordinis
2332 5315 2733 5378 curaretur,ne
2761 5311 3133 5369 attolleretur
3161 5317 3412 5386 utroque
3432 5315 3729 5382 suﬁ‘ultns,

2078 5405 2138 5458 et
2166 5405 2504 5474 competens
2524 5400 2908 5474 qualitatibus
2933 5401 3232 5458 actionum
3254 5402 3597 5475 specialiter
3612 5421 3731 5477 pro-

2080 5490 2251 5547 fessio
2282 5491 2842 5563 aptaretur.0uibus
2872 5491 3150 5547 omnibus
3178 5491 3289 5547 rite
3319 5490 3609 5562 collectis,
3637 5509 3729 5548 sa-

2078 5579 2156 5636 tis
2183 5578 2479 5635 evidenter
2508 5580 2841 5636 ostenditur
2868 5597 2905 5636 a
2933 5578 3197 5636 saeculari
3230 5584 3529 5653 potestate
3547 5581 3728 5638 necti

2079 5667 2205 5740 gari
2236 5683 2616 5739 prorsus,nec
2644 5668 2789 5726 solvi
2820 5685 2994 5743 posse
3020 5668 3569 5743 pontiﬁcem,quem
3598 5687 3723 5728 oon-
