3898 6212
163 359 278 432 961

1388 367 1796 436 EPISTOL/E
1838 373 1938 436 ET
1979 371 2371 436 DECRETA.

3461 369 3577 437 962

165 505 285 560 stat
311 519 344 560 a
375 503 472 577 pio
505 503 770 577 principe
798 504 1201 574 Constantino,
1237 506 1392 578 quod
1442 505 1614 580 longe
1660 521 1826 579 supe-
1854 507 1909 574 Α
1937 510 2026 562 ter
2054 506 2198 562 illud
2230 507 2384 578 quod
2434 507 2653 562 idioma
2691 507 2897 562 Graeca:
2944 506 3216 564 dictionis
3263 508 3460 582 exigit,
3492 509 3580 566 vel

164 593 292 650 rius
350 593 830 662 memoravimus,
856 594 1041 650 Deum
1086 595 1471 668 appellatum,
1498 613 1602 651 nec
1649 612 1822 667 posse

161 680 351 738 Deum
377 682 452 737 ab
474 681 822 739 hominibus
844 683 1119 754 judicari,
1154 684 1531 740 manifestum
1564 688 1670 740 est.
1707 685 1818 740 Sed

160 773 218 826 et
246 771 613 828 Theodosius
641 772 836 828 minor
857 777 1070 828 sanctae
1092 773 1312 846 synodo
1349 774 1610 830 scribens
1632 773 1819 846 Ephe-

157 859 303 915 sina:
335 859 560 933 primae,
587 859 730 917 dicit
763 877 774 915 :
812 861 1137 934 Deputatus
1167 865 1256 918 est
1302 861 1482 935 igitur
1509 862 1818 918 Candidia-

155 966 276 1005 nus
300 949 922 1022 magniﬁcentissimus
941 967 1134 1007 eomes
1154 955 1525 1007 strenuorum
1549 951 1821 1007 domesti-

155 1054 366 1094 corum
400 1039 653 1095 transire
685 1056 872 1112 usque
922 1038 995 1095 ad
1041 1039 1477 1096 sanctissimam
1527 1042 1819 1114 synodum

154 1132 438 1198 vestram,
472 1133 528 1185 et
559 1129 617 1184 in
651 1129 812 1185 nullo
843 1130 1080 1202 quidem
1115 1148 1242 1203 quae
1275 1131 1549 1188 faciendae
1581 1137 1718 1188 sunt
1749 1134 1820 1189 de

156 1216 276 1289 piis
302 1217 680 1291 dogmatibus
702 1219 1183 1290 quaestiones,seu
1210 1219 1403 1292 potius
1427 1222 1818 1293 expositiones

156 1306 616 1362 communicare.
651 1306 927 1363 Illicitum
955 1325 1209 1381 namque
1240 1314 1328 1365 est
1360 1327 1514 1377 eum,
1551 1311 1649 1382 qui
1701 1329 1816 1366 non

157 1395 237 1449 sit
266 1411 334 1450 ex
355 1394 555 1450 ordine
578 1395 1085 1455 ssnctissimorum
1109 1399 1815 1471 episcoporum,ecclesia-

159 1483 330 1539 sticis
359 1483 745 1540 intermisceri
781 1487 1148 1542 tractatibus.

231 1572 380 1638 Quid
413 1577 691 1645 praeterea
724 1573 862 1630 hinc
915 1575 1162 1632 Romani
1209 1577 1487 1649 praesules
1537 1578 1814 1645 sentiant,

157 1660 303 1734 quid
321 1657 532 1729 Latini,
561 1663 858 1736 Graecique
879 1664 1144 1721 doctores
1170 1665 1305 1721 hinc
1339 1671 1648 1740 exponant,
1675 1669 1814 1739 quid

157 1749 413 1821 denique
447 1750 736 1808 Maximus
766 1752 1114 1810 venerabilis
1145 1755 1492 1826 monachus,
1525 1760 1581 1810 et
1610 1755 1669 1810 in
1715 1756 1814 1811 illo

1930 595 2366 668 interpretantis
2397 594 2639 652 scientia
2663 595 2801 669 [lege
2820 604 2879 651 ut
2903 597 2961 651 in
2983 598 3137 667 epist.
3165 597 3232 652 lO
3256 614 3270 653 :
3295 597 3580 670 interpre—

1930 683 2078 739 tanti
2111 684 2436 752 scientiam,
2457 688 2562 739 etc.
2584 683 3168 758 H.\nn.]intelligendi
3201 702 3316 740 non
3351 687 3576 755 tribuit,

1930 773 2242 829 anathema
2272 773 2369 829 sit.

2002 863 2130 918 Haec
2163 862 2562 935 quidem,quze
2588 862 2891 935 hucusque
2921 880 3023 934 per
3053 862 3355 935 periochae
3371 880 3578 920 novem

1930 956 2070 1008 sunt
2101 951 2338 1024 scripta,
2373 952 2538 1024 prius
2567 956 2714 1018 acta,
2748 955 2804 1007 et
2851 969 2885 1006 a
2933 951 3100 1007 nobis
3150 969 3253 1022 per
3291 953 3577 1024 quosdam

1929 1041 2193 1096 fraternae
2224 1039 2590 1113 generalitati
2623 1044 2824 1096 vestras
2856 1039 3184 1096 intimanda
3204 1045 3342 1096 snnt
3373 1041 3576 1108 missa,

1929 1134 2138 1202 przetcr
2166 1129 2474 1202 epistolam
2528 1129 2689 1184 illam
2742 1129 3101 1202 apostolatus
3162 1130 3368 1201 nostri,
3403 1148 3578 1203 quam

1928 1218 2195 1274 Michaeli
2230 1218 2717 1275 excellentissimo
2749 1217 3082 1290 imperatori
3115 1237 3216 1291 per
3263 1221 3579 1291 quemdam

1928 1307 2114 1380 ipsius
2146 1307 2542 1380 legatum,qui
2574 1325 2634 1364 se
2661 1307 3196 1380 protospatharium
3229 1309 3580 1381 appellabat,

1927 1397 2164 1452 nomine
2195 1395 3260 1462 Michaelem,transmisimus.Postea
3290 1415 3423 1454 vero
3446 1415 3580 1454 cum

1927 1485 2424 1559 cognovissemus,
2458 1486 2594 1557 quia
2635 1504 2812 1558 penes
2861 1486 2988 1552 hos,
3023 1487 3122 1558 qui
3171 1487 3378 1542 nolunt
3421 1487 3581 1543 sanis

1926 1574 2294 1646 acquiescere
2317 1575 2576 1642 monitis,
2598 1573 2744 1630 nihil
2772 1574 2962 1630 solum
2987 1575 3293 1632 scribendo
3319 1576 3583 1648 proﬁcie-

1925 1664 2155 1732 bamus,
2190 1668 2386 1720 ratum
2419 1663 2715 1730 duximus,
2731 1681 2833 1736 per
2861 1664 3083 1736 legatos
3119 1667 3369 1732 nostros,
3391 1670 3446 1720 et
3475 1665 3580 1721 ite-

1925 1756 2081 1809 ratas
2112 1752 2338 1808 litteras
2370 1771 2438 1808 ea
2482 1770 2691 1809 rursus
2740 1770 2866 1824 quae
2918 1753 3268 1809 videbantur
3316 1753 3581 1810 Ecclesiae

155 1840 421 1910 tempore
453 1841 606 1911 apud
626 1857 726 1895 vos
757 1857 902 1912 pene
934 1842 1093 1898 solus
1117 1843 1438 1900 catholicus
1455 1844 1512 1898 in
1531 1844 1813 1916 discepta-
1843 1879 1890 1945 B
1925 1842 2228 1914 profutura
2249 1843 2548 1910 mandare,
2571 1841 2754 1912 hujus
2778 1842 2855 1896 rei
2879 1841 3067 1913 gratia
3089 1842 3408 1897 direximus
3431 1842 3580 1897 Con-

156 1927 318 1982 tione
350 1943 458 1982 sua
488 1929 810 1999 perhibeat.
837 1931 1116 2002 quoniam
1148 1931 1388 2005 longum
1421 1939 1508 1989 est
1539 1934 1810 2001 scribere,

157 2015 513 2088 interrogate
543 2017 823 2087 seniores,
860 2019 958 2091 qui
1009 2025 1206 2076 tamen
1256 2022 1517 2078 moribus
1558 2023 1817 2078 seniores

157 2108 320 2171 sunt,
347 2109 402 2160 et
432 2105 626 2161 dicent
648 2107 831 2163 vobis.
859 2109 960 2163 His
989 2109 1189 2181 itaque
1221 2110 1526 2166 manifeste
1549 2111 1813 2183 repertis,

157 2196 401 2263 apparet
421 2193 895 2250 eomministrum
914 2200 1182 2252 nostrum
1204 2197 1494 2271 Ignatium
1522 2217 1623 2271 per
1640 2199 1819 2272 impe-

158 2279 366 2335 rialem
383 2284 796 2338 tantummodo
815 2286 1165 2341 sententiam
1189 2286 1348 2342 nullo
1365 2288 1536 2343 modo
1557 2289 1816 2358 potuisse

158 2384 404 2441 prorsus
420 2369 645 2442 expelli.
670 2376 734 2427 In
753 2375 922 2445 cujus
939 2374 1480 2448 damnatione,quia
1499 2377 1814 2448 praesulum

158 2473 396 2530 quoque
427 2476 704 2516 assensus
735 2467 824 2516 est
856 2463 1230 2532 subsecutus,
1264 2471 1505 2537 apparet
1536 2466 1591 2520 id
1639 2479 1817 2522 causa

156 2546 343 2602 fuisse
373 2553 667 2619 patratum
701 2551 1076 2620 adulationis,
1111 2569 1225 2608 non
1253 2553 1525 2627 legitimae
1563 2555 1814 2611 sanctio-

154 2635 269 2691 nis.
286 2636 591 2708 Siquidem
621 2638 680 2693 in
712 2643 946 2696 tantum
962 2646 1154 2697 vestra
1177 2643 1471 2698 sententia
1497 2643 1813 2716 praesulum

155 2725 458 2796 praeessit
489 2728 933 2795 sententiam,ut
960 2747 1073 2786 non
1108 2732 1297 2787 solum
1328 2737 1517 2787 vestro
1550 2732 1625 2786 sit
1637 2733 1813 2804 jussu

151 2830 186 2869 a
221 2813 443 2870 credita
471 2815 581 2870 sibi
635 2821 768 2872 ante
814 2835 1048 2875 omnem
1095 2820 1610 2894 interrogationem
1658 2821 1814 2876 idem

153 2901 411 2958 antistes
441 2903 650 2976 pulsus
671 2905 1142 2977 eeclesia,verum
1163 2910 1337 2965 etiam
1357 2914 1557 2982 postea
1577 2909 1636 2964 in
1655 2910 1817 2965 dam-

151 2991 394 3047 natione
417 2993 605 3066 ipsius
622 2994 796 3067 (sicut
817 3001 981 3068 gesta
1009 2996 1169 3054 illius
1202 2997 1558 3054 latrocinalis
1581 2999 1811 3071 synodi,

149 3097 285 3153 quae
317 3081 486 3138 nobis
513 3100 616 3155 per
647 3084 896 3140 Leonem
927 3085 1217 3144 illustrem
1251 3105 1285 3142 a
1324 3088 1563 3143 secretis
1615 3089 1814 3142 misis-

150 3169 254 3236 tis,
279 3169 561 3240 indieant)
579 3173 735 3243 quod
768 3175 1168 3245 nunquam,ni
1202 3175 1813 3247 fallimur,aliquando

1929 1931 2373 2004 stantinopolim
2388 1931 2678 1986 Donatum
2693 1930 3134 1986 sanctissimum
3155 1931 3583 2003 episcopum,et

1929 2020 2181 2076 Leonem
2205 2019 2598 2075 venerabilem
2631 2020 3244 2092 presbyterum,atque
3274 2019 3462 2074 filium
3486 2037 3584 2075 no-

1927 2113 2116 2164 strum
2145 2109 2438 2164 Marinum
2463 2109 2776 2164 diaconum
2804 2127 2816 2163 :
2844 2112 3134 2180 quatenus
3152 2109 3342 2180 hi,qui
3371 2109 3580 2165 litteris

1927 2197 2209 2253 admoniti
2258 2213 2459 2270 parere
2490 2197 2806 2269 refugiunt,
2841 2197 3086 2265 veritati,
3122 2197 3329 2252 saltem
3387 2197 3578 2253 verbis

1925 2285 2284 2342 salutaribus
2307 2285 2832 2352 eonventi,discant
2852 2286 3090 2340 tandem
3113 2284 3326 2340 divinis
3351 2285 3583 2341 institu-

1925 2375 2186 2430 tionibus
2210 2375 2453 2430 minime
2485 2373 2786 2430 resultare.
2814 2375 3037 2441 Quibus
3067 2374 3124 2428 in
3161 2374 3396 2446 scriptis
3425 2373 3583 2429 dedi-

1925 2481 2081 2530 mus,
2112 2482 2239 2536 quee
2271 2464 2565 2519 habentur
2611 2463 2671 2518 in
2722 2463 2996 2528 subditis,
3028 2480 3272 2535 quaeque
3314 2480 3416 2535 per
3462 2468 3582 2519 tres

1925 2553 2228 2623 periochas
2252 2552 2667 2624 distinguenda
2697 2551 2817 2606 fore
2849 2551 3232 2608 decrevimus.
3258 2551 3453 2607 Prima
3473 2552 3583 2608 uti-

1925 2658 2039 2712 que
2068 2641 2277 2696 harum
2308 2645 2415 2707 est,
2455 2657 2579 2711 qua:
2612 2643 2668 2696 et
2697 2639 2926 2694 decima
2957 2639 3136 2711 hujus
3169 2645 3258 2696 est
3306 2640 3581 2711 periocha

1923 2729 2256 2797 voluminis,
2279 2729 2585 2784 continens
2608 2727 2915 2799 epistolam
2949 2729 3161 2798 adjam
3187 2733 3578 2784 memoratum

1923 2821 2253 2890 Augustum
2289 2817 2720 2883 transmissam,
2737 2821 2794 2872 et
2825 2816 3067 2872 alteram
3093 2817 3164 2871 ad
3186 2817 3490 2889 episcopos
3512 2834 3579 2872 ac

1925 2911 2159 2962 caateros
2191 2906 2426 2962 ordines
2441 2905 2940 2977 Constantinopoli
2975 2905 3292 2974 subjectos.
3310 2906 3581 2961 Secunda

1923 3013 2056 3050 vero
2088 2994 2361 3066 periocha
2385 2999 2492 3062 est,
2527 3012 2657 3066 quae
2688 2994 2865 3066 hujus
2898 2993 3156 3066 corporis
3197 2988 3575 3051 undecimum

1925 3083 2178 3156 complet
2204 3083 2419 3151 locum,
2443 3084 2665 3138 habens
2694 3083 2751 3137 in
2787 3099 2848 3138 se
2881 3083 3028 3138 duas
3054 3079 3333 3154 epistolas
3359 3099 3370 3136 :
3398 3100 3576 3139 unam

1927 3173 2152 3240 Pbotio,
2187 3178 2243 3228 et
2275 3173 2517 3228 alteram
2566 3173 2766 3227 Bardze
2797 3171 3008 3227 fautori
3039 3173 3167 3242 ejus
3197 3171 3573 3243 descriptam.

155 3256 271 3312 fuit
291 3262 506 3327 actum,
527 3259 704 3331 primi
732 3266 790 3316 et
818 3266 952 3318 ante
982 3279 1186 3318 omnes
1219 3262 1570 3335 seripseritis
1595 3245 1890 3335 episco-C
1931 3267 2105 3318 Porro
2138 3262 2310 3317 tertia
2340 3265 2448 3329 est,
2467 3279 2593 3333 qua:
2624 3264 2681 3316 et
2697 3261 3043 3316 duodecima
3065 3260 3234 3316 istius
3255 3265 3343 3316 est
3358 3261 3577 3317 codicis

155 3363 328 3420 pum.
367 3348 464 3404 His
494 3349 575 3404 ita
621 3349 940 3421 praelibatis
991 3353 1099 3408 sub
1147 3357 1460 3425 conspectu
1496 3353 1617 3419 Dei,
1651 3371 1816 3424 pure,

156 3436 507 3509 sinceraque
536 3438 808 3511 pietatem
840 3445 1090 3496 vestram
1125 3442 1526 3514 deprecamur,
1564 3442 1817 3497 obtesta-

161 3541 324 3593 mur,
355 3527 748 3595 exhortamur,
784 3533 847 3584 ut
868 3530 1206 3602 petitionem
1239 3534 1502 3586 nostram
1535 3548 1650 3587 non
1673 3530 1821 3585 indi-

163 3619 416 3688 gnanter
446 3617 769 3690 accipiatis.

239 3705 538 3776 Rogamus
555 3706 898 3779 denique,ut
926 3725 1033 3764 nos
1057 3708 1114 3763 in
1137 3709 1244 3764 hac
1260 3709 1375 3763 vita
1407 3709 1597 3781 potius
1621 3709 1821 3764 audia-

158 3792 239 3849 tis
269 3795 669 3866 deprecantes,
690 3813 889 3868 quam,
915 3799 1068 3869 quod
1106 3799 1280 3866 absit,
1299 3798 1357 3852 in
1387 3799 1579 3854 divino
1594 3798 1818 3868 judicio

159 3883 430 3940 sentiatis
451 3889 814 3942 accusantes.
839 3887 908 3941 Et
937 3885 1066 3942 ideo
1097 3887 1816 3959 nolite,precamur,irasci

157 3971 210 4028 si
230 3988 338 4026 vos
367 3976 596 4027 tantum
627 3973 950 4046 diligimus,
969 3978 1032 4028 ut
1054 3991 1324 4048 regnum,
1350 3976 1502 4047 quod
1534 3980 1819 4047 tempora-

155 4059 296 4116 liter
325 4061 578 4117 assecuti
610 4061 771 4129 estis,
791 4062 1042 4118 velimus
1071 4080 1174 4118 vos
1205 4064 1419 4119 habere
1451 4079 1703 4135 perenne
1727 4080 1739 4119 :
1761 4065 1819 4118 et

157 4145 261 4218 qui
294 4146 597 4219 imperatis
623 4148 858 4217 saeculo,
876 4151 1084 4222 positis
1106 4167 1349 4223 regnare
1380 4167 1513 4206 cum
1565 4151 1814 4207 Christo.

155 4235 307 4290 Nam
343 4251 462 4307 qua
493 4237 1164 4311 ﬁducia,rogamus,illic
1181 4240 1280 4297 Dei
1315 4240 1553 4312 praemia
1579 4239 1815 4312 petituri

161 4324 508 4395 estis,cujus
536 4325 630 4382 hic
652 4327 919 4384 Ecclesia
942 4328 1294 4384 detrimenta
1321 4346 1434 4384 non
1459 4329 1819 4402 prohibetis?

156 4412 286 4468 Non
320 4412 441 4469 sint
481 4415 699 4486 gravia,
735 4428 1078 4488 quaesumus
1108 4434 1230 4485 vos,
1282 4435 1408 4490 quae
1465 4435 1568 4490 pro
1615 4423 1816 4474 vestra;

156 4500 372 4557 salutis
404 4504 724 4560 azternitate
747 4504 1042 4561 dicuntur.
1078 4505 1374 4578 Scriptum
1425 4505 1618 4579 legitis
1653 4523 1665 4561 :
1700 4511 1818 4563 Μελ

1928 3351 2222 3424 periocha,
2256 3350 2674 3406 circumferens
2713 3349 2772 3404 in
2822 3367 2883 3406 se
2927 3350 3091 3405 fratri
3147 3353 3205 3404 et
3234 3351 3576 3422 coepiscopo

1931 3445 2128 3496 nostro
2163 3439 2408 3512 lgnatio,
2432 3443 2489 3495 et
2540 3439 2711 3494 matri
2762 3438 3150 3510 imperatoris,
3189 3443 3363 3510 atque
3412 3439 3575 3493 uxori

1929 3530 2058 3600 ejus
2088 3528 2353 3600 singulas
2377 3528 2591 3584 missas
2613 3526 2888 3598 epistolas
2911 3545 2922 3582 :
2943 3544 3167 3583 necnon
3192 3531 3250 3583 et
3270 3526 3576 3600 epistolam

1929 3619 2304 3683 uniformem,
2325 3633 2501 3688 quam
2531 3615 2886 3688 quibusdam
2920 3616 3092 3671 claris
3124 3615 3286 3672 urbis
3304 3617 3580 3672 Constan-

1928 3707 2325 3780 tinopolitanae
2365 3706 2736 3761 senatoribus
2788 3705 3130 3777 singillatim
3183 3705 3576 3773 scribendam,

1926 3802 2102 3868 atque
2132 3796 2477 3851 mittendam
2511 3795 2631 3850 fore
2661 3794 3051 3867 praevidimus.

2599 3935 2909 3990 LXXXVII.

1923 4046 1995 4084 AD
2055 4043 2404 4082 REMBERTPM
2460 4040 2956 4080 ARCHIEPISCOPUM
3007 4040 3577 4081 HAMMABURGENSEM.

2329 4117 2348 4142 ὐ
2567 4112 2751 4181 (ΑΠΠο
2790 4112 2940 4182 865.)

2422 4199 2597 4256 Pallii
2628 4216 2787 4254 usum
2816 4199 3076 4255 concedit.

1928 4320 2114 4394 [Apud
2149 4317 2566 4394 Lappemberg,
2596 4316 3048 4394 ῌιζνζηρμνθίιςςὴρδ
3092 4315 3574 4394 ΠνΙςιιηιίθηῦανεΙι,

2302 4387 2620 4460 Hamburgi
2657 4388 2812 4454 1842,
2845 4403 2902 4457 p.
2935 4387 3006 4440 29
3035 4389 3201 4458 seqq.]

1998 4509 2286 4564 NICOLAUS
2318 4505 2646 4577 episcopus,
2681 4519 2882 4559 servus
2924 4519 3222 4558 servorum
3256 4502 3377 4569 Dei,
3413 4519 3577 4559 reve-

157 4590 304 4645 h’ora
333 4599 464 4646 sunt
487 4593 716 4649 vulnera
745 4596 932 4661 amici,
949 4612 1114 4667 quam
1131 4595 1487 4666 fraudulenta-
1507 4597 1690 4652 oscula
1712 4597 1820 4652 ἰηί-
1849 4617 1896 4682 D
1927 4596 2262 4654 rentissimo
2280 4599 2337 4650 et
2357 4591 2729 4650 sanctissimo
2748 4591 3022 4647 confratri
3037 4595 3234 4646 nostro
3250 4591 3574 4661 RIMRERTO,

154 4681 294 4733 mici
323 4681 507 4747 (Prov.
543 4683 738 4752 xxvu).
772 4683 927 4739 Deus
959 4684 1330 4756 omnipotens
1363 4684 1708 4757 corimperii
1729 4703 1817 4740 ve-

155 4767 264 4822 stri
297 4768 371 4822 ad
403 4767 783 4842 intelligenda
804 4789 931 4844 quae
955 4772 1552 4840 dicimus,clementer
1572 4774 1811 4846 aperiat,

153 4861 214 4911 et
247 4856 418 4913 nobis
447 4859 686 4914 obedire
712 4859 769 4914 in
804 4861 895 4917 his
921 4862 991 4918 de
1019 4863 1236 4934 quibus
1268 4863 1603 4930 scribimus,
1639 4863 1816 4936 impe-

155 4948 315 5000 trare
347 4949 492 5001 nutu
525 4948 747 5003 intime
779 4949 1182 5022 inspirationis
1215 4968 1332 5007 sua:
1363 4951 1817 5024 dignetur,Chri-

157 5033 522 5092 stianissime
553 5042 609 5093 et
642 5038 1022 5095 dilectissime
1048 5040 1151 5095 ﬁli.

229 5123 510 5196 Quisquis
541 5131 740 5182 autem
762 5128 914 5184 hanc
935 5129 1244 5201 epistolam
1266 5133 1527 5184 nostram
1542 5129 1817 5186 Constan-

157 5211 408 5284 tinopoli
431 5212 635 5287 legerit
665 5221 722 5272 et
753 5219 1176 5290 augustissimo
1209 5217 1327 5274 filio
1345 5221 1541 5274 nostro
1564 5219 1817 5291 impera-

157 5301 272 5356 tori
305 5301 577 5359 Miehaeli
609 5306 933 5379 quidquam
965 5325 1034 5363 ex
1062 5307 1176 5376 his,
1203 5323 1330 5378 quae
1376 5307 1434 5362 in
1487 5325 1553 5364 ea
1601 5309 1820 5381 scripta

159 5395 309 5446 sunt
331 5391 726 5462 occultaverit,
743 5397 792 5451 si
823 5395 1018 5452 locum
1050 5397 1206 5469 apud
1238 5395 1406 5452 illum
1438 5399 1630 5470 potest
1658 5398 1818 5453 inve-

159 5478 285 5536 nire
316 5481 733 5554 sufﬁcientem,
749 5485 1063 5541 anathema
1094 5485 1169 5540 sit
1191 5485 1369 5558 (epist.
1405 5485 1513 5554 l0).
1543 5485 1819 5558 Quisquis

159 5567 334 5624 etiam
367 5569 789 5645 interpretatus
820 5591 949 5631 eam
981 5575 1155 5633 fuerit
1184 5578 1240 5630 et
1269 5591 1338 5630 ex
1377 5591 1442 5631 ea
1495 5574 1816 5648 quidquam

159 5659 495 5733 mutaverit,
528 5662 614 5722 vel
645 5663 1019 5736 subtraxerit,
1054 5669 1156 5724 aut
1184 5663 1818 5740 superaddiderit,prze-

1928 4685 2364 4757 archiepiscopo
2394 4680 2946 4753 Hammaburgensi.

1995 4775 2054 4831 Si
2087 4777 2347 4846 pastores
2379 4771 2572 4826 ovium
2609 4769 2789 4824 solem
2824 4769 3072 4842 geluque
3104 4785 3206 4840 pro
3240 4767 3434 4841 gregis
3484 4769 3576 4824 sui

1924 4863 2189 4920 custodia
2219 4860 2309 4916 die
2337 4876 2401 4914 ac
2430 4863 2596 4913 nocte
2628 4858 2776 4913 ferre
2809 4857 3063 4912 contenti
3097 4859 3254 4921 sunt,
3288 4861 3345 4910 et
3395 4860 3459 4910 ut
3503 4871 3575 4911 ne

1924 4969 2041 5024 qua
2070 4969 2138 5008 ex
2167 4950 2249 5006 eis
2277 4951 2378 5004 aut
2414 4946 2659 5002 errando
2712 4950 2926 5017 pereat,
2961 4949 3061 5000 aut
3108 4944 3311 5000 ferinis
3358 4942 3578 4998 laniata

1925 5042 2222 5098 morsibus
2253 5037 2534 5108 rapiatur,
2566 5035 2752 5090 oculis
2776 5051 3007 5106 semper
3053 5033 3432 5105 vigilantibus
3464 5031 3576 5087 cir-

1927 5131 2330 5203 cumspectant
2365 5143 2377 5180 :
2412 5129 2630 5197 quanto
2662 5124 2896 5192 sudore,
2932 5129 3272 5196 quantaque
3306 5138 3445 5176 cura
3477 5121 3573 5176 de-

1927 5223 2135 5277 bemus
2166 5234 2293 5274 esse
2323 5213 2648 5288 pervigiles,
2666 5231 2792 5281 nos,
2817 5213 2918 5284 qui
2951 5217 3214 5285 pastores
3244 5209 3574 5266 animarum

1929 5304 2580 5375 dicimur,attendamus
2598 5307 2653 5358 et
2675 5307 3012 5374 susceptum
3027 5300 3286 5356 ofﬁcium
3305 5298 3575 5354 exhibere

1926 5415 2065 5471 erga
2083 5394 2410 5451 custodiam
2437 5391 2872 5448 Dominicarum
2894 5389 3088 5446 ovium
3111 5406 3224 5445 non
3250 5403 3571 5455 cessemus,

1927 5505 1997 5542 ne
2029 5485 2086 5540 in
2121 5483 2212 5538 die
2244 5481 2422 5536 divini
2455 5480 2740 5536 examinis
2772 5497 2874 5552 pro
2924 5483 3123 5535 nostra
3172 5475 3394 5532 desidia
3440 5477 3574 5529 ante

1927 5589 2226 5632 summum
2259 5573 2553 5643 pastorem
2605 5569 2974 5643 negligentiae
3017 5573 3212 5624 reatus
3259 5563 3569 5621 excruciet.

1927 5664 2090 5724 Unde
2112 5660 2284 5720 modo
2309 5657 2547 5716 honoris
2567 5659 2883 5719 reverentia
2906 5657 3264 5719 sublimioris
3299 5654 3452 5711 inter
3472 5668 3576 5714 cte-
