3898 6212
354 358 472 418 963

1723 331 2036 414 NICULAI
2080 350 2309 410 paris
2352 346 2399 409 1.

3668 340 3778 399 964

351 495 508 545 teres
531 488 891 559 judicamur.
916 485 1163 542 Pallium
1197 490 1394 541 autem
1428 484 1777 540 fraternitati
1798 488 1911 539 tua:
1934 484 2007 539 ad
2036 485 2090 551 Α
2121 486 2500 553 tuam,quam
2527 479 2686 535 intus
2707 476 2970 551 epistolis
3001 476 3251 533 breviter
3269 471 3614 546 ascripsisti
3655 470 3783 527 licet

355 580 675 633 missarum
707 575 992 632 solemnia
1022 574 1371 630 celebranda
1419 574 1817 641 concedimus,
1852 574 2007 645 quod

352 664 456 720 tibi
490 682 606 720 non
639 664 827 733 aliter,
848 663 1117 719 Ecclesiae
1142 668 1253 719 tua;
1275 662 1595 736 privilegiis
1622 663 1679 716 in
1715 677 1821 716 suo
1852 666 2007 717 statu

357 752 755 821 manentibus,
789 752 875 807 uti
906 752 1214 825 largimur,
1242 752 1354 807 nisi
1388 750 1759 807 solummodo
1809 750 1869 804 in
1917 749 2011 805 die

354 847 567 899 sancta:
601 858 667 898 ac
696 842 1037 897 veneranda:
1065 840 1508 897 resurrectionis
1542 838 1773 895 Domini
1824 838 2009 893 nostri

350 932 489 988 Jesu
520 930 756 997 Christi,
790 946 892 986 seu
924 930 983 985 in
1012 928 1292 986 natalitiis
1326 934 1669 985 sanctorum
1718 926 2010 998 apostolo-

353 1038 510 1087 rum,
544 1024 717 1092 atque
746 1018 900 1075 beati
931 1018 1204 1091 Baptista:
1243 1017 1508 1083 Joannis,
1542 1033 1765 1072 necnon
1814 1015 1873 1070 in
1922 1032 2011 1071 as-

355 1109 692 1181 sumptione
722 1108 902 1163 beatae
926 1108 1027 1163 Dei
1048 1106 1349 1180 genitricis
1389 1104 1919 1177 Marim,simulque
1950 1104 2009 1159 in

354 1196 668 1254 Dominicae
700 1196 927 1251 Domini
949 1196 1050 1251 Dei
1079 1195 1264 1251 nostri
1288 1194 1607 1250 nativitatis
1635 1194 1748 1263 die,
1772 1193 2013 1265 pariter-

354 1302 468 1358 que
493 1287 552 1341 in
584 1284 974 1341 solemnitatis
1008 1283 1270 1341 Ecclesiae
1303 1289 1415 1339 tuae
1447 1284 1560 1351 die,
1592 1300 1792 1338 verum
1834 1281 2008 1337 etiam

351 1380 409 1430 et
435 1375 495 1429 in
526 1372 915 1431 ordinationis
945 1378 1058 1429 tua:
1083 1372 1346 1428 natalitio
1379 1373 1758 1429 concedimus
1789 1371 1905 1440 die,
1940 1371 2011 1426 si-

353 1463 473 1519 cuti
501 1481 536 1519 a
561 1462 902 1519 beatissimo
934 1462 1357 1535 praedecessore
1389 1466 1588 1517 nostro
1612 1461 1849 1516 domino
1872 1463 2009 1515 Gre-

350 1552 723 1624 gorio,hujus
743 1551 912 1607 alma:
934 1551 1090 1608 sedis
1112 1550 1670 1623 praesuli,sancitum
1700 1554 1806 1606 est.
1830 1554 1895 1604 In
1914 1566 2010 1613 se-

352 1641 597 1697 cretario
617 1658 749 1697 vero
776 1640 1016 1695 induere
1039 1646 1141 1696 tua
1162 1639 1493 1697 fraternitas
1517 1638 1759 1712 pallium
1778 1639 2006 1707 debeat,

352 1736 409 1786 et
438 1731 521 1786 ita
547 1730 619 1786 ad
648 1730 964 1786 missarum
998 1729 1284 1785 solemnia
1306 1729 1619 1802 proficisci,
1643 1733 1699 1784 et
1719 1728 1863 1783 nihil
1897 1727 2007 1783 sibi

353 1818 610 1891 amplius
628 1836 777 1874 ausu
801 1817 1119 1875 temeraria:
1141 1818 1617 1891 przesumptionis
1638 1832 2009 1891 arrogare,ne

352 1908 494 1963 dum
526 1908 586 1962 in
617 1906 884 1963 exteriori
918 1906 1121 1963 habitu
1154 1907 1482 1963 inordinate
1503 1906 1726 1979 aliquid
1764 1905 2006 1978 arripia-

342 2001 467 2062 tur,
490 1996 754 2052 ordinate
776 1996 1108 2068 etiam,qua3
1132 1994 1302 2052 licere
1325 2001 1613 2068 poterant,
1640 1995 2006 2051 amittantur.

353 2084 533 2157 Cujus
564 2084 843 2157 quoniam
865 2084 1196 2139 indumenti
1226 2085 1415 2140 honor
1457 2085 1724 2139 modesta
1770 2088 2007 2138 actuum

357 2173 661 2229 vivacitate
696 2172 1018 2228 servandus
1049 2178 1156 2238 est,
1180 2172 1487 2227 hortamur
1509 2177 1571 2227 ut
1592 2178 1650 2227 et
1680 2177 1891 2227 cuncta
1920 2188 2009 2226 or-

358 2265 636 2317 namenta
665 2261 1031 2328 conveniant,
1066 2265 1358 2334 quatenus
1408 2269 1641 2323 auctore
1690 2261 1806 2317 Deo
1857 2265 2008 2317 recte

346 2350 663 2421 utrobique
694 2350 888 2422 possis
919 2366 1048 2406 esse
1070 2351 1440 2421 conspicuus.
1460 2355 1663 2421 Itaque
1692 2350 1810 2404 vita
1830 2354 1932 2405 tua
1948 2351 2011 2404 fi-

351 2438 449 2494 liis
472 2439 587 2494 tuis
619 2438 698 2493 sit
724 2437 954 2511 regula;
980 2439 1040 2493 in
1064 2438 1213 2510 ipsa,
1231 2439 1278 2494 si
1312 2456 1428 2510 qua
1460 2439 1739 2494 fortitudo
1777 2438 1893 2494 illis
1924 2439 2009 2494 in-

345 2529 504 2600 jecta
523 2528 946 2601 est,dirigatur,
967 2527 1026 2582 in
1059 2529 1315 2600 ea,quod
1338 2528 1663 2594 imitentur,
1687 2528 2003 2600 aspiciant;

351 2617 411 2672 in
443 2616 572 2688 ipsa
602 2634 663 2673 se
696 2632 927 2688 semper
954 2617 1378 2673 considerando
1403 2616 2003 2689 proﬁciant,uttuum,

353 2710 486 2779 post
516 2705 854 2773 Dominum,
886 2705 1152 2760 videatur
1200 2723 1349 2771 esse,
1378 2706 1525 2761 bene
1575 2706 1731 2776 quod
1766 2708 1854 2776 ΠΖ,
1879 2721 2007 2761 esse

352 2794 576 2849 bonum
611 2795 746 2866 quo]
770 2794 1036 2850 vixerint.
1052 2797 1160 2850 Cor
1189 2811 1325 2867 ergo
1349 2811 1537 2865 neque
1578 2811 1859 2867 prospera
1879 2811 2005 2866 quae

350 2881 754 2955 temporaliter
782 2882 1184 2950 blandiuntur,
1209 2882 1511 2950 extollant,
1545 2899 1734 2954 neque
1764 2883 2008 2938 adversa

351 2970 645 3039 deficiant,
661 2971 762 3027 sed
791 2970 1076 3043 quidquid
1101 2970 1244 3026 illud
1267 2971 1460 3039 fuerit,
1479 2972 1691 3026 virtute
1715 2970 2005 3043 patientiae

351 3060 709 3115 devincatur.
731 3058 971 3115 Nullum
998 3060 1149 3131 apud
1183 3064 1238 3115 te
1269 3058 1462 3116 locum
1494 3060 1647 3127 odia,
1670 3058 1898 3115 nullum
1923 3059 2005 3115 fa-

352 3165 452 3204 vor
483 3148 838 3204 indiscretus
870 3148 1195 3216 inveniant;
1230 3149 1562 3204 districtum
1595 3148 1734 3204 mali
1786 3164 2005 3221 cogno-

353 3242 548 3305 scant;
573 3238 868 3293 insontem
899 3238 1054 3309 apud
1088 3242 1143 3292 te
1160 3235 1512 3308 culpabilem
1536 3238 1833 3309 suggestio
1852 3237 2006 3293 mala
2036 3224 2078 3291 C

354 3344 468 3382 non
500 3326 692 3394 faciat,
709 3330 1013 3382 nocentem
1045 3325 1232 3399 gratia
1262 3342 1376 3381 non
1404 3331 1666 3394 excuset;
1688 3327 2004 3382 remissum

353 3419 409 3472 te
436 3414 913 3487 delinquentibus
944 3431 1059 3469 non
1093 3415 1386 3485 ostendas,
1408 3431 1481 3469 ne
1511 3416 1665 3487 quod
1699 3414 1859 3472 ultus
1890 3432 2007 3471 non

353 3503 887 3575 fueris,perpetrari
920 3502 1242 3574 permittas.
1275 3503 1360 3557 Sit
1388 3503 1448 3557 in
1479 3507 1535 3558 te
1558 3508 1614 3559 et
1645 3503 1783 3559 boni
1815 3509 2007 3576 pasto-

354 3592 434 3647 ris
469 3591 735 3659 dulcedo,
769 3590 847 3645 sit
880 3592 1180 3662 etjudicis
1228 3608 1426 3648 severa
1475 3592 1783 3658 districtio,
1820 3610 2005 3649 unum

354 3680 578 3735 scilicet
608 3680 764 3751 quod
795 3680 1135 3735 innocenter
1162 3681 1420 3737 viventes
1453 3682 1825 3750 foveat,aliud
1850 3684 2005 3754 quod

354 3768 650 3840 inquietos
683 3768 972 3824 feriendos
1002 3787 1036 3824 a
1066 3770 1348 3841 pravitate
1366 3776 1716 3842 compescat.
1734 3771 1843 3827 Sed
1870 3787 2008 3842 quo-

353 3857 514 3912 niam
546 3874 973 3930 nonnunquam
1014 3859 1460 3931 praepositorum
1510 3858 1692 3928 zelus,
1725 3859 1867 3914 dum
1917 3859 2005 3915 di-

352 3945 592 4001 strictus
624 3946 911 4003 malorum
961 3947 1085 4003 vult
1130 3947 1338 4003 vindex
1368 3947 1633 4015 existere,
1664 3948 1899 4004 transiit
1944 3949 2005 4004 in

351 4035 754 4092 crudelitatem
775 4036 1081 4108 correptio,
1099 4036 1245 4092 iram
1268 4037 1494 4109 judicio
1525 4037 1755 4094 refrena
1783 4042 1839 4093 et
1870 4054 2004 4093 cen-

350 4140 491 4179 sura
520 4123 842 4196 disciplinaa
875 4125 960 4180 sic
990 4130 1175 4192 utere,
1214 4130 1279 4181 ut
1308 4130 1365 4182 et
1406 4126 1609 4198 culpas
1658 4126 1852 4193 ferias,
1886 4130 1942 4182 et
1973 4143 2007 4182 a

351 4212 660 4268 dilectione
691 4229 1096 4284 personarum,
1130 4232 1279 4287 quas
1305 4215 1572 4289 corrigis,
1604 4232 1721 4270 non
1744 4216 2001 4272 recedas.

352 4300 784 4357 Misericordem
815 4307 895 4370 te,
928 4307 1117 4374 prout
1140 4304 1325 4360 virtus
1368 4304 1608 4377 patitur,
1647 4305 2005 4377 pauperibus

352 4389 577 4457 exhibe,
593 4390 890 4462 oppressis
912 4392 1171 4448 defensio
1195 4397 1297 4449 tua
1316 4392 1643 4460 subveniat,
1669 4393 2004 4465 opprimen-

350 4479 511 4544 tibus
544 4479 810 4536 modesta
838 4481 1114 4538 correctio
1145 4482 1523 4549 contradicat,
1552 4480 1775 4536 nullius
1798 4482 2002 4538 faciem

350 4572 554 4623 contra
576 4568 873 4639 justitiam
904 4570 1179 4642 aspicias,
1214 4570 1445 4625 nullum
1468 4572 1811 4640 querentem
1835 4571 2004 4641 justa

350 4656 659 4728 despicias.
692 4657 969 4715 Custodia
998 4658 1057 4712 in
1088 4662 1144 4713 te
1173 4656 1468 4729 aequitatis
1493 4656 1755 4725 excellat,
1789 4662 1853 4712 ut
1901 4675 2006 4714 nec

349 4744 589 4800 divitem
620 4745 879 4817 potentia
904 4762 1011 4800 sua
1042 4745 1266 4816 aliquid
1292 4745 1448 4815 apud
1498 4762 1600 4800 vos
1648 4749 1809 4801 extra
1851 4746 2004 4802 viam

349 4834 593 4889 suadeat
638 4833 880 4889 rationis
924 4833 1158 4897 audere,
1188 4849 1293 4887 nec
1345 4848 1663 4904 pauperem
1710 4833 1781 4888 de
1808 4850 1868 4888 re
1898 4851 2006 4891 sua

352 4920 522 4976 faciat
550 4920 853 4978 humilitas
875 4921 1206 4992 desperare.
1227 4922 1525 4985 Quatenus
1549 4926 1661 4976 Deo
1687 4921 2004 4979 miserante

349 5008 484 5063 talis
507 5009 697 5081 possis
718 5008 1225 5080 existere,qualem
1245 5025 1412 5064 sacra
1444 5008 1613 5066 lectio
1643 5011 1906 5084 praecipit
1921 5013 2003 5068 di-

350 5114 488 5153 cens
523 5113 535 5151 :
573 5097 791 5169 Oportet
820 5099 1127 5168 episcopum
1158 5097 1692 5167 irreprehensibilem
1728 5117 1860 5156 esse.
1887 5102 1999 5157 Sed

351 5184 447 5240 his
490 5186 767 5241 omnibus
817 5185 901 5239 uti
955 5183 1267 5240 salubriter
1306 5186 1543 5257 poteris,
1576 5186 1625 5242 si
1657 5188 2000 5260 magistram

352 5273 700 5329 charitatem
758 5271 1058 5340 habueris,
1092 5289 1268 5345 quam
1315 5275 1415 5347 qui
1468 5281 1703 5332 secutus
1751 5278 1927 5333 tuerit
1972 5295 2006 5333 a

352 5367 507 5418 recto
555 5360 873 5433 aliquando
921 5360 1152 5418 tramite
1202 5379 1318 5419 non
1357 5366 1594 5421 recedit.
1628 5366 1791 5435 Ecce,
1828 5367 2007 5423 frater

350 5448 880 5517 charissime,inter
900 5448 1085 5506 multa
1105 5450 1220 5508 alia
1240 5453 1356 5509 ista
1376 5459 1517 5511 sunt
1538 5456 1870 5523 sacerdotii,
1894 5455 2006 5512 ista

351 5541 492 5592 sunt
520 5534 703 5608 pallii,
739 5552 867 5609 quae
898 5537 947 5593 si
979 5541 1239 5599 studiose
1287 5542 1624 5612 servaveris,
1658 5543 1812 5616 quod
1863 5544 2006 5600 foris

353 5623 647 5700 accepisse
677 5624 1024 5699 ostenderis,
1057 5630 1217 5690 intus
1257 5631 1524 5691 habebis.
1560 5631 1760 5689 Fidem
1811 5634 2008 5692 autem

2116 569 2294 625 latius
2326 568 2637 642 explanare
2669 567 2977 633 debueras,
3009 566 3383 636 Redemptori
3430 568 3640 617 tamen
3686 578 3782 615 no-

2118 662 2238 714 stro
2268 659 2519 731 gratiam
2538 655 2956 729 agimus,quod
2975 671 3104 710 eam
3126 653 3184 709 in
3203 653 3335 725 ipsa
3345 653 3481 723 jam
3503 648 3784 704 brevitate

2118 752 2333 802 rectam
2367 763 2495 802 esse
2524 743 2925 818 cognovimus.
2960 744 3176 799 Sancta
3204 741 3471 797 Trinitas
3512 736 3784 793 fraterni-

2116 840 2299 891 tatem
2330 839 2583 891 vestram
2614 833 2813 907 gratiaz
2844 851 2963 890 suae
3012 832 3375 905 protectione
3426 826 3782 889 circumdet,

2118 928 2294 995 atque
2323 923 2407 979 ita
2436 923 2494 978 in
2520 922 2752 978 timoris
2784 921 2875 977 sui
2904 922 2999 977 via
3028 938 3134 977 nos
3166 919 3479 992 dirigat,ut
3505 920 3651 989 post
3666 914 3784 969 vita:

2118 1012 2297 1083 hujus
2328 1012 2751 1067 amaritudines
2800 1011 2874 1067 ad
2922 1014 3199 1065 aeternam
3250 1005 3432 1063 simul
3480 1002 3783 1078 pervenire

2118 1099 2486 1155 dulcedinem
2518 1116 2868 1156 mereamur.

2193 1188 2489 1262 Scriptum
2520 1205 2623 1261 per
2643 1205 2885 1244 manum
2909 1186 3219 1253 Zacharias,
3245 1184 3547 1241 scriniarii
3574 1186 3782 1239 sanctae

2119 1278 2393 1334 Romanae
2437 1278 2727 1345 Ecclesiae,
2760 1278 2820 1333 in
2879 1293 3083 1334 mense
3138 1274 3482 1339 Decembre,
3518 1273 3785 1328 indictio-

2119 1385 2190 1423 ne
2219 1384 2332 1423 XIV.

2777 1500 3114 1555 LXXXVIII.

2116 1616 2189 1656 AD
2240 1616 2589 1656 BERNABDL'M
2639 1616 2957 1655 ILLUSTREM
3000 1615 3189 1654 VIRUM
3234 1614 3435 1653 Ριωωι
3486 1613 3778 1652 ΒΕΒΧΑῐιοῐ

2429 1688 2580 1734 QUON
2590 1688 2706 1725 ΒΑΜ
2741 1688 2903 1726 BARCI
2914 1686 3186 1725 VONENSIS
3211 1685 3465 1725 COMITIS.

2406 1787 2844 1860 Fragmentum.
2904 1818 2971 1826 —
3034 1786 3244 1855 (Anno
3306 1787 3482 1853 865.)

2333 1904 2500 1959 Illum
2528 1906 2593 1959 ob
2623 1902 3055 1976 depraedationes
3083 1903 3287 1958 multa:
3316 1903 3577 1972 corripit.

2634 2028 2821 2099 [Apud
2857 2026 3065 2096 Mansi,
3100 2026 3261 2097 ibid.)

2188 2171 2351 2226 Curae
2379 2187 2558 2242 quam
2590 2187 2694 2242 pro
2725 2171 2954 2226 cunctis
2989 2170 3088 2225 Dei
3129 2168 3406 2225 Ecclesiis
3438 2169 3774 2224 circumdu-

2119 2259 2310 2315 cimus
2344 2259 2602 2315 officium
2637 2276 2744 2314 nos
2771 2259 2925 2332 cogit
2944 2277 3048 2331 pro
3075 2260 3488 2315 universorum
3508 2257 3777 2312 Christia-

2124 2366 2335 2404 norum
2370 2347 2565 2403 salute
2604 2350 2725 2404 fore
2756 2348 3058 2404 sollicitos.
3092 2348 3493 2411 Quamobrem
3527 2351 3590 2402 et
3633 2347 3703 2401 de
3730 2352 3776 2400 te

2119 2454 2353 2511 quoque
2384 2437 2815 2509 providentiam
2843 2442 3105 2511 agentes,
3133 2437 3434 2502 audimus,
3473 2436 3637 2508 quod
3673 2452 3773 2489 non

2117 2527 2488 2598 optabamus,
2525 2526 2608 2581 ita
2636 2530 2691 2580 te
2721 2531 2924 2582 contra
2951 2526 3133 2581 Deum
3163 2525 3356 2581 efferri
3393 2530 3458 2579 ut
3499 2525 3773 2579 Christia-

2116 2632 2259 2670 num
2278 2615 2562 2687 pupulum
2587 2614 2932 2686 depraedans
2956 2615 3012 2669 in
3037 2630 3213 2686 regno
3236 2613 3341 2668 ﬁlii
3367 2614 3558 2668 nostri
3574 2613 3775 2685 glorio-

2116 2705 2165 2759 si
2198 2704 2349 2777 regis
2376 2702 2562 2759 Caroli
2594 2720 2910 2759 numerosa
2940 2701 3098 2758 mala
3125 2718 3416 2769 exerceas,
3451 2702 3673 2757 adeo...

2805 2871 3087 2927 LXXXIX.

2240 2987 2312 3025 AD
2352 2987 2695 3026 HINCMARUM
2732 2985 3234 3025 ARCHIEPISCOPUM
3275 2985 3657 3025 ιηιελιεηευι.

2756 3086 2940 3157 (Anno
2970 3085 3123 3153 866.)

2116 3200 2393 3273 Synodum
2418 3219 2518 3274 pro
2543 3218 2724 3274 causa
2777 3201 2997 3273 Wl/‘adz',
3028 3209 3081 3257 et
3123 3203 3397 3274 sociorum
3447 3202 3584 3273 ejus,
3629 3200 3775 3273 apud

2523 3273 2865 3329 Suessionem
2894 3275 3183 3329 convocari
3199 3273 3377 3344 jubet.

2185 3418 2473 3470 Nicouws
2503 3414 2834 3488 episcopus,
2868 3432 3071 3471 servus
3108 3431 3409 3471 servorum
3463 3414 3580 3482 Dei,
3614 3430 3772 3470 reve-

2115 3503 2449 3559 rentissimo
2470 3509 2527 3560 et
2547 3503 2923 3560 sanctissimo
2944 3503 3223 3560 confratri
3246 3509 3445 3559 nostro
3472 3505 3772 3559 "INCMARO

2117 3592 2551 3665 archiepiscopo
2583 3592 2920 3649 Rhemensi.

2189 3681 2507 3737 Multorum
2554 3699 2588 3738 a
2639 3681 2903 3754 partibus
2955 3681 3275 3738 Galliarum
3324 3682 3396 3737 ad
3450 3680 3659 3736 limina
3686 3682 3770 3737 vel

2117 3770 2313 3825 sedem
2346 3771 2770 3826 conﬂuentium
2803 3771 3183 3843 apostolicam
3231 3770 3514 3826 relatione
3563 3770 3771 3825 didici-

2116 3877 2269 3927 mus,
2299 3860 2671 3916 sanctitatem
2719 3865 2884 3916 tuam
2931 3861 3217 3932 quosdam
3269 3858 3535 3925 clericos,
3567 3858 3669 3931 qui
3702 3859 3772 3914 de

2115 3948 2552 4005 consecratione
2569 3949 2800 4005 fuerant
2822 3948 3077 4005 Ebbonis
3100 3949 3397 4021 quondam
3422 3947 3772 4004 Rhemensis

2115 4037 2371 4105 antistis,
2403 4037 2656 4111 propriis
2685 4038 2966 4111 gradibus
2997 4037 3589 4110 pepulisse.Quorum
3610 4037 3771 4107 deje-

2115 4127 2366 4182 ctionem
2397 4126 2723 4195 audientes,
2747 4127 2885 4200 quia
2904 4125 3133 4183 etiamsi
3156 4125 3315 4181 nullo
3338 4123 3576 4198 speciali
3598 4124 3773 4196 privi-

2114 4215 2265 4288 legio
2296 4216 2369 4271 ad
2400 4215 2553 4272 hanc
2582 4217 2902 4272 curandam
2926 4214 3327 4288 principaliter
3366 4214 3770 4277 incitaremur,

2113 4304 2410 4377 oppressis
2432 4309 2631 4361 tamen
2652 4303 3045 4370 subvenire,et
3066 4303 3140 4359 ad
3159 4302 3495 4375 exemplum
3522 4302 3774 4358 Domini-

2113 4409 2246 4449 cum
2268 4392 2444 4449 elisos
2473 4394 2693 4467 erigere
2723 4398 2778 4449 et
2810 4392 3170 4464 compeditos
3202 4390 3425 4448 solvere
3455 4408 3564 4447 nos
3598 4407 3770 4461 opor-

2111 4484 2376 4566 tet('Psat.
2399 4498 2470 4537 cx
2482 4483 2591 4551 LV),
2616 4499 2801 4555 operis
2832 4481 3082 4553 pretium
3116 4480 3395 4537 duximus
3423 4480 3486 4535 in
3518 4480 3773 4536 archivis

2032 4593 2080 4656 Β
2112 4574 2326 4626 sancte
2360 4570 2659 4637 Romanae,
2688 4570 2782 4626 cui
2812 4571 2929 4626 Deo
2977 4575 3215 4627 auctore
3261 4568 3647 4632 deservimus,
3674 4569 3774 4624 Ec-

2114 4658 2303 4715 clesiae
2336 4658 2661 4715 studiosius
2681 4664 3022 4731 quaerere,et
3050 4658 3101 4715 si
3131 4658 3350 4731 scripto
3378 4657 3529 4713 forte
3549 4673 3771 4713 memo-

2113 4747 2203 4802 ria
2232 4746 2505 4820 quaelibet
2536 4748 2692 4820 apud
2724 4764 2852 4815 nos,
2871 4747 2991 4803 sive
3020 4747 3092 4802 de
3117 4746 3258 4814 illis,
3289 4745 3411 4802 sive
3439 4747 3512 4801 de
3541 4746 3772 4802 ordina-

2111 4840 2235 4892 tore
2256 4837 2520 4909 ipsorum
2542 4840 2697 4893 esset
2719 4836 3035 4902 recondita,
3062 4835 3377 4908 diligenter
3395 4834 3769 4907 investigare,

2112 4926 2268 4996 quod
2299 4930 2356 4981 et
2386 4926 2652 4981 fecimus.
2683 4925 2984 4998 Siquidem
3016 4942 3085 4980 ex
3112 4924 3207 4979 his
3244 4923 3607 4996 quibusdam
3654 4923 3769 4979 Deo

2112 5014 2409 5069 revelante
2438 5013 3106 5087 repertis,nihilominus
3138 5014 3313 5069 etiam
3355 5012 3592 5068 concilii
3616 5012 3767 5083 quod

2110 5101 2282 5157 nobis
2311 5103 2436 5174 ipse
2458 5103 2692 5170 misisti,
2707 5102 2976 5159 videlicet
2996 5102 3054 5157 in
3077 5118 3193 5174 quo
3216 5101 3555 5174 praesignati
3578 5099 3767 5156 clerici

2110 5190 2411 5263 degradati
2444 5195 2601 5261 sunt,
2622 5196 2752 5247 acta
2782 5190 3121 5264 relegimus.
3140 5191 3252 5247 Sed
3281 5190 3375 5246 his
3407 5188 3767 5255 omnibus,id

2111 5284 2201 5335 est
2232 5284 2351 5336 tam
2382 5279 2499 5337 illis
2533 5281 2955 5348 monumentis,
2973 5297 3100 5352 qua:
3122 5296 3301 5352 penes
3322 5296 3431 5335 nos
3456 5279 3767 5341 habentur,

2115 5384 2292 5439 quam
2325 5369 2420 5426 his
2453 5387 2581 5443 qua:
2611 5370 2893 5425 sanctitas
2924 5373 3029 5425 tua
3081 5367 3251 5425 nobis
3301 5368 3644 5434 destinavit,
3668 5366 3767 5422 rite

2115 5455 2891 5531 collectis,enucleanterque
2922 5456 3527 5525 recensitis,nondum
3547 5455 3761 5528 liquido

2115 5550 2275 5618 patet
2293 5548 2531 5604 eosdem
2564 5547 2806 5606 clericos
2828 5546 3176 5621 regulariter
3194 5546 3381 5620 gradu
3414 5547 3654 5620 proprio
3680 5561 3763 5601 ca-

2118 5632 2326 5693 ruisse.
2342 5635 2556 5696 Verum
2593 5654 2700 5696 nos
2723 5654 2827 5697 nec
2849 5636 2957 5697 hos
2979 5636 3216 5695 interim
3235 5635 3761 5710 justiﬁcamus,nec
