3898 6212
47 400 165 469 969

1264 404 1670 469 ῙζΡΙΞΤΟΙΛΕ
1712 405 1812 469 ΕΤ
1854 405 2235 467 ΠΕΟΒΕΤΑ.

3344 411 3463 477 9το

46 531 262 593 sentire
292 531 480 599 solius
510 549 637 615 εξυωῖ
655 532 1018 590 auctoritatis
1040 551 1188 590 ausu
1220 536 1543 603 veretur,ad
1565 553 1699 593 con-
1729 538 1783 604 Α
1816 554 1932 593 non
1963 537 2304 607 detrectent,
2338 538 2491 595 sicut
2520 554 2581 596 se
2612 539 2831 597 habent
2861 544 3240 598 monumenta
3269 542 3463 599 deces-

44 620 375 677 vocandum
407 620 697 677 statutum
731 621 1020 679 sententia
1052 628 1251 680 nostra
1274 624 1400 695 jam
1433 625 1702 697 designa-

45 714 174 766 tum
206 710 842 785 concilium,epistolas
877 716 1104 769 nostras
1134 713 1245 768 sibi
1278 711 1499 773 delatas
1519 713 1701 782 vobis,

47 799 265 872 quibus
284 817 318 857 a
340 799 509 857 nobis
527 799 826 857 destinatae
850 800 1247 869 sunt,mittere
1264 806 1510 874 satagat.
1531 802 1705 867 Quid-

45 888 188 961 quid
219 906 352 946 vero
382 888 441 944 in
474 888 718 946 concilio
750 889 924 945 fuerit
954 907 988 947 a
1016 890 1181 947 vobis
1206 888 1600 948 examinatum
1626 896 1705 948 at-

46 996 161 1051 que
192 982 515 1052 repertum,
538 978 650 1035 sub
680 983 981 1054 gestorum
1015 980 1163 1035 serie
1192 980 1533 1036 discretioni
1566 998 1701 1037 nos-

41 1072 167 1136 tra,
200 1066 354 1123 sicut
401 1068 732 1123 veneranda
781 1067 1011 1124 decreta
1058 1072 1347 1137 statuunt,
1379 1069 1612 1139 mittite,
1646 1074 1703 1127 et

41 1162 254 1219 nostra:
283 1156 613 1212 auctoritati
648 1173 777 1228 quas
828 1156 1087 1213 salubria
1136 1157 1492 1214 videbuntur
1530 1160 1701 1215 robo-

41 1245 230 1299 randa
278 1244 450 1318 plena
495 1243 771 1317 fidelique
805 1243 1086 1301 relatione
1122 1244 1373 1319 dirigite.
1416 1246 1699 1319 Optamus

38 1333 465 1390 fraternitatem
494 1338 753 1391 vestram
802 1333 863 1389 in
910 1333 1137 1390 Christo
1186 1351 1342 1390 nunc
1385 1339 1441 1391 et
1470 1353 1701 1409 semper

36 1422 190 1481 bene
217 1421 430 1479 valere.
454 1422 602 1479 Data
631 1440 690 1479 IlI
720 1422 916 1480 Nonas
944 1422 1194 1497 Apriles,
1226 1423 1546 1482 indictione
1580 1443 1695 1483 x1v.

35 1511 103 1566 Et
131 1512 231 1567 hoc
262 1519 447 1568 tenore
494 1518 802 1568 constantes
845 1512 1036 1571 missa
1081 1520 1211 1569 sunt
1255 1513 1387 1570 aliis
1434 1515 1698 1586 episcopis

33 1600 382 1656 diversarum
405 1602 841 1674 provinciarum.

800 1716 937 1774 XCI.

264 1830 338 1869 ΑΙ)
376 1829 766 1889 ΡΕΒᾞΝῙΑΝΠΜ
802 1830 1128 1870 EPISGOPUM
1167 1830 1480 1871 DOLENSEM.

687 1902 875 1976 (Anno
904 1904 1057 1972 866.)

33 1999 337 2071 Redarguit
363 2015 490 2057 eum
519 2000 659 2071 quod
685 2000 800 2056 sibi
831 2017 957 2057 cum
1000 2000 1185 2057 debita
1230 2004 1536 2058 reverentia
1579 2019 1696 2058 non

103 2073 404 2144 scripserit,
461 2071 793 2144 mandatque
848 2081 911 2129 ut
968 2074 1328 2129 Turonensem
1396 2075 1692 2130 Ecclesium

102 2143 589 2218 νηειζολυοζίιςιηατη⁸
620 2143 896 2212 agnoscat,
930 2145 1043 2201 nisi
1088 2147 1431 2201 contrarium
1476 2147 1695 2218 scriptis

106 2213 443 2270 authenticis
465 2214 671 2287 probet.

558 2302 749 2377 [Apud
782 2302 989 2371 Mansi,
1024 2304 1183 2377 ibid.]

103 2399 449 2463 Dilectionis
495 2404 722 2470 vestrae,
754 2417 1101 2474 quanquam
1148 2401 1276 2458 sine
1306 2400 1694 2475 impressione

36 2487 335 2564 signaculi
365 2488 621 2545 nominis
643 2487 914 2560 alicujus,
934 2490 1223 2563 susceptis
1255 2490 1695 2564 apicibus,mul-

34 2584 92 2634 to
124 2577 302 2634 aliter
329 2594 505 2651 quam
528 2578 890 2650 apostolatus
922 2577 1106 2634 nostri
1139 2595 1557 2636 monueramus
1598 2579 1692 2636 lit—

34 2666 204 2738 teris,
228 2667 289 2721 in
320 2666 403 2722 eis
434 2683 534 2723 vos
565 2666 895 2739 scripsisse,
925 2667 1043 2722 imo
1073 2667 1262 2739 egisse
1292 2668 1689 2742 cognovimus.

33 2756 185 2812 Nam
241 2755 303 2810 in
334 2756 522 2811 fronte
568 2756 792 2831 paginae
838 2751 1042 2812 vestra:
1083 2760 1341 2812 vestrum
1375 2758 1693 2830 apostolico

33 2844 268 2900 nomini
298 2862 413 2900 non
435 2844 600 2900 veriti
621 2844 763 2900 estis
792 2845 1477 2918 prmponere,temeritate
1501 2848 1693 2919 potius

33 2950 217 3006 quam
251 2932 626 3007 simplicitate
667 2950 910 3004 prorsus
941 2937 1193 2989 utentes.
1226 2935 1336 2990 Sed
1386 2951 1521 2990 cum
1563 2936 1692 3007 jam

33 3038 139 3097 pro
171 3020 288 3078 hoc
319 3021 447 3095 ipso
479 3021 698 3077 factum
720 3025 980 3078 vestrum
1006 3022 1694 3096 reprehenderimus,val-

33 3110 100 3167 de
134 3110 429 3167 miramur
457 3127 561 3169 cur
590 3127 706 3166 non
739 3109 1109 3185 resipiscitis,
1142 3112 1382 3168 modum
1430 3117 1692 3170 vestrum

33 3199 284 3257 minime
303 3200 864 3266 transcendentes,et
880 3217 995 3272 quo
1014 3217 1127 3255 non
1157 3200 1692 3274 congruit,gressus

35 3289 321 3344 ducentes
346 3305 359 3343 :
383 3306 486 3362 pro
517 3288 733 3365 quibus
766 3287 892 3344 sine
921 3306 1181 3362 congrua
1204 3290 1551 3357 invectione,
1576 3308 1691 3348 non
1723 3271 1767 3341 C

35 3380 154 3445 iam
189 3375 645 3445 evaderitis,nisi
673 3395 778 3433 nos
813 3382 1007 3433 utrum
1032 3395 1066 3433 a
1087 3379 1350 3445 vobis,an
1376 3396 1491 3435 non
1514 3379 1691 3436 iidem

35 3467 236 3538 apices
270 3465 545 3521 destinati
575 3471 791 3528 essent.
817 3465 918 3539 qui
949 3465 1115 3540 signo
1148 3473 1336 3524 vestro
1368 3485 1562 3525 carere
1616 3469 1692 3524 vi-

35 3555 353 3623 debantur,
394 3553 638 3611 intentio
683 3555 895 3611 dubios
944 3556 1232 3623 redderet,
1263 3561 1321 3612 et
1376 3557 1694 3630 apostolica

35 3644 432 3701 mansuetudo
464 3643 842 3700 correctionis
868 3643 1061 3701 adhuc
1110 3650 1347 3719 tempus
1395 3664 1557 3702 more
1599 3665 1692 3703 so-

35 3733 138 3788 lito
190 3731 535 3805 protelaret;
578 3732 734 3805 quod
788 3735 984 3788 tamen
1043 3732 1358 3801 evidenter,
1405 3738 1693 3807 quantum

35 3819 385 3879 :orrectioni
415 3819 819 3878 ecclesiasticae
853 3839 955 3895 pro
985 3826 1106 3878 tam
1157 3823 1572 3895 przesumptiva
1612 3825 1694 3879 fa-

35 3910 231 3966 :tione
262 3910 566 3982 subjacerc
587 3910 918 3985 pavescitis.
952 3911 1367 3968 Monueramus
1399 3910 1692 3984 siquidem

35 3998 283 4072 vos,qui
317 3997 477 4072 pallii
510 4016 685 4057 usum
708 3998 969 4072 quaeritis
1000 3999 1233 4057 Dolensi
1266 4000 1533 4057 Ecclesiae
1565 4002 1693 4056 des—

35 4088 237 4157 ;inari,
271 4091 339 4143 ut
368 4087 585 4163 scripta
604 4085 705 4143 illa
726 4105 853 4160 qua
882 4088 954 4145 ab
985 4089 1301 4163 apostolica
1334 4093 1536 4146 nostra
1555 4091 1692 4147 sede

35 4177 497 4252 prmdecessores
526 4177 703 4233 vestri
739 4176 800 4233 in
832 4177 1204 4251 susceptione
1232 4177 1391 4252 pallii
1430 4195 1694 4251 percepe-

35 4270 189 4334 .‘ant,
226 4265 400 4327 nobis
428 4265 820 4336 direxissetis;
847 4271 1138 4339 quatenus
1162 4284 1289 4336 nos,
1321 4266 1540 4324 eisdem
1559 4265 1690 4323 dili-

35 4360 243 4431 genter
271 4354 576 4429 inspectis,
598 4372 703 4430 per
733 4355 1107 4425 decessorum
1139 4361 1474 4413 nostrorum
1516 4356 1693 4413 vesti-

35 4443 130 4519 ;ia
162 4445 584 4521 gauderemus,
618 4443 1151 4518 subjungentes,ut
1179 4445 1458 4520 epistolis,
1490 4450 1693 4519 quate-

36 4552 149 4589 nus
181 4531 375 4605 magis
406 4531 628 4589 creduli
662 4533 1058 4603 redderemur,
1093 4551 1227 4590 cum
1279 4534 1594 4608 episcopali
1639 4540 1696 4592 et

1726 1904 1775 1969 B

1815 643 2014 682 sorum
2048 630 2382 683 nostrorum
2414 628 2757 699 pontificum
2790 634 2847 685 et
2888 631 3150 702 priorum
3194 630 3462 703 exempla

1813 714 2114 771 evidenter
2142 716 2477 773 ostendunt.
2512 716 2657 783 Quia
2685 734 2810 784 vos,
2841 717 2943 789 qui
2975 723 3201 774 tantum
3233 723 3458 791 septem

1813 803 2120 876 episcopos
2150 803 2397 877 habetis,
2412 821 2541 877 quae
2566 822 2746 861 causa
2771 805 3173 862 ecclesiasticae
3203 807 3460 863 traditio-

1814 891 1906 947 nis
1927 909 2026 948 vos
2049 892 2204 949 sinat
2226 893 2440 949 habere
2461 893 2851 965 metropolim,
2866 893 3234 967 ignoramus;
3257 896 3458 966 praeci-

1812 998 1925 1055 pue
1956 998 2091 1038 cum
2123 982 2435 1057 episcopus
2463 1000 2577 1038 non
2609 1000 2644 1038 a
2675 988 2917 1055 septem,
2951 984 3051 1039 sed
3086 1001 3119 1038 a
3149 983 3456 1041 duodecim

1811 1069 2002 1126 audiri
2034 1070 2432 1143 praecipiatur;
2466 1076 2523 1127 et
2561 1088 2694 1126 cum
2745 1071 2997 1143 alicujus
3046 1072 3262 1145 negotii
3309 1072 3461 1129 inter

1807 1175 1910 1216 vos
1959 1176 2137 1216 causa
2182 1160 2521 1216 ventilanda
2567 1161 2887 1227 emerserit,
2933 1178 3060 1233 qua:
3101 1162 3459 1219 duodenario

1809 1266 2054 1306 numero
2084 1248 2493 1322 episcoporum
2525 1250 2731 1306 debeat
2775 1250 2986 1318 audiri,
3020 1267 3154 1306 cum
3200 1251 3273 1307 ob
3312 1251 3459 1308 divi-

1807 1338 2032 1394 sionem
2067 1338 2231 1411 regni
2258 1338 2433 1393 vicini
2466 1354 2579 1394 non
2612 1339 2841 1411 possint
2887 1339 3078 1395 vocari
3127 1340 3456 1409 antistites;

1807 1426 1964 1483 unde
1988 1428 2054 1483 fit
2082 1432 2145 1482 ut
2175 1427 2393 1484 damna
2421 1426 2690 1484 Ecclesia:
2712 1444 2814 1500 pro
2839 1426 3054 1485 talibus
3083 1433 3455 1500 generentur,

1807 1516 2310 1588 quemadmodum
2370 1516 2592 1601 factqm
2644 1515 2705 1572 in
2762 1515 2881 1573 illis
2931 1517 3003 1572 de
3050 1516 3457 1590 episcoporum

1807 1603 2128 1676 dejectione
2157 1604 2592 1661 reminiscimur
2621 1604 2980 1678 regionibus.
3012 1604 3128 1660 Vos
3158 1608 3356 1661 tamen
3388 1620 3459 1662 ne

1804 1693 2092 1749 vocemini
2124 1694 2631 1766 metropolitanus,
2664 1710 2973 1766 quousque
3003 1694 3223 1766 scripta
3260 1694 3457 1751 deces-

1807 1799 2012 1839 sorum
2060 1786 2391 1838 vestrorum
2449 1782 2945 1855 prmsulum,qua3
3004 1782 3064 1838 in
3123 1782 3458 1855 acceptione

1806 1869 1970 1943 pallii
2000 1871 2177 1926 vestri
2195 1875 2581 1944 perceperunt
2597 1872 3052 1943 prwdecessores
3073 1871 3242 1928 nobis
3262 1871 3459 1928 mitta-

1804 1960 1879 2015 tis
1906 1976 1920 2015 :
1952 1960 2092 2033 quia
2121 1960 2171 2017 si
2203 1960 2364 2032 pallii
2387 1978 2606 2017 munus
2636 1961 2708 2015 ab
2740 1959 2848 2016 hac
2878 1964 3081 2025 sancta
3112 1961 3245 2017 sede
3266 1964 3460 2019 vestra

1805 2048 2129 2121 promeruit
2177 2048 2455 2117 Ecclesia,
2488 2049 2615 2105 sine
2667 2048 2982 2119 scriptione
3031 2048 3247 2120 aliqua,
3278 2065 3457 2121 quam

1804 2137 1863 2193 in
1895 2137 2147 2194 archivis
2176 2138 2384 2194 vestris
2415 2138 2724 2194 recondere
2747 2136 3057 2205 debuistis,
3072 2141 3246 2193 tantae
3274 2137 3460 2211 digni-

1804 2226 1943 2283 tatis
1998 2227 2220 2282 donum
2272 2242 2617 2283 concessum
2658 2224 2903 2281 minime
2951 2225 3117 2281 vobis
3148 2225 3277 2281 fuit.
3310 2226 3460 2283 Scri-

1804 2315 2010 2389 psistis
2040 2320 2319 2389 praeterea
2368 2314 2540 2371 nobis
2589 2319 2656 2370 ut
2712 2314 2891 2386 hujus
2942 2314 3217 2370 Romanis
3246 2318 3461 2371 sanctas

1804 2403 2074 2460 Ecclesia:
2104 2403 2317 2476 praesul
2348 2403 2659 2459 Severinus
2683 2401 3062 2458 Restoaldum
3095 2403 3461 2468 decessorem

1803 2497 2085 2561 vestrum,
2118 2493 2272 2549 sicut
2298 2493 2356 2548 in
2391 2493 2609 2549 nostris
2638 2491 2854 2564 legitur
2897 2491 3101 2564 gestis,
3132 2491 3192 2547 in
3236 2492 3461 2549 archie-

1803 2581 2109 2655 piscopum
2141 2586 2559 2650 consecrasset,
2583 2585 2642 2636 et
2670 2580 2964 2637 Adrianus
2995 2581 3231 2638 cuidam
3260 2580 3459 2638 Juthi-

1804 2670 1971 2726 naleo
2004 2669 2249 2742 pallium
2280 2669 2687 2726 dedisset.Sed
2720 2686 2827 2724 nos
2859 2674 3247 2742 utrorumque
3275 2669 3457 2743 gestis

1803 2758 2079 2815 revolutis
2110 2758 2257 2814 nihil
2291 2759 2350 2813 in
2382 2758 2468 2814 eis
2516 2774 2695 2830 super
2744 2757 2838 2813 his
2886 2759 3121 2830 penitus
3163 2756 3454 2814 valuimus

1802 2846 2073 2920 reperire.
2104 2848 2325 2905 Tamen
2356 2851 2421 2902 ut
2450 2863 2663 2919 anceps
2695 2846 2938 2902 intentio
2968 2864 2998 2902 e
3048 2845 3240 2902 medio
3292 2849 3451 2902 aufe-

1800 2941 1986 3007 ratur,
2018 2935 2068 2991 si
2098 2936 2240 2991 adeo
2272 2934 2694 2990 contentiosius
2722 2950 2892 3007 agere
2922 2933 3119 3001 vultis,
3153 2938 3218 2990 ut
3262 2936 3451 2990 Turo-

1803 3042 2042 3082 nensem
2074 3024 2273 3081 sedem
2302 3030 2556 3080 vestram
2588 3023 2960 3096 metropolim
2992 3041 3108 3081 non
3139 3040 3269 3080 esse
3297 3024 3452 3079 dica-

1798 3113 1912 3183 tis;
1960 3113 2281 3181 sancimus,
2331 3116 2395 3169 ut
2450 3111 2726 3180 diximus,
2776 3112 3126 3169 mandantes
3172 3112 3338 3168 fratri
3394 3116 3455 3168 et

1803 3202 2143 3277 coepiscopo
2176 3206 2375 3277 nostro
2405 3200 2672 3271 Heraldo,
2705 3202 2805 3273 qui
2853 3201 2906 3257 ei
2962 3201 3253 3274 praesidet,
3280 3205 3348 3256 ut
3378 3201 3452 3257 ad

1804 3296 2074 3348 nostrum
2108 3292 2473 3365 pontiﬁcium
2520 3291 2780 3365 legatum
2830 3308 3005 3347 suum
3056 3290 3453 3359 transmittat;

1803 3398 1939 3437 cum
1970 3399 2036 3437 eo
2059 3386 2331 3437 strenuos
2360 3384 2583 3436 vestros
2614 3379 2883 3453 dirigatis
2930 3380 3171 3454 legatos,
3204 3379 3453 3451 pariter-

1803 3487 1915 3543 que
1945 3470 2183 3542 scripta,
2199 3487 2326 3543 quae
2349 3468 2725 3543 protulimus,
2751 3469 3134 3535 destinantes,
3157 3473 3452 3540 quatenus

1803 3560 2113 3631 utsiusque
2143 3558 2409 3633 partibus
2442 3576 2637 3614 coram
2660 3558 2832 3614 nobis
2859 3558 3270 3629 auditis,aaqua
3288 3556 3454 3613 lance

1802 3666 1982 3705 causa
2012 3648 2243 3720 librata,
2276 3666 2404 3721 qua:
2435 3648 2512 3705 sit
2541 3649 2696 3720 apud
2726 3666 2829 3704 vos
2862 3646 3310 3720 metropolitana
3346 3647 3453 3703 Ec-

1802 3736 1981 3794 clesia
2008 3737 2137 3793 luce
2167 3737 2382 3794 clarius
2413 3742 2784 3810 agnoscatur.
2810 3737 3022 3795 Datum
3053 3754 3146 3794 XVI
3167 3736 3455 3793 Kalendas

1800 3827 2030 3894 Junias,
2063 3826 2265 3882 iudict.
2298 3844 2413 3882 xxv.

2047 4029 2120 4068 AD
2158 4028 2503 4069 SALOMONEM
2542 4028 2732 4067 REGRM
2773 4027 3206 4069 BRITANNORUM.

2440 4110 2629 4178 (Anno
2659 4109 2811 4181 866.)

1802 4211 2030 4266 Recusat
2057 4209 2270 4263 mittere
2296 4206 2533 4279 pallium
2580 4207 2897 4279 Festiniano
2943 4207 3164 4264 Dolensi
3190 4208 3453 4279 episeopo,

1871 4280 2039 4407 deinec
2086 4277 2417 4335 authenticis
2459 4279 2679 4351 scriptis
2723 4277 2790 4334 de
2836 4279 2993 4334 illius
3038 4281 3170 4351 jure
3218 4277 3456 4336 convin-

1871 4368 1935 4408 ca
1960 4367 2047 4406 ur.

2320 4436 2510 4512 [Apud
2543 4437 2754 4507 Mansi,
2780 4438 2941 4510 ibid.]

1878 4538 2067 4595 Lectis
2096 4536 2293 4611 gloriae
2324 4541 2527 4593 vestrae
2560 4535 2789 4605 litteris,
2825 4553 2972 4609 quas
3003 4540 3202 4592 nostro
3236 4554 3456 4609 prazsu-

35 4621 198 4696 Magia
228 4608 392 4678 bulla
422 4620 690 4696 signatae,
723 4625 781 4678 et
810 4622 1031 4679 missus
1062 4627 1252 4679 vester
1282 4622 1529 4681 idoneus
1561 4626 1697 4682 scri-
1729 4637 1775 4703 D
1807 4627 1951 4687 latui
1984 4608 2123 4684 sinet
2141 4626 2528 4698 impressione
2569 4608 2857 4699 signaculi
2908 4623 3160 4696 alicujus
3209 4623 3459 4696 dirigere

37 4717 136 4766 )ta
156 4711 292 4785 ipsa
313 4711 845 4783 subsequerentur;
870 4713 971 4785 sed
992 4728 1094 4769 vos
1126 4712 1246 4769 fare
1269 4712 1327 4769 id
1359 4714 1696 4772 distulistis.

37 4801 341 4856 >ostremo
381 4800 749 4856 contentione
781 4801 937 4873 apud
990 4800 1321 4870 Britannos,
1347 4803 1481 4876 quis
1525 4805 1701 4862 fuerit

37 4886 551 4960 netropolitanus,
587 4888 811 4961 oborta,
845 4890 1184 4958 statuimus,
1218 4895 1283 4948 ut
1330 4892 1403 4948 ad
1446 4893 1699 4950 Turoni-

37 4995 165 5034 :am
202 4977 425 5045 sedem,
457 4994 636 5051 quam
687 4979 1059 5052 metropolim
1098 4984 1349 5037 vestram
1397 4998 1526 5038 esse
1569 4982 1699 5055 plu-

37 5066 195 5122 ~ium
209 5064 443 5137 judicia
472 5067 899 5137 demonstrant,
935 5069 1268 5137 recurretis,
1302 5074 1403 5125 aut
1431 5071 1504 5125 ad
1534 5088 1702 5143 apos-

40 5153 293 5210 olatum
327 5159 595 5210 nostrum
628 5156 923 5212 destinare
950 5158 1699 5230 contenderetis,quatenus

37 5261 166 5316 [uae
203 5241 379 5299 fuerit
410 5244 565 5317 apud
595 5262 698 5301 vos
727 5246 1175 5318 metropolitana
1214 5246 1471 5303 Ecclesia
1518 5265 1701 5321 appa-

37 5336 217 5387 reret.
245 5330 359 5387 Sed
393 5338 669 5388 neutrum
702 5334 915 5390 horum
949 5336 1225 5408 perﬁcere
1254 5334 1705 5411 voluistis.Qua-

37 5424 282 5493 yropter
312 5421 455 5494 quia
485 5422 846 5479 Turonensis
894 5424 1172 5493 Ecclesia,
1206 5429 1493 5497 quantum
1540 5442 1702 5482 com-

37 5509 330 5577 »erimus,
366 5510 706 5585 metropolis
733 5515 931 5570 vestra
960 5516 1071 5580 est,
1102 5517 1303 5580 restat,
1337 5530 1574 5570 necesse
1616 5517 1706 5570 est

37 5603 100 5656 ιι
130 5598 328 5673 ipsam
376 5600 558 5655 vestri
613 5606 939 5674 sequantur
985 5601 1266 5676 episcopi,
1297 5601 1606 5677 ipsamque
1642 5602 1704 5662 in

38 5688 165 5746 .uis
198 5688 455 5764 negotiis
488 5689 721 5760 adeant,
759 5695 816 5750 et
843 5689 1033 5768 ipsius
1061 5690 1355 5767 judicium
1404 5691 1706 5768 exquirere

369 5816 641 5883 Parnm.
687 5817 897 5886 CXIX.

1805 4717 1917 4773 visi
1947 4716 2113 4784 estis,
2144 4715 2469 4789 reperimus
2517 4716 2578 4770 in
2626 4715 2709 4771 eis
2759 4731 2861 4771 vos
2911 4714 3081 4769 nobis
3122 4712 3456 4783 mandasse,

1809 4805 1965 4877 quod
1994 4809 2052 4861 et
2080 4809 2215 4861 ante
2235 4822 2338 4861 vos
2360 4821 2511 4877 sape
2532 4801 3105 4869 mandastis,scilicet
3126 4806 3191 4857 ut
3212 4800 3458 4873 pallium

1811 4893 2142 4950 Festiniano
2171 4894 2485 4950 venerabili
2515 4892 2749 4949 Dolensi
2771 4891 3017 4948 antistiti
3047 4892 3119 4946 ab
3142 4889 3460 4962 apostolica

1809 4984 1966 5052 sede,
2020 4983 2114 5039 cui
2164 4982 2443 5038 divinitus
2499 4999 2850 5053 praesumus,
2903 4981 3284 5036 mitteremus.
3346 4978 3459 5034 Sed

1810 5076 2125 5144 antequam
2158 5072 2229 5127 ad
2265 5071 2385 5126 haec
2435 5070 2704 5127 consulta
2752 5071 2948 5142 aliqua
2980 5068 3456 5133 rescriberemus,

1810 5165 2160 5217 convenerat
2203 5159 2372 5216 nobis
2419 5176 2523 5231 pro
2573 5159 2683 5215 hoc
2736 5160 2890 5231 quod
2942 5175 3153 5214 nomen
3202 5160 3460 5212 vestrum

1813 5248 2132 5320 apostolico
2155 5249 2379 5303 nomini
2401 5248 2708 5305 scribendo
2730 5246 3134 5320 praeposuistis
3149 5262 3250 5302 vos
3272 5245 3463 5299 mode-

1812 5343 1905 5397 sta
1935 5336 2330 5408 increpatione
2360 5336 2665 5409 corrigere.
2699 5337 2916 5391 Tamen
2962 5335 3100 5407 quia
3145 5333 3463 5405 apostolica

1814 5426 2203 5482 mansuetudo
2218 5424 2512 5481 neminem
2536 5425 2839 5497 repentina
2860 5440 3121 5496 unquam
3143 5421 3462 5479 invectione

1815 5513 2135 5588 redarguit,
2160 5518 2218 5571 et
2244 5528 2347 5587 per
2378 5513 2794 5587 negligentiam
2827 5514 2974 5569 forte
3003 5512 3305 5584 scriptoris
3351 5510 3463 5567 hoc

1815 5603 2077 5661 evenisse
2108 5607 2406 5678 utcunque
2436 5602 2723 5677 cognovit,
2746 5600 2977 5659 distulit
3015 5618 3117 5658 vos
3156 5601 3329 5657 modo
3357 5616 3463 5674 pro

1819 5692 2045 5752 meritis
2074 5693 2526 5771 coercere,quod
2555 5696 2786 5751 tantum
2815 5692 3087 5753 volumus
3119 5688 3463 5760 emendetis,

3062 5821 3136 5884 31
