3898 6212
367 396 479 458 971

1735 386 2049 451 NICOLAI
2091 384 2321 449 PAPIE
2362 388 2412 449 Ι.

3673 388 3777 449 9⁵12

372 531 659 602 quantum
682 523 1022 580 correctioni
1048 522 1448 578 ecclesiastica:
1473 538 1575 593 pro
1596 526 1713 576 tam
1737 538 2012 593 praesum-
2043 524 2099 590 Α
2130 538 2231 593 pro
2263 526 2425 577 tanto
2460 521 2671 577 scelere
2702 521 3052 578 sententiam
3083 521 3141 577 in
3173 538 3304 579 eam
3339 522 3517 595 iuste
3540 520 3783 592 punitio-

371 619 528 689 ptiva
559 614 808 670 factione
839 612 1143 683 subjacere
1190 610 1538 667 formidatis.
1575 610 1656 665 De
1698 609 1858 682 pallii
1887 626 2021 664 vero

374 703 709 770 directione,
744 718 921 773 quam
952 700 1168 766 dicitis,
1202 698 1496 772 simulque
1528 698 1856 755 Turonensi
1905 714 2023 753 me-

376 791 607 864 tropoli,
632 790 845 862 saepius
876 789 1039 845 vobis
1071 806 1138 845 ea
1167 805 1294 861 quaa
1328 787 1569 844 rationis
1601 792 1739 843 sunt
1783 786 2027 859 scripsi-

380 898 545 948 mus;
570 881 671 936 sed
704 880 856 935 sicut
879 880 936 933 in
961 877 1171 933 litteris
1192 877 1399 933 vestris
1432 877 1854 950 relegimus,ad
1887 875 2028 931 scri-

382 976 484 1043 pta
512 974 713 1024 nostra
743 968 902 1023 auris
954 984 1069 1022 non
1117 967 1308 1022 cordis
1357 966 1683 1021 inclinastis
1725 964 2026 1020 intuitum.

387 1060 590 1115 Restat
618 1073 755 1130 ergo
786 1061 851 1111 ut
880 1058 1116 1111 tandem
1145 1073 1271 1128 qum
1304 1056 1379 1110 sit
1400 1056 1551 1127 apud
1584 1071 1684 1109 vos
1706 1053 2033 1125 antiquitus

388 1146 727 1219 metropolis
756 1144 1125 1201 intueamini.
1152 1144 1487 1217 Metropolis
1517 1145 1672 1199 enim
1703 1147 1895 1199 vestra
1924 1146 2032 1210 est,

388 1237 541 1294 sicut
569 1235 793 1291 dudum
823 1234 988 1289 vobis
1019 1234 1499 1306 significavimus,
1531 1233 1886 1288 Turonensis
1934 1232 2035 1286 Ec-

389 1326 584 1395 clesia,
608 1327 674 1379 ut
703 1340 831 1380 sese
859 1323 1078 1379 habent
1108 1322 1335 1377 munita
1378 1323 1869 1394 przedecessorum
1902 1337 2037 1376 nos-

388 1420 637 1480 trorum,
670 1417 728 1469 et
756 1413 1020 1486 priorum
1052 1411 1316 1483 exempla
1362 1412 1700 1479 ostendunt,
1739 1412 1811 1467 ad
1862 1426 2040 1483 quam

388 1508 592 1559 vestrae
628 1501 879 1574 regionis
909 1501 1211 1573 episcopos
1244 1504 1468 1572 oportet
1499 1515 1813 1567 recurrere,
1837 1504 1894 1554 et
1914 1500 2042 1569 ejus

384 1592 594 1665 judicii
612 1591 983 1658 sententiam,
1016 1594 1307 1645 reservata
1336 1590 1491 1645 sedis
1522 1588 1851 1662 apostolicae
1881 1592 2043 1661 pote-

394 1685 566 1749 state,
598 1680 902 1753 exquirere
963 1678 1153 1734 modis
1202 1679 1498 1747 omnibus,
1528 1695 1643 1733 non
1703 1678 2042 1733 detrectare.

394 1769 680 1839 Quoniam
712 1767 1171 1841 reprehensibile
1202 1782 1331 1823 esse
1359 1768 1592 1823 videtur
1621 1772 1686 1822 ut
1711 1768 1785 1824 ob
1816 1766 2048 1823 divisio-

397 1877 533 1916 nem
565 1858 725 1931 regni
750 1859 882 1930 quis
915 1858 1027 1912 sibi
1058 1857 1373 1929 talia,quia
1404 1856 1555 1911 inter
1572 1874 1675 1913 vos
1704 1857 2046 1922 audiuntur,

396 1948 693 2005 vindicare
725 1948 968 2003 nitatur.
1001 1947 1380 2019 Quapropter,
1417 1945 1497 2000 {ili
1524 1945 1624 2012 mi,
1652 1962 1723 2001 ne
1744 1944 2049 2019 prmbeatis

398 2038 513 2093 ista
560 2036 894 2093 volentibus
944 2052 1280 2100 assensum,
1303 2036 1404 2090 sed
1454 2039 1510 2091 et
1560 2036 1706 2092 alios
1754 2036 1825 2092 ad
1876 2034 2053 2092 verba

399 2130 594 2183 vestra
646 2142 749 2197 per
794 2123 1128 2196 exemplum
1177 2124 1517 2181 obedientiaa
1575 2126 1946 2193 accendatis;
1997 2127 2054 2181 et

403 2214 555 2271 sicut
585 2213 667 2269 ait
710 2210 1045 2284 Apostolus,
1076 2212 1461 2267 humiliamini
1504 2216 1605 2269 sub
1649 2215 1858 2285 potenti
1883 2231 2054 2269 manu

404 2304 521 2371 Dei,
553 2308 615 2357 ut
640 2318 732 2357 vos
762 2302 962 2356 exultet
986 2302 1047 2355 in
1076 2308 1309 2372 tempore
1336 2301 1731 2358 tribulationis
1760 2303 1807 2372 (ι
1832 2304 1982 2358 Petr.
1997 2320 2051 2370 ν,

405 2390 484 2463 6).
518 2390 663 2456 Quia
693 2389 741 2444 si
771 2388 1010 2444 monitis
1054 2388 1271 2445 nostris
1318 2389 1656 2445 obedientes
1690 2390 2053 2462 exstiteritis,

410 2479 686 2536 omnibus
717 2478 885 2533 bonis
914 2477 1366 2549 replebimini,et
1394 2483 1527 2551 post
1556 2480 1732 2535 finem
1755 2480 1933 2551 hujus
1956 2496 2057 2535 saa-

409 2568 524 2624 culi
556 2583 801 2639 regnum
834 2567 986 2637 quod
1017 2566 1157 2620 vivit
1185 2566 1244 2621 in
1271 2571 1572 2636 aeternum,
1602 2568 1905 2624 orantibus
1927 2586 2057 2625 san-

409 2659 521 2715 ctis
551 2656 1321 2730 apostolis,capietis.Porro
1342 2657 1390 2712 si
1424 2657 1652 2729 aliquas
1683 2659 2058 2714 auctoritates

403 2746 633 2804 habetis
681 2763 810 2818 quae
872 2747 1026 2817 apud
1086 2745 1399 2801 Britannos
1458 2746 1827 2819 metropolim
1876 2747 2059 2802 fuisse

403 2835 716 2902 declarent,
750 2839 850 2890 aut
898 2834 1272 2889 decessorum
1323 2839 1659 2890 nostrorum
1712 2835 2057 2907 pontiﬁcum

404 2941 765 2998 quascunque
790 2923 1007 2995 scripta
1037 2923 1092 2977 id
1128 2924 1497 2979 ostendentia
1528 2924 1811 2993 retinetis,
1847 2925 1919 2979 ad
1953 2942 2058 2980 nos

406 3030 475 3071 ea
495 3014 746 3087 dirigite.
764 3013 954 3068 Mittat
973 3012 1147 3068 etiam
1171 3016 1227 3067 et
1240 3014 1600 3069 Turonensis
1617 3014 1872 3069 Ecclesia
1890 3014 2058 3070 nobis

409 3102 701 3174 similiter,
734 3102 785 3158 si
815 3101 1009 3169 habet,
1045 3101 1440 3170 auctoritates,
1475 3119 1600 3174 quae
1633 3102 1797 3158 illam
1847 3102 2057 3159 suifra-

411 3209 659 3267 ganeam
691 3208 859 3247 suam
890 3191 1181 3247 exstitisse
1212 3195 1519 3259 testentur,
1556 3198 1846 3263 quatenus
1876 3192 2059 3248 utris-

2137 610 2228 665 nis
2276 610 2553 682 proferre,
2587 610 2702 667 nisi
2750 611 3043 668 obstinato
3091 611 3287 667 animo
3345 610 3693 684 perenniter
3734 610 3786 665 in

2134 699 2393 755 moechis;
2423 699 2728 757 volutabro
2761 717 3104 773 permanere
3125 700 3559 774 proposuisset,
3592 703 3651 754 et
3670 698 3790 753 nul-

2135 786 2207 841 lis
2231 788 2413 843 sacris
2445 788 2892 858 monitis,nullis
2926 790 3143 846 nostris
3165 806 3268 846 seu
3291 788 3511 845 vestris
3538 791 3662 843 tam
3687 804 3795 843 ere.

2137 876 2257 932 bris
2288 876 2791 935 exhortationibus
2820 894 2883 934 se
2914 884 3177 950 paratam
3231 878 3529 935 exhibere.
3569 876 3643 950 (a)
3660 876 3797 944 Quia

2138 969 2332 1021 tamen
2375 984 2491 1022 non
2523 985 2630 1024 sua
2658 967 2959 1024 voluntate
3008 969 3225 1024 factum
3256 968 3355 1036 sit,
3390 968 3536 1038 Deo,
3573 966 3676 1039 qui
3711 982 3800 1022 cor

2141 1055 2490 1123 considerat,
2506 1061 2562 1111 et
2583 1057 2857 1114 fidelibus
2879 1058 3008 1127 ejus
3028 1075 3132 1130 per
3150 1058 3351 1113 emnia
3371 1061 3581 1118 manet
3602 1055 3799 1111 certis-

2143 1144 2362 1199 simum
2387 1162 2401 1200 :
2428 1162 2561 1200 cum
2585 1163 2693 1201 sua
2721 1151 2928 1219 sponte
2951 1146 3319 1212 hactenus,si
3352 1145 3803 1218 potuisset,imo

2144 1237 2423 1304 perpetuo
2444 1232 2504 1287 in
2537 1237 2697 1289 tanto
2731 1234 2948 1308 flagitio
2979 1234 3422 1307 permansisset,
3459 1233 3579 1290 nisi
3615 1238 3810 1289 nostra

2147 1337 2326 1393 super
2348 1320 2455 1377 hoc
2478 1322 2762 1378 abolendo
2783 1322 3145 1379 fuissetcum
3166 1324 3382 1378 virtute
3402 1321 3637 1378 summi
3655 1322 3815 1395 opiﬁ-

2148 1410 2231 1465 cis
2262 1410 2629 1467 incessabilis
2662 1411 2985 1484 diligentia,
3000 1417 3058 1468 et
3087 1412 3230 1469 socii
3260 1414 3410 1484 ejus,
3441 1411 3595 1485 proh
3620 1412 3812 1467 nefas!

2149 1498 2369 1555 scilicet
2397 1516 2596 1555 secum
2619 1501 2998 1557 admittendis
3020 1502 3559 1574 quomodocumque
3578 1500 3820 1556 inclina-

2149 1588 2264 1644 tior
2308 1589 2629 1645 exstitisset
2680 1590 3029 1646 obedientia.
3063 1590 3227 1647 Patet
3259 1590 3523 1663 profecto
3560 1591 3652 1645 ita
3698 1607 3819 1646 esse

2153 1694 2281 1749 quae
2312 1678 2586 1747 dicimus,
2608 1695 2743 1734 cum
2773 1679 3059 1736 hactenus
3089 1678 3325 1753 culpam
3356 1697 3531 1737 suam
3567 1680 3819 1736 necdum

2153 1767 2506 1840 cognoverit,
2541 1783 2646 1823 nec
2672 1769 2941 1825 confessa
2984 1769 3081 1837 sit,
3105 1770 3276 1841 juxta
3316 1770 3476 1842 quod
3527 1769 3819 1842 scriptum

2154 1860 2283 1912 est:
2318 1858 2413 1912 Dic
2467 1865 2527 1912 tu
2584 1859 2906 1930 iniquitates
2963 1865 3083 1914 tuas
3130 1860 3367 1931 primus,
3400 1867 3464 1915 ut
3492 1859 3821 1931 justi/iuris

2158 1945 2285 2017 (Isa.
2317 1962 2511 2014 xnvm,
2541 1963 2646 2002 sec.
2678 1947 2850 2019 Sept.)
2886 1965 2899 2002 :
2934 1964 3039 2004 nec
3068 1947 3253 2004 missa
3290 1948 3486 2014 nobis,
3522 1948 3634 2021 qui
3689 1965 3823 2004 cau-

2160 2051 2287 2091 sam
2316 2034 2503 2107 ipsius
2534 2036 2966 2108 exsequendam
2999 2036 3302 2110 ccepimus,
3324 2036 3820 2094 lamentationum

2161 2124 2468 2195 legatione,
2501 2124 2731 2179 veniam
2763 2125 3160 2197 postulaverit,
3186 2124 3624 2199 praemissoque
3654 2128 3824 2200 pomi-

2163 2212 2356 2267 tentiae
2393 2212 2649 2269 remedio
2699 2230 3018 2287 congruam
3050 2216 3329 2271 meruerit
3360 2215 3820 2289 indulgentiam,

2164 2299 2474 2357 Salomone
2503 2302 2730 2359 dicente
2762 2320 2775 2359 :
2809 2306 2923 2374 Qui
2948 2304 3089 2360 celat
3116 2305 3339 2370 delicta,
3372 2322 3487 2361 non
3518 2305 3820 2378 dirigetur;

2163 2392 2261 2462 qui
2287 2398 2471 2446 autem
2500 2394 2777 2463 confessus
2802 2395 2995 2465 fuerit,
3022 2400 3076 2449 et
3099 2393 3370 2449 dimiserit
3398 2410 3489 2461 ea,
3510 2396 3822 2451 misericor~

2164 2479 2317 2536 diam
2341 2489 2696 2552 consequetur
2725 2481 2907 2554 (Prov.
2938 2482 3094 2555 xvn).
3129 2482 3429 2538 Postremo
3476 2499 3623 2539 cum
3675 2476 3822 2539 recto

2166 2568 2371 2623 itinere
2403 2585 2508 2624 nos
2530 2568 2612 2623 illi
2638 2569 2828 2625 fuerat
2849 2571 3273 2639 adeundum,et
3294 2572 3453 2628 sedis
3480 2572 3645 2629 beati
3681 2572 3823 2628 Petri

2166 2656 2445 2729 suffragia
2475 2658 3145 2731 requirenda,qpatenus
3160 2661 3330 2733 juxta
3350 2662 3509 2733 quod
3533 2665 3825 2717 statutum

2167 2747 2373 2814 fuerat,
2408 2763 2515 2801 nos
2546 2748 2617 2802 de
2648 2748 2777 2819 ejus
2807 2749 3038 2821 negotio
3085 2749 3200 2804 Deo
3246 2747 3465 2822 placita
3494 2749 3827 2806 considera-

2164 2835 2323 2890 tione
2355 2835 2735 2891 deﬁniremus
2769 2853 2782 2891 :
2817 2842 3019 2909 postea
3049 2842 3200 2893 retro
3249 2842 3339 2893 est
3381 2855 3676 2895 conversa
3706 2843 3828 2912 post

2168 2929 2456 2993 satanam,
2489 2928 2546 2979 et
2576 2924 2634 2979 in
2666 2924 3026 2997 provinciam
3075 2930 3141 2981 ut
3186 2926 3633 2999 principaretur
3679 2927 3741 2983 in
3769 2945 3830 2983 ea

2167 3011 2277 3067 iter
2306 3012 2565 3067 reflexit:
2592 3012 2726 3069 licet
2746 3013 3039 3072 industria
3058 3013 3232 3087 legati
3255 3017 3441 3072 nostri
3490 3017 3564 3072 ad
3607 3016 3826 3072 italiam

2167 3090 2357 3157 deuuo
2406 3105 2672 3157 revocata
2729 3102 2826 3169 sit,
2852 3107 2909 3158 et
2957 3104 3123 3176 quasi
3175 3103 3322 3159 nihil
3356 3105 3536 3161 fuerit
3565 3111 3825 3179 operata,

2168 3191 2323 3246 unde
2346 3190 2404 3245 in
2420 3190 2633 3247 Christi
2651 3192 2993 3248 sitEcclesia
3017 3210 3128 3249 non
3152 3194 3449 3249 modicum
3474 3194 3824 3250 scandalum

415 3263 530 3353 que
559 3281 823 3352 partibus
853 3279 1090 3345 auditis,
1123 3279 1274 3334 inter
1302 3283 1614 3351 utramque
1645 3298 1771 3353 quas
1805 3281 1883 3335 sit
1930 3298 2057 3337 me-
2089 3263 2132 3330 (ἶ
2169 3283 2531 3352 generatum,
2556 3278 2801 3352 gloriam
2835 3282 3041 3337 mundi
3065 3284 3559 3355 sectatur,reique
3586 3284 3825 3352 publica:

413 3369 655 3441 tropolis
687 3384 1133 3441 cognoscamus.
1166 3367 1312 3431 Quia
1341 3368 1495 3423 sicut
1537 3385 1640 3424 vos
1685 3368 1971 3437 clamatis,
2004 3373 2062 3425 et

417 3458 519 3513 illa
547 3457 781 3524 clamat,
812 3456 1356 3527 metropolitanatus
1379 3457 1519 3528 jura
1547 3458 1703 3529 apud
1752 3458 2061 3514 Britannos

418 3547 581 3620 regni
611 3546 788 3601 istius
818 3545 1078 3600 tenuisse
1109 3549 1282 3616 atque
1312 3549 1527 3601 tenere.
1559 3548 1674 3601 Aut
1702 3546 1751 3601 si
1779 3547 1925 3602 forte
1956 3564 2061 3601 sae-

418 3636 647 3707 pedicta
667 3632 924 3688 Ecclesia
942 3634 1448 3702 auctoritates,aut
1468 3640 1659 3691 vestra
1682 3652 1829 3707 quas
1858 3635 2066 3691 habuit

416 3722 690 3795 perdidit,
724 3721 1062 3777 amissionis
1121 3720 1282 3778 illius
1339 3725 1579 3779 modum
1633 3740 1909 3792 reserare,
1964 3729 2065 3780 aut

416 3827 486 3867 ex
516 3810 821 3882 utriusque
844 3810 1109 3882 partibus
1137 3811 1377 3867 idoneos
1420 3813 1859 3886 praecipuosque
1906 3814 2065 3886 lega-

415 3904 528 3967 tos,
562 3899 663 3972 qui
693 3899 883 3956 sciant
932 3899 1166 3972 plenam
1200 3900 1270 3957 de
1300 3902 1575 3959 omnibus
1626 3904 1866 3959 reddere
1897 3903 2066 3959 nobis

416 3988 1113 4062 rationis.integritatem,
1147 3990 1317 4047 nobis
1363 3991 1761 4061 transmittite,
1797 3997 1880 4061 ut,
1913 3993 2068 4048 sicut

417 4078 818 4153 praediximus,
850 4078 1004 4135 inter
1029 4096 1168 4152 ,vos,
1220 4080 1533 4151 adjuvante
1586 4082 1855 4153 Domino,
1888 4082 2066 4137 ﬁnem

417 4184 727 4242 ponamus.

858 4391 927 4431 AD
969 4391 1279 4433 UNIVERSOS
1317 4394 1639 4435 EPISCOPOS.

1062 4483 1247 4556 (Anno
1281 4484 1431 4555 866.)

418 4600 624 4656 lterum
693 4598 945 4699 agimonet
978 4598 1093 4699 138’
1114 4600 1402 4699 Iseu’tentiq
1474 4600 2069 4699 cxvommuqt'cationis,
2100 4633 2147 4699 Β

491 4687 656 4796 ιιιιαῖη
684 4671 940 4797 adtversus
978 4668 1326 4725 Watdradam
1352 4669 1571 4741 ejusque
1615 4670 1897 4741 complices
1934 4668 2068 4742 pro-1

491 4758 585 4797 mu
610 4758 745 4797 σανα
776 4783 788 4796 .

489 4758 788 4813 mulgarat.

938 4836 1126 4909 [Apud
1157 4834 1367 4901 Mansi,
1400 4836 1560 4907 ibid.]

493 4961 777 5018 Nicouus
808 4960 1144 5032 episcopus,
1176 4974 1378 5015 servus
1408 4975 1706 5015 servorum
1755 4959 1878 5033 Dei,
1909 4978 2069 5019 reve-

424 5047 783 5106 rentissimis
831 5046 1222 5104 confratribus
1266 5046 1484 5104 nostris
1528 5048 1980 5123 archiepiscopis
2012 5056 2071 5109 et

426 5136 716 5209 episcopis
760 5152 863 5207 per
908 5135 1157 5203 Italiam,
1192 5134 1586 5205 Germaniam,
1634 5138 1966 5196 Neustriam
2014 5144 2072 5197 et

427 5224 644 5281 Gallias
670 5223 1024 5279 constitutis.

499 5313 950 5367 Decreveramus
1008 5312 1244 5383 quidem
1306 5313 1459 5371 circa
1506 5316 1880 5374 Waldradam
1927 5334 2069 5375 mce-

427 5399 619 5466 cham,
644 5404 702 5454 et
723 5398 1095 5469 pertinaciter
1114 5400 1171 5456 in
1191 5402 1592 5474 impunitentia
1608 5411 2069 5477 permanentem,

423 5487 695 5544 vindicta:
727 5486 965 5544 modum
997 5489 1192 5546 minus
1220 5491 1482 5548 districte
1512 5511 1692 5565 quam
1741 5495 2071 5551 misericor-

423 5572 578 5631 diter
606 5580 948 5648 temperare,
982 5584 1037 5635 et
1058 5580 1231 5652 juxta
1261 5581 1417 5655 quod
1450 5583 1801 5654 merebatur,
1836 5601 1951 5641 non
1991 5584 2074 5643 ita

491 5673 569 5752 (α)
599 5673 790 5735 Locus
820 5681 1146 5757 corruptus.

2169 3367 2525 3437 dominatur,
2542 3385 2607 3424 ac
2638 3371 2792 3441 quod
2822 3374 2913 3425 est
2943 3371 3200 3443 gravius,
3226 3371 3402 3427 etiam
3433 3372 3551 3445 piis
3584 3372 3736 3428 locis
3756 3379 3830 3428 at-

2172 3473 2285 3528 que
2315 3454 2604 3528 religiosis
2650 3458 2917 3529 personis
2955 3476 3203 3530 praeesse
3251 3459 3666 3532 dignoscitur;
3698 3466 3756 3518 et
3799 3478 3829 3515 ι

2172 3544 2553 3617 Theutbergae
2603 3545 2813 3618 reginae
2858 3550 3046 3620 coepta
3094 3547 3369 3604 interitus
3423 3550 3826 3615 meditatione,

2172 3633 2320 3688 sicat
2340 3632 2605 3689 nonnulli
2638 3638 2950 3702 testantur,
2971 3636 3214 3693 minime
3234 3643 3443 3706 cessat,
3466 3638 3616 3693 dum
3650 3656 3719 3695 ea
3744 3640 3830 3693 ni-

2174 3722 2389 3777 mirum
2420 3721 2547 3778 loca
2569 3728 2828 3795 repetere
2852 3724 3169 3791 aﬂ‘ectat,in
3191 3726 3409 3798 quibus
3429 3725 3631 3783 facilis
3651 3727 3831 3801 ipsius

2174 3811 2245 3865 ad
2270 3826 2462 3883 regem
2488 3810 2915 3878 Lotharium,et
2936 3813 3200 3885 ejusdem
3228 3814 3383 3887 regis
3406 3816 3481 3870 ad
3499 3832 3634 3871 eam
3653 3816 3831 3889 possit

2173 3916 2303 3955 esse
2334 3916 2625 3956 accessus.
2661 3900 2728 3955 Et
2758 3905 2823 3956 ut
2846 3901 3095 3958 breviter
3125 3907 3336 3959 cuncta
3365 3903 3756 3977 complectar,
3772 3905 3833 3961 de

2175 3988 2268 4043 die
2298 3988 2357 4043 in
2390 3988 2567 4059 diem,
2594 3987 2845 4061 qualiter
2864 3990 2937 4046 ad
2959 3991 3239 4062 pristinas
3259 3990 3595 4065 voluptates
3618 3995 3832 4060 redeat,

2173 4076 2350 4133 variis
2396 4077 2760 4149 argumentis
2810 4078 3084 4151 exquirit.
3112 4080 3534 4137 Verumtamen
3589 4086 3662 4138 ut
3705 4100 3833 4138 cum

2176 4164 2406 4239 egregio
2438 4165 2713 4239 Apostolo
2742 4168 3087 4224 summatim
3117 4169 3387 4227 dicamus
3417 4171 3579 4244 quod
3635 4178 3836 4228 contra

2176 4270 2305 4310 eam
2327 4257 2644 4326 contraque
2664 4254 2793 4326 ejus
2817 4255 3039 4313 similes
3054 4258 3268 4330 saepius
3291 4258 3709 4331 replicandum
3731 4265 3837 4327 est,

2178 4342 2317 4415 quia
2346 4342 2671 4399 secundum
2703 4344 2982 4402 duritiam
3012 4363 3182 4402 suam
3213 4352 3271 4403 et
3308 4364 3409 4404 cor
3454 4349 3836 4422 impasnitens

2176 4431 2532 4487 thesaurizat
2560 4431 2672 4488 sibi
2721 4434 2871 4490 iram
2920 4434 2981 4489 in
3030 4436 3123 4491 die
3153 4435 3251 4492 ire
3285 4437 3459 4509 (Rom.
3488 4440 3590 4509 n):
3625 4438 3837 4495 idcirco

2177 4536 2285 4576 nos
2314 4536 2466 4589 eam,
2499 4537 2809 4593 quousque
2837 4523 2909 4579 de
2941 4523 3107 4579 factis
3137 4524 3261 4580 suis
3291 4524 3564 4581 Ecclesia:
3597 4526 3838 4593 Christi,

2178 4609 2465 4681 nobisque
2511 4611 2821 4684 pracipue,
2857 4612 2958 4684 qui
3004 4613 3133 4685 ejus
3180 4614 3586 4687 principaliter
3638 4632 3839 4671 curam

2178 4698 2460 4771 gerimus,
2495 4699 2712 4771 quique
2741 4716 2981 4756 causam
3016 4701 3203 4773 ipsius
3235 4703 3473 4775 exsequi
3498 4719 3565 4759 ac
3599 4702 3839 4761 investi-

2177 4802 2315 4859 gare
2344 4787 2648 4859 coepimus,
2683 4787 3051 4856 satisfecerit,
3086 4790 3269 4846 donec
3310 4790 3488 4847 etiam
3534 4808 3789 4848 omnem
3814 4810 3839 4847 ι

2178 4890 2241 4932 se
2264 4874 2567 4931 sinistram
2599 4877 2995 4950 suspicionem
3018 4878 3334 4936 concilium
3367 4885 3650 4937 nostrum
3670 4881 3839 4938 susci-

2177 4964 2344 5036 piens
2376 4965 2667 5032 adimat,a
2696 4965 2935 5038 pretiosi
2952 4967 3213 5040 corporis
3238 4971 3295 5023 et
3316 4969 3637 5042 sanguinis
3656 4971 3838 5026 Domi-

2178 5052 2237 5107 ni
2262 5053 2830 5127 perceptione,atque
2859 5055 2932 5111 ab
2965 5055 3306 5112 omnimodo
3330 5062 3545 5113 sach
3572 5057 3833 5115 Ecclesia

2178 5142 2467 5198 consortio
2498 5144 2684 5199 sancti
2702 5143 2977 5215 Spiritus,
2991 5144 3414 5217 beatorumque
3436 5147 3833 5218 apostolorum

2178 5230 2330 5286 Petri
2361 5235 2419 5287 et
2450 5230 2611 5288 Pauli
2628 5232 2875 5304 judicio,
2891 5237 2949 5289 et
2970 5237 3182 5290 1108th
3201 5234 3636 5293 mediocritatis
3655 5244 3834 5293 aucto-

2177 5318 2365 5388 ritate,
2380 5320 2633 5377 fecimus
2662 5337 2797 5376 cum
2831 5321 3120 5379 universis
3150 5323 3549 5397 complicibus
3594 5329 3661 5382 et
3690 5343 3830 5382 com-

2179 5406 2646 5465 municatoribus
2677 5410 3123 5483 fautoribusque
3168 5411 3296 5468 suis
3346 5429 3595 5485 prorsus
3655 5420 3830 5470 extor-

2178 5512 2323 5552 rem.
2350 5501 2480 5553 Haec
2510 5502 2707 5555 autem
2740 5500 3089 5556 sententiam
3112 5517 3170 5556 ιν
3189 5500 3388 5557 Nonas
3432 5503 3783 5559 Februarias
3806 5518 3829 5556 ι

2178 5585 2350 5645 nobis
2400 5586 2834 5665 promulgatam
2884 5589 3288 5665 meminimus,
3321 5606 3582 5668 eamque
3628 5593 3827 5668 scripto
