3898 6212
354 364 472 422 975

353 498 558 552 caetero
615 494 738 550 fieri

353 588 556 639 sancta
585 584 814 639 decreta
845 588 1250 639 contumacem
1290 585 1629 640 eorumdem
1662 584 1872 639 involvi
1904 585 2002 640 de-

354 676 642 728 cretorum
688 674 823 744 jure
879 673 1202 728 sententiis.
1255 675 1448 729 Tuum
1499 679 1796 746 praeterea,
1830 674 2004 729 frater

354 760 720 826 charissime,
753 762 1118 833 propositum
1151 763 1392 818 observa
1427 781 1438 819 :
1465 768 1518 819 et
1550 764 1647 835 qui
1671 764 1771 818 diu
1803 762 1860 817 in
1885 780 2005 818 mo-

353 850 608 906 nasterio
643 855 903 907 moratus
936 868 1019 915 es,
1049 869 1082 906 a
1113 851 1359 924 pristino
1390 857 1519 908 voto
1551 853 1831 908 divertere
1862 851 2001 907 noli.

355 940 517 1005 Quod
542 939 698 994 enim
720 940 890 995 diuin
911 940 1338 996 humilibabitu
1358 941 2003 1014 custodisisti,profecto

355 1027 631 1083 indecens
663 1033 752 1084 est
783 1029 834 1085 si
883 1047 1038 1084 nunc
1087 1029 1145 1084 in
1188 1029 1395 1102 potiori
1441 1029 1665 1104 positus
1712 1029 2006 1085 dimiseris

355 1116 578 1183 ordine,
611 1117 720 1172 hoc
751 1117 946 1190 ipsum
979 1124 1180 1174 sancta
1211 1136 1443 1191 quoque
1483 1118 1804 1191 Scriptura,
1838 1136 2007 1174 vene-

353 1205 674 1277 randisque
731 1207 976 1263 decretis
1008 1207 1256 1280 pleniter
1293 1209 1692 1264 edocentibus.
1725 1208 2008 1280 Optamus

355 1295 726 1351 sanctitatem
757 1299 918 1351 tuam
952 1296 1010 1351 in
1041 1296 1266 1352 Christo
1293 1297 1439 1353 bene
1465 1295 1673 1354 valere.

1102 1410 1258 1466 XCV.

730 1515 802 1552 AD
843 1515 1111 1555 CAROLUM
1151 1516 1378 1555 CALVUM
1419 1517 1632 1556 REGEM.

999 1590 1183 1659 (Anno
1222 1591 1371 1662 866.)

355 1677 702 1750 Nonprobat
731 1679 972 1733 abusum
1019 1679 1117 1750 qui
1163 1679 1514 1746 inualuerat,
1551 1689 1612 1734 ut
1657 1679 1908 1748 episcopi
1937 1696 2012 1734 ex

425 1746 638 1822 alienis
668 1750 931 1805 Ecclesiis
960 1746 1395 1805 assumerentur
1419 1768 1431 1806 :
1454 1746 1700 1822 Egilom‘
1721 1746 1914 1807 tamen
1935 1753 2011 1806 ad

426 1819 804 1876 Senonensem
832 1822 1153 1878 Ecclesium
1184 1823 1472 1892 postulato
1501 1819 1743 1893 pallium
1775 1824 1971 1879 mittit.

862 1912 1046 1981 [Apud
1094 1910 1304 1977 Mansi,
1340 1912 1518 1982 idid.]

429 2006 716 2062 NICOLAUS
747 2007 1078 2080 episcopus,
1112 2025 1314 2064 servus
1346 2026 1646 2065 servorum
1687 2009 1810 2079 Dei,
1843 2009 2016 2066 dilec-

360 2093 590 2150 tissimo
622 2095 743 2150 ﬁlio
773 2099 996 2151 CAROLO
1029 2097 1172 2168 regi.

430 2183 574 2237 Cum
591 2188 834 2254 acceptae
850 2183 1180 2240 dilectionis
1195 2190 1396 2241 vestrae
1414 2186 1740 2258 legeremus
1763 2187 2019 2260 epistolae

364 2274 586 2326 textum
621 2277 677 2327 et
706 2289 808 2344 per
831 2290 968 2329 eum
999 2273 1058 2328 in
1091 2275 1416 2331 Senonensi
1449 2276 1757 2348 metropoli
1789 2276 2019 2350 delega-

364 2362 494 2414 tum
528 2360 850 2416 antistitem
897 2362 1065 2418 miris
1097 2380 1198 2418 vos
1247 2365 1517 2436 praeferre
1555 2365 1829 2422 laudibus
1860 2383 2017 2422 com-

363 2448 764 2520 perissemus;
800 2467 915 2505 non
948 2450 1139 2506 solum
1187 2452 1257 2507 de
1287 2451 1612 2520 illo,verum
1653 2453 1829 2510 etiam
1863 2460 1918 2510 et
1950 2456 2019 2511 de

360 2537 529 2592 vobis
562 2537 780 2609 ingenti
815 2557 1022 2595 sumus
1044 2539 1432 2596 exsultatione
1454 2543 1752 2598 referti.De
1772 2543 1872 2599 illo
1895 2544 2019 2616 qui-

363 2625 518 2693 dem,
545 2627 823 2698 quoniam
855 2627 1030 2683 talem
1079 2629 1237 2684 hunc
1271 2631 1426 2686 fama
1459 2633 1749 2704 praedicat,
1785 2633 2017 2705 qualem

365 2713 576 2770 debere
611 2717 1015 2785 [/0rte,debere
1047 2735 1194 2785 esse,
1225 2719 1432 2786 Hann]
1466 2721 1803 2793 episcopum
1835 2725 2018 2795 Apos-

361 2802 514 2858 tolus
546 2803 785 2872 indicat,
803 2806 899 2878 qui
936 2807 1198 2863 scribens
1247 2808 1415 2864 illum
1447 2817 1712 2881 oportere
1761 2811 2018 2868 testimo-

361 2890 528 2946 nium
560 2892 775 2949 habere
822 2895 1062 2962 bonum,
1087 2901 1144 2951 et
1174 2896 1244 2951 ab
1278 2897 1368 2952 his
1401 2898 1500 2970 qui
1534 2899 1672 2954 foris
1704 2904 1842 2954 sunt
1872 2917 2015 2971 pra:-

360 2979 516 3036 dicat
548 2983 593 3053 (1
641 2984 785 3039 Tim.
821 2984 928 3056 111).
966 2990 1042 3040 De
1091 2986 1256 3042 vobis
1305 2992 1522 3053 autem,
1567 2988 1866 3060 quoniam,
1899 2990 2015 3045 Deo

360 3070 600 3142 gratias,
637 3089 868 3145 semper
921 3090 988 3129 ea
1045 3092 1172 3146 quae
1228 3075 1470 3132 meliora
1528 3081 1666 3132 sunt
1724 3077 2012 3150 diligitis;

360 3175 593 3231 semper
614 3177 740 3232 quae
773 3162 1114 3234 pretiosiora
1139 3168 1294 3221 sunt.
1334 3165 1578 3220 Domino
1602 3166 1716 3222 Deo
1735 3184 1768 3222 a
1788 3167 2014 3222 cunctis

1725 363 2034 424 NICOLAI
2079 363 2305 422 ΡΑΡιΕ
2351 363 2398 422 Ι.

793 511 804 550 :
856 495 1113 567 alioquin
1174 500 1678 568 praesumptorem,
1739 500 1796 552 et
1853 496 2006 551 circa
2035 499 2087 564 Α
2122 494 2292 561 batis,
2326 495 2561 550 aliunde
2605 496 2704 566 qui
2755 495 2839 552 eis
2895 493 3290 568 irregulariter
3336 498 3775 568 praeponeretur

2044 1873 2091 1938 B

3660 363 3776 421 976

2113 583 2334 638 electus
2363 588 2472 651 est,
2507 587 2564 638 et
2593 583 2692 653 qui
2725 583 2974 639 aliorum
2998 584 3253 640 fructum
3276 583 3554 640 laborum
3583 599 3773 639 come-

2113 673 2274 728 deret
2287 672 2654 728 adinventus.
2670 671 2958 728 Nimirum
2983 689 3115 728 cum
3130 673 3458 729 reverenda
3479 673 3774 728 memoriae

2114 761 2384 816 decessor
2414 760 2593 832 hujus
2640 761 2823 818 tantis
2853 779 2888 816 a
2910 761 3076 818 vobis
3114 762 3425 834 praeconiis
3476 761 3774 827 efferatur,

2115 854 2179 904 ut
2208 849 2436 905 nullum
2469 849 2526 904 in
2561 851 2763 906 eadem
2793 849 3058 919 ecclesia,
3088 851 3182 907 cui
3213 869 3328 907 non
3362 851 3597 908 modico
3627 854 3776 908 tem~

2115 955 2252 1012 pore
2311 939 2562 1012 praefuit,
2596 939 2698 1012 qui
2757 941 2808 995 ei
2860 941 3137 996 canonice
3191 939 3498 1014 subrogari
3554 944 3777 1012 posset,

2115 1027 2490 1099 relinqueret,
2516 1045 2757 1101 prorsus
2782 1029 3615 1100 incredibilejudicatur.Cum
3638 1045 3778 1102 ergo

2115 1116 2464 1174 familiarius
2493 1117 2552 1172 in
2585 1117 2925 1192 regionibus
2951 1119 3162 1175 vestris
3191 1118 3268 1175 sit
3297 1118 3417 1174 harc
3449 1119 3775 1187 temeritas,

2117 1209 2173 1260 et
2202 1222 2502 1262 sacrorum
2553 1223 2731 1278 super
2760 1206 2870 1263 hoc
2918 1223 3209 1263 canonum
3238 1207 3475 1263 violatio
3506 1206 3775 1276 dilatata,

2117 1311 2355 1350 necesse
2385 1299 2474 1350 est
2507 1299 2770 1351 nostram
2801 1293 3251 1351 sollicitudinem
3284 1312 3389 1368 pro
3421 1295 3532 1352 hac
3564 1310 3777 1368 ampu-

2117 1383 2298 1439 tanda
2317 1382 2670 1455 specialibus
2696 1382 3032 1456 impendere
3054 1383 3439 1458 diligentiam.
3469 1386 3779 1456 Quaprop~

2119 1477 2207 1528 ter
2240 1471 2610 1528 dilectionem
2650 1477 2932 1541 vestram,
2963 1474 3134 1545 cujus
3165 1489 3341 1545 opera
3382 1490 3499 1529 non
3531 1473 3777 1546 partim,

2119 1562 2219 1617 sed
2244 1578 2312 1617 ex
2333 1566 2474 1630 toto,
2492 1560 2718 1634 placere
2742 1578 2977 1617 summo
3000 1562 3220 1618 arbitro
3241 1562 3539 1635 cupimus,
3563 1563 3779 1618 obnixe

2119 1650 2513 1722 deposcimus,
2548 1655 2613 1706 ut
2642 1650 2726 1707 sic
2754 1650 2944 1706 zelum
2969 1651 3216 1723 justitiaa
3257 1651 3490 1723 habeat,
3523 1656 3594 1707 ut
3628 1652 3782 1707 hunc

2120 1740 2446 1795 secundum
2470 1739 2776 1796 scientiam
2795 1744 2990 1796 teneat
3015 1757 3028 1796 :
3057 1741 3142 1797 sic
3159 1740 3359 1797 oculos
3380 1757 3450 1796 ex
3473 1758 3599 1796 una
3621 1745 3785 1814 parte

2118 1828 2426 1901 vigilanter
2455 1829 2696 1901 aperiat,
2729 1833 2796 1884 ut
2841 1846 2910 1885 ex
2956 1829 3140 1886 altera
3186 1835 3352 1903 parte
3391 1829 3786 1886 nihilominus

2128 1917 2339 1972 videat.
2378 1916 2464 1972 Illi
2496 1935 2629 1974 vero
2660 1917 2760 1990 pui
2792 1918 2849 1972 in
2891 1917 3215 1974 sacrarium
3243 1918 3679 1991 provehuntur,
3713 1918 3790 1974 sic

2129 2007 2199 2061 de
2229 2006 2454 2062 collatis
2504 2005 2616 2062 sibi
2647 2006 2816 2062 donis
2867 2007 3094 2065 caelitus
3140 2009 3359 2080 gratias
3397 2007 3688 2076 referant,
3733 2013 3792 2063 ut

2129 2111 2244 2150 non
2264 2094 2418 2150 sicut
2436 2093 2760 2150 Pharisaeus
2773 2094 2832 2150 in
2850 2095 3092 2150 alterius
3114 2095 3561 2168 derogationem
3575 2101 3792 2152 temere

2130 2183 2363 2255 linguas
2414 2188 2699 2239 exacuant
2730 2201 2742 2238 :
2777 2183 3173 2254 periculosum
3223 2191 3312 2240 est
3361 2185 3548 2252 enim,
3604 2183 3796 2240 taliter

2129 2289 2334 2329 omnes
2365 2271 2634 2328 Ecclesiae
2667 2272 2972 2329 ministros
2997 2289 3292 2346 spernere,
3314 2278 3373 2329 et
3393 2273 3482 2330 eis
3509 2273 3795 2346 improvi-

2129 2367 2346 2429 sum,et
2379 2379 2493 2417 non
2525 2366 2791 2434 optatum
2820 2379 3175 2434 praeponere.
3199 2363 3362 2426 Quod
3411 2363 3559 2435 quia
3593 2363 3792 2419 crebro

2128 2455 2553 2523 presumptum
2584 2467 2712 2506 esse
2741 2449 3042 2507 nonnullis
3064 2450 3447 2524 querimoniis
3473 2467 3545 2506 ex
3569 2450 3684 2507 hoc
3701 2467 3789 2525 ge-

2128 2540 2416 2595 mentium
2473 2539 2810 2607 didicimus,
2845 2556 2946 2596 vos
2985 2539 3191 2596 merito
3239 2540 3582 2614 diligentes,
3628 2545 3695 2596 ut
3722 2541 3787 2595 ad

2125 2633 2351 2684 tantam
2382 2629 2913 2701 transgressionem
2942 2629 3238 2685 neminem
3267 2628 3597 2702 impellatis
3619 2647 3784 2702 expo-

2127 2718 2648 2792 scimus.Alioquin
2684 2739 2788 2777 nos
2815 2726 3153 2777 sanctarum
3177 2721 3421 2776 minime
3441 2720 3783 2793 regularum

2125 2805 2520 2877 immemores,
2556 2827 2660 2865 nee
2693 2827 2899 2884 segnes
2929 2815 3298 2868 exsecutores
3319 2811 3654 2866 admodum
3677 2810 3783 2866 exi-

2126 2900 2368 2964 stentes,
2403 2898 2682 2954 adversus
2714 2900 3052 2956 temerarios
3069 2899 3386 2957 succinctis
3409 2897 3784 2955 lumbisillas

2126 2985 2434 3041 defendere
2467 2987 2936 3058 procurabimus,
2966 2994 3024 3044 et
3052 2988 3369 3044 auxiliante
3411 2987 3656 3044 Christo
3691 3004 3786 3042 no-

2125 3073 2237 3140 bis,
2271 3079 2326 3129 et
2351 3074 2605 3131 ecclesiae
2629 3077 2998 3133 consulentes
3029 3077 3324 3150 ipsius,de
3353 3081 3567 3133 caetero
3599 3094 3784 3150 aequa-

2127 3160 2364 3218 nimiter
2392 3163 2699 3221 violatores
2722 3182 2924 3222 earum
2948 3166 3108 3222 nullo
3131 3167 3304 3222 modo
3326 3165 3781 3222 sustinebimus.

362 3247 553 3303 oll‘erri
586 3250 951 3306 desideratis.
986 3252 1096 3307 Sed
1130 3253 1399 3323 quamvis
1433 3253 1552 3310 haec
1585 3271 1690 3310 nos
1721 3254 1886 3312 valde
1916 3256 2010 3311 las-
2044 3239 2086 3305 (ἶ
2124 3249 2439 3324 Usquequo
2469 3256 2666 3310 tamen
2692 3255 2959 3311 eamdem
2985 3254 3783 3328 praevaricationemincipia-

355 3335 598 3404 tificent,
636 3338 889 3394 multum
919 3345 1113 3394 tamen
1146 3341 1829 3415 contristant,quiaidem
1848 3362 2016 3402 vene-

359 3425 561 3481 rabilis
593 3426 678 3481 vir
703 3444 818 3482 non
852 3429 922 3482 de
951 3427 1079 3500 ipsa
1108 3430 1371 3496 ecclesia,
1406 3432 1504 3487 sed
1539 3432 1612 3502 (α)
1639 3433 1708 3488 de
1757 3435 2013 3505 quodam

361 3514 716 3570 monasterio
765 3514 945 3570 fuisse
995 3515 1352 3588 perhibetur.
1388 3519 1646 3592 Denique
1698 3538 1831 3576 cum
1876 3539 2014 3597 erga

361 3602 683 3657 monachos
713 3604 914 3658 eadem
947 3604 1202 3676 profecto
1221 3606 1573 3679 regula,quae
1598 3609 1750 3666 circa
1771 3610 2010 3668 clericos

358 3689 456 3761 qui
489 3690 844 3760 provehendi
894 3697 1053 3758 sunt,
1087 3698 1484 3752 conversanda
1520 3698 1632 3766 sit;
1669 3699 2009 3756 indecorum

356 3782 574 3846 tamen,
610 3779 748 3850 quin
782 3781 975 3852 potius
1008 3782 1279 3838 illicitum
1312 3785 1486 3852 cst,in
1509 3785 1698 3843 aliena
1718 3789 2011 3860 stipendia

354 3883 712 3938 quemquam
755 3871 1053 3943 obrepere,
1086 3877 1140 3928 et
1161 3891 1228 3927 ex
1249 3879 1578 3931 transverso
1599 3877 1924 3934 venientem
1947 3878 2008 3934 in

347 3960 557 4024 castra,
595 3957 743 4013 inter
774 3975 900 4030 quae
932 3977 1047 4015 non
1082 3961 1374 4030 militavit,
1401 3965 1678 4021 ducatum
1712 3966 2003 4040 arripere;

345 4044 688 4102 beatissimo
720 4047 1052 4118 apostolicae
1077 4050 1234 4106 sedis
1257 4052 1504 4122 praesule
1534 4053 1837 4110 Caelestino
1861 4074 2004 4128 prae-

350 4134 619 4206 cipiente,
653 4141 830 4208 atque
863 4138 1088 4194 dicente
1109 4140 1346 4209 (ἀεί-νει.
1376 4142 1462 4212 18)
1489 4159 1501 4197 :
1531 4167 1556 4191 ‹‹
1583 4144 1746 4198 Tunc
1769 4143 1913 4200 alter
1935 4146 2005 4202 de

349 4223 532 4278 altera
564 4225 814 4297 eligatur
844 4227 1167 4296 ecclesia,si
1190 4230 1259 4284 de
1281 4229 1532 4287 civitatis
1550 4232 1738 4304 ipsius
1755 4232 2000 4301 clericis,

347 4312 442 4367 cui
474 4313 784 4385 episcopus
816 4320 904 4370 est
933 4317 1316 4387 ordinandus,
1354 4319 1554 4376 nullus
1585 4321 1819 4394 dignus,
1845 4323 2001 4395 quod

346 4401 573 4456 evenire
606 4419 719 4458 non
773 4405 1086 4475 credimus,
1137 4408 1390 4478 potuerit
1438 4410 1703 4465 inveniri.
1739 4410 2001 4467 Primum

344 4489 497 4545 enim
532 4489 616 4546 illi
648 4495 997 4565 reprobandi
1031 4502 1261 4563 sunt,ut
1295 4497 1474 4568 aliqui
1501 4499 1570 4552 de
1599 4498 1802 4554 alienis
1820 4501 2000 4557 eccle-

2126 3355 2259 3394 mus
2290 3340 2579 3411 generalis
2611 3342 2824 3398 decreti
2875 3344 3058 3398 nostri
3106 3342 3301 3417 ligone
3337 3343 3411 3398 de
3442 3343 3782 3416 regionibus

2122 3427 2328 3484 vestris
2360 3429 2642 3486 radicitus
2672 3430 3010 3504 exstirpare,
3043 3432 3406 3504 parcendum
3443 3431 3592 3486 huic
3629 3431 3780 3486 fratri

2113 3513 2240 3584 jam
2273 3520 2330 3570 et
2354 3515 2694 3589 coepiscopo
2728 3524 2928 3574 nostro
2958 3516 3544 3591 praavidimus.Unde
3575 3524 3637 3574 et
3667 3516 3778 3590 pal-

2119 3603 2264 3659 lium
2295 3606 2464 3676 juxta
2516 3607 2999 3663 consuetudinem
3042 3611 3483 3664 antecessorum
3538 3623 3775 3664 suorum

2121 3694 2405 3749 utendum
2453 3693 2502 3750 ei
2555 3696 2880 3752 secundum
2912 3697 3368 3769 postulationem
3400 3700 3669 3752 vestram
3700 3697 3774 3751 di-

2118 3783 2396 3839 reximus.
2429 3782 2540 3839 Sed
2574 3784 2848 3856 petimus,
2883 3790 2946 3840 ut
2975 3786 3128 3842 sicut
3172 3803 3278 3841 nos
3309 3803 3411 3841 vos
3467 3785 3774 3840 audientes

2118 3871 2173 3925 id
2208 3872 2259 3927 ei
2291 3873 2711 3940 concessimus,
2743 3873 2824 3929 ita
2872 3875 3060 3946 pietas
3109 3880 3303 3931 vestra
3347 3891 3453 3947 pro
3507 3891 3579 3930 eo
3629 3875 3774 3947 quod

2115 3961 2416 4032 poscimus
2439 3961 2548 4034 ipsi
2574 3961 2772 4036 largiri
2799 3963 3078 4020 muniﬁca
3103 3963 3438 4037 dapsilitate
3459 3963 3771 4038 dignetur:

2115 4065 2209 4104 res
2228 4049 2576 4120 videlicet,et
2598 4067 2841 4124 quaeque
2859 4053 2931 4108 ab
2954 4052 3198 4109 ecclesia
3218 4054 3551 4109 Senonensi
3568 4053 3778 4107 abbata

2115 4139 2529 4210 quoquomodo
2561 4139 3306 4214 dignoscuntur,quatenus
3319 4142 3475 4197 sicut
3493 4143 3659 4198 idem
3682 4157 3779 4214 per

2115 4243 2221 4282 nos
2252 4244 2528 4283 concesso
2577 4233 2738 4286 tanto
2770 4247 3013 4287 munere
3044 4231 3299 4286 exterius
3330 4231 3674 4296 decoratur,
3706 4231 3780 4284 ita

2113 4333 2347 4388 quoque
2377 4317 2448 4372 de
2477 4317 2720 4373 redditis
2752 4318 3008 4375 ecclesiae
3040 4319 3152 4374 sibi
3178 4319 3515 4376 commissae
3540 4337 3650 4392 per
3669 4319 3776 4375 cle-

2112 4405 2393 4460 mentiam
2425 4411 2676 4462 vestram
2710 4405 2956 4463 interius
2979 4407 3507 4480 gratuletur.0uod
3542 4408 3775 4481 pietatis

2110 4510 2257 4565 opus
2307 4494 2470 4549 vobis
2503 4495 2750 4551 suadere
2790 4495 3063 4568 cupimus
3093 4497 3272 4552 etiam
3305 4497 3463 4552 circa
3516 4497 3774 4570 reliquas

344 4576 446 4633 siis
479 4581 684 4635 merito
721 4585 1118 4654 praeferantur.
1154 4585 1376 4640 Habeat
1421 4586 1832 4658 unusquisque
1883 4607 1999 4645 sua:-
2027 4610 2076 4674 D
2110 4581 2272 4655 regni
2301 4582 2478 4638 vestri
2527 4583 2801 4640 CCCIGSiaS
2845 4586 3253 4641 exercendum.
3289 4585 3528 4642 SCiliCet
3574 4596 3638 4641 υί
3671 4603 3772 4642 nec

344 4665 596 4724 fructum
629 4671 846 4726 militiae
880 4674 937 4726 in
973 4673 1302 4743 ecclesia,in
1337 4689 1454 4743 qua
1487 4691 1654 4728 suam
1679 4692 1781 4746 per
1799 4679 1998 4734 omnia

340 4758 625 4829 transegit
657 4763 904 4826 aetatem,
933 4761 989 4814 in
1037 4760 1227 4814 aliena
1259 4760 1552 4830 stipendia
1583 4762 1824 4819 minime
1856 4765 2002 4821 alter

339 4843 616 4917 obrepat;
652 4864 756 4901 nec
807 4849 938 4903 aliis
985 4848 1245 4902 debitam
1279 4848 1424 4903 alter
1453 4849 1666 4905 audeat
1706 4852 2000 4912 vindicare

342 4935 692 4989 mercedem.
731 4958 758 4984 ››
788 4937 848 4991 In
869 4937 1083 5010 quibus
1095 4936 1287 4991 verbis
1303 4937 1715 5010 perspicacitas
1738 4941 1997 4999 dilectio-

341 5021 432 5076 nis
467 5028 670 5076 vestrae
707 5027 1022 5092 prudenter
1051 5025 1333 5092 attendat,
1370 5027 1645 5097 quoniam
1678 5034 1780 5085 aut
1810 5033 1880 5086 de
1912 5049 2001 5088 ec-

337 5109 524 5164 clesiae
559 5113 915 5169 Senonensis
946 5112 1190 5179 clericis,
1226 5114 1326 5184 qui
1377 5116 1747 5174 ordinaretur
1793 5120 1995 5178 nullus

339 5197 553 5268 dignus
588 5199 858 5253 inventus
887 5204 995 5266 est,
1031 5201 1184 5270 quod
1217 5202 1476 5260 evenisse
1511 5224 1622 5262 non
1675 5209 1991 5280 credimus,

335 5285 588 5340 maxime
622 5300 757 5337 curn
791 5287 868 5340 sit
901 5289 1324 5359 metropolis.ct
1355 5293 1692 5354 clericorum
1725 5316 1990 5356 numero.

334 5372 504 5427 sitate
535 5389 651 5426 non
685 5380 877 5428 careat
909 5393 921 5430 :
954 5379 1055 5431 aut
1085 5384 1233 5436 certe
1264 5381 1355 5437 his
1370 5385 1505 5454 jure
1528 5386 1770 5444 minime
1794 5405 1990 5462 repro-

403 5495 478 5563 (a)
512 5493 895 5576 pe‘quodagn
922 5507 1301 5576 ῃιοηαμςιίινίο.
1339 5507 1687 5576 Flaviniaco,
1723 5512 1990 5568 dioecesis

326 5562 1257 5652 itau'gustod'ur‘l-ensis.Chronicum
1276 5562 1990 5652 manuscriptu'ni

325 5633 427 5688 86-5
456 5632 808 5691 translatum
840 5652 924 5700 est
953 5660 1156 5718 corpus
1187 5632 1988 5728 sancta?iizgaﬁaéﬁiéaiii'é}

2106 4670 2214 4726 hoc
2232 4671 2555 4727 innumeris
2572 4672 2954 4745 miriﬁcisque
2979 4673 3311 4730 actionibus
3333 4674 3549 4730 vestris
3568 4677 3773 4732 deesse

2110 4759 2331 4816 bonum
2361 4765 2529 4832 pacto
2563 4760 2822 4833 quolibet
2870 4768 3240 4835 agnoscatur.
3292 4764 3441 4819 Nam
3475 4769 3770 4836 quantum

2109 4849 2187 4904 sit
2217 4851 2646 4917 detestandum,
2679 4867 2771 4906 res
2793 4868 2828 4906 a
2853 4851 2968 4923 piis
2995 4853 3229 4926 regibus
3247 4858 3305 4908 et
3327 4853 3558 4909 devotis
3581 4853 3767 4910 homi-

2107 4938 2284 4994 nibus
2315 4939 2431 4995 Deo
2482 4940 2748 5008 donatas,
2794 4940 3088 5013 permissu
3137 4948 3328 4998 vestro
3377 4943 3684 5008 subtrahi,
3715 4949 3770 4998 et

2107 5028 2512 5085 mundialibus
2533 5029 2741 5085 usibus
2773 5031 3221 5103 deputare,quia
3251 5031 3590 5103 epistolaris
3612 5033 3770 5088 locu-

2104 5116 2284 5172 tionis
2321 5119 2560 5174 modum
2593 5119 2976 5190 excessimus,
3006 5125 3209 5176 vestrae
3243 5119 3549 5194 sapientiae
3584 5121 3766 5177 subti-

2104 5203 2237 5262 liter
2266 5207 2757 5264 considerandum
2789 5207 3207 5281 relinquimus.

2100 5507 2386 5578 martyris
2413 5510 2570 5578 apud
2596 5511 3020 5578 Flaviniacum,
3054 5511 3410 5581 praesidente
3433 5513 3562 5569 loco
3593 5513 3758 5581 Egilo

2097 5581 2320 5710 gpbgte,
2367 5582 2733 5651 postmodum
2771 5585 3088 5642 Senonensi
3133 5584 3601 5656 archiepiscopo.
3632 5581 3751 5643 Jac.

2164 5671 2194 5708 ιι
2250 5693 2262 5708 ο

2143 5669 2262 5708 ιιιΜ.
