3898 6212
204 317 327 381 981

1436 318 1843 384 EPISTOLAE
1884 319 1986 381 ET
2028 320 2387 383 DECRETA
2404 366 2419 383 .

3522 324 3639 389 982

204 450 632 528 exponendum
654 468 667 510 :
690 468 896 511 verum
920 449 1156 511 interim
1178 451 1238 512 in
1266 454 1473 513 diebus
1495 454 1882 529 jejuniorum,
1912 454 1969 521 Α
1997 453 2282 513 Dominus
2310 457 2560 512 testatur
2586 454 2645 512 in
2677 454 2986 531 Evangelio
3012 456 3213 515 dicens
3245 473 3258 514 :
3294 457 3501 517 Mulier
3517 475 3644 518 cum

205 542 275 600 in
299 543 518 617 quibus
541 560 644 616 per
669 543 1084 601 abstinentiam
1104 550 1157 601 et
1174 544 1500 602 lamentum
1521 544 1873 618 poenitentiae

210 633 509 707 praecipue
530 632 777 690 Domino
800 634 1253 706 supplicandum
1270 634 1577 704 est,modis
1599 634 1875 691 omnibus

211 727 308 779 est
334 740 369 778 a
392 723 670 779 carnibus
691 722 1417 787 abstinendum.Quoniam
1442 723 1578 779 licet
1598 723 1873 779 omnibus

213 828 383 869 orare
397 816 454 868 et
469 811 762 868 abstinere
792 813 1475 885 conveniatjejuniorum
1498 817 1696 869 tamen
1718 817 1873 869 tem-

213 900 461 973 poribus
492 900 748 974 amplius
778 902 1143 958 abstinentize
1166 902 1444 959 inservire
1464 902 1871 975 oportet,vide-

211 990 445 1058 licet,ut
475 990 573 1063 qui
593 1007 654 1047 se
677 990 909 1046 sciverit
935 990 1139 1047 illicita
1158 995 1524 1064 perpetrasse
1545 992 1870 1049 secundum

217 1097 388 1137 sacra
416 1078 730 1136 decretalia
754 1078 813 1134 in
834 1079 929 1136 his
949 1079 1123 1136 etiam
1148 1097 1181 1136 a
1209 1080 1389 1136 licitis
1421 1098 1482 1137 se
1513 1080 1869 1154 quibusdam

214 1168 529 1234 abstineat,
564 1168 1057 1241 quadragesimali
1087 1169 1354 1225 videlicet
1396 1173 1678 1242 tempore,
1712 1169 1868 1240 quod

213 1261 306 1315 est
334 1262 470 1314 ante
500 1257 749 1325 Pascha;
776 1258 1006 1329 jejunio
1033 1262 1166 1330 post
1192 1262 1614 1326 Pentecostem,
1641 1256 1869 1330 jejunio

213 1350 350 1404 ante
382 1346 810 1404 solemnitatem
840 1348 1280 1421 Assumptionis
1330 1352 1543 1404 sanctae
1576 1347 1675 1403 Dei
1706 1346 1868 1420 geni-

209 1436 402 1503 tricis,
433 1439 491 1492 et
534 1453 765 1508 semper
808 1435 1052 1510 virginis
1098 1436 1349 1493 dominae
1395 1441 1605 1493 nostris
1633 1436 1865 1505 Mariae;

210 1542 443 1582 necnon
486 1525 713 1598 jejania
760 1529 894 1582 ante
943 1524 1159 1582 natalis
1206 1526 1437 1582 Domini
1497 1525 1681 1581 nostri
1727 1525 1867 1581 Jesu

208 1614 436 1672 Christi
468 1614 841 1671 festivitatem
876 1617 890 1669 ε
926 1631 1053 1686 quae
1094 1615 1326 1687 jejunia
1373 1618 1577 1670 sancta
1606 1615 1869 1670 Romana

208 1704 481 1777 suscepit
509 1703 836 1776 antiquitus
866 1708 924 1759 et
952 1707 1110 1760 tenet
1137 1703 1413 1760 Ecclesia.
1450 1704 1513 1760 In
1544 1707 1707 1760 sexta
1733 1720 1866 1760 vero

208 1793 364 1850 feria
390 1792 585 1849 omnis
616 1791 1014 1862 hebdomadas,
1048 1796 1106 1849 et
1136 1793 1196 1848 in
1228 1793 1455 1849 cunctis
1482 1792 1700 1866 vigiliis
1722 1793 1867 1849 insi-

205 1881 422 1957 gnium
454 1881 832 1937 festivitatum
859 1898 893 1937 a
921 1880 1186 1937 carnium
1213 1899 1317 1937 esu
1338 1882 1690 1938 cessandum
1711 1887 1768 1938 et
1779 1883 1868 1954 je-

197 1970 1398 2045 juniisincumbendum,utveracitercum
1412 1971 1865 2043 psalmographo

205 2061 330 2117 dici
372 2060 607 2117 valeat:
641 2059 721 2116 Ad
764 2076 1046 2132 vesperum
1090 2060 1462 2117 demorabitur
1508 2062 1685 2131 ﬂetus,
1717 2068 1768 2116 et
1795 2060 1867 2118 ad

204 2152 553 2207 matutinum
583 2150 784 2207 laetitia
815 2150 987 2221 (Psal.
1005 2149 1258 2219 xxxx).Si
1290 2148 1423 2221 quis
1452 2166 1585 2206 vero
1604 2153 1865 2206 vestrum

206 2238 347 2323 aliis
374 2238 619 2295 voluerit
645 2238 792 2293 forte
823 2236 1030 2293 diebus
1062 2255 1098 2293 a
1125 2238 1400 2294 carnibus
1429 2237 1864 2306 abstinere,non

206 2331 355 2384 sunt
384 2325 763 2399 prohibendi:
788 2326 1067 2399 quoniam
1087 2331 1304 2398 quanto
1324 2327 1458 2399 quis
1488 2326 1580 2381 hic
1600 2326 1660 2381 in
1685 2326 1868 2401 lacry-

207 2416 331 2473 mis
345 2415 532 2489 magis
549 2414 1115 2482 seminaverit,eants
1138 2414 1392 2487 amplius
1410 2415 1468 2470 in
1489 2415 1701 2487 gaudio
1719 2431 1868 2472 mes-

207 2522 392 2562 surus
421 2507 510 2560 est
539 2503 599 2559 in
630 2503 749 2559 vita
779 2503 1135 2559 aeterna.Nos
1185 2507 1382 2559 tamen
1431 2503 1614 2573 vobis,
1647 2505 1768 2577 qui,
1802 2509 1869 2561 ut

208 2593 607 2669 pratulimus,
641 2593 830 2649 adhuc
877 2594 1054 2649 rudes
1101 2593 1266 2661 estis,
1297 2596 1353 2649 et
1382 2592 1532 2649 lacte
1580 2597 1865 2664 tanquam

209 2683 443 2757 parvuli
474 2682 915 2750 nutriendi,non
934 2698 1106 2754 grave
1129 2681 1659 2757 potuimusjugum
1683 2683 1867 2738 donec

212 2774 291 2830 ad
322 2772 577 2829 solidum
607 2772 805 2827 cibum
834 2770 1081 2827 veniatis
1111 2770 1431 2844 imponere.
1463 2771 1679 2826 Verum
1712 2771 1868 2828 sicut

211 2861 330 2919 hoc
359 2861 590 2918 interim
623 2877 916 2928 cavemus,
948 2860 1033 2916 ita
1062 2864 1128 2916 ut
1150 2859 1445 2932 prohibita
1472 2878 1588 2917 non
1632 2861 1866 2916 contin-

204 2951 367 3024 gatis
379 2950 568 3007 modis
582 2950 857 3005 omnibus
869 2950 1255 3005 admonemus
1269 2966 1282 3003 :
1291 2948 1636 3022 protOplasti
1650 2948 1864 3022 quippe

205 3038 408 3096 solum
438 3054 680 3112 pomum
714 3038 1008 3111 gustando
1037 3037 1280 3094 vetitum
1311 3038 1383 3093 de
1412 3037 1669 3110 paradisi
1690 3055 1865 3094 amoe-

202 3127 392 3184 nitate
416 3126 677 3201 propulsi
708 3130 867 3182 sunt.

277 3195 571 3281 V.Quarta
601 3215 744 3272 feria
769 3215 1036 3288 quamvis
1067 3232 1098 3271 e
1127 3215 1349 3271 caeteris
1397 3216 1606 3272 diebus
1656 3219 1863 3289 praeter
1894 3195 1937 3261 (ἶ

203 3311 436 3362 sextam
467 3304 669 3361 feriam
702 3304 780 3360 sit
811 3303 1068 3377 amplius
1097 3304 1447 3360 maeroribus
1478 3306 1863 3378 operandum,

202 3412 316 3468 pro
346 3412 413 3450 eo
444 3394 600 3465 quod
624 3393 907 3450 Dominus
938 3393 1065 3466 ipso
1088 3395 1214 3466 jam
1246 3393 1339 3449 die
1370 3393 1428 3449 in
1462 3394 1635 3450 corde
1674 3398 1863 3461 terrae,

203 3482 269 3539 id
302 3487 393 3539 est
420 3482 585 3538 Judae
614 3482 934 3550 traditoris,
956 3482 1389 3554 quodammodo
1421 3482 1688 3555 sepultus
1721 3486 1862 3547 erat,

207 3573 357 3628 dum
388 3572 545 3627 hunc
563 3571 689 3643 ipse
707 3572 880 3627 morti
902 3571 1129 3628 tradere
1158 3571 1580 3627 meditabatur:
1597 3574 1793 3627 tamen
1816 3570 1867 3627 si

206 3664 474 3717 vestrum
506 3660 638 3732 quis
669 3661 871 3716 eodem
902 3660 994 3715 die
1022 3659 1375 3732 vult,potest
1404 3659 1643 3716 omnino
1666 3677 1868 3717 carnes

208 3748 658 3817 comedere,nisi
690 3749 837 3805 forte
868 3747 981 3804 sibi
1010 3755 1112 3805 aut
1140 3766 1175 3804 a
1204 3749 1502 3806 sacerdote
1522 3753 1678 3807 esset
1698 3750 1871 3805 inter-

210 3838 466 3904 dictum,
499 3837 779 3910 quoniam
813 3838 1098 3910 scriptum
1130 3841 1219 3894 est
1251 3855 1264 3894 :
1298 3838 1489 3893 Melius
1542 3838 1869 3909 obedientia,

207 3944 383 4001 quam
408 3927 793 3999 sacriﬁcium!
820 3926 1078 4000 Reg.xv);
1115 3931 1215 3982 aut
1244 3927 1435 3999 ipsam
1485 3927 1687 3981 feriam
1721 3926 1873 3982 inter

210 4016 343 4072 dies
364 4016 730 4088 jejuniorum
761 4014 990 4072 evenire
1018 4013 1327 4088 contigerit
1354 4031 1367 4069 :
1401 4014 1681 4085 quoniam
1700 4015 1874 4070 Jona-

210 4104 354 4159 thas
384 4103 671 4160 indictum
719 4120 754 4159 a
803 4108 965 4176 patre
1010 4102 1304 4175 jejunium
1336 4102 1632 4158 modicum
1681 4102 1873 4159 mellis

209 4193 511 4266 gustando
538 4190 861 4260 violans,ad
893 4191 1279 4248 occidendum
1299 4192 1370 4247 ab
1393 4191 1519 4263 ipso
1542 4196 1703 4264 patre
1725 4208 1876 4264 quae-

212 4281 370 4338 situs
402 4285 636 4337 estzaut
664 4284 818 4338 certe
846 4280 972 4353 ipse
998 4296 1061 4337 se
1091 4284 1222 4337 voto
1253 4279 1382 4352 ipso
1416 4280 1510 4336 die
1535 4297 1740 4336 carnes
1757 4298 1873 4336 non

211 4374 620 4427 comesturum
654 4369 1084 4438 constrinxerit,
1119 4370 1398 4441 quoniam
1431 4370 1715 4442 scriptum
1746 4375 1871 4425 est:

217 4460 429 4527 Vovete,
482 4467 533 4514 et
584 4458 786 4514 reddite
837 4460 1067 4515 Domino
1118 4461 1225 4515 Deo
1271 4467 1444 4515 vestro
1474 4460 1645 4528 (Psal.
1689 4463 1873 4526 LXXV).

214 4551 395 4603 Sexta
420 4564 556 4603 vero
587 4545 731 4607 feria
758 4547 1095 4619 passionem
1127 4546 1515 4617 Dominicam,
1546 4552 1604 4603 et
1645 4553 1876 4620 aposto-

215 4636 417 4693 lorum
448 4634 787 4692 moestitiam
819 4635 1157 4703 recolentes,
1191 4636 1264 4691 ab
1297 4636 1563 4692 omnium
1611 4637 1876 4694 carnium

216 4724 437 4799 epulis,
469 4729 526 4780 et
556 4724 912 4798 pinguedine
943 4728 1154 4798 gustus
1205 4729 1402 4781 noster
1449 4728 1740 4783 arcendus
1770 4731 1877 4795 est,

218 4818 437 4889 praeter
458 4812 506 4870 si
529 4813 801 4869 nativitas
832 4813 1064 4869 Domini
1082 4818 1138 4869 et
1156 4813 1601 4887 epiphaniorum
1625 4817 1883 4887 ejus,aut

218 4902 509 4960 festivitas
542 4902 723 4958 beata
756 4901 958 4959 Matris
989 4903 1223 4959 Domini
1273 4908 1331 4959 et
1374 4904 1732 4960 intemeratae
1759 4905 1883 4960 Vir-

220 4990 384 5065 ginis
434 4989 649 5060 Mariae,
691 5008 793 5048 seu
844 4991 1242 5064 apostolorum
1282 4990 1614 5064 principum
1644 4993 1796 5048 Petri
1827 4998 1886 5049 et

221 5079 414 5147 Pauli,
473 5084 649 5152 atque
707 5080 896 5137 sancti
938 5080 1183 5138 Joannis
1230 5080 1522 5152 Baptistae,
1570 5097 1674 5137 ceu
1733 5082 1886 5138 beati

220 5168 475 5225 Joannis
505 5167 895 5242 evangelista,
929 5186 1153 5226 necnon
1198 5173 1253 5224 et
1302 5168 1571 5242 clavigeri
1603 5170 1727 5225 coeli
1758 5187 1884 5243 ger-

224 5259 414 5324 mani,
445 5258 687 5315 Andreae
719 5256 942 5315 scilicet
972 5257 1387 5331 aposteli,quin
1420 5258 1594 5314 etiam
1637 5263 1693 5313 et
1734 5259 1889 5317 beati

207 5342 515 5419 'Stephani
530 5346 1113 5420 protomartyrisipso
1131 5346 1224 5402 die
1239 5346 1501 5402 fortassis
1515 5347 1740 5403 evenire
1758 5366 1891 5405 con-

225 5436 606 5512 tigerit.Nam
638 5436 795 5508 quod
826 5442 1029 5493 sancta
1058 5435 1338 5503 Ecclesia,
1366 5441 1433 5491 ut
1460 5436 1647 5492 lidelis
1693 5440 1892 5496 anima

210 5526 292 5601 ‘in
327 5525 648 5583 festivitate
699 5541 899 5581 eorum
940 5525 1194 5597 jejunia,
1224 5525 1311 5581 vel
1343 5524 1732 5582 abstinentiae
1764 5546 1891 5599 quae

228 5634 350 5676 non
380 5618 527 5674 sunt
558 5616 839 5687 perpetuo
867 5616 997 5671 voto
1030 5614 1361 5687 propositae,
1393 5613 1614 5671 solvere
1665 5616 1890 5687 debeat,

1978 546 2132 616 parit
2161 547 2449 601 tristitiam
2496 546 2688 615 habet;
2737 564 2862 603 cum
2909 555 3090 604 autem
3132 549 3340 621 peperit
3379 566 3638 621 puerum,

1974 634 2096 705 jam
2134 651 2247 689 non
2291 637 2545 691 meminit
2590 652 2881 709 pressurae,
2907 645 3130 709 propter
3175 637 3460 708 gaudium,
3506 642 3639 711 quia

1981 730 2141 778 natus
2192 731 2270 779 est
2317 724 2473 780 homo
2518 726 2577 780 in
2622 726 2886 781 mundum
2920 727 3097 795 (Joan.
3129 732 3247 794 xvx)
3281 744 3293 783 :
3329 726 3636 783 mulierem

1982 811 2124 867 dicit
2154 817 2419 868 sanctam
2450 813 2957 870 Eeclesiam.Sicut
2987 815 3143 870 enim
3169 813 3383 871 mulier
3414 820 3549 871 nato
3573 817 3632 872 in

1981 900 2139 957 hunc
2160 903 2451 958 mundum
2472 902 2706 959 homine
2726 903 2974 970 laetatur,
3002 904 3084 959 ita
3098 903 3356 960 Ecclesia
3378 904 3436 960 in
3454 904 3632 961 vitam

1981 991 2240 1047 futuram
2272 991 2536 1048 fidelium
2567 992 2782 1066 populo
2807 994 3098 1067 migrante
3149 994 3329 1067 digna
3376 993 3631 1050 exsulta-

1976 1079 2136 1136 tione
2158 1080 2446 1153 repletur;
2470 1098 2574 1153 pro
2593 1098 2707 1153 qua
2725 1083 2852 1152 ejus
2874 1082 3175 1138 nativitate
3197 1083 3449 1138 multum
3472 1083 3630 1139 labo-

1978 1185 2118 1224 rans
2147 1173 2205 1224 et
2234 1186 2474 1243 gemens
2495 1170 2554 1225 in
2575 1172 2847 1242 praesenti
2870 1172 3037 1243 quasi
3069 1172 3403 1244 parturiens
3433 1171 3624 1228 dolet:

1979 1273 2082 1313 nec
2114 1275 2329 1314 novum
2356 1258 2525 1315 debet
2554 1259 2828 1331 cuiquam
2860 1260 3060 1332 videri,
3110 1260 3161 1316 si
3207 1264 3382 1317 natus
3414 1261 3630 1316 dicitur

1978 1346 2080 1417 qui
2105 1363 2173 1402 ex
2202 1346 2313 1403 hac
2357 1348 2476 1404 vita
2496 1348 2859 1421 migraverit;
2894 1350 3187 1421 quomodo
3217 1350 3375 1405 enim
3408 1350 3625 1405 usitato

1977 1452 2139 1491 more
2171 1435 2384 1492 dicitur
2414 1436 2592 1507 nasci,
2618 1440 2852 1510 quando
2883 1438 3016 1510 quis
3046 1456 3114 1495 ex
3150 1443 3315 1494 utero
3362 1443 3625 1495 materno

1976 1525 2369 1596 procedensin
2387 1526 2739 1583 hanclucem
2762 1528 2905 1596 exit;
2942 1528 3023 1584 sic
3047 1546 3278 1601 quoque
3300 1529 3434 1599 jure
3450 1532 3624 1584 natus

1977 1613 2255 1686 appellari
2287 1620 2479 1687 potest
2496 1615 2739 1689 quilibet
2752 1617 2822 1672 ab
2845 1617 3024 1689 hujus
3056 1616 3253 1673 saeculi
3273 1615 3529 1673 tenebris
3552 1617 3623 1671 ad

1976 1701 2175 1758 lumen
2206 1705 2544 1776 pertingens
2563 1705 2882 1761 viventium
2918 1723 2930 1762 :
2964 1723 3067 1777 pro
3099 1724 3214 1778 qua
3242 1722 3379 1778 ergo
3411 1722 3472 1760 re
3493 1709 3625 1777 apte

1896 1828 1943 1893 Β
1976 1792 2400 1848 consuetudine
2415 1797 2647 1849 tenetur
2668 1794 3154 1863 ecclesiastica,ut
3183 1794 3475 1850 solemnes
3495 1794 3628 1849 bea-

1970 1882 2166 1936 torum
2199 1881 2636 1955 martyrum,vel
2667 1884 3068 1939 confessorum
3096 1883 3303 1938 Christi
3337 1883 3623 1955 dies,qui-

1974 1970 2087 2025 bus
2115 1971 2185 2025 de
2215 1970 2324 2025 hoc
2347 1972 2565 2027 mundo
2587 1972 2660 2026 ad
2679 1973 2974 2044 regionem
2996 1973 3316 2045 migravere
3336 1972 3620 2039 vivorum,

1973 2064 2389 2131 nuncupentur
2434 2059 2679 2129 natales,
2714 2062 2816 2117 sed
2843 2066 2899 2117 et
2928 2078 3128 2117 eorum
3175 2060 3461 2117 solemnia
3505 2076 3623 2116 non

1973 2147 2243 2203 funebria
2272 2152 2555 2221 tanquam
2588 2149 2989 2215 morientium,
3023 2151 3125 2205 sed
3156 2153 3220 2204 ut
3250 2154 3381 2220 pote
3410 2148 3471 2204 in
3490 2164 3627 2204 vera

1972 2235 2089 2291 vita
2121 2237 2487 2292 nascentium
2528 2237 2799 2294 natalitia
2844 2238 3188 2294 vocitentur.
3226 2240 3374 2310 Ergo
3406 2237 3452 2292 si
3486 2240 3625 2291 tunc

1974 2325 2094 2380 nati
2125 2330 2262 2382 sunt
2292 2327 2493 2399 utique
2536 2327 2673 2394 Deo,
2707 2327 2797 2383 cui
2848 2327 3046 2382 omnia
3090 2326 3312 2392 vivunt,
3362 2326 3417 2380 in
3456 2326 3626 2397 cujus

1975 2431 2154 2471 manu
2177 2416 2697 2487 justorumanimae
2718 2417 2918 2489 posita:
2936 2417 3336 2489 sunt,quando
3357 2414 3466 2471 visi
3489 2417 3628 2470 sunt

1974 2503 2160 2561 oculis
2207 2504 2609 2578 insipientium
2661 2505 2829 2573 mori,
2863 2505 3076 2561 mulier
3123 2509 3328 2561 sancta
3351 2505 3478 2574 jam
3509 2520 3627 2559 non

1976 2594 2245 2649 meminit
2276 2611 2577 2667 praessurze
2609 2599 2844 2666 propter
2870 2593 3323 2667 gaudium,quia
3340 2596 3517 2649 natus
3538 2597 3629 2649 est

1973 2681 2147 2738 homo
2178 2682 2239 2737 in
2272 2683 2653 2749 mundum,id
2671 2687 2759 2739 est
2780 2683 2837 2737 in
2855 2682 3045 2739 lucem
3068 2687 3343 2738 aeternam
3364 2699 3377 2737 :
3395 2681 3552 2754 quod
3573 2682 3625 2737 si

1974 2772 2045 2827 de
2075 2772 2203 2843 ejus
2234 2770 2532 2826 nativitate
2556 2770 2804 2839 laetatur,
2838 2789 2952 2827 non
2978 2770 3246 2842 jejuniis,
3280 2788 3397 2826 non
3440 2770 3625 2825 absti-

1973 2860 2333 2927 nentiis,non
2364 2860 2618 2933 denique
2640 2859 2777 2915 ullis
2799 2860 2971 2915 debet
2992 2860 3119 2931 ipso
3151 2875 3355 2914 vacare
3373 2858 3466 2913 die
3488 2875 3626 2913 mce-

1972 2949 2223 3005 roribus.
2257 2949 2533 3016 Quamvis
2563 2949 2623 3003 in
2648 2947 2933 3018 hac,valle
2968 2947 3362 3019 lacrymarum
3395 2962 3627 3018 semper

1971 3037 2293 3112 lugendum
2325 3038 2420 3105 sit,
2454 3042 2512 3093 et
2543 3038 2726 3093 donec
2756 3035 3125 3109 perveniatur
3154 3036 3225 3091 ad
3258 3033 3421 3090 illam
3454 3050 3627 3107 ange-

1972 3126 2165 3183 lorum
2192 3126 2716 3195 festivitatem,sem
2724 3143 2825 3198 per
2837 3125 3184 3181 mmroribus
3197 3123 3620 3180 insistendum:

1976 3215 2254 3289 quoniam
2286 3214 2396 3271 etsi
2427 3215 2522 3270 hic
2554 3215 2897 3271 solemnilas
2914 3214 3253 3285 agitur,non
3274 3217 3472 3268 tamen
3494 3228 3625 3267 con-

1974 3305 2268 3372 tinua,sed
2303 3309 2711 3360 momentanea
2741 3307 2847 3372 est,
2882 3321 3009 3376 qua
3040 3303 3133 3358 vix
3160 3301 3476 3374 aliquando
3498 3300 3625 3357 sine

1976 3393 2174 3449 dolore
2206 3394 2523 3466 perficitur.

2047 3482 2139 3538 VI.
2175 3482 2348 3539 Porro
2381 3482 2594 3550 dicitis,
2623 3483 2778 3555 quod
2813 3482 3107 3538 affirmant
3136 3478 3316 3536 Graeci
3346 3478 3627 3546 dicentes,

1977 3571 2133 3644 quod
2165 3571 2326 3628 nullo
2358 3572 2530 3628 modo
2563 3572 2620 3627 in
2652 3576 2861 3644 quarta
2890 3575 2946 3627 et
2976 3575 3137 3626 sexta
3183 3569 3326 3626 feria
3366 3566 3631 3624 balneari

1978 3661 2260 3727 debeatis,
2294 3662 2365 3716 de
2398 3678 2513 3733 quo
2546 3662 2602 3716 id
2639 3678 2745 3717 nos
2774 3678 2805 3716 e
2836 3664 3038 3716 contra
3067 3657 3512 3715 consulentibus
3545 3672 3635 3711 re-

1979 3750 2359 3821 spondemus,
2394 3751 2546 3822 quod
2581 3751 2790 3806 beatus
2820 3767 2971 3822 papa
3000 3748 3399 3821 Gregorius,et
3426 3743 3635 3817 Anglo-

1979 3856 2108 3893 rum
2166 3838 2359 3910 gentis
2409 3837 2708 3910 apostolus
2759 3838 3040 3893 Romanis
3080 3838 3150 3892 de
3199 3834 3500 3892 Dominico
3546 3832 3640 3889 die

1980 3943 2250 3982 sermone
2282 3927 2537 3998 quodam
2564 3926 2764 3981 habito
2797 3927 3145 3997 praedicasse
3196 3925 3409 3996 legitur
3439 3924 3632 3994 (Epist.

1982 4016 2079 4070 lib.
2115 4031 2175 4082 ιι,
2198 4015 2414 4086 epist.3)
2452 4033 2465 4070 :
2500 4014 2725 4070 Etenim
2759 4015 2832 4069 ad
2859 4030 2951 4068 me
2982 4012 3272 4084 perlatum
3303 4010 3583 4076 est,vobis
3605 4028 3640 4066 a

1981 4103 2267 4176 perversis
2296 4103 2635 4158 hominibus
2665 4120 2793 4159 esse
2824 4103 3305 4175 praedicatum,ut
3336 4099 3636 4155 Dominico

1982 4191 2075 4249 die
2107 4190 2305 4247 nullus
2345 4192 2552 4247 debeat
2593 4191 2795 4257 lavari,
2844 4195 2902 4246 et
2950 4190 3190 4262 quidem
3239 4189 3290 4245 si
3340 4206 3443 4261 pro
3492 4187 3636 4242 luxu

1983 4280 2185 4348 animi,
2221 4286 2395 4352 atque
2422 4280 2717 4352 voluptate
2744 4279 2877 4352 quis
2907 4278 3085 4335 lavari
3118 4278 3359 4351 appetit,
3380 4277 3489 4333 hoc
3510 4275 3638 4331 ﬁeri

1984 4387 2090 4425 nec
2121 4369 2344 4441 reliquo
2376 4369 2637 4441 quolibet
2665 4369 2758 4424 die
2791 4368 3206 4424 concedimus:
3234 4367 3283 4423 si
3314 4370 3509 4423 autem
3534 4382 3637 4437 pro

1986 4459 2333 4515 necessitate
2364 4459 2643 4531 corporis,
2677 4458 2786 4513 hoc
2819 4474 2925 4512 nec
2957 4456 3259 4512 Dominico
3300 4456 3392 4510 die
3440 4453 3638 4527 prohi-

1906 4570 1954 4637 Ι)
1987 4548 2230 4616 bemus;
2262 4548 2549 4620 scriptum
2582 4548 2797 4620 quippe
2827 4550 2916 4601 est
2960 4563 2973 4600 :
3025 4546 3187 4600 Nemo
3218 4560 3441 4599 carnem
3480 4559 3641 4637 suam

1985 4638 2107 4694 odio
2136 4638 2349 4706 habuit,
2399 4638 2490 4694 sed
2543 4639 2721 4693 nutrit
2760 4644 2811 4693 et
2857 4636 3000 4707 [ovet
3042 4650 3163 4690 eam
3212 4634 3424 4704 (Ephes.
3470 4630 3637 4702 vni):

1991 4730 2048 4781 et
2092 4744 2328 4782 rursum
2376 4726 2660 4798 scriptum
2714 4743 2726 4783 :
2789 4726 2983 4782 Carnis
3034 4739 3225 4779 curam
3280 4737 3349 4776 ne
3402 4719 3643 4791 feceritis

1992 4817 2049 4870 in
2109 4817 2552 4888 concupiscentiis
2613 4816 2786 4887 (Rom.
2846 4816 2990 4882 xm).
3050 4812 3155 4875 Qui
3214 4809 3394 4882 igitur
3449 4804 3644 4863 carnis

1994 4922 2194 4960 curam
2229 4905 2289 4959 in
2320 4903 2810 4976 concupiscentiis
2844 4903 2964 4958 ﬁeri
2987 4900 3274 4974 prohibet,
3294 4898 3550 4970 proiecto
3582 4894 3643 4948 in

1994 4992 2440 5049 necessitatibus
2471 4993 2908 5048 concedit.Nam
2932 4992 2980 5046 si
3005 4987 3307 5046 Dominico
3322 4986 3415 5041 die
3432 5000 3644 5055 corpus

1993 5083 2183 5139 lavare
2212 5086 2513 5154 peccatum
2545 5086 2656 5148 est,
2683 5079 2861 5136 lavari
2894 5096 3030 5152 ergo
3065 5079 3157 5133 die
3181 5078 3385 5133 eodem
3417 5089 3521 5129 nec
3560 5073 3645 5128 fa-

1997 5174 2114 5229 cies
2147 5171 2403 5228 debet.Si
2437 5176 2632 5227 autem
2664 5169 2772 5225 hoc
2806 5170 2865 5224 in
2897 5169 3156 5241 corporis
3187 5171 3351 5240 parte
3379 5161 3647 5221 concedi-

1996 5267 2112 5329 tur,
2145 5278 2250 5317 cur
2280 5259 2385 5315 hoc
2416 5258 2679 5331 exigente
2709 5256 3057 5312 necessitate
3080 5259 3201 5310 tota
3231 5249 3457 5324 corpori
3482 5263 3649 5319 nege—

1999 5352 2133 5406 tur?
2164 5351 2361 5421 Itaque
2383 5349 2535 5419 quod
2564 5348 2659 5402 hic
2682 5345 3240 5418 praesuleximius,et
3264 5338 3653 5397 suavissimus

2003 5442 2205 5496 doctor
2235 5439 2294 5494 in
2326 5437 2626 5494 Dominico
2658 5436 2877 5509 die,qui
2912 5435 3136 5491 caeteris
3187 5432 3393 5487 diebus
3424 5442 3659 5482 venera-

2003 5530 2175 5584 bilior
2204 5526 2609 5594 est,concessit
2641 5544 2652 5581 :
2688 5543 2794 5582 nos
2819 5542 3050 5598 quoque
3080 5523 3141 5579 in
3173 5524 3384 5594 quarta
3422 5520 3479 5573 et
3500 5517 3663 5571 sexta

2001 5618 2146 5675 feria
2177 5634 2293 5674 non
2325 5616 2789 5690 negamus,hanc
2818 5614 3084 5671 videlicet
3104 5608 3516 5669 discretionem
3539 5618 3662 5659 ser-
