3898 6212
303 329 422 393 983
1664 331 1975 394 NICOLAI

2167 332 2251 393 ’λλΕ
2293 331 2341 393 Ι.
3621 326 3764 387 984

305 469 532 532 vantes,
563 467 629 520 ut
680 462 972 536 siquidem
1019 479 1123 537 pro
1168 462 1309 522 luxu
1349 464 1529 523 animi
1580 470 1753 540 atque
1796 464 1953 522 volu-
1982 470 2035 534 Α
2063 463 2311 522 scientia
2340 461 2743 538 impaenitens,
2773 461 2865 521 vel
2900 480 3015 521 non
3047 460 3428 521 reconciliata
3458 457 3760 517 fortassis

309 559 468 628 ptate
498 554 631 625 quis
661 551 840 607 lavari
873 552 1242 624 appetat,hoc
1275 554 1395 609 fieri
1428 572 1533 610 nec
1561 555 1785 626 reliquo
1811 571 1955 626 quo-
2068 560 2321 621 accuset,
2353 555 2440 610 vel
2471 555 2521 610 si
2553 554 2716 610 fratri
2748 553 3110 610 discordanti
3143 552 3277 625 quis
3321 555 3602 608 vestrum
3639 564 3762 603 suo

311 644 455 699 libet
500 643 592 697 die
646 642 1056 698 concedamus.
1103 642 1163 697 Si
1214 646 1410 700 autem
1462 661 1565 716 pro
1614 644 1960 700 necessitate
2068 644 2206 700 vitio
2238 644 2646 700 reconciliatus
2706 643 2906 699 minus
2951 642 3179 699 existat.
3214 642 3364 698 Nam
3425 655 3617 713 quem
3684 637 3765 692 de

312 732 593 804 corporis,
626 731 734 786 hoc
784 748 890 787 nec
937 736 1165 804 quarta,
1220 749 1324 788 nec
1377 740 1538 789 sexta
1585 734 1729 789 feria
1758 733 1960 806 prohi-
2070 733 2280 790 horum
2327 734 2523 807 aliquo
2573 733 2933 789 conscientia
2981 732 3229 798 mordet,
3279 729 3509 805 gravari
3581 731 3764 781 tanto

312 821 579 880 beamus.
2072 838 2314 878 munere
2347 824 2544 895 potius
2576 838 2753 895 quam
2777 821 3101 878 remedium
3128 819 3409 892 consequi
3434 815 3768 891 quodlibet

386 910 506 965 VII.
566 909 959 965 Sciscitamini
1013 914 1311 983 praeterea,
1380 913 1427 966 si
1494 911 1666 969 liceat
1730 929 1962 970 crucem
2073 911 2765 969 arbitramurzludicium
2794 912 2945 966 enim
2975 910 3106 978 sibi,
3129 910 3455 966 secundum
3485 908 3765 978 Aposto-

317 999 548 1056 Domini
579 1017 711 1055 cum
743 999 1005 1072 reliquiis
1036 1001 1257 1056 mundo
1288 1002 1406 1057 sive
1459 1000 1765 1058 immundo
1814 1002 1966 1058 hanc
2072 998 2221 1065 lum,
2251 1001 2547 1056 manducet
2592 1008 2645 1057 et
2688 1000 2824 1055 bibit
2857 1000 2903 1072 (I
2931 998 3051 1055 Cor.
3083 1002 3185 1069 x1).
3211 996 3431 1052 Verum
3480 996 3561 1051 de
3618 992 3763 1059 hoc,

319 1088 558 1145 habenti
590 1087 865 1153 osculari,
891 1088 977 1143 vel
1012 1094 1270 1160 portare;
1306 1091 1459 1162 quod
1492 1090 1543 1146 ei
1576 1091 1674 1163 qui
1708 1092 1965 1146 mundus
2076 1093 2132 1145 et
2160 1088 2232 1143 de
2260 1088 2353 1143 his
2384 1088 2484 1161 qui
2511 1086 2820 1144 ecclesiam
2850 1087 3087 1160 quidem
3118 1086 3362 1153 instant,
3397 1100 3505 1140 nec
3544 1087 3765 1137 tamen

321 1183 430 1245 est,
467 1176 706 1233 omnino
755 1175 921 1245 licet;
955 1196 1089 1233 nam
1122 1178 1180 1233 in
1209 1179 1409 1235 osculo
1441 1179 1580 1253 quid
1614 1180 1726 1235 nisi
1782 1197 1965 1249 amor,
2079 1177 2229 1233 facta
2260 1178 2551 1233 oblatione
2591 1177 3048 1245 communicant,
3086 1176 3235 1231 sacri
3284 1190 3547 1230 canones
3607 1172 3771 1225 forte

323 1283 437 1339 quo
470 1266 719 1339 quisque
750 1267 904 1321 circa
929 1284 997 1322 ea
1028 1268 1574 1338 flagrat,innuitur?
1602 1270 1659 1324 in
1694 1270 1967 1342 deporta-
2080 1266 2442 1321 sufficienter
2467 1266 2799 1333 enuntiant,
2825 1265 2925 1338 qui
2957 1264 3208 1320 antistiti
3237 1268 3431 1319 vestro
3463 1258 3771 1331 sunt,qui

321 1356 479 1413 tione
522 1372 652 1411 vero
700 1356 829 1426 ejus
879 1355 1019 1427 quid
1066 1356 1179 1411 nisi
1234 1357 1603 1414 mortiﬁcatio
1635 1359 1848 1426 carnis,
1881 1358 1971 1413 vel
2080 1352 2194 1411 Deo
2224 1356 2387 1411 vobis
2419 1358 2656 1411 auctore
2705 1371 2808 1427 per
2854 1353 3320 1410 mediocritatem
3352 1354 3639 1408 nostram
3673 1365 3773 1403 or-

324 1444 653 1517 compassio
675 1445 1075 1517 proximorum
1099 1447 1482 1518 exprimitur?
1505 1448 1798 1521 siquidem
1823 1447 1972 1503 hanc
2081 1443 2376 1500 dinandus
2403 1449 2516 1509 est,
2547 1444 2866 1513 tribuendi,
2899 1447 2958 1499 et
2987 1444 3059 1498 ab
3091 1459 3157 1498 eo
3188 1440 3641 1504 sacerdotibus,
3665 1436 3773 1509 qui

326 1539 382 1591 et
430 1533 707 1589 Dominus
752 1534 1016 1605 bajulare
1064 1535 1355 1607 praecepit,
1390 1538 1488 1591 sed
1537 1536 1597 1592 in
1631 1541 1852 1606 mente;
1884 1554 1975 1592 ve-
2082 1532 2271 1589 claves
2301 1536 2500 1588 tenent
2529 1533 2806 1601 scientiae,
2843 1532 3126 1587 duntaxat
3155 1529 3477 1604 aperiendi,
3499 1532 3571 1585 et
3594 1525 3775 1581 vobis

325 1640 459 1679 rum
490 1626 547 1678 et
573 1639 705 1678 cum
733 1638 972 1695 corpore
1003 1628 1283 1695 gestatur,
1315 1630 1382 1681 ut
1428 1630 1484 1681 et
1531 1630 1726 1681 mente
1756 1627 1972 1699 gestari
2084 1621 2487 1690 nihilominus,
2522 1622 2580 1677 in
2610 1621 2825 1695 quibus
2858 1638 3006 1692 opus
3036 1624 3127 1676 est
3173 1624 3229 1675 et
3279 1617 3530 1674 minime
3566 1614 3778 1689 prohi-

328 1713 535 1767 debeat
564 1711 794 1767 facilius
825 1712 1201 1782 admonetur;
1235 1730 1375 1769 crux
1406 1716 1621 1788 quippe
1652 1733 1685 1770 a
1714 1716 1974 1772 cruciatu
2084 1710 2273 1778 betur,
2310 1710 2673 1767 insinuandi.
2709 1710 2946 1766 Interim
2975 1710 3210 1765 tantum
3259 1706 3771 1781 quadragesima,

330 1800 563 1901 dicitur,
614 1804 673 1856 et
727 1805 793 1855 ut
842 1802 1139 1901 praefatus.
1168 1803 1404 1901 exponit
1449 1804 1712 1873 antistes,
1747 1806 1976 1861 duobus
2005 1837 2055 1901 Β
2086 1817 2264 1891 quam
2293 1817 2421 1855 mos
2443 1798 2714 1855 Ecclesiae
2737 1801 3019 1871 majorem
3037 1794 3518 1870 appellat,omnis
3548 1797 3654 1851 cst
3677 1794 3773 1848 die

331 1889 523 1945 modis
568 1905 801 1944 crucem
849 1890 1080 1945 Domini
1126 1891 1482 1963 bajulamus,
1546 1910 1680 1950 cum
1740 1898 1841 1949 aut
1879 1912 1981 1967 per

332 1978 748 2034 abstinentiam
779 1995 1013 2034 carnem
1041 1980 1459 2048 aflicimus,aut
1490 2000 1592 2054 per
1618 1984 1983 2056 compassio-

335 2085 469 2123 nem
502 2068 1365 2140 proximi,necessitatemillius
1388 2075 1649 2127 nostram
1681 2076 1979 2145 putamus.

336 2156 523 2227 Igitur
547 2172 779 2212 crucem
810 2157 1063 2223 Domini,
1098 2159 1428 2230 passionem
1460 2162 1589 2232 ejus
1618 2167 1984 2226 venerantes.

335 2244 715 2312 osculamini;
748 2250 805 2300 et
835 2263 937 2317 pro
967 2246 1093 2318 ejus
1121 2263 1338 2313 amore,
1362 2248 1411 2303 si
1443 2250 1761 2307 necessitas
1784 2252 1981 2326 exigit,

337 2334 542 2390 eadem
607 2333 956 2406 cogitatione
1004 2336 1344 2404 armamini;
1412 2342 1636 2409 portate
1701 2356 1852 2409 eam,
1882 2342 1985 2397 sed

339 2438 475 2477 cum
508 2439 744 2478 summa
772 2423 1112 2493 reverentia,
1161 2429 1218 2480 et
1259 2443 1496 2498 corpore
1534 2430 1590 2483 et
1620 2429 1790 2484 corde
1822 2447 1989 2486 mun-

247 2531 255 2541 ·
340 2510 608 2577 dissimo,
640 2511 723 2567 ita
755 2516 880 2568 uta
910 2517 1105 2569 mente
1151 2519 1343 2570 vestra
1390 2532 1693 2589 nunquam
1734 2519 1983 2589 decidat,

339 2598 397 2655 id
429 2604 539 2669 est,
573 2604 639 2656 ut
660 2604 717 2656 et
747 2618 848 2673 per
876 2601 1289 2659 abstinentiam
1322 2620 1556 2661 carnem
1602 2624 1833 2679 semper
1862 2608 1987 2663 affi-

341 2689 529 2756 ciatis,
559 2694 616 2744 et
641 2706 743 2761 per
773 2692 1237 2762 compassionem
1268 2694 1674 2750 necessitatem
1702 2696 1991 2768 proximo-

338 2795 468 2833 rum
498 2783 750 2835 vcstram
785 2780 1022 2851 putetis.
1058 2781 1165 2846 Qui
1190 2782 1345 2837 enim
1378 2783 1636 2839 dolorem
1668 2785 1899 2841 exhibet
1930 2786 1987 2840 in

339 2866 528 2922 aliena
558 2869 1163 2937 necessitate,crucem
1196 2875 1390 2943 portat
1420 2871 1481 2927 in
1513 2875 1991 2930 mente.Immun—

343 2955 485 3010 dum
518 2959 713 3011 autem
745 2956 897 3012 hanc
926 2963 1157 3029 portare
1179 2958 1339 3015 nullo
1362 2965 1528 3033 pacto
1551 2962 1949 3033 permittimus
1973 2979 1989 3030 ;

341 3044 627 3116 scriptum
659 3046 877 3118 quippe
907 3049 996 3102 est
1026 3063 1040 3101 :
1074 3046 1416 3105 Mundamini
1442 3052 1538 3121 qui
1562 3053 1716 3122 fertis
1738 3069 1867 3107 vasa
1887 3053 1992 3107 Do-

341 3134 487 3191 mini
515 3134 642 3205 (Isa.
677 3139 793 3201 ιιι).
830 3134 1068 3190 Nullum
1117 3153 1252 3191 vero
1301 3138 1530 3193 Domini
1571 3155 1671 3194 vas
1703 3141 1992 3197 sacratius

2090 1886 2315 1945 Servato
2338 1889 2623 1961 superiori
2645 1892 2843 1943 tenore
2859 1886 3438 1942 communicandum.
3454 1881 3770 1951 Quoniam

2090 1994 2322 2050 semper
2350 1983 2437 2034 est
2467 1975 3136 2043 orationivacandum,et
3153 1971 3460 2030 sacriﬁciis
3481 1971 3768 2028 fidelium

2091 2068 2579 2133 concurrendum,
2616 2071 2674 2122 et
2704 2065 2847 2121 illud
2878 2063 3304 2138 propheticum,
3337 2068 3455 2135 Quo
3485 2062 3726 2117 dicitur
3754 2077 3766 2115 :

2092 2156 2154 2211 In
2200 2156 2289 2212 die
2324 2157 2534 2229 jejunii
2576 2157 2743 2211 vestri
2786 2156 3067 2210 invenitur
3109 2153 3361 2209 voluntas
3413 2158 3608 2207 vestra
3639 2149 3764 2221 (Isa.

2094 2244 2274 2316 LVIII),
2299 2243 2523 2317 jugiter
2550 2245 2621 2299 ad
2655 2241 3001 2299 memoriam
3050 2241 3468 2297 revocandum.
3502 2238 3574 2295 Si
3604 2238 3765 2294 enim

2094 2350 2165 2389 ex
2193 2350 2479 2389 consensu
2513 2334 2966 2405 eonjugatorum
2996 2330 3172 2387 etiam
3204 2329 3317 2386 alio
3350 2328 3500 2385 forte
3532 2326 3766 2384 mundo

2095 2439 2334 2505 corpore
2381 2426 2640 2495 tempore
2690 2424 2933 2477 vacatur
2970 2419 3236 2487 orationi,
3290 2421 3516 2491 quanto
3568 2416 3767 2490 potius

2095 2509 2228 2578 isto,
2253 2527 2368 2583 quo
2396 2510 2510 2566 Deo
2543 2508 2717 2565 etiam
2750 2507 2944 2565 carnis
2978 2511 3190 2564 nostris
3222 2507 3485 2563 decimas
3518 2505 3762 2571 damus,

2097 2618 2212 2674 quo
2243 2600 2441 2673 ipsum
2475 2599 2531 2654 in
2560 2597 2915 2653 abstinentia
2944 2595 3259 2653 Dominum
3292 2593 3629 2661 imitamur,
3651 2604 3762 2666 quo

2097 2707 2212 2746 non
2246 2688 2436 2744 solum
2468 2686 2899 2753 illicita,verum
2929 2686 3108 2742 etiam
3139 2683 3327 2740 multa
3351 2701 3385 2739 a
3418 2683 3598 2738 nobis
3619 2698 3760 2755 quo-

2098 2795 2213 2851 que
2243 2776 2404 2834 licita
2429 2777 2634 2833 merito
2668 2773 3189 2843 resecamus,omni
3220 2778 3309 2830 est
3337 2772 3631 2844 voluptati
3678 2776 3756 2826 re-

2099 2867 2491 2923 nuntiandum
2510 2864 2539 2921 ?
2570 2871 2627 2921 et
2660 2867 2723 2919 ut
2750 2863 2991 2920 licenter
3019 2862 3266 2920 orationi
3296 2866 3561 2929 vacetur,
3587 2859 3758 2915 casti-

2099 2956 2205 3012 tati
2238 2955 2454 3011 mentis
2483 2958 2539 3011 et
2568 2953 2828 3025 corporis
2858 2951 3367 3008 incumbendum?

2167 3045 2422 3101 X.Nosse
2452 3042 2735 3115 cupititis,
2766 3042 2817 3097 si
2850 3040 3018 3097 liceat
3047 3040 3219 3096 alicui
3243 3037 3625 3105 Sabbato,vel
3650 3037 3753 3093 Do-

2102 3134 2315 3190 minico
2346 3133 2439 3188 die
2467 3131 2889 3188 laborationem
2921 3128 3181 3203 aliquam
3213 3144 3508 3185 exercere.
3543 3127 3626 3182 De
3654 3126 3755 3182 hoc

337 3225 426 3277 est
455 3239 623 3278 cruce
654 3223 975 3291 Dominica,
1012 3242 1140 3296 quae
1172 3224 1364 3297 ipsum
1400 3231 1628 3299 portare
1680 3229 1989 3285 Dominum
2022 3206 2064 3271 (ἶ
2104 3241 2253 3297 saepe
2285 3222 2645 3278 memoratus
2668 3222 2909 3275 sanctus
2938 3235 3090 3291 papa
3120 3216 3437 3290 Gregorius
3464 3216 3756 3273 Romanos

340 3310 571 3365 meruit.
606 3310 869 3366 Oseulari
902 3316 1097 3366 autem
1130 3329 1257 3368 eam
1290 3313 1597 3371 immundo
1646 3334 1759 3371 non
1802 3316 1939 3373 licet
1970 3334 1985 3374 :

336 3399 615 3470 quoniam
649 3416 713 3454 eo
746 3399 873 3470 ipso
905 3400 1060 3471 quod
1091 3401 1433 3457 immundus
1452 3404 1691 3476 est,ipse
1714 3407 1880 3461 testis
1902 3410 1991 3462 est

337 3503 513 3559 quam
576 3488 1083 3543 mortiﬁcationem
1140 3491 1333 3547 carnis
1379 3508 1493 3547 non
1552 3492 1791 3566 diligat;
1854 3512 1989 3567 ergo

340 3592 518 3646 quam
550 3592 666 3630 non
699 3580 859 3630 amat
882 3594 987 3631 nec
1010 3576 1551 3645 osculetur,neforte
1581 3582 1652 3637 de
1674 3600 1740 3638 eo
1763 3582 1993 3638 dicatur

343 3663 499 3735 quod
532 3663 602 3718 de
634 3665 896 3735 reprobis
931 3667 1172 3722 Domino
1204 3684 1305 3740 per
1335 3670 1679 3742 prophetam
1733 3670 1993 3745 increpa-

344 3752 494 3807 torie
526 3751 741 3807 dicitur
792 3771 805 3808 :
858 3754 1099 3826 Populus
1142 3757 1231 3811 hic
1278 3757 1443 3812 labiis
1490 3775 1577 3814 me
1620 3760 1869 3827 honorat,
1902 3776 1994 3815 cor

344 3849 527 3895 autem
558 3857 747 3896 eorum
777 3842 934 3911 longe
971 3852 1051 3899 est
1096 3862 1129 3900 (ι
1176 3862 1260 3902 me
1308 3846 1433 3917 (Isa.
1481 3865 1642 3916 xxix,-
1683 3849 1869 3905 Matth.
1895 3852 1992 3918 x);

346 3933 404 3984 et
433 3928 746 3986 Psalmista
778 3949 790 3986 :
823 3932 1093 4001 Dilexere,
1145 3934 1357 4006 inquit,
1407 3953 1532 3992 eum
1582 3939 1637 3992 in
1677 3954 1768 3993 ore
1796 3955 1911 4006 suo,
1944 3947 1994 3993 et

346 4020 406 4073 in
455 4018 647 4090 lingua
688 4035 791 4075 sua
838 4024 1056 4078 mentiti
1098 4032 1227 4079 sunt
1272 4026 1440 4094 (Psal.
1476 4028 1702 4098 Lxxvn).
1742 4028 1815 4083 De
1868 4026 1993 4083 reli—

345 4107 500 4178 quiis
531 4124 661 4163 vero
691 4114 1031 4166 sanctorum
1063 4112 1265 4169 eadem
1297 4114 1569 4183 dicimus,
1596 4132 1846 4187 quorum
1876 4134 1992 4171 cor-

344 4211 485 4267 pora
501 4196 721 4268 templa
740 4201 796 4253 et
819 4214 957 4253 vasa
984 4199 1139 4255 fuere
1162 4205 1414 4274 suntque
1436 4202 1897 4278 Dei,quibusque
1920 4204 1992 4260 ad

346 4283 545 4339 omnia
573 4285 725 4340 bona
772 4303 947 4359 Opera
997 4292 1278 4362 tanquam
1321 4294 1557 4366 organis
1589 4296 1828 4351 sanctus
1853 4312 1996 4350 usus

345 4377 452 4435 est.
488 4375 723 4445 quando
752 4376 957 4443 voluit,
991 4378 1268 4451 Spiritus.

415 4460 539 4517 VII.
578 4462 727 4536 Ergo
760 4466 1061 4537 przemissa
1091 4468 1269 4541 digna
1298 4469 1645 4535 reverentia,
1682 4470 1730 4525 si
1763 4473 1996 4527 mundi-

2096 3312 2403 3384 alloquens
2454 3312 2535 3366 ait
2569 3310 2760 3383 (Epist.
2796 3308 2981 3374 lib.xI,
3011 3324 3095 3379 ep.
3128 3307 3183 3378 3)
3214 3322 3227 3361 :
3263 3305 3538 3361 Pervenit
3566 3304 3637 3360 ad
3662 3316 3751 3358 me

2104 3401 2394 3474 quosdam
2429 3398 2682 3471 perversi
2711 3397 2954 3470 spiritus
2984 3394 3254 3451 homines
3286 3411 3466 3466 prava
3488 3394 3644 3449 inter
3661 3408 3751 3447 vos

2100 3490 2316 3562 aliqua,
2350 3494 2403 3545 et
2454 3492 2669 3544 sanctae
2722 3486 2854 3542 ﬁdei
2908 3485 3151 3540 adversa
3198 3482 3553 3547 seminasse,
3589 3482 3666 3536 ita
3694 3484 3749 3535 ut

2099 3579 2191 3635 dic
2222 3576 2463 3633 Sabbati
2494 3575 2714 3649 aliquid
2750 3573 2975 3647 operari
3010 3570 3405 3645 prohiberent.
3429 3572 3591 3637 Quos
3621 3567 3745 3642 quid

2101 3667 2260 3723 aliud
2295 3666 2408 3722 nisi
2439 3664 2767 3721 antichristi
2794 3661 3199 3736 praedicatores
3222 3658 3513 3716 dixerim?
3541 3658 3643 3731 qui
3669 3672 3746 3712 ve-

2101 3756 2267 3811 niens
2299 3754 2452 3810 diem
2484 3753 2804 3809 Sabbatum
2835 3755 3008 3825 atque
3048 3746 3421 3827 Dominicum
3474 3748 3551 3803 ab
3601 3744 3743 3801 omni

2101 3845 2274 3901 faciet
2304 3860 2474 3915 opere
2506 3840 2787 3898 custodiri
2820 3857 2833 3896 :
2874 3839 3021 3913 quia
3050 3837 3209 3895 enim
3259 3837 3408 3893 mori
3456 3841 3519 3891 et
3567 3850 3745 3891 resur-

2102 3950 2237 4008 gere
2267 3930 2528 4000 simulat,
2562 3929 2762 3985 haberi
2798 3928 2856 3984 in
2889 3926 3256 3984 veneratione
3284 3924 3411 3980 vult
3458 3924 3618 3980 diem
3647 3923 3745 3979 Do-

2103 4022 2416 4088 minicum;
2450 4024 2508 4077 et
2536 4020 2676 4091 quia
2696 4018 2999 4091 judaizare
3031 4014 3314 4088 populum
3346 4012 3668 4086 compellit,
3693 4014 3747 4065 ut

2103 4111 2445 4167 exteriorem
2500 4108 2646 4182 legis
2695 4107 2876 4162 ritum
2908 4109 3156 4172 revocet,
3190 4107 3250 4159 et
3279 4102 3393 4158 sibi
3423 4102 3747 4158 Judaaorum

2105 4198 2411 4275 perﬁdiam
2447 4198 2680 4267 subdat,
2714 4195 2824 4251 coli
2869 4192 2996 4249 vult
3043 4192 3387 4249 Sabbatum.
3440 4191 3562 4247 Hoc
3609 4188 3748 4246 enim

2106 4289 2261 4363 quod
2296 4305 2397 4361 per
2427 4285 2775 4360 prophetam
2808 4283 3061 4339 dicitur:
3094 4284 3175 4338 Ne
3204 4281 3463 4353 iri/eratis
3483 4295 3652 4335 onera
3671 4290 3754 4349 per

2102 4384 2285 4451 portas
2312 4384 2513 4432 vestras
2563 4374 2652 4430 die
2695 4372 2926 4429 Sabbati
2956 4371 3085 4443 (Jer.
3118 4368 3276 4441 xvu),
3326 4368 3536 4423 tandiu
3592 4365 3754 4422 teneri

2109 4466 2318 4540 potuit,
2351 4463 2614 4538 quandiu
2643 4461 2833 4535 legem
2864 4459 3032 4516 licuit
3052 4460 3225 4532 juxta
3269 4456 3533 4512 litteram
3575 4459 3751 4511 custo-

348 4550 430 4606 tia
456 4552 675 4641 mentis
704 4557 760 4608 et
790 4556 1049 4626 corporis
1079 4557 1593 4621 comitatur,ctiam
1627 4559 2001 4633 quadragesi-
2032 4576 2077 4641 D
2108 4556 2241 4612 diri.
2272 4557 2346 4610 At
2378 4558 2691 4626 postquam
2722 4550 2912 4623 gratia
2940 4545 3361 4620 omnipotentis
3396 4545 3493 4600 Dei
3535 4542 3749 4641 Domi-ni

350 4639 489 4694 mali
522 4643 803 4712 tempore,
837 4645 908 4698 de
957 4661 1071 4715 quo
1122 4643 1360 4714 speciali
1406 4644 1835 4703 consultatione
1875 4666 1999 4721 per-

351 4728 606 4782 cunctati
636 4730 799 4794 estis,
832 4747 1063 4785 crucem
1114 4731 1343 4785 Domini
1377 4735 1433 4787 et
1462 4737 1693 4803 portare
1734 4740 1791 4790 et
1837 4754 2003 4810 supe-

351 4815 488 4873 riori
520 4816 722 4887 regula
751 4820 1042 4873 custodita
1080 4817 1215 4872 licet
1262 4835 1396 4873 cum
1445 4819 1679 4875 libuerit
1707 4825 1958 4881 osculari
1986 4846 1999 4895 ;

354 4904 456 4958 sed
486 4909 541 4958 et
571 4908 711 4957 tunc
743 4905 1014 4973 maxime,
1048 4910 1221 4975 atque
1251 4905 1351 4974 ibi,
1386 4909 1620 4979 quando
1666 4915 1721 4966 et
1770 4912 1869 4967 ubi
1899 4932 2001 4969 an-

353 4991 500 5063 tiqui
533 4991 719 5047 hostis
749 4993 835 5047 vel
869 5010 1075 5065 pugnas
1108 4992 1193 5047 vel
1226 4993 1454 5052 insidiae
1484 4997 1771 5071 praecipue
1806 5001 2004 5058 formi-

357 5079 592 5134 dantur.

431 5166 520 5222 IX.
571 5166 805 5236 Corpori
849 5171 905 5221 et
953 5167 1223 5238 sanguini
1268 5170 1568 5230 Dominico
1626 5178 1885 5249 quotidie
1941 5180 2001 5235 in

359 5252 807 5325 quadragesima
829 5255 1032 5325 majori
1049 5256 1097 5312 si
1112 5255 1395 5316 deberetis
1425 5267 1857 5323 communicare
1870 5285 2003 5324 con-

359 5340 752 5428 su_litis:quod
784 5343 850 5393 ut
880 5341 998 5409 fiat,
1035 5344 1346 5403 Dominum
1380 5352 1837 5425 omnipotentem
1858 5374 2001 5428 sup-

358 5426 584 5496 pliciter
629 5442 958 5493 exoramus,
991 5438 1047 5488 et
1094 5451 1194 5491 vos
1242 5454 1446 5493 omnes
1490 5426 2003 5500 vehementissime

356 5510 809 5606 exhortari-iurgi
844 5518 1037 5575 tamen
1070 5540 1233 5581 mens
1262 5527 1321 5581 in
1348 5529 1555 5584 affectu
1588 5534 1861 5602 peccandi
1886 5549 2000 5588 non

354 5597 448 5657 sit,
482 5599 568 5652 vel
599 5601 648 5656 si
671 5597 843 5672 [huc
874 5618 987 5661 non
1018 5610 1087 5687 de
1127 5613 1530 5672 criminalibus
1578 5597 1829 5688 peccatis
1870 5636 2003 5675 con-

2109 4643 2293 4701 nostri
2322 4643 2461 4699 Jesu
2494 4640 2705 4698 Christi
2734 4635 3241 4712 apparuit(Tit.n’),
3271 4638 3570 4707 praecepta
3597 4630 3749 4705 legis,

2111 4751 2237 4807 qua:
2269 4748 2371 4805 per
2404 4730 2652 4803 figuram
2686 4728 2843 4783 dicta
2872 4730 3028 4793 sunt,
3068 4724 3239 4797 juxta
3264 4721 3524 4777 litteram
3550 4717 3752 4776 servari

2112 4838 2227 4878 non
2261 4817 2679 4894 possunt.Nam
2710 4816 2760 4873 si
2793 4814 2925 4889 quis
2955 4814 3097 4870 dicit
3126 4811 3236 4868 hoc
3263 4811 3333 4867 de
3355 4809 3615 4866 Sabbato
3643 4820 3754 4863 esse

2111 4910 2485 4976 servandum,
2510 4908 2666 4963 dicat
2696 4922 2934 4962 necesse
2963 4907 3053 4959 est
3080 4902 3261 4958 etiam
3295 4898 3562 4956 carnalia
3590 4894 3752 4954 ascri-

2112 4999 2245 5054 ficia
2273 4996 2686 5070 persolvenda;
2718 4994 2875 5050 dicat
2904 4995 3256 5067 praeceptum
3289 5002 3526 5061 quoque
3558 4988 3630 5044 de
3656 4985 3752 5041 cir-

2111 5087 2470 5143 cumcisione
2499 5083 2759 5157 corporis
2789 5081 2981 5138 adhuc
3013 5095 3203 5153 usque
3233 5076 3636 5134 retinendum.
3658 5073 3752 5131 Sed

2112 5180 2314 5231 contra
2344 5191 2406 5230 se
2438 5172 2683 5229 Paulum
2711 5169 3042 5244 apostolum
3095 5166 3298 5223 audiat
3335 5163 3631 5221 dicentem
3664 5179 3675 5217 :
3703 5161 3753 5218 St

2109 5263 2555 5332 circurmtmnini,
2591 5262 2839 5317 Christus
2872 5260 3021 5314 vobis
3068 5257 3215 5312 nihil
3260 5252 3483 5327 prodest
3512 5254 3656 5321 (σαι.
3684 5250 3748 5322 v).

2111 5352 2228 5409 Nos
2259 5353 2455 5423 itaque
2484 5352 2640 5422 quod
2671 5350 2743 5405 de
2766 5348 3021 5405 Sabbato
3052 5347 3275 5401 dictum
3306 5348 3398 5399 est
3428 5341 3751 5415 spiritaliter

2111 5441 2464 5513 accepimus,
2499 5438 2844 5511 spiritaliter
2882 5441 3173 5492 tenemus.
3225 5433 3554 5489 Sabbatum
3614 5430 3745 5487 enim

2110 5531 2323 5600 requies
2354 5528 2567 5583 dicitur
2591 5545 2604 5582 :
2628 5542 2830 5582 verum
2862 5531 3059 5582 autem
3082 5521 3409 5580 Sabbatum
3434 5521 3634 5594 ipsum
3657 5520 3745 5575 Ra

2110 5618 2472 5689 demptorem
2495 5620 2764 5672 nostrum
2786 5615 2991 5673 Jesixm
3013 5611 3311 5672 Christum
3333 5604 3652 5666 Dominum
3669 5606 3747 5663 hl-
