3898 6212
100 399 220 462 985

1315 397 1721 460 EPISTOLlE
1767 396 1868 459 ET
1912 396 2295 459 DECRETA.

3395 393 3515 456 980

98 531 406 601 bemus;et
421 529 729 605 quilucem
747 529 880 588 fidei
899 531 1028 604 ejus
1046 531 1360 606 cognoscit,
1377 532 1422 588 si
1443 535 1746 605 peccatum
1777 530 1834 598 Α
1862 532 1922 589 in
1955 533 2216 590 medium
2266 531 2497 599 deferri,
2529 527 2647 589 nisi
2699 526 2853 587 unde
2883 527 3157 587 omnibus
3204 527 3509 603 gaudium,

99 621 585 694 concupiscentia:
608 623 678 679 ad
707 625 962 678 mentem
993 638 1095 693 per
1115 622 1314 678 oculos
1346 623 1547 694 trahit,
1576 623 1634 676 in
1658 623 1752 677 die

100 710 336 766 Sabbati
363 727 540 766 onera
560 727 664 783 per
683 716 881 782 portas
909 710 1246 767 introducit.
1268 713 1392 766 Non
1417 728 1552 784 ergo
1577 713 1636 767 in
1659 712 1752 768 die

99 798 333 856 Sabbati
367 816 544 854 onera
572 817 676 872 per
722 805 920 872 portas
952 800 1402 867 introducimus,
1437 801 1484 855 si
1534 802 1594 856 in
1646 803 1753 858 Re-

101 888 418 959 demptoris
445 889 631 944 nostri
664 892 853 962 gratia
894 890 1197 946 constituti
1244 892 1502 962 pondera
1533 891 1753 962 peccati

101 977 166 1030 ad
197 976 462 1032 animam
494 995 598 1050 per
640 995 852 1034 sensus
901 995 1208 1050 corporeos
1260 996 1375 1034 non
1426 980 1750 1036 trahemus.

101 1064 238 1120 Nam
271 1065 431 1121 idem
456 1066 739 1122 Dominus
771 1084 837 1122 ac
866 1068 1218 1140 Redemptor
1248 1073 1449 1124 noster
1478 1069 1665 1124 multa
1693 1068 1754 1124 in

103 1153 188 1208 die
205 1154 449 1210 Sabbati
475 1155 687 1228 legitur
702 1174 994 1230 operasse,
1011 1158 1093 1212 ita
1115 1162 1179 1212 ut
1195 1158 1430 1213 Judaeos
1448 1157 1755 1230 reprehen-

103 1244 256 1298 deret
287 1243 529 1300 dicens:
555 1247 691 1315 Quis
723 1256 959 1302 vestrum
991 1248 1192 1317 bovem,
1217 1255 1313 1303 aut
1338 1249 1560 1303 asinum
1593 1264 1756 1302 suum

98 1349 197 1387 non
227 1333 392 1388 solvit
435 1335 498 1390 in
544 1335 631 1390 die
677 1335 921 1401 Sabbati,
972 1344 1024 1392 et
1069 1337 1218 1392 ducit
1264 1337 1749 1408 adaquare?(Luc.

104 1425 237 1489 xw.)
261 1421 321 1477 Si
355 1439 493 1496 ergo
525 1423 653 1496 ipsa
683 1441 786 1496 per
805 1441 868 1480 se
890 1424 1116 1481 Veritas
1143 1443 1257 1481 non
1279 1425 1560 1482 custodiri
1586 1427 1757 1498 juxta

103 1509 351 1566 litteram
377 1513 689 1568 sabbatum
714 1514 1005 1586 praecepit,
1021 1514 1290 1586 quisquis
1309 1516 1494 1570 otium
1513 1515 1750 1572 Sabbati

101 1601 420 1656 secundum
457 1601 602 1675 legis
623 1601 876 1658 litteram
901 1604 1287 1670 custodit,cui
1311 1603 1476 1660 alteri
1505 1604 1616 1659 nisi
1643 1593 1754 1676 ipsi

104 1690 339 1747 Vcritati
381 1691 775 1748 contradicit?
822 1692 1127 1749 Dominico
1154 1710 1286 1749 vero
1335 1694 1427 1749 die
1477 1711 1508 1748 a
1558 1694 1754 1750 labore

101 1784 320 1835 terreno
353 1782 710 1836 cessandum
741 1787 850 1846 est,
877 1786 1050 1854 atque
1083 1783 1241 1838 omni
1277 1784 1449 1838 modo
1481 1784 1757 1839 orationi-

1861 639 1974 695 pax
2002 629 2058 679 et
2087 623 2366 695 spiritalis
2397 622 2599 678 laetitia
2641 625 2969 693 generetur.
2992 619 3208 675 Verum
3241 619 3334 676 his
3363 627 3511 692 prae-

1861 712 2080 779 libatis,
2103 713 2319 785 quibus
2343 712 2548 768 diebus
2580 715 2788 783 praeter
2818 709 2925 765 hos
2955 708 3118 765 nulla
3148 709 3267 766 sint
3286 709 3513 780 judicia

1863 802 2163 858 saecularia
2193 802 2529 867 exercenda,
2555 801 2646 856 lex
2671 816 2780 856 vox
2809 799 3033 855 affatim
3066 798 3350 854 edocebit.

1931 892 2078 948 XIII.
2109 891 2266 946 Inter
2295 890 2648 963 quaestiones
2679 905 2812 945 vero
2845 893 2902 944 et
2931 887 3201 944 consulta
3230 887 3388 961 leges
3408 905 3512 945 vos

1864 981 2195 1036 mundanas
2228 980 2522 1053 postulare
2552 979 2900 1051 perhibetis;
2935 979 3006 1035 de
3037 995 3154 1050 qua
3189 995 3252 1034 re
3278 995 3386 1034 nos
3417 995 3511 1034 co-

1863 1069 2020 1125 dices
2053 1086 2200 1140 quos
2231 1069 2590 1125 necessarios
2610 1068 2772 1124 vobis
2793 1069 2861 1122 ad
2897 1084 3152 1140 praesens
3177 1083 3306 1123 esse
3329 1067 3516 1124 consi-

1863 1159 2068 1214 derare
2109 1159 2532 1231 potuissemus,
2567 1157 2768 1213 libenti
2811 1157 3184 1214 mitteaemus
3213 1157 3429 1223 animo,
3463 1157 3512 1213 si

1864 1264 2036 1319 quem
2065 1265 2242 1319 penes
2261 1264 2363 1303 vos
2394 1264 2522 1302 esse
2551 1245 3180 1318 comperissemus,qui
3211 1245 3320 1302 hos
3348 1246 3513 1303 vobis

1861 1336 2229 1409 interpretari
2263 1336 2588 1408 potuisset:
2614 1336 2662 1391 si
2709 1352 2857 1407 quos
2887 1339 3079 1391 autem
3113 1337 3182 1391 de
3213 1335 3515 1392 mundana

1864 1425 1988 1498 lege
2037 1424 2216 1481 libros
2275 1425 2474 1482 missis
2531 1425 2749 1481 nostris
2780 1425 3070 1492 dedimus,
3105 1441 3238 1480 cum
3298 1424 3513 1481 reversi

1863 1514 2100 1582 fuerint,
2125 1515 2402 1570 nolumus
2429 1513 2507 1570 ibi
2540 1513 2812 1586 relinqui,
2839 1531 2911 1570 ne
2945 1514 3090 1570 forte
3115 1513 3392 1586 quislibet
3412 1531 3512 1570 eos

1860 1603 2025 1659 vobis
2057 1620 2321 1676 perverse
2367 1605 2798 1676 interpretetur,
2825 1607 2926 1659 aut
2973 1601 3225 1659 falsitate
3253 1601 3513 1674 qualibet

1860 1693 2052 1748 violet.

1931 1782 2072 1838 XIV.
2107 1783 2388 1839 Praeterea
2443 1782 2736 1850 indicatis,
2779 1782 2934 1854 quod
2986 1781 3228 1855 quidam
3279 1782 3510 1838 Graecus

103 1869 203 1924 bus
244 1869 673 1938 insistendum;
707 1874 772 1925 ut
797 1872 951 1943 quod
986 1871 1348 1944 negligenter
1377 1890 1478 1944 per
1498 1891 1597 1928 sex
1626 1873 1750 1930 dies
1779 1903 1826 1969 Β
1862 1873 2152 1929 mentiens
2183 1874 2463 1928 fateretur
2491 1889 2553 1929 se
2583 1873 2986 1946 presbyterum
3032 1887 3178 1938 esse,
3208 1888 3342 1927 cum
3390 1887 3508 1928 non

104 1959 302 2029 agitur,
332 1975 439 2031 per
468 1959 622 2015 diem
655 1961 1098 2017 resurrectionis
1132 1961 1440 2018 Dominicae
1473 1962 1743 2036 precibus

104 2049 374 2120 expietur.

165 2137 248 2192 XI.
284 2138 346 2193 In
380 2154 634 2209 quorum
680 2138 1076 2211 apostolorum
1127 2140 1215 2195 vel
1267 2145 1589 2214 martyrum
1641 2159 1743 2198 seu

106 2227 518 2295 confessorum,
543 2232 717 2300 atque
745 2228 1036 2300 virginum
1062 2229 1270 2285 diebus
1293 2230 1455 2285 festis
1486 2248 1520 2285 a
1549 2231 1744 2287 labore

103 2319 316 2371 terreno
349 2316 618 2372 recedere
643 2317 921 2384 debeatis,
956 2318 1274 2390 inquiritis.
1309 2320 1372 2374 In
1407 2319 1744 2376 solemnita-

103 2403 246 2460 tibus
275 2405 481 2477 utique
524 2407 704 2461 beatza
753 2406 946 2462 Mariae
992 2407 1271 2481 Virginis,
1300 2412 1358 2465 et
1406 2415 1742 2465 sanctorum

105 2494 400 2549 duodecim
452 2495 868 2566 apostolorum,
903 2513 969 2551 ac
1021 2497 1536 2570 evangelistarum,
1571 2504 1745 2571 atque

106 2584 471 2655 przecursoris
516 2583 746 2640 Domini
802 2585 1069 2652 Joannis,
1103 2590 1161 2642 et
1218 2587 1403 2642 sancti
1464 2588 1743 2660 Stephani

108 2672 265 2743 primi
297 2674 594 2746 martyris,
618 2691 840 2730 necnon
872 2679 928 2731 et
957 2675 1016 2730 in
1047 2692 1248 2730 eorum
1273 2679 1608 2732 sanctorum
1641 2695 1742 2732 na-

106 2760 312 2827 talitiis,
339 2779 595 2835 quorum
655 2763 810 2835 apud
858 2780 978 2834 vos,
1013 2769 1122 2820 Deo
1181 2765 1425 2831 favente,
1462 2766 1744 2822 memoria

108 2849 353 2915 celebris,
389 2855 446 2906 et
507 2850 632 2906 dies
690 2851 930 2908 festivus
985 2852 1314 2909 habebitur.
1347 2858 1496 2910 Sane
1554 2855 1743 2910 scien-

107 2937 234 2994 dum
265 2943 368 2999 est.
401 2937 680 3011 quoniam
711 2941 926 2998 idcirco
955 2941 1016 2998 in
1048 2942 1256 2998 diebus
1286 2943 1449 2999 festis
1471 2944 1542 2999 ab
1570 2961 1742 3014 opere

106 3029 391 3084 mundano
424 3030 775 3084 cessandum
814 3035 923 3097 est,
949 3036 1013 3086 ut
1058 3031 1299 3088 liberius
1330 3033 1400 3087 ad
1434 3031 1740 3089 ecclesiam

103 3115 198 3181 ire,
223 3115 469 3188 psalmis
501 3122 557 3174 et
598 3118 834 3192 hymnis
866 3124 921 3175 et
950 3120 1191 3176 canticis
1241 3120 1604 3192 spiritalibus
1650 3121 1742 3176 in-

1855 1967 2029 2029 esset,
2055 1979 2120 2017 ac
2141 1979 2241 2035 per
2261 1963 2372 2018 hoc
2403 1962 2691 2035 plurimos
2716 1962 2776 2017 in
2800 1966 2993 2018 vestra
3014 1959 3202 2033 patria
3221 1961 3508 2033 baptizas-

1853 2055 1960 2107 set.
1985 2056 2126 2107 Cum
2159 2067 2296 2124 ergo
2339 2068 2440 2107 vos
2499 2050 2881 2123 inspiratione
2935 2050 3036 2107 Dei
3067 2050 3506 2124 cognovissetis,

1854 2142 2007 2213 quod
2035 2158 2148 2197 non
2173 2151 2328 2197 esset
2349 2141 2666 2213 presbyter,
2687 2139 3112 2211 judicaveritis,
3128 2143 3194 2194 ut
3217 2139 3511 2196 amitteret

1853 2247 2024 2286 aures
2055 2235 2112 2286 et
2143 2245 2334 2296 nares,
2357 2235 2415 2285 et
2455 2229 2756 2284 acerrimis
2787 2229 3128 2284 verberibus
3167 2230 3504 2297 caederetur,

1853 2325 1910 2376 et
1931 2337 2000 2376 ex
2019 2324 2209 2376 vestra
2239 2319 2428 2392 patria
2461 2318 2790 2391 pelleretur.
2813 2313 2955 2373 Ecce
2983 2316 3289 2390 impletum
3320 2322 3411 2374 est
3445 2317 3506 2374 in

1851 2409 2035 2476 vehis,
2067 2407 2350 2482 ignoscite
2381 2408 2570 2472 nobis,
2592 2408 2745 2480 quod
2779 2408 2849 2463 de
2881 2407 3236 2479 quibusdam
3267 2409 3508 2479 Aposto-

1851 2497 1946 2554 lus
1977 2498 2190 2554 clamat
2219 2499 2393 2570 (Rom.
2428 2501 2507 2566 Χ),
2535 2497 2691 2569 quod
2741 2496 2962 2552 habent
3007 2495 3196 2551 zelum
3245 2496 3368 2563 Dei,
3404 2493 3504 2553 sed

1851 2603 1967 2643 non
2000 2587 2322 2642 secundum
2351 2585 2680 2652 scientiam,
2712 2603 2847 2640 nam
2885 2585 3022 2642 licet
3049 2585 3148 2641 ille
3177 2585 3328 2642 male
3358 2587 3504 2642 fece-

1851 2675 1944 2743 rit,
1965 2676 2014 2732 si
2039 2675 2320 2730 mentitus
2341 2680 2452 2742 est,
2472 2691 2574 2731 vos
2596 2679 2792 2730 tamen
2819 2674 2876 2729 in
2913 2675 3021 2730 hoc
3051 2674 3239 2730 zelum
3265 2674 3504 2746 quidem

1851 2766 2150 2839 pium,sed
2176 2765 2372 2820 minus
2395 2769 2632 2820 cautum
2655 2763 2978 2819 habuistis:
3000 2765 3279 2836 quoniam
3305 2779 3506 2836 quam-

1848 2855 1936 2910 vis
1965 2855 2089 2926 ipse
2121 2855 2480 2909 sacerdotem
2511 2871 2638 2908 esse
2671 2851 3054 2917 simulaverit,
3087 2851 3385 2907 simulatio
3415 2856 3502 2908 ta-

1851 2962 1984 3000 men
2013 2945 2141 3015 ejus
2173 2943 2423 2999 salutem
2473 2941 2746 3014 plurimis
2789 2940 3052 2997 contulit.
3079 2941 3382 3013 Siquidem
3415 2939 3502 2996 di-

1847 3034 1997 3090 versi
2033 3034 2190 3088 fuere
2239 3032 2340 3103 qui
2391 3032 2616 3086 diverso
2674 3030 2845 3085 modo
2878 3029 3197 3098 Christum,
3233 3029 3332 3084 sed
3384 3045 3500 3085 non

1849 3125 2086 3195 propter
2097 3121 2391 3176 Christum
2419 3119 2886 3175 annuntiabant:
2913 3119 3012 3174 sed
3036 3117 3155 3174 sive
3175 3116 3498 3186 occasione,

105 3205 580 3272 sistere,orationi
600 3207 1162 3275 vacarc,oblationes
1190 3209 1413 3276 oll‘erre,
1441 3209 1739 3266 memoriis
1777 3272 1812 3283 Α
1850 3212 1968 3267 sive
1987 3206 3248 3283 quomodocunquebuncannuntiarent,hos
3264 3210 3498 3263 tantum

106 3299 429 3350 sanctorum
475 3272 926 3361 communicare,
981 3297 1052 3352 ad
1104 3272 1492 3354 imitationem
1537 3315 1738 3354 eorum
1770 3272 1812 3338 C
1852 3317 1966 3356 non
2000 3272 2178 3372 [.forte,
2202 3299 2310 3354 hos
2341 3272 2535 3353 tamen
2567 3315 2706 3364 non,
2742 3298 2947 3368 Hann]
2974 3296 3319 3368 prohibebat
3353 3297 3501 3368 Apo-

105 3397 420 3455 assurgere,
454 3382 702 3456 eloquiis
742 3385 954 3440 divinis
1003 3386 1323 3456 intendere,
1345 3386 1744 3460 eleemosynas

103 3470 494 3544 indigentibus
553 3473 890 3529 ministrare
942 3474 1130 3530 valeat
1177 3475 1564 3532 Christianus.
1608 3480 1742 3543 Quae

107 3559 290 3614 omnia
309 3561 355 3616 si
381 3561 518 3633 quis
552 3562 874 3634 negligens,
899 3563 1142 3619 orationi
1170 3568 1396 3620 tantum
1427 3583 1630 3622 vacare
1649 3584 1744 3622 vo-

105 3646 265 3704 luerit
293 3650 475 3722 Uorte,
505 3649 777 3717 noluerit,
810 3651 1040 3724 Hann],
1065 3657 1123 3708 et
1153 3653 1224 3708 ad
1257 3659 1493 3710 caeteras
1536 3656 1740 3711 mundi

105 3735 378 3794 vanitates
394 3737 585 3796 licitos
600 3739 1440 3807 labores,converterit,melius
1460 3742 1541 3798 illi
1557 3745 1744 3800 fuerat

107 3823 224 3896 ipso
254 3827 344 3882 die
376 3827 528 3883 beati
561 3829 806 3900 apostoli
859 3829 1020 3885 Pauli
1071 3832 1372 3903 praeceptis
1419 3833 1741 3889 obaudiens

105 3911 355 3972 laborare
386 3915 662 3974 manibus
701 3919 845 3985 suis,
879 3922 945 3974 ut
972 3917 1213 3975 haberet
1258 3921 1414 3976 unde
1457 3921 1742 3978 tribueret

99 3999 493 4062 necessitatem
529 4006 906 4078 patientibus,
929 4008 1427 4080 quemadmodum
1459 4009 1603 4081 ipse,
1638 4010 1738 4082 qui

100 4090 226 4147 licet
255 4093 569 4151 Dominum
603 4095 905 4152 ordinasse
932 4097 1106 4165 dicat,
1133 4102 1198 4152 ut
1228 4097 1328 4169 qui
1359 4097 1736 4170 Evangelium

101 4182 488 4249 annuntiaret,
515 4185 585 4239 de
618 4183 923 4256 Evangelio
951 4185 1186 4251 viveret,
1221 4203 1334 4241 non
1364 4191 1558 4242 tamen
1593 4204 1737 4243 usus

95 4274 174 4324 est
204 4269 310 4327 hac
343 4277 649 4345 potestate,
685 4275 786 4329 sed
827 4273 1102 4329 manibus
1134 4273 1258 4330 suis
1306 4273 1628 4340 laborabat,
1663 4291 1736 4331 ne

96 4374 257 4438 quem
287 4377 490 4417 eorum
524 4361 739 4434 quibus
761 4361 1138 4436 Evangelium
1169 4363 1522 4434 praedicabat
1539 4381 1736 4436 grava-

93 4451 170 4502 ret
199 4450 246 4518 (Ι
275 4450 398 4506 Cor.
432 4452 531 4520 IV).

155 4535 268 4594 XII.
291 4539 456 4604 Quod
483 4539 879 4613 interrogatis,
904 4544 1103 4596 utrum
1127 4539 1300 4596 liceat
1320 4539 1380 4594 in
1412 4539 1734 4597 festivitati-

1851 3389 2058 3455 stolus,
2092 3389 2190 3460 qui
2225 3387 2415 3444 solum
2447 3391 2513 3442 ut
2535 3385 2804 3442 Christus
2834 3385 3300 3451 annuntiaretur,
3322 3384 3502 3457 pluri-

1852 3495 2016 3533 mum
2049 3477 2349 3549 satagebat
2381 3476 2520 3548 quia
2551 3476 2706 3531 enim
2730 3474 3002 3530 Christus
3025 3473 3410 3541 ordinaverat,
3435 3477 3502 3529 ut

1853 3567 1953 3639 qui
1986 3565 2361 3638 Evangelium
2394 3564 2789 3634 annuntiaret,
2826 3564 2896 3618 de
2923 3561 3232 3634 Evangelia
3260 3562 3496 3629 viveret,

1852 3656 1900 3711 si
1926 3655 2092 3710 multi
2121 3655 2335 3710 idcirco
2359 3653 2657 3710 Christum
2681 3653 3092 3725 praedicabant,
3111 3655 3176 3707 ut
3195 3649 3502 3707 commoda

1849 3747 2082 3799 terrena
2105 3744 2492 3815 acquirerent,
2519 3757 2656 3814 ergo
2688 3758 2802 3796 non
2834 3746 2960 3796 erat
2981 3740 3248 3796 Christus
3278 3740 3336 3794 in
3369 3755 3502 3796 cau-

1849 3849 1935 3900 sa,
1961 3833 2062 3888 sed
2092 3832 2369 3887 avaritia:
2403 3848 2610 3886 rursus
2642 3830 2781 3901 quia
2819 3829 2990 3885 multi
3023 3829 3314 3902 Evangelii
3355 3845 3500 3901 pre-

1849 3921 2134 3977 dicatores
2151 3937 2185 3974 a
2204 3919 2476 3975 fidelibus
2494 3919 2726 3990 magnis
2746 3919 3070 3974 honoribus
3087 3919 3497 3987 efferebantur,

1849 4009 2115 4064 nonnulli
2148 4008 2277 4064 ideo
2308 4008 2606 4063 Christum
2646 4007 3058 4079 praedicabant,
3094 4011 3157 4060 ut
3197 4006 3414 4061 similia
3442 4011 3500 4062 et

1845 4097 1958 4168 ipsi
1999 4097 2360 4168 perciperent
2393 4112 2405 4148 :
2444 4107 2581 4166 ergo
2631 4111 2746 4149 non
2796 4098 2920 4149 erat
2957 4092 3222 4149 Christus
3251 4092 3309 4148 in
3342 4097 3494 4162 voto,

1846 4187 1943 4241 sed
1979 4185 2212 4239 invidia.
2238 4185 2348 4239 Sed
2383 4199 2552 4238 nemo
2584 4182 2830 4238 istorum
2864 4179 3193 4254 prdhibitus
3223 4186 3330 4248 est,
3357 4197 3499 4254 quo-

1844 4274 2042 4330 minus
2090 4290 2191 4345 per
2238 4271 2345 4327 bos
2393 4271 2660 4326 Christus
2707 4270 3179 4337 annuntiaretur,
3209 4269 3490 4326 nimirum

1844 4379 1977 4418 cum
1999 4363 2031 4418 J
2037 4363 2183 4418 udas
2200 4361 2352 4417 inter
2367 4365 2603 4416 caeteros
2621 4359 2914 4432 apostolos
2932 4377 2966 4415 a
2981 4359 3230 4416 Domino
3249 4360 3492 4427 missus,

1843 4456 1900 4507 et
1929 4449 2214 4506 miracula
2240 4449 2456 4518 fecerit,
2476 4453 2533 4505 et
2553 4449 2850 4506 Christum
2879 4449 3332 4516 annuntiaverit,
3349 4454 3405 4504 et
3435 4449 3493 4503 in

1842 4540 2080 4596 nomine
2111 4541 2240 4611 ejus
2279 4539 2498 4594 multos
2541 4535 2937 4610 baptizaverit.
2969 4537 3173 4608 Itaque
3221 4540 3287 4591 ut
3336 4535 3494 4592 sedis

93 4623 194 4680 bus
225 4632 564 4684 sanctorum
598 4629 889 4700 judicium
923 4629 1143 4702 peragi,
1175 4633 1233 4685 et
1279 4634 1478 4685 utrum
1529 4631 1731 4686 eadem
1763 4639 1810 4705 Ῑ)
1843 4628 2174 4701 apostolicae
2208 4626 2420 4700 praesul
2451 4626 2656 4683 scribit
2684 4623 3048 4691 Anastasius,
3070 4641 3186 4679 non
3213 4624 3496 4696 quaeritur

93 4709 176 4768 die
205 4714 413 4770 debeat
442 4715 636 4784 homo,
661 4717 712 4773 si
739 4715 952 4790 dignus
980 4717 1171 4786 fuerit,
1197 4719 1268 4773 ad
1302 4723 1547 4774 mortem
1573 4717 1731 4792 judi-

92 4802 245 4857 cari?
273 4803 579 4860 sciendum
626 4807 906 4878 quoniam
956 4807 1015 4861 in
1061 4807 1155 4861 his
1204 4807 1635 4875 festivitatibus,
1670 4808 1730 4863 in

92 4888 297 4960 quibus
317 4895 592 4966 superius
608 4895 681 4950 ab
699 4896 856 4951 omni
872 4911 1043 4966 opere
1061 4897 1360 4950 mundano
1379 4898 1730 4953 cessandum

92 4995 209 5035 esse
240 4984 718 5052 monstravimus,
745 4983 928 5039 multo
960 4985 1150 5056 magis
1180 5001 1214 5039 a
1239 4983 1617 5041 saecularibus
1637 5003 1734 5041 ne-

91 5067 276 5139 gotiis,
310 5076 370 5126 et
412 5071 608 5128 adhuc
637 5090 671 5128 a
699 5072 988 5128 mortibus
1035 5073 1448 5129 abstinendum
1481 5076 1602 5130 fore
1631 5077 1730 5131 de-

90 5159 374 5216 cernimus
406 5162 731 5232 :~quoniam
783 5161 1051 5234 quamvis
1108 5167 1425 5234 utrumque
1483 5164 1729 5220 fortasse

91 5244 205 5300 sine
235 5246 410 5320 culpa
439 5249 626 5305 valeat
671 5251 941 5318 exerceri,
967 5251 1200 5323 quando
1247 5258 1445 5306 tamen
1478 5252 1570 5308 his
1600 5270 1726 5324 quae

91 5332 182 5388 Dei
212 5339 370 5404 sunt,
405 5337 624 5393 arctius
655 5339 830 5394 homo
873 5340 1044 5395 debet
1084 5339 1321 5408 haerere,
1358 5355 1488 5412 qure
1519 5341 1726 5396 mundi

87 5426 218 5477 sunt
238 5441 272 5478 a
291 5440 354 5478 se
377 5426 647 5481 convenit
681 5427 912 5500 penitus
941 5443 1199 5483 resecare
1232 5446 1245 5483 :
1279 5429 1566 5500 praecipue
1591 5446 1726 5484 cum

88 5525 149 5564 eo
178 5511 266 5568 die
294 5514 366 5567 ad
399 5513 669 5570 militiam
703 5516 960 5572 divinam
997 5518 1276 5573 accedens
1306 5517 1502 5581 homo,
1531 5518 1727 5590 impli-

88 5600 196 5653 cari
241 5617 356 5657 non
390 5601 600 5658 debeat
648 5605 898 5678 negotiis
939 5605 1324 5683 saecularibus
1350 5607 1422 5673 (Il
1456 5607 1588 5660 Tim.
1623 5607 1722 5677 ii):

88 5691 139 5740 et
167 5689 236 5744 ob
257 5691 652 5748 reverentiam
681 5696 857 5750 tanta;
897 5693 1284 5750 solemnitatis
1315 5710 1428 5750 non
1463 5699 1727 5765 oporteat

1841 4718 1996 4791 quis,
2020 4717 2104 4773 vel
2129 4717 2322 4790 qualis
2343 4717 2634 4789 pradicet,
2655 4716 2755 4771 sed
2780 4729 2954 4787 quem
2977 4711 3249 4786 praedicet
3265 4715 3489 4785 (Αηαδί.

1839 4823 1902 4879 n,
1935 4810 1994 4863 in
2021 4809 2178 4879 epist.
2210 4806 2282 4861 ad
2310 4807 2496 4861 Anast.
2531 4804 2708 4876 imp.).

1910 4896 2024 4952 XV.
2061 4895 2235 4951 Porro
2283 4892 2676 4966 interrogatis,
2710 4897 2908 4948 utrum
2957 4891 3223 4947 homines
3273 4889 3356 4944 illi
3390 4891 3490 4962 qui

1839 4983 1950 5040 hoc
1981 4985 2052 5040 ab
2086 4982 2186 5038 illo
2217 4983 2510 5054 baptisma
2532 4984 2894 5052 receperunt,
2920 4978 3230 5034 Christiani
3254 4976 3390 5043 sint,
3417 4994 3489 5033 an

1835 5076 2050 5132 iterum
2074 5073 2353 5146 baptizari
2379 5073 2647 5128 debeant.
2673 5072 2783 5127 Sed
2810 5071 2867 5125 in
2891 5070 3130 5125 nomine
3155 5085 3400 5124 summa:
3422 5085 3489 5130 ac

1837 5163 2149 5219 individua:
2170 5159 2474 5218 Trinitatis
2505 5159 2781 5232 baptizati
2813 5159 2994 5226 fuere,
3014 5157 3328 5214 Christiani
3362 5173 3492 5230 pro-

1836 5254 1984 5308 fecto
2016 5256 2173 5317 sunt,
2198 5255 2254 5305 et
2282 5267 2382 5305 eos
2413 5265 2446 5303 a
2477 5263 2826 5320 quocunque
2849 5247 3181 5301 Christiano
3213 5245 3486 5318 baptizati

1834 5343 1995 5408 sunt,
2020 5339 2226 5394 iterato
2265 5337 2560 5409 baptizare
2600 5351 2714 5391 non
2755 5334 3048 5401 convenit;
3085 5334 3388 5406 quoniam,
3424 5336 3490 5389 ut

1826 5431 1951 5501 jam
1986 5427 2322 5482 nominatus
2361 5425 2706 5480 Anastasius
2737 5422 3092 5495 apostolicus
3124 5422 3382 5494 pontifex
3411 5423 3484 5477 ad

1835 5516 2266 5588 cozequivocum
2310 5529 2482 5568 suum
2515 5512 2720 5568 scribit
2746 5514 3106 5584 Augustum;
3162 5515 3218 5565 et
3264 5509 3486 5582 baptis-

1836 5623 2023 5674 mum,
2046 5603 2201 5675 quod
2234 5600 2435 5674 procul
2460 5599 2536 5655 sit
2555 5601 2627 5655 ab
2649 5599 2909 5667 ecclesia,
2938 5599 3060 5656 sive
3091 5599 3163 5654 ab
3194 5597 3486 5665 adultero,

1834 5693 1921 5750 vel
1954 5709 1987 5750 a
2019 5693 2143 5748 fure
2193 5690 2366 5747 fuerit
2411 5690 2633 5752 datum,
2671 5688 2744 5744 ad
2797 5687 3213 5761 percipientem
3265 5703 3486 5745 munus
