3898 6212
362 360 479 426 98⁸7

1735 361 2049 425 NICOLAI
2093 361 2322 423 PAPJE
2364 361 2413 422 Ι.

3673 358 3794 422 988

363 495 625 570 pervenit
654 495 983 566 illibatum;
1017 496 1158 572 quia
1202 516 1311 556 vox
1356 496 1458 556 illa
1507 514 1634 571 quas
1685 496 1881 554 sonuit
1911 511 2013 569 per
2040 496 2096 564 Α
2124 492 2458 568 culpabilis,
2481 492 2543 552 in
2572 496 2658 555 tot
2685 491 3032 551 hominibus
3061 491 3358 552 conversis
3386 489 3537 550 satis
3568 491 3794 550 exstitit

364 584 720 651 columbam,
754 602 986 643 omnem
1032 585 1327 642 maculam
1372 586 1641 642 humana:
1676 583 2017 657 pollutionis

364 673 637 740 excludit,
664 690 782 747 qua
811 674 1158 744 declaratur,
1183 693 1248 732 ac
1279 676 1495 732 dicitur
1519 693 1531 730 :
1564 677 1664 731 Hic
1689 683 1769 731 est
1797 676 1894 746 qui
1924 674 2016 729 ba-

357 765 535 836 ptizat
562 764 738 835 (Joan.
775 767 838 832 ι.)
871 765 928 821 Si
989 764 1168 838 igitur
1196 766 1467 837 quamvis
1524 765 1886 837 baptismum
1945 762 2017 818 ab

364 851 651 921 adultero,
674 852 761 909 vel
790 854 916 910 fure
943 855 1143 910 datum
1179 854 1370 923 fuerit,
1395 855 1467 910 ad
1502 853 1917 926 percipientem
1941 855 2020 906 ta-

365 957 500 996 men
533 959 752 998 munus
784 944 1045 1015 pervenit
1076 943 1397 1013 illibatum;
1432 960 1610 1016 quam
1643 943 1713 998 ob
1744 958 1868 996 rem
1902 957 2017 996 non

365 1028 762 1098 illibatum,et
807 1032 933 1088 sine
976 1031 1096 1089 ulla
1152 1033 1457 1089 iteratione
1507 1032 1812 1097 subsistat,
1862 1030 2017 1102 quod

366 1118 611 1191 quilibet
641 1121 980 1176 mundanus
1025 1122 1198 1177 homo
1230 1121 1455 1188 tribuit,
1488 1125 1545 1177 et
1573 1120 1871 1176 nescimus
1904 1134 2021 1190 qua

362 1207 689 1265 intentione
712 1226 775 1265 se
801 1210 1202 1283 presbyterum
1228 1211 1492 1283 ﬁngens?
1522 1214 1578 1265 et
1599 1215 1751 1266 certe
1774 1207 2019 1264 Aeacius

366 1297 1044 1370 Constantinopolitanus
1066 1300 1363 1372 quondam
1390 1300 1721 1372 episcOpus,
1746 1317 1806 1355 se
1834 1316 2022 1355 sacer-

367 1385 562 1442 dotem
594 1388 872 1459 ﬁngebut,
895 1405 1029 1444 cum
1075 1388 1250 1444 fuerit
1280 1407 1315 1445 a
1345 1388 1531 1444 Felice
1560 1407 1711 1462 papa
1756 1390 2018 1445 Romano

369 1475 685 1532 damnatus
710 1494 724 1532 :
748 1478 850 1533 sed
885 1478 1022 1550 quid
1049 1479 1174 1550 jam
1206 1479 1398 1535 dictus
1428 1479 1500 1534 de
1531 1496 1597 1534 eo
1630 1478 1843 1551 praesul
1873 1481 2020 1534 Ana-

369 1566 591 1621 stasius
618 1565 1147 1635 dicat,audiamus;
1173 1568 1255 1623 ait
1275 1568 1431 1623 enim
1463 1568 1614 1623 inter
1649 1567 1763 1623 alia
1794 1568 1975 1639 (Ibid)
2002 1584 2015 1624 :

370 1658 513 1709 Cum
545 1654 655 1710 sibi
687 1657 1007 1713 sacerdotis
1035 1674 1249 1712 nomen
1274 1656 1519 1713 Aeacius
1544 1656 1812 1713 videlicet
1837 1657 2019 1712 vindi-

372 1740 586 1795 caverit
606 1742 1051 1812 condemnatus,
1072 1742 1132 1797 in
1154 1743 1343 1816 ipsius
1362 1744 1574 1800 vertice
1604 1744 1889 1817 superbiae
1920 1749 2019 1800 tu-

372 1829 775 1886 morinﬁictus
800 1835 907 1899 est,
934 1832 1072 1903 quia
1101 1849 1218 1888 non
1246 1832 1518 1905 populus,
1546 1834 1647 1906 qui
1677 1833 2020 1890 ministeriis

374 1918 593 1974 donum
614 1918 802 1991 ipsius
822 1920 1077 1989 sitiebat,
1096 1921 1369 1978 exclusus
1388 1926 1507 1979 est:
1529 1923 1629 1979 sed
1653 1923 1851 1978 anima
1871 1922 2015 1990 sola,

375 2022 500 2079 quas
523 2013 877 2080 peccaverat,
892 2009 1055 2080 justo
1078 2010 1304 2082 judicio
1334 2011 1564 2084 proprie
1585 2016 1708 2067 erat
1727 2012 1976 2069 obnoxia
2000 2028 2014 2066 :

374 2096 531 2167 quod
561 2095 761 2169 itapue
808 2114 1123 2154 numerosa
1152 2098 1586 2171 Scripturarum
1633 2103 1882 2157 testatur
1928 2101 2016 2156 in-

374 2184 641 2253 structio,
674 2189 733 2240 et
758 2202 958 2242 revera
995 2187 1134 2258 quia
1183 2189 1506 2244 secundum
1556 2189 2017 2246 famosissimum

370 2272 713 2344 Apostolum
746 2290 921 2347 neque
948 2276 1047 2347 qui
1069 2277 1306 2347 plantat,
1337 2277 1395 2332 id
1428 2282 1516 2333 est
1544 2278 1889 2348 catechizat;
1920 2296 2019 2335 ne-

375 2377 479 2434 que
506 2364 606 2433 qui
633 2364 856 2433 irrigat,
887 2363 943 2419 id
975 2367 1065 2419 est
1106 2365 1380 2436 baptizat,
1409 2374 1489 2422 est
1531 2367 1775 2439 aliquid;
1803 2367 1897 2424 sed
1924 2369 2022 2440 qui

377 2450 773 2507 incrementum
818 2452 914 2508 dat
960 2457 1101 2509 Deus
1130 2454 1174 2526 (ι
1214 2456 1341 2511 Cor.
1394 2459 1500 2525 III).
1532 2457 1602 2511 Et
1648 2456 1778 2512 ideo
1826 2456 2020 2513 malus

376 2538 531 2594 bona
559 2540 948 2597 ministrando
980 2559 1095 2598 non
1126 2542 1278 2612 aliis,
1302 2544 1401 2601 sed
1434 2544 1545 2602 sibi
1568 2545 1902 2602 detrimenti
1925 2563 2021 2602 cu-

378 2627 608 2684 mulum
630 2629 858 2702 ingerit,
877 2648 945 2687 ac
966 2649 1069 2704 per
1086 2631 1195 2688 hoc
1216 2638 1440 2688 certum
1461 2638 1569 2702 est,
1595 2634 1733 2706 quia
1753 2652 1901 2707 quos
1922 2634 2021 2691 ille

375 2720 610 2773 Graecus
650 2718 979 2790 baptizavit,
1013 2720 1176 2776 nulla
1206 2721 1394 2793 portio
1449 2721 1706 2779 liBSlODlS
1762 2724 2016 2796 attingit,

377 2809 612 2877 pr0pter
640 2806 781 2862 illud
808 2823 821 2862 :
844 2809 945 2864 Hic
972 2817 1049 2865 est
1087 2811 1183 2882 qui
1231 2811 1487 2883 baptizat,
1522 2811 1579 2867 id
1612 2816 1702 2868 est
1730 2812 2019 2881 Christus,

377 2898 435 2950 et
463 2894 675 2951 iterum
710 2912 723 2949 :
764 2897 903 2953 Deus
953 2900 1348 2956 incrementum
1404 2900 1517 2970 dat,
1564 2900 1934 2970 subauditur,
1965 2906 2022 2958 et

376 3000 494 3039 non
527 2983 723 3040 homo.

447 3072 588 3129 XVI.
608 3074 725 3130 Vos
755 3076 855 3147 qui
886 3077 970 3132 sic
1001 3093 1311 3149 personam
1358 3078 1518 3135 illam
1562 3079 1899 3151 judicastis,
1930 3080 2019 3135 in-

376 3161 759 3235 vestigatis,si
792 3164 1051 3222 debeatis
1077 3166 1213 3222 hinc
1243 3167 1641 3238 paznitentiam
1674 3186 1878 3242 agere:
1908 3169 2020 3224 uti-

378 3266 491 3322 que
520 3251 771 3324 denique
799 3270 971 3310 omne
1015 3258 1319 3327 peccatum
1350 3258 1708 3327 pcsnitentia,
1732 3275 1860 3330 qum
1906 3276 2022 3316 non

377 3337 516 3405 nisi,
546 3340 645 3395 Dei
695 3341 885 3413 gratia
933 3343 1267 3409 comitante,
1302 3344 1551 3416 proﬁcit,
1578 3345 1841 3403 diluitur.
1873 3347 2021 3403 Nam

375 3426 661 3483 Dominus
691 3430 950 3500 primum
980 3431 1215 3486 Petrum
1248 3432 1520 3503 respexit,
1552 3438 1609 3489 et
1647 3438 1787 3491 tunc
1817 3435 2021 3497 Petrus

376 3517 448 3571 ad
477 3515 767 3589 lacrymas
798 3535 926 3574 sese
944 3520 1247 3575 convertit.
1272 3521 1579 3578 Peccatum
1610 3528 1805 3579 autem
1834 3541 1937 3580 vos
1960 3526 2020 3580 in

375 3604 541 3659 illum
572 3605 873 3661 hominem
896 3613 1262 3679 perpetrasse
1284 3609 1661 3667 manifestum
1694 3618 1801 3668 est.
1827 3613 2021 3670 Primo

376 3693 921 3766 quidem,quoniam
947 3702 1232 3769 quantum
1256 3715 1362 3754 nos
1384 3700 1875 3772 comprehendere
1893 3719 2023 3775 pos-

376 3798 605 3851 sumus,
621 3784 885 3840 nondum
901 3784 1054 3842 clare
1074 3788 1266 3859 patuit
1286 3789 1557 3845 eumdem
1582 3790 1882 3847 hominem
1902 3809 2018 3847 non

376 3886 505 3926 esse
534 3871 958 3945 presbyterum,
987 3878 1046 3930 et
1087 3875 1373 3948 scriptum
1404 3882 1493 3933 est
1524 3895 1537 3933 :
1571 3879 1746 3935 Nolite
1765 3879 2021 3951 judicare

375 3967 501 4016 ante
544 3967 752 4033 tempus
781 3962 831 4030 (ι
860 3963 980 4019 Cor.
1012 3967 1111 4033 Iv).
1145 3965 1433 4033 Secundo,
1474 3967 1752 4039 quoniam
1801 3968 1910 4024 etsi
1957 3984 2020 4024 se

372 4049 541 4105 ﬁnxit
568 4067 696 4107 esse
726 4054 882 4123 quod
914 4070 1027 4109 non
1059 4058 1202 4123 erat,
1228 4072 1343 4111 non
1376 4060 1571 4112 tamen
1599 4056 1736 4113 fecit
1756 4059 1910 4129 quod
1944 4058 2021 4113 fa-

372 4143 531 4195 ctum
563 4140 680 4196 Deo
706 4140 796 4196 vel
828 4140 1100 4199 ﬁdelibus
1132 4143 1259 4214 ejus
1286 4161 1399 4201 non
1430 4144 1656 4217 placeat
1684 4163 1697 4201 :
1732 4145 2019 4219 praecipue

372 4244 505 4283 cum
529 4228 586 4283 in
611 4245 679 4285 ea
697 4234 888 4302 gente.
912 4231 970 4286 in
993 4248 1109 4304 qua
1130 4249 1315 4306 usque
1341 4234 1412 4289 ad
1436 4233 1580 4290 illud
1603 4239 1836 4307 tempus
1856 4234 2019 4291 nulla

371 4321 531 4371 recta
576 4318 744 4382 ﬁdes,
790 4318 950 4375 nulla
996 4337 1131 4378 vera
1180 4322 1381 4397 religio
1431 4322 1747 4389 colebatur,
1782 4322 2020 4379 sibinet

371 4405 587 4461 ostium
612 4406 831 4464 multos
855 4408 1119 4466 lucrandi
1138 4411 1416 4468 divinitus
1432 4412 1650 4469 videret
1669 4416 2020 4485 apertum,et

2126 583 2461 641 laudabilis.
2485 584 2875 657 Quarto,quia
2900 584 3008 641 etsi
3039 602 3207 657 pinna
3238 584 3458 657 dignus
3488 587 3637 651 erat,
3672 599 3790 639 non

2124 678 2321 730 tamen
2354 673 2655 730 debuisset
2686 675 2927 731 modum
2972 672 3212 730 ultionis
3255 673 3556 739 excedere,
3588 688 3696 728 nec
3728 671 3791 727 in

2126 780 2312 819 unum
2345 763 2646 819 hominem
2704 767 2811 831 tot,
2842 768 2902 819 et
2956 767 3079 818 tam
3120 762 3384 819 crudelia
3432 762 3793 818 detrimenta

2127 868 2436 925 congerere
2462 870 2474 907 :
2500 869 2634 908 cum
2659 851 2923 909 dimissis
2944 851 2995 908 ei
3018 852 3280 917 naribus,
3295 854 3354 907 et
3378 849 3624 906 auribus
3648 867 3788 922 pro-

2127 940 2291 1013 priis,
2318 941 2612 998 sufﬁceret
2641 943 2712 997 ad
2744 957 2977 1015 pmnam
3007 939 3093 996 illi
3125 939 3380 1013 repulsio
3412 956 3449 996 a
3477 939 3672 1011 patria
3690 955 3790 993 ve-

2128 1033 2267 1098 stra,
2294 1046 2472 1102 quam
2516 1046 2651 1086 cum
2700 1030 3145 1086 detruncatione
3175 1029 3577 1085 membrorum
3615 1026 3791 1100 judi-

2128 1119 2398 1176 cantibus
2426 1119 2592 1175 vobis
2622 1124 2893 1192 expertus
2922 1124 3030 1176 est.

2198 1208 2366 1264 XVII.
2390 1208 2574 1281 Igitur
2603 1210 2938 1276 referentes,
2965 1207 3216 1280 qualiter
3246 1206 3446 1263 divina
3475 1203 3790 1261 clementia

2128 1294 2520 1350 Christianam
2570 1295 2911 1368 religionem
2963 1294 3361 1368 perceperitis,
3412 1291 3791 1366 qualiterque

2128 1382 2411 1456 populum
2441 1390 2701 1439 vestrum
2733 1384 3015 1457 baptizari
3047 1401 3282 1440 omnem
3314 1382 3606 1439 feceritis:
3638 1399 3791 1453 qua-

2127 1472 2259 1527 liter
2280 1477 2477 1529 autem
2499 1472 2583 1527 illi
2606 1479 2919 1546 postquam
2941 1471 3213 1547 baptizati
3242 1473 3423 1540 fuere,
3446 1472 3792 1528 insurrexe-

2128 1562 2246 1617 rint
2276 1562 2632 1618 unanimiter
2665 1580 2800 1618 cum
2833 1580 3048 1636 magna
3080 1562 3375 1618 ferocitate
3422 1564 3630 1617 contra
3660 1576 3789 1630 vos,

2127 1651 2406 1719 dicentes,
2440 1669 2556 1708 non
2589 1652 2804 1708 bonam
2835 1668 2936 1708 vos
2976 1653 3061 1708 eis
3091 1652 3278 1725 legem
3310 1650 3651 1719 tradidisse,
3684 1667 3791 1706 vo-

2127 1739 2312 1797 lentes
2344 1741 2521 1797 etiam
2552 1758 2653 1797 vos
2700 1741 2984 1810 occidere,
3016 1746 3075 1797 et
3104 1758 3301 1814 regem
3348 1740 3531 1797 alium
3563 1738 3790 1796 consti-

2127 1833 2314 1899 tuere,
2335 1834 2392 1885 et
2439 1830 2690 1902 qualiter
2717 1847 2840 1896 vos,
2864 1830 3062 1886 divina
3108 1834 3458 1903 cooperante
3498 1829 3787 1901 potentia,

2128 1918 2408 1975 adversus
2439 1936 2537 1975 eos
2566 1920 2878 1992 preparati,
2902 1937 2937 1975 a
2974 1920 3228 1976 maximo
3270 1936 3459 1992 usque
3488 1918 3564 1974 ad
3597 1915 3789 1973 modi-

2127 2024 2262 2063 eum
2294 2008 2727 2081 superaveritis,
2755 2013 2812 2066 et
2841 2009 3116 2065 manibus
3138 2008 3350 2065 vestris
3381 2008 3657 2064 detentos
3685 2006 3787 2061 ha-

2126 2095 2391 2165 bueritis,
2417 2095 2783 2170 qualiterque
2813 2114 3018 2154 omnes
3047 2098 3328 2170 primates
3358 2112 3587 2163 eorum,
3607 2099 3788 2168 atque

2127 2186 2380 2257 majores
2409 2202 2543 2242 cum
2574 2185 2734 2242 omni
2778 2185 2940 2259 prole
2982 2203 3091 2242 sua
3120 2185 3315 2259 gladio
3347 2185 3569 2242 fuerint
3597 2184 3787 2240 inter-

2126 2274 2339 2348 empti;
2374 2275 2694 2331 mediocres
2727 2292 2880 2344 vero,
2903 2292 3004 2332 seu
3033 2274 3290 2332 minores
3314 2274 3465 2331 nihil
3486 2273 3631 2330 mali
3664 2291 3787 2347 perb

2125 2363 2386 2432 tulerint,
2406 2365 2478 2420 de
2508 2363 2601 2420 his
2661 2381 2835 2420 nosse
2891 2363 3234 2420 desideratis
3264 2364 3368 2436 qui
3397 2364 3517 2420 vita
3573 2363 3783 2437 privati

2128 2457 2287 2521 sunt,
2313 2458 2510 2509 utrum
2533 2470 2602 2510 ex
2621 2451 2737 2508 illis
2763 2458 3065 2526 peccatum
3087 2451 3554 2525 habeatis,quod
3579 2453 3781 2525 utique

2127 2542 2254 2598 sine
2284 2546 2517 2615 peccato
2549 2559 2787 2599 evasum
2820 2560 2935 2600 non
2964 2547 3081 2611 est;
3105 2559 3211 2599 nec
3239 2543 3367 2599 sine
3395 2542 3575 2616 culpa
3591 2546 3781 2598 vestra

2127 2630 2253 2687 ﬁeri
2304 2632 2514 2703 potuit,
2548 2635 2612 2687 ut
2665 2630 2880 2704 proles,
2913 2648 3041 2704 quae
3073 2632 3132 2687 in
3164 2632 3409 2688 consilio
3466 2637 3777 2705 parentum

2128 2737 2245 2776 non
2276 2721 2406 2789 fuit,
2441 2737 2547 2777 nec
2575 2721 2855 2777 adversus
2884 2738 2987 2778 vos
3028 2737 3194 2776 arma
3221 2720 3539 2779 sustulisse
3569 2721 3776 2793 proba-

2128 2812 2245 2879 tur,
2279 2808 2559 2865 innocens
2606 2826 2740 2865 cum
2790 2810 3134 2866 nocentibus
3179 2810 3603 2866 trucidaretur.
3636 2810 3775 2866 Nam

2127 2896 2266 2953 hinc
2296 2897 2625 2971 psalmista,
2642 2903 2955 2971 postquam
2980 2898 3238 2955 dixerat:
3269 2901 3387 2956 Non
3416 2899 3537 2955 sedi
3566 2902 3629 2955 in
3656 2916 3778 2954 con-

2126 2989 2255 3043 silio
2284 2989 2566 3054 vanitatis,
2588 2995 2788 3044 etcum
2817 2990 3012 3061 iniqua
3033 2990 3349 3061 gerentibus
3367 3005 3482 3046 non
3506 2989 3742 3045 introibo
3759 3008 3778 3043 :

2128 3075 2275 3133 odivi
2302 3078 2744 3145 congregationes
2778 3077 3173 3146 malignorum,
3204 3084 3256 3132 et
3294 3092 3421 3132 cum
3452 3077 3646 3148 impiis
3676 3091 3779 3130 non

2128 3164 2350 3231 sedebo;
2382 3164 2555 3237 paulo
2607 3170 2742 3238 post
2798 3167 3118 3239 deprecans
3167 3165 3487 3221 Dominum
3544 3165 3630 3220 ait
3661 3182 3676 3220 :
3705 3169 3780 3222 Ne

2052 3234 2095 3301 Ο
2125 3254 2324 3327 perdas
2349 3271 2474 3310 cum
2515 3255 2702 3326 impiis
2733 3256 2981 3310 animam
3007 3270 3204 3320 meam,
3236 3263 3288 3310 et
3333 3271 3459 3309 cum
3489 3255 3631 3309 viris
3653 3270 3782 3308 san-

2129 3345 2360 3415 guinum
2420 3344 2588 3399 vitam
2641 3360 2820 3399 meam
2878 3343 3045 3416 (Psal.
3076 3343 3228 3416 xxv).
3290 3343 3438 3399 Hinc
3499 3341 3783 3398 Dominus

2129 3449 2233 3505 per
2267 3432 2626 3489 Ezechielem
2687 3432 3032 3505 prophetam
3088 3432 3357 3505 perhibet
3403 3432 3611 3487 dicens
3642 3435 3780 3504 (cap.

2127 3524 2328 3591 xvm):
2367 3524 2429 3579 Ut
2458 3523 2649 3577 anima
2690 3524 2889 3593 patris,
2925 3524 3002 3577 ita
3030 3530 3083 3578 et
3109 3524 3300 3577 anima
3344 3522 3459 3594 ﬁlii
3506 3538 3633 3577 mea
3659 3527 3778 3577 est:

2128 3613 2319 3667 anima
2347 3626 2472 3683 quae
2495 3612 2814 3683 peccaverit,
2856 3612 2978 3683 ipsa
3011 3612 3293 3668 morietur.
3326 3610 3396 3666 Et
3425 3614 3561 3683 post
3600 3626 3782 3682 pauca

2129 3700 2201 3755 de
2230 3704 2395 3773 patre
2425 3699 2776 3768 dicitzouod
2823 3701 2875 3756 si
2916 3702 3168 3771 genuerit
3215 3701 3417 3772 ﬁlium,
3451 3700 3553 3771 qui
3596 3698 3779 3754 videns

2128 3790 2314 3844 omnia
2341 3796 2558 3859 peccata
2593 3790 2770 3860 patris
2804 3790 2897 3844 sui
2942 3804 3069 3862 quae
3093 3789 3243 3861 fecit,
3277 3789 3548 3852 timuerit,
3579 3795 3632 3843 et
3674 3804 3777 3842 non

2125 3879 2317 3950 fecerit
2351 3878 2535 3933 simile
2590 3879 2688 3942 eis,
2719 3893 2885 3949 super
2935 3885 3171 3933 montem
3225 3893 3338 3932 non
3390 3875 3703 3943 comederit,
3733 3883 3781 3931 et

2126 3967 2309 4022 oculos
2334 3982 2459 4022 suos
2499 3982 2610 4022 non
2644 3965 2907 4022 levaverit
2955 3966 3026 4037 ad
3072 3967 3220 4022 idola
3265 3964 3458 4021 domus
3505 3965 3702 4030 Israel,
3732 3974 3779 4019 et

2126 4071 2356 4111 uxorem
2379 4056 2626 4127 proximi
2651 4056 2743 4111 sui
2768 4071 2877 4112 non
2900 4056 3200 4123 violaverit,
3229 4063 3281 4111 et
3303 4057 3489 4110 virum
3514 4071 3629 4110 non
3655 4070 3780 4109 con-

2128 4145 2446 4213 tristaverit,
2477 4145 2680 4215 pignus
2707 4160 2817 4200 non
2850 4145 3160 4210 retiuuerit,
3182 4152 3233 4200 et
3261 4145 3523 4216 rapinam
3552 4159 3665 4199 non
3694 4159 3778 4198 ra—

2122 4234 2324 4306 puerit,
2344 4249 2544 4305 panem
2569 4249 2731 4288 suum
2770 4234 3036 4290 esurienti
3082 4232 3308 4301 dederit,
3338 4240 3391 4288 et
3418 4231 3636 4288 nudum
3662 4247 3777 4304 ope-

2125 4324 2303 4379 ruerit
2328 4323 2663 4389 vestimento,
2687 4339 2722 4378 a
2747 4324 3010 4395 pauperis
3030 4323 3247 4395 injuria
3273 4324 3536 4379 averterit
3559 4338 3782 4377 manum

2125 4428 2304 4476 suam,
2336 4427 2566 4467 usuram
2618 4419 2671 4467 et
2722 4411 3285 4484 superabundantiam
3335 4427 3448 4468 non
3494 4412 3778 4483 acceperit,

372 4492 469 4550 ille
501 4495 743 4552 forsitan
777 4497 1077 4556 anhelaret
1106 4499 1391 4572 plurimos
1421 4501 1494 4556 ad
1534 4504 1766 4556 tantum
1795 4501 2016 4557 donum
2116 4501 2336 4573 judicia
2362 4516 2483 4557 mea
2529 4501 2740 4572 fecerit,
2776 4501 2834 4556 in
2861 4503 3150 4573 praeceptis
3205 4502 3343 4557 meis
3390 4499 3781 4565 ambulaverit,

370 4584 705 4656 perducere,
732 4586 792 4642 in
823 4604 939 4659 quo
969 4606 1031 4644 se
1059 4588 1243 4644 Deum
1274 4593 1539 4645 senserat
1567 4588 2020 4645 misericorditer
2048 4604 2095 4668 D
2126 4591 2215 4646 hic
2242 4607 2353 4647 non
2377 4590 2645 4646 morietur
2673 4591 2735 4645 in
2764 4590 3053 4661 iniquitate
3077 4592 3255 4662 patris
3290 4592 3403 4656 sui,
3429 4589 3524 4645 sed
3554 4591 3671 4644 vita
3698 4590 3782 4643 vi-

370 4674 665 4745 adjuvare.
692 4676 953 4749 Denique
984 4677 1033 4732 si
1067 4677 1244 4733 David
1276 4694 1406 4733 esse
1438 4693 1499 4731 se
1531 4676 1820 4733 furiosum
1852 4677 2019 4735 ﬁnxit

369 4762 413 4836 (l
441 4769 571 4832 Reg.
602 4768 741 4834 XXI),
764 4770 829 4821 ut
877 4782 1045 4821 suam
1093 4769 1324 4822 tantum
1373 4762 1622 4821 salutem
1653 4766 1881 4838 operari
1910 4784 2015 4838 po-

366 4852 792 4925 tuisset,quam
834 4870 1045 4910 noxam
1088 4853 1396 4919 contraxit,
1428 4852 1529 4924 qui
1578 4856 1664 4908 tot
1709 4853 2017 4912 hominum

369 4940 812 4998 multitudinem
844 4941 1257 5015 quoquomodo
1282 4941 1353 4996 de
1382 4944 1666 5011 potestate
1693 4942 1929 5016 diaboli,
1960 4949 2019 5001 et

369 5035 595 5085 eterna
616 5030 961 5101 perditionis
983 5029 1302 5094 abstraxit?
1323 5027 1572 5088 maxime
1594 5047 1730 5089 cum
1752 5048 1813 5088 se
1836 5050 2021 5090 sacer-

368 5120 563 5175 dotem
597 5118 980 5183 simulaverit,
1013 5134 1131 5173 non
1169 5121 1365 5173 tamen
1415 5118 1475 5174 in
1522 5119 1871 5193 baptizando
1902 5123 2021 5197 egit

369 5208 522 5279 quod
554 5210 767 5279 praeter
813 5206 1174 5262 sacerdotem
1206 5205 1265 5262 in
1309 5210 1430 5264 tam
1478 5209 1726 5266 evidenti
1770 5212 2017 5269 necessi-

367 5298 485 5351 tate
507 5311 676 5369 agere
700 5292 929 5349 nullum
946 5297 1200 5364 oportet:
1221 5296 1625 5370 presbyterum
1641 5316 1795 5369 vero,
1812 5305 1877 5356 ut
1897 5302 2019 5375 epi-

367 5398 599 5449 namur,
629 5376 847 5435 idcirco
876 5396 938 5436 se
969 5378 1133 5436 ﬁnxit
1160 5397 1317 5452 esse;
1352 5384 1629 5457 quoniam
1654 5387 1782 5458 jam
1817 5404 2016 5444 sense-

366 5473 454 5521 rat
481 5470 643 5525 vobis
677 5463 863 5520 fuisse
912 5485 1174 5541 suasum,
1200 5473 1357 5546 quod
1397 5474 1727 5547 baptizandi
1759 5476 2019 5534 ministe-

361 5552 515 5610 rium
548 5572 664 5612 non
700 5550 815 5604 nisi
857 5558 1209 5632 presbyteris
1251 5566 1483 5619 tantum
1513 5568 1669 5621 esset
1696 5564 2013 5622 indultum.

358 5635 570 5714 Tertio,
598 5636 889 5717 quoniam
920 5646 1028 5705 etsi
1057 5648 1116 5709 in
1156 5651 1268 5711 ista
1306 5651 1681 5710 simulatione
1709 5653 1877 5712 valde
1907 5656 2019 5712 fuit

2124 4687 2208 4737 vet
2236 4698 2257 4735 :
2282 4686 2441 4752 pater
2467 4678 2587 4752 ejus
2615 4680 2747 4751 quia
2768 4679 3142 4735 calumniatus
3169 4687 3267 4748 est,
3288 4686 3341 4735 et
3369 4680 3483 4734 vim
3511 4680 3648 4751 fecit
3672 4679 3782 4748 fra-

2125 4770 2223 4837 tri,
2254 4776 2306 4824 et
2331 4768 2543 4824 malum
2569 4775 2823 4840 operatus
2860 4776 2939 4825 est
2970 4770 3032 4824 in
3060 4768 3237 4824 medio
3280 4768 3478 4841 populi
3523 4766 3639 4836 sui,
3670 4782 3783 4822 ecce

2122 4864 2371 4914 mortuus
2399 4864 2476 4913 est
2518 4858 2579 4911 in
2609 4858 2903 4928 iniquitate
2929 4873 3052 4924 sua,
3074 4864 3128 4914 et
3176 4855 3360 4913 dicitis
3383 4875 3404 4913 :
3438 4856 3622 4925 Quare
3676 4870 3781 4911 non

2120 4947 2360 5019 portavit
2384 4946 2536 5016 ﬁlius
2565 4947 2915 5018 iniquitatem
2947 4948 3163 5018 patris!
3190 4944 3446 5002 Videlicet
3475 4946 3613 5018 quia
3636 4945 3781 5015 ﬁlius

2125 5044 2177 5092 et
2195 5035 2479 5107 judicium
2502 5042 2553 5091 et
2571 5036 2851 5108 justitiam
2879 5043 3135 5107 operatus
3169 5043 3267 5103 est,
3294 5036 3485 5092 omnia
3509 5040 3783 5107 praecepta

2124 5141 2247 5180 mea
2288 5123 2597 5192 custodiuit,
2629 5132 2681 5180 et
2729 5125 2861 5196 fecit
2907 5125 3032 5192 illa,
3061 5126 3176 5181 vita
3221 5124 3380 5181 vivet.
3411 5124 3616 5193 Anima
3664 5136 3782 5195 que

2119 5215 2426 5285 peccaverit
2454 5215 2576 5285 ipsa
2612 5219 2876 5270 morietur
2902 5234 2922 5268 :
2952 5215 3107 5284 ﬁlius
3132 5230 3245 5270 non
3282 5213 3531 5285 portabit
3572 5212 3780 5283 iniqui-

2126 5310 2291 5359 tatem
2315 5304 2511 5373 patris,
2541 5309 2591 5358 et
2631 5310 2792 5374 pater
2825 5319 2937 5359 non
2964 5303 3205 5375 portabit
3253 5303 3607 5374 iniquitatem
3653 5300 3774 5373 ﬁlii.

2126 5387 2403 5455 Quamvis
2432 5392 2489 5443 et
2514 5388 2584 5444 de
2631 5389 2976 5461 parentibus
3005 5389 3107 5462 qui
3156 5388 3567 5462 comprehensi
3622 5391 3772 5453 sunt,

2125 5476 2330 5533 mitius
2361 5492 2531 5550 agere
2562 5476 2903 5546 debueritis,
2931 5478 3153 5534 scilicet
3188 5482 3250 5533 ut
3281 5495 3385 5551 pro
3425 5476 3531 5534 Dei
3561 5492 3771 5541 amore,

2126 5565 2227 5639 qui
2257 5583 2356 5625 eos
2405 5566 2465 5622 in
2514 5582 2728 5623 manus
2781 5571 3004 5625 vestras
3059 5567 3402 5639 tradiderat,
3424 5566 3606 5624 vitam
3666 5563 3774 5619 illis

2126 5654 2519 5724 reservaretis,
2553 5658 2847 5727 quatenus
2893 5656 2953 5714 in
3002 5656 3264 5715 oratione
3310 5654 3620 5714 Dominica
3666 5652 3772 5711 Deo
