  <div class='ocr_page' id='page_1' title='image "/cluster/home/n/w/nwhite01/storage/ocr_20150623/119/uva.x000827049/518.png"; bbox 0 0 3898 6212; ppageno 0'>
   <div class='ocr_carea' id='block_1_1' title="bbox 134 419 3539 497">
    <p class='ocr_par' dir='ltr' id='par_1_1' title="bbox 134 419 3539 497">
     <span class='ocr_line' id='line_1_1' title="bbox 134 419 3539 497; baseline -0.003 -2"><span class='ocrx_word' id='word_1_1' title='bbox 134 422 246 495; x_wconf 82' lang='lat'><strong><em>989</em></strong></span> <span class='ocrx_word' id='word_1_2' title='bbox 1346 433 1748 497; x_wconf 67' lang='lat' dir='ltr'><strong><em>EPISTOLIE</em></strong></span> <span class='ocrx_word' id='word_1_3' title='bbox 1790 433 1889 495; x_wconf 88' lang='lat' dir='ltr'>ET</span> <span class='ocrx_word' id='word_1_4' title='bbox 1931 431 2319 495; x_wconf 78' lang='lat' dir='ltr'><strong><em>DECRETA.</em></strong></span> <span class='ocrx_word' id='word_1_5' title='bbox 3415 419 3539 486; x_wconf 85' lang='lat'><strong><em>990</em></strong></span> 
     </span>
    </p>
   </div>
   <div class='ocr_carea' id='block_1_2' title="bbox 135 557 3535 641">
    <p class='ocr_par' dir='ltr' id='par_1_2' title="bbox 135 557 3535 641">
     <span class='ocr_line' id='line_1_2' title="bbox 135 557 3535 641; baseline -0.002 -18"><span class='ocrx_word' id='word_1_6' title='bbox 135 567 403 641; x_wconf 89' lang='lat' dir='ltr'><strong><em>prompte</em></strong></span> <span class='ocrx_word' id='word_1_7' title='bbox 434 562 626 621; x_wconf 84' lang='lat' dir='ltr'><strong><em>dicere</em></strong></span> <span class='ocrx_word' id='word_1_8' title='bbox 654 561 923 621; x_wconf 88' lang='lat' dir='ltr'><strong><em>valeretis</em></strong></span> <span class='ocrx_word' id='word_1_9' title='bbox 956 580 969 620; x_wconf 91' lang='lat'><strong><em>:</em></strong></span> <span class='ocrx_word' id='word_1_10' title='bbox 1002 565 1227 623; x_wconf 92' lang='lat' dir='ltr'><strong><em>Dimitte</em></strong></span> <span class='ocrx_word' id='word_1_11' title='bbox 1273 566 1429 623; x_wconf 85' lang='lat' dir='ltr'><strong><em>nobis</em></strong></span> <span class='ocrx_word' id='word_1_12' title='bbox 1470 567 1652 625; x_wconf 86' lang='lat' dir='ltr'><strong><em>debita</em></strong></span> <span class='ocrx_word' id='word_1_13' title='bbox 1678 584 1778 624; x_wconf 88' lang='lat' dir='ltr'><strong><em>no-</em></strong></span> <span class='ocrx_word' id='word_1_14' title='bbox 1806 566 1863 634; x_wconf 76' lang='grc' dir='ltr'><strong>Α</strong></span> <span class='ocrx_word' id='word_1_15' title='bbox 1892 566 2087 635; x_wconf 89' lang='lat' dir='ltr'><strong><em>modi;</em></strong></span> <span class='ocrx_word' id='word_1_16' title='bbox 2126 565 2417 640; x_wconf 89' lang='lat' dir='ltr'><strong><em>quomodo</em></strong></span> <span class='ocrx_word' id='word_1_17' title='bbox 2439 563 2726 622; x_wconf 89' lang='lat' dir='ltr'><strong><em>rationem</em></strong></span> <span class='ocrx_word' id='word_1_18' title='bbox 2748 561 3058 620; x_wconf 85' lang='lat' dir='ltr'><strong><em>redderent</em></strong></span> <span class='ocrx_word' id='word_1_19' title='bbox 3074 559 3147 619; x_wconf 88' lang='lat' dir='ltr'><strong><em>de</em></strong></span> <span class='ocrx_word' id='word_1_20' title='bbox 3162 557 3410 634; x_wconf 90' lang='lat' dir='ltr'><strong><em>imperio</em></strong></span> <span class='ocrx_word' id='word_1_21' title='bbox 3427 572 3535 615; x_wconf 88' lang='lat' dir='ltr'><strong><em>suo</em></strong></span> 
     </span>
    </p>
   </div>
   <div class='ocr_carea' id='block_1_3' title="bbox 138 646 3537 729">
    <p class='ocr_par' dir='ltr' id='par_1_3' title="bbox 138 646 3537 729">
     <span class='ocr_line' id='line_1_3' title="bbox 138 646 3537 729; baseline -0.002 -19"><span class='ocrx_word' id='word_1_22' title='bbox 138 662 265 720; x_wconf 85' lang='lat' dir='ltr'><strong><em>’stra,</em></strong></span> <span class='ocrx_word' id='word_1_23' title='bbox 327 656 475 710; x_wconf 89' lang='lat' dir='ltr'><strong><em>sicut</em></strong></span> <span class='ocrx_word' id='word_1_24' title='bbox 527 661 579 709; x_wconf 92' lang='lat' dir='ltr'><strong><em>et</em></strong></span> <span class='ocrx_word' id='word_1_25' title='bbox 633 670 731 709; x_wconf 87' lang='lat' dir='ltr'><strong><em>nos</em></strong></span> <span class='ocrx_word' id='word_1_26' title='bbox 785 654 1110 711; x_wconf 78' lang='lat' dir='ltr'><strong><em>dimittimus</em></strong></span> <span class='ocrx_word' id='word_1_27' title='bbox 1178 656 1513 713; x_wconf 82' lang='lat' dir='ltr'><strong><em>debitoribus</em></strong></span> <span class='ocrx_word' id='word_1_28' title='bbox 1578 658 1783 713; x_wconf 78' lang='lat' dir='ltr'><strong><em>nostris</em></strong></span> <span class='ocrx_word' id='word_1_29' title='bbox 1892 657 2055 712; x_wconf 85' lang='lat' dir='ltr'><strong><em>Deo?</em></strong></span> <span class='ocrx_word' id='word_1_30' title='bbox 2085 657 2300 729; x_wconf 86' lang='lat' dir='ltr'><strong><em>quippe</em></strong></span> <span class='ocrx_word' id='word_1_31' title='bbox 2358 673 2492 712; x_wconf 90' lang='lat' dir='ltr'><strong><em>eum</em></strong></span> <span class='ocrx_word' id='word_1_32' title='bbox 2550 655 2837 729; x_wconf 89' lang='lat' dir='ltr'><strong><em>pertineat</em></strong></span> <span class='ocrx_word' id='word_1_33' title='bbox 2881 653 2992 709; x_wconf 91' lang='lat' dir='ltr'><strong><em>hoc</em></strong></span> <span class='ocrx_word' id='word_1_34' title='bbox 3036 652 3107 707; x_wconf 89' lang='lat' dir='ltr'><strong><em>ad</em></strong></span> <span class='ocrx_word' id='word_1_35' title='bbox 3140 666 3305 724; x_wconf 90' lang='lat' dir='ltr'><strong><em>reges</em></strong></span> <span class='ocrx_word' id='word_1_36' title='bbox 3339 646 3537 705; x_wconf 75' lang='lat' dir='ltr'><strong><em>saeculi</em></strong></span> 
     </span>
    </p>
   </div>
   <div class='ocr_carea' id='block_1_4' title="bbox 142 742 1783 818">
    <p class='ocr_par' dir='ltr' id='par_1_4' title="bbox 142 742 1783 818">
     <span class='ocr_line' id='line_1_4' title="bbox 142 742 1783 818; baseline 0.001 -20"><span class='ocrx_word' id='word_1_37' title='bbox 142 744 343 815; x_wconf 77' lang='lat' dir='ltr'><strong><em>(Matth.</em></strong></span> <span class='ocrx_word' id='word_1_38' title='bbox 378 743 481 813; x_wconf 84' lang='lat' dir='ltr'><strong><em>v1).</em></strong></span> <span class='ocrx_word' id='word_1_39' title='bbox 516 742 628 798; x_wconf 90' lang='lat' dir='ltr'><strong><em>Sed</em></strong></span> <span class='ocrx_word' id='word_1_40' title='bbox 676 742 784 798; x_wconf 86' lang='lat' dir='ltr'><strong><em>etsi</em></strong></span> <span class='ocrx_word' id='word_1_41' title='bbox 834 742 964 798; x_wconf 90' lang='lat' dir='ltr'><strong><em>illos</em></strong></span> <span class='ocrx_word' id='word_1_42' title='bbox 1013 760 1306 800; x_wconf 90' lang='lat' dir='ltr'><strong><em>reservare</em></strong></span> <span class='ocrx_word' id='word_1_43' title='bbox 1352 746 1650 818; x_wconf 84' lang='lat' dir='ltr'><strong><em>potuistis,</em></strong></span> <span class='ocrx_word' id='word_1_44' title='bbox 1684 745 1783 817; x_wconf 86' lang='lat' dir='ltr'><strong><em>qui</em></strong></span> 
     </span>
    </p>
   </div>
   <div class='ocr_carea' id='block_1_5' title="bbox 145 831 1786 906">
    <p class='ocr_par' dir='ltr' id='par_1_5' title="bbox 145 831 1786 906">
     <span class='ocr_line' id='line_1_5' title="bbox 145 831 1786 906; baseline 0.001 -18"><span class='ocrx_word' id='word_1_45' title='bbox 145 831 409 888; x_wconf 86' lang='lat' dir='ltr'><strong><em>bellando</em></strong></span> <span class='ocrx_word' id='word_1_46' title='bbox 432 831 791 901; x_wconf 87' lang='lat' dir='ltr'><strong><em>interiere,et</em></strong></span> <span class='ocrx_word' id='word_1_47' title='bbox 811 831 1053 887; x_wconf 90' lang='lat' dir='ltr'><strong><em>minime</em></strong></span> <span class='ocrx_word' id='word_1_48' title='bbox 1074 832 1261 888; x_wconf 78' lang='lat' dir='ltr'><strong>vivere</strong></span> <span class='ocrx_word' id='word_1_49' title='bbox 1284 834 1656 906; x_wconf 84' lang='lat' dir='ltr'><strong><em>permisistis,</em></strong></span> <span class='ocrx_word' id='word_1_50' title='bbox 1680 851 1786 890; x_wconf 85' lang='lat' dir='ltr'><strong><em>nec</em></strong></span> 
     </span>
    </p>
   </div>
   <div class='ocr_carea' id='block_1_6' title="bbox 146 919 1789 997">
    <p class='ocr_par' dir='ltr' id='par_1_6' title="bbox 146 919 1789 997">
     <span class='ocr_line' id='line_1_6' title="bbox 146 919 1789 997; baseline 0 -20"><span class='ocrx_word' id='word_1_51' title='bbox 146 921 363 977; x_wconf 89' lang='lat' dir='ltr'><strong><em>salvare</em></strong></span> <span class='ocrx_word' id='word_1_52' title='bbox 392 919 682 986; x_wconf 82' lang='lat' dir='ltr'><strong><em>voluistis,</em></strong></span> <span class='ocrx_word' id='word_1_53' title='bbox 707 937 821 975; x_wconf 92' lang='lat' dir='ltr'><strong><em>non</em></strong></span> <span class='ocrx_word' id='word_1_54' title='bbox 855 920 1118 976; x_wconf 87' lang='lat' dir='ltr'><strong><em>consulte</em></strong></span> <span class='ocrx_word' id='word_1_55' title='bbox 1140 939 1380 994; x_wconf 84' lang='lat' dir='ltr'><strong><em>prorsus</em></strong></span> <span class='ocrx_word' id='word_1_56' title='bbox 1402 922 1789 997; x_wconf 87' lang='lat' dir='ltr'><strong><em>egistis;scri-</em></strong></span> 
     </span>
    </p>
   </div>
   <div class='ocr_carea' id='block_1_7' title="bbox 147 1009 1790 1083">
    <p class='ocr_par' dir='ltr' id='par_1_7' title="bbox 147 1009 1790 1083">
     <span class='ocr_line' id='line_1_7' title="bbox 147 1009 1790 1083; baseline 0.001 -17"><span class='ocrx_word' id='word_1_57' title='bbox 147 1016 306 1083; x_wconf 89' lang='lat' dir='ltr'><strong><em>ptum</em></strong></span> <span class='ocrx_word' id='word_1_58' title='bbox 328 1010 548 1083; x_wconf 88' lang='lat' dir='ltr'><strong><em>quippe</em></strong></span> <span class='ocrx_word' id='word_1_59' title='bbox 571 1014 692 1066; x_wconf 89' lang='lat' dir='ltr'><strong><em>est:</em></strong></span> <span class='ocrx_word' id='word_1_60' title='bbox 715 1009 1000 1066; x_wconf 74' lang='lat' dir='ltr'><strong><em>Iudicium</em></strong></span> <span class='ocrx_word' id='word_1_61' title='bbox 1028 1013 1132 1067; x_wconf 90' lang='lat' dir='ltr'><strong><em>erit</em></strong></span> <span class='ocrx_word' id='word_1_62' title='bbox 1156 1013 1278 1067; x_wconf 88' lang='lat' dir='ltr'><strong><em>sine</em></strong></span> <span class='ocrx_word' id='word_1_63' title='bbox 1306 1013 1683 1069; x_wconf 80' lang='lat' dir='ltr'><strong><em>misericordia</em></strong></span> <span class='ocrx_word' id='word_1_64' title='bbox 1700 1014 1790 1068; x_wconf 89' lang='lat' dir='ltr'><strong><em>illi</em></strong></span> 
     </span>
    </p>
   </div>
   <div class='ocr_carea' id='block_1_8' title="bbox 150 1100 1791 1174">
    <p class='ocr_par' dir='ltr' id='par_1_8' title="bbox 150 1100 1791 1174">
     <span class='ocr_line' id='line_1_8' title="bbox 150 1100 1791 1174; baseline 0.001 -18"><span class='ocrx_word' id='word_1_65' title='bbox 150 1102 239 1173; x_wconf 86' lang='lat' dir='ltr'><strong><em>qui</em></strong></span> <span class='ocrx_word' id='word_1_66' title='bbox 266 1115 375 1155; x_wconf 85' lang='lat' dir='ltr'><strong><em>non</em></strong></span> <span class='ocrx_word' id='word_1_67' title='bbox 403 1101 596 1171; x_wconf 81' lang='lat' dir='ltr'><strong><em>fecerit</em></strong></span> <span class='ocrx_word' id='word_1_68' title='bbox 630 1100 1069 1155; x_wconf 87' lang='lat' dir='ltr'><strong><em>misericordiam</em></strong></span> <span class='ocrx_word' id='word_1_69' title='bbox 1098 1103 1232 1167; x_wconf 90' lang='lat' dir='ltr'><strong><em>(Jac.</em></strong></span> <span class='ocrx_word' id='word_1_70' title='bbox 1266 1100 1352 1173; x_wconf 81' lang='grc' dir='ltr'><strong><em>ιι).</em></strong></span> <span class='ocrx_word' id='word_1_71' title='bbox 1381 1102 1451 1156; x_wconf 89' lang='lat' dir='ltr'><strong><em>Et</em></strong></span> <span class='ocrx_word' id='word_1_72' title='bbox 1480 1119 1583 1174; x_wconf 92' lang='lat' dir='ltr'><strong><em>per</em></strong></span> <span class='ocrx_word' id='word_1_73' title='bbox 1612 1119 1791 1173; x_wconf 81' lang='lat' dir='ltr'><strong><em>supra</em></strong></span> 
     </span>
    </p>
   </div>
   <div class='ocr_carea' id='block_1_9' title="bbox 152 1188 1788 1262">
    <p class='ocr_par' dir='ltr' id='par_1_9' title="bbox 152 1188 1788 1262">
     <span class='ocr_line' id='line_1_9' title="bbox 152 1188 1788 1262; baseline 0.001 -17"><span class='ocrx_word' id='word_1_74' title='bbox 152 1189 517 1245; x_wconf 88' lang='lat' dir='ltr'><strong><em>nominatum</em></strong></span> <span class='ocrx_word' id='word_1_75' title='bbox 576 1188 919 1260; x_wconf 84' lang='lat' dir='ltr'><strong><em>prophetam</em></strong></span> <span class='ocrx_word' id='word_1_76' title='bbox 979 1188 1262 1245; x_wconf 87' lang='lat' dir='ltr'><strong><em>Dominus</em></strong></span> <span class='ocrx_word' id='word_1_77' title='bbox 1297 1207 1310 1245; x_wconf 93' lang='lat'><strong><em>:</em></strong></span> <span class='ocrx_word' id='word_1_78' title='bbox 1345 1192 1623 1262; x_wconf 80' lang='lat' dir='ltr'><strong><em>Nunquid,</em></strong></span> <span class='ocrx_word' id='word_1_79' title='bbox 1686 1190 1788 1258; x_wconf 91' lang='lat' dir='ltr'><strong><em>ait,</em></strong></span> 
     </span>
    </p>
   </div>
   <div class='ocr_carea' id='block_1_10' title="bbox 153 1279 1789 1349">
    <p class='ocr_par' dir='ltr' id='par_1_10' title="bbox 153 1279 1789 1349">
     <span class='ocr_line' id='line_1_10' title="bbox 153 1279 1789 1349; baseline 0 -13"><span class='ocrx_word' id='word_1_80' title='bbox 153 1280 442 1336; x_wconf 75' lang='lat' dir='ltr'><strong><em>voluntatis</em></strong></span> <span class='ocrx_word' id='word_1_81' title='bbox 470 1293 610 1334; x_wconf 58' lang='lat' dir='ltr'><strong><em>mea?</em></strong></span> <span class='ocrx_word' id='word_1_82' title='bbox 636 1285 713 1333; x_wconf 87' lang='lat' dir='ltr'><strong><em>est</em></strong></span> <span class='ocrx_word' id='word_1_83' title='bbox 739 1294 883 1333; x_wconf 87' lang='lat' dir='ltr'><strong><em>mors</em></strong></span> <span class='ocrx_word' id='word_1_84' title='bbox 915 1279 1093 1349; x_wconf 87' lang='lat' dir='ltr'><strong><em>impii,</em></strong></span> <span class='ocrx_word' id='word_1_85' title='bbox 1126 1279 1261 1335; x_wconf 85' lang='lat' dir='ltr'><strong><em>dicit</em></strong></span> <span class='ocrx_word' id='word_1_86' title='bbox 1310 1282 1575 1336; x_wconf 83' lang='lat' dir='ltr'><strong><em>Dominus</em></strong></span> <span class='ocrx_word' id='word_1_87' title='bbox 1633 1281 1789 1346; x_wconf 84' lang='lat' dir='ltr'><strong><em>Deus,</em></strong></span> 
     </span>
    </p>
   </div>
   <div class='ocr_carea' id='block_1_11' title="bbox 154 1369 1791 1437">
    <p class='ocr_par' dir='ltr' id='par_1_11' title="bbox 154 1369 1791 1437">
     <span class='ocr_line' id='line_1_11' title="bbox 154 1369 1791 1437; baseline 0 -13"><span class='ocrx_word' id='word_1_88' title='bbox 154 1376 203 1425; x_wconf 89' lang='lat' dir='ltr'><strong><em>et</em></strong></span> <span class='ocrx_word' id='word_1_89' title='bbox 226 1384 333 1423; x_wconf 84' lang='lat' dir='ltr'><strong><em>non</em></strong></span> <span class='ocrx_word' id='word_1_90' title='bbox 362 1375 425 1422; x_wconf 90' lang='lat' dir='ltr'><strong><em>ut</em></strong></span> <span class='ocrx_word' id='word_1_91' title='bbox 461 1374 806 1422; x_wconf 81' lang='lat' dir='ltr'><strong><em>convertatur</em></strong></span> <span class='ocrx_word' id='word_1_92' title='bbox 840 1384 876 1421; x_wconf 87' lang='lat' dir='ltr'><strong><em>a</em></strong></span> <span class='ocrx_word' id='word_1_93' title='bbox 922 1369 1027 1421; x_wconf 90' lang='lat' dir='ltr'><strong><em>viis</em></strong></span> <span class='ocrx_word' id='word_1_94' title='bbox 1075 1371 1213 1433; x_wconf 88' lang='lat' dir='ltr'><strong><em>suis,</em></strong></span> <span class='ocrx_word' id='word_1_95' title='bbox 1263 1376 1316 1424; x_wconf 91' lang='lat' dir='ltr'><strong><em>et</em></strong></span> <span class='ocrx_word' id='word_1_96' title='bbox 1359 1371 1551 1424; x_wconf 83' lang='lat' dir='ltr'><strong><em>vivat?</em></strong></span> <span class='ocrx_word' id='word_1_97' title='bbox 1582 1371 1791 1437; x_wconf 54' lang='grc' dir='ltr'><strong><em>(Επειδὴ.</em></strong></span> 
     </span>
    </p>
   </div>
   <div class='ocr_carea' id='block_1_12' title="bbox 156 1455 1798 1529">
    <p class='ocr_par' dir='ltr' id='par_1_12' title="bbox 156 1455 1798 1529">
     <span class='ocr_line' id='line_1_12' title="bbox 156 1455 1798 1529; baseline 0 -16"><span class='ocrx_word' id='word_1_98' title='bbox 156 1456 324 1529; x_wconf 58' lang='lat' dir='ltr'><strong><em>XVIII.)</em></strong></span> <span class='ocrx_word' id='word_1_99' title='bbox 355 1455 576 1511; x_wconf 88' lang='lat' dir='ltr'><strong><em>Verum</em></strong></span> <span class='ocrx_word' id='word_1_100' title='bbox 627 1456 766 1528; x_wconf 89' lang='lat' dir='ltr'><strong><em>quia</em></strong></span> <span class='ocrx_word' id='word_1_101' title='bbox 814 1455 938 1511; x_wconf 90' lang='lat' dir='ltr'><strong><em>zelo</em></strong></span> <span class='ocrx_word' id='word_1_102' title='bbox 985 1455 1330 1513; x_wconf 76' lang='lat' dir='ltr'><strong><em>Christianae</em></strong></span> <span class='ocrx_word' id='word_1_103' title='bbox 1388 1457 1710 1529; x_wconf 84' lang='lat' dir='ltr'><strong><em>religionis,</em></strong></span> <span class='ocrx_word' id='word_1_104' title='bbox 1741 1462 1798 1513; x_wconf 89' lang='lat' dir='ltr'><strong><em>et</em></strong></span> 
     </span>
    </p>
   </div>
   <div class='ocr_carea' id='block_1_13' title="bbox 158 1543 1799 1619">
    <p class='ocr_par' dir='ltr' id='par_1_13' title="bbox 158 1543 1799 1619">
     <span class='ocr_line' id='line_1_13' title="bbox 158 1543 1799 1619; baseline 0.001 -19"><span class='ocrx_word' id='word_1_105' title='bbox 158 1543 481 1619; x_wconf 81' lang='lat' dir='ltr'><strong><em>ignorantia</em></strong></span> <span class='ocrx_word' id='word_1_106' title='bbox 501 1544 696 1616; x_wconf 81' lang='lat' dir='ltr'><strong><em>potius</em></strong></span> <span class='ocrx_word' id='word_1_107' title='bbox 728 1562 902 1617; x_wconf 88' lang='lat' dir='ltr'><strong><em>quam</em></strong></span> <span class='ocrx_word' id='word_1_108' title='bbox 935 1544 1047 1600; x_wconf 91' lang='lat' dir='ltr'><strong><em>alio</em></strong></span> <span class='ocrx_word' id='word_1_109' title='bbox 1077 1546 1217 1601; x_wconf 86' lang='lat' dir='ltr'><strong><em>vitio</em></strong></span> <span class='ocrx_word' id='word_1_110' title='bbox 1247 1545 1599 1619; x_wconf 89' lang='lat' dir='ltr'><strong><em>deliquistis,</em></strong></span> <span class='ocrx_word' id='word_1_111' title='bbox 1621 1547 1799 1619; x_wconf 72' lang='lat' dir='ltr'><strong><em>poeni-</em></strong></span> 
     </span>
    </p>
   </div>
   <div class='ocr_carea' id='block_1_14' title="bbox 158 1634 1798 1709">
    <p class='ocr_par' dir='ltr' id='par_1_14' title="bbox 158 1634 1798 1709">
     <span class='ocr_line' id='line_1_14' title="bbox 158 1634 1798 1709; baseline 0 -18"><span class='ocrx_word' id='word_1_112' title='bbox 158 1634 333 1691; x_wconf 82' lang='lat' dir='ltr'><strong><em>tentia</em></strong></span> <span class='ocrx_word' id='word_1_113' title='bbox 354 1634 751 1705; x_wconf 85' lang='lat' dir='ltr'><strong><em>subsequente</em></strong></span> <span class='ocrx_word' id='word_1_114' title='bbox 768 1651 870 1705; x_wconf 90' lang='lat' dir='ltr'><strong><em>per</em></strong></span> <span class='ocrx_word' id='word_1_115' title='bbox 881 1634 1094 1689; x_wconf 88' lang='lat' dir='ltr'><strong><em>Christi</em></strong></span> <span class='ocrx_word' id='word_1_116' title='bbox 1107 1635 1358 1707; x_wconf 81' lang='lat' dir='ltr'><strong><em>gratiam</em></strong></span> <span class='ocrx_word' id='word_1_117' title='bbox 1370 1635 1798 1709; x_wconf 83' lang='lat' dir='ltr'><strong><em>indulgentiam</em></strong></span> 
     </span>
    </p>
   </div>
   <div class='ocr_carea' id='block_1_15' title="bbox 162 1721 1431 1796">
    <p class='ocr_par' dir='ltr' id='par_1_15' title="bbox 162 1721 1431 1796">
     <span class='ocr_line' id='line_1_15' title="bbox 162 1721 1431 1796; baseline -0.001 -16"><span class='ocrx_word' id='word_1_118' title='bbox 162 1725 228 1780; x_wconf 89' lang='lat' dir='ltr'><strong><em>de</em></strong></span> <span class='ocrx_word' id='word_1_119' title='bbox 257 1724 348 1779; x_wconf 90' lang='lat' dir='ltr'><strong><em>his</em></strong></span> <span class='ocrx_word' id='word_1_120' title='bbox 378 1727 437 1779; x_wconf 90' lang='lat' dir='ltr'><strong><em>et</em></strong></span> <span class='ocrx_word' id='word_1_121' title='bbox 468 1721 935 1778; x_wconf 90' lang='lat' dir='ltr'><strong><em>misericordiam</em></strong></span> <span class='ocrx_word' id='word_1_122' title='bbox 965 1724 1431 1796; x_wconf 58' lang='lat' dir='ltr'><strong><em>consequimini;</em></strong></span> 
     </span>
    </p>
   </div>
   <div class='ocr_carea' id='block_1_16' title="bbox 228 1811 1801 1886">
    <p class='ocr_par' dir='ltr' id='par_1_16' title="bbox 228 1811 1801 1886">
     <span class='ocr_line' id='line_1_16' title="bbox 228 1811 1801 1886; baseline 0 -17"><span class='ocrx_word' id='word_1_123' title='bbox 228 1813 417 1869; x_wconf 84' lang='lat' dir='ltr'><strong>XVIII.</strong></span> <span class='ocrx_word' id='word_1_124' title='bbox 452 1812 613 1869; x_wconf 89' lang='lat' dir='ltr'><strong><em>Scire</em></strong></span> <span class='ocrx_word' id='word_1_125' title='bbox 632 1829 735 1869; x_wconf 92' lang='lat' dir='ltr'><strong><em>vos</em></strong></span> <span class='ocrx_word' id='word_1_126' title='bbox 753 1811 898 1867; x_wconf 90' lang='lat' dir='ltr'><strong><em>velle</em></strong></span> <span class='ocrx_word' id='word_1_127' title='bbox 931 1812 1456 1886; x_wconf 87' lang='lat' dir='ltr'><strong><em>signiﬁcatis,quid</em></strong></span> <span class='ocrx_word' id='word_1_128' title='bbox 1490 1815 1560 1869; x_wconf 87' lang='lat' dir='ltr'><strong><em>de</em></strong></span> <span class='ocrx_word' id='word_1_129' title='bbox 1588 1815 1680 1871; x_wconf 87' lang='lat' dir='ltr'><strong><em>his</em></strong></span> <span class='ocrx_word' id='word_1_130' title='bbox 1702 1815 1801 1886; x_wconf 91' lang='lat' dir='ltr'><strong><em>qui</em></strong></span> 
     </span>
    </p>
   </div>
   <div class='ocr_carea' id='block_1_17' title="bbox 1893 737 3538 817">
    <p class='ocr_par' dir='ltr' id='par_1_17' title="bbox 1893 737 3538 817">
     <span class='ocr_line' id='line_1_17' title="bbox 1893 737 3538 817; baseline -0.005 -17"><span class='ocrx_word' id='word_1_131' title='bbox 1893 746 2277 811; x_wconf 88' lang='lat' dir='ltr'><strong><em>Christianos,</em></strong></span> <span class='ocrx_word' id='word_1_132' title='bbox 2311 751 2376 801; x_wconf 90' lang='lat' dir='ltr'><strong><em>ut</em></strong></span> <span class='ocrx_word' id='word_1_133' title='bbox 2404 744 2765 817; x_wconf 85' lang='lat' dir='ltr'><strong><em>temporibus</em></strong></span> <span class='ocrx_word' id='word_1_134' title='bbox 2814 743 2939 799; x_wconf 89' lang='lat' dir='ltr'><strong><em>suis</em></strong></span> <span class='ocrx_word' id='word_1_135' title='bbox 2987 744 3257 816; x_wconf 87' lang='lat' dir='ltr'><strong><em>pacatam</em></strong></span> <span class='ocrx_word' id='word_1_136' title='bbox 3309 743 3367 794; x_wconf 89' lang='lat' dir='ltr'><strong><em>et</em></strong></span> <span class='ocrx_word' id='word_1_137' title='bbox 3410 737 3538 793; x_wconf 89' lang='lat' dir='ltr'><strong><em>sine</em></strong></span> 
     </span>
    </p>
   </div>
   <div class='ocr_carea' id='block_1_18' title="bbox 1894 823 3537 890">
    <p class='ocr_par' dir='ltr' id='par_1_18' title="bbox 1894 823 3537 890">
     <span class='ocr_line' id='line_1_18' title="bbox 1894 823 3537 890; baseline -0.007 -1"><span class='ocrx_word' id='word_1_138' title='bbox 1894 834 2283 890; x_wconf 86' lang='lat' dir='ltr'><strong><em>diminutione</em></strong></span> <span class='ocrx_word' id='word_1_139' title='bbox 2299 833 2477 888; x_wconf 87' lang='lat' dir='ltr'><strong><em>velint</em></strong></span> <span class='ocrx_word' id='word_1_140' title='bbox 2497 832 2710 888; x_wconf 89' lang='lat' dir='ltr'><strong><em>servari</em></strong></span> <span class='ocrx_word' id='word_1_141' title='bbox 2733 836 2981 887; x_wconf 85' lang='lat' dir='ltr'><strong><em>matrem</em></strong></span> <span class='ocrx_word' id='word_1_142' title='bbox 3005 844 3173 884; x_wconf 86' lang='lat' dir='ltr'><strong><em>suam</em></strong></span> <span class='ocrx_word' id='word_1_143' title='bbox 3196 823 3537 890; x_wconf 89' lang='lat' dir='ltr'><strong><em>Eeclesiam,</em></strong></span> 
     </span>
    </p>
   </div>
   <div class='ocr_carea' id='block_1_19' title="bbox 1895 914 3542 996">
    <p class='ocr_par' dir='ltr' id='par_1_19' title="bbox 1895 914 3542 996">
     <span class='ocr_line' id='line_1_19' title="bbox 1895 914 3542 996; baseline -0.006 -18"><span class='ocrx_word' id='word_1_144' title='bbox 1895 924 2051 979; x_wconf 92' lang='lat' dir='ltr'><strong><em>unde</em></strong></span> <span class='ocrx_word' id='word_1_145' title='bbox 2089 922 2429 996; x_wconf 87' lang='lat' dir='ltr'><strong><em>spiritaliter</em></strong></span> <span class='ocrx_word' id='word_1_146' title='bbox 2475 922 2597 977; x_wconf 84' lang='lat' dir='ltr'><strong><em>nati</em></strong></span> <span class='ocrx_word' id='word_1_147' title='bbox 2640 927 2798 977; x_wconf 91' lang='lat' dir='ltr'><strong><em>sunt.</em></strong></span> <span class='ocrx_word' id='word_1_148' title='bbox 2827 919 3129 992; x_wconf 90' lang='lat' dir='ltr'><strong><em>Siquidem</em></strong></span> <span class='ocrx_word' id='word_1_149' title='bbox 3156 914 3542 972; x_wconf 89' lang='lat' dir='ltr'><strong><em>Nabuchodo-</em></strong></span> 
     </span>
    </p>
   </div>
   <div class='ocr_carea' id='block_1_20' title="bbox 1898 1004 3541 1084">
    <p class='ocr_par' dir='ltr' id='par_1_20' title="bbox 1898 1004 3541 1084">
     <span class='ocr_line' id='line_1_20' title="bbox 1898 1004 3541 1084; baseline -0.006 -16"><span class='ocrx_word' id='word_1_150' title='bbox 1898 1030 2073 1069; x_wconf 88' lang='lat' dir='ltr'><strong><em>nosor</em></strong></span> <span class='ocrx_word' id='word_1_151' title='bbox 2103 1030 2219 1081; x_wconf 85' lang='lat' dir='ltr'><strong><em>rex,</em></strong></span> <span class='ocrx_word' id='word_1_152' title='bbox 2256 1012 2355 1084; x_wconf 90' lang='lat' dir='ltr'><strong><em>qui</em></strong></span> <span class='ocrx_word' id='word_1_153' title='bbox 2388 1016 2643 1068; x_wconf 83' lang='lat' dir='ltr'><strong><em>statuam</em></strong></span> <span class='ocrx_word' id='word_1_154' title='bbox 2692 1026 2863 1066; x_wconf 89' lang='lat' dir='ltr'><strong><em>suam</em></strong></span> <span class='ocrx_word' id='word_1_155' title='bbox 2911 1010 3189 1075; x_wconf 81' lang='lat' dir='ltr'><strong><em>erexerat,</em></strong></span> <span class='ocrx_word' id='word_1_156' title='bbox 3225 1009 3281 1062; x_wconf 86' lang='lat' dir='ltr'><strong><em>et</em></strong></span> <span class='ocrx_word' id='word_1_157' title='bbox 3308 1004 3382 1060; x_wconf 91' lang='lat' dir='ltr'><strong><em>ad</em></strong></span> <span class='ocrx_word' id='word_1_158' title='bbox 3412 1019 3541 1060; x_wconf 87' lang='lat' dir='ltr'><strong><em>eam</em></strong></span> 
     </span>
    </p>
   </div>
   <div class='ocr_carea' id='block_1_21' title="bbox 1899 1094 3546 1173">
    <p class='ocr_par' dir='ltr' id='par_1_21' title="bbox 1899 1094 3546 1173">
     <span class='ocr_line' id='line_1_21' title="bbox 1899 1094 3546 1173; baseline -0.007 -16"><span class='ocrx_word' id='word_1_159' title='bbox 1899 1102 2256 1158; x_wconf 85' lang='lat' dir='ltr'><strong><em>adorandam</em></strong></span> <span class='ocrx_word' id='word_1_160' title='bbox 2288 1118 2492 1156; x_wconf 91' lang='lat' dir='ltr'><strong><em>omnes</em></strong></span> <span class='ocrx_word' id='word_1_161' title='bbox 2523 1103 2809 1173; x_wconf 86' lang='lat' dir='ltr'><strong><em>coegerat,</em></strong></span> <span class='ocrx_word' id='word_1_162' title='bbox 2844 1097 3119 1153; x_wconf 88' lang='lat' dir='ltr'><strong><em>laudibus</em></strong></span> <span class='ocrx_word' id='word_1_163' title='bbox 3139 1094 3318 1151; x_wconf 88' lang='lat' dir='ltr'><strong><em>trium</em></strong></span> <span class='ocrx_word' id='word_1_164' title='bbox 3342 1107 3546 1166; x_wconf 89' lang='lat' dir='ltr'><strong><em>puero-</em></strong></span> 
     </span>
    </p>
   </div>
   <div class='ocr_carea' id='block_1_22' title="bbox 1901 1182 3542 1263">
    <p class='ocr_par' dir='ltr' id='par_1_22' title="bbox 1901 1182 3542 1263">
     <span class='ocr_line' id='line_1_22' title="bbox 1901 1182 3542 1263; baseline -0.005 -17"><span class='ocrx_word' id='word_1_165' title='bbox 1901 1208 2030 1246; x_wconf 91' lang='lat' dir='ltr'><strong><em>rum</em></strong></span> <span class='ocrx_word' id='word_1_166' title='bbox 2052 1192 2123 1246; x_wconf 90' lang='lat' dir='ltr'><strong><em>de</em></strong></span> <span class='ocrx_word' id='word_1_167' title='bbox 2144 1190 2277 1263; x_wconf 87' lang='lat' dir='ltr'><strong><em>igne</em></strong></span> <span class='ocrx_word' id='word_1_168' title='bbox 2299 1189 2679 1245; x_wconf 90' lang='lat' dir='ltr'><strong><em>liberatorum</em></strong></span> <span class='ocrx_word' id='word_1_169' title='bbox 2711 1191 3040 1244; x_wconf 88' lang='lat' dir='ltr'><strong><em>commotus</em></strong></span> <span class='ocrx_word' id='word_1_170' title='bbox 3071 1185 3288 1241; x_wconf 83' lang='lat' dir='ltr'><strong><em>dixisse</em></strong></span> <span class='ocrx_word' id='word_1_171' title='bbox 3310 1182 3542 1255; x_wconf 87' lang='lat' dir='ltr'><strong><em>legitur:</em></strong></span> 
     </span>
    </p>
   </div>
   <div class='ocr_carea' id='block_1_23' title="bbox 1899 1272 3549 1352">
    <p class='ocr_par' dir='ltr' id='par_1_23' title="bbox 1899 1272 3549 1352">
     <span class='ocr_line' id='line_1_23' title="bbox 1899 1272 3549 1352; baseline -0.007 -16"><span class='ocrx_word' id='word_1_172' title='bbox 1899 1282 1965 1337; x_wconf 84' lang='lat' dir='ltr'><strong><em>Et</em></strong></span> <span class='ocrx_word' id='word_1_173' title='bbox 1995 1297 2089 1352; x_wconf 85' lang='lat' dir='ltr'><strong><em>ego</em></strong></span> <span class='ocrx_word' id='word_1_174' title='bbox 2114 1296 2318 1352; x_wconf 86' lang='lat' dir='ltr'><strong><em>ponam</em></strong></span> <span class='ocrx_word' id='word_1_175' title='bbox 2363 1278 2634 1335; x_wconf 89' lang='lat' dir='ltr'><strong><em>decretum</em></strong></span> <span class='ocrx_word' id='word_1_176' title='bbox 2681 1279 2933 1334; x_wconf 86' lang='lat' dir='ltr'><strong><em>omnibus</em></strong></span> <span class='ocrx_word' id='word_1_177' title='bbox 2982 1275 3232 1332; x_wconf 84' lang='lat' dir='ltr'><strong><em>tribubus</em></strong></span> <span class='ocrx_word' id='word_1_178' title='bbox 3261 1281 3313 1329; x_wconf 90' lang='lat' dir='ltr'><strong><em>et</em></strong></span> <span class='ocrx_word' id='word_1_179' title='bbox 3342 1272 3549 1341; x_wconf 78' lang='lat' dir='ltr'><strong><em>linguis</em></strong></span> 
     </span>
    </p>
   </div>
   <div class='ocr_carea' id='block_1_24' title="bbox 1904 1362 3548 1439">
    <p class='ocr_par' dir='ltr' id='par_1_24' title="bbox 1904 1362 3548 1439">
     <span class='ocr_line' id='line_1_24' title="bbox 1904 1362 3548 1439; baseline -0.009 -12"><span class='ocrx_word' id='word_1_180' title='bbox 1904 1373 1964 1427; x_wconf 87' lang='lat' dir='ltr'><strong><em>in</em></strong></span> <span class='ocrx_word' id='word_1_181' title='bbox 1995 1372 2147 1427; x_wconf 89' lang='lat' dir='ltr'><strong><em>omni</em></strong></span> <span class='ocrx_word' id='word_1_182' title='bbox 2176 1379 2322 1425; x_wconf 82' lang='lat' dir='ltr'><strong><em>terra</em></strong></span> <span class='ocrx_word' id='word_1_183' title='bbox 2339 1390 2361 1438; x_wconf 88' lang='lat'><strong><em>;</em></strong></span> <span class='ocrx_word' id='word_1_184' title='bbox 2391 1377 2443 1425; x_wconf 89' lang='lat' dir='ltr'><strong><em>et</em></strong></span> <span class='ocrx_word' id='word_1_185' title='bbox 2469 1369 2778 1439; x_wconf 84' lang='lat' dir='ltr'><strong><em>quicunque</em></strong></span> <span class='ocrx_word' id='word_1_186' title='bbox 2819 1366 3024 1421; x_wconf 73' lang='lat' dir='ltr'><strong><em>dixerit</em></strong></span> <span class='ocrx_word' id='word_1_187' title='bbox 3066 1363 3460 1434; x_wconf 84' lang='lat' dir='ltr'><strong><em>blasphemiam</em></strong></span> <span class='ocrx_word' id='word_1_188' title='bbox 3487 1362 3548 1413; x_wconf 87' lang='lat' dir='ltr'><strong><em>in</em></strong></span> 
     </span>
    </p>
   </div>
   <div class='ocr_carea' id='block_1_25' title="bbox 1904 1450 3546 1525">
    <p class='ocr_par' dir='ltr' id='par_1_25' title="bbox 1904 1450 3546 1525">
     <span class='ocr_line' id='line_1_25' title="bbox 1904 1450 3546 1525; baseline -0.008 -10"><span class='ocrx_word' id='word_1_189' title='bbox 1904 1461 2071 1516; x_wconf 86' lang='lat' dir='ltr'><strong><em>Deum</em></strong></span> <span class='ocrx_word' id='word_1_190' title='bbox 2101 1458 2351 1525; x_wconf 87' lang='lat' dir='ltr'><strong><em>Sidrach,</em></strong></span> <span class='ocrx_word' id='word_1_191' title='bbox 2403 1456 2626 1522; x_wconf 78' lang='lat' dir='ltr'><strong><em>Misach,</em></strong></span> <span class='ocrx_word' id='word_1_192' title='bbox 2676 1464 2726 1513; x_wconf 90' lang='lat' dir='ltr'><strong><em>et</em></strong></span> <span class='ocrx_word' id='word_1_193' title='bbox 2783 1455 3087 1522; x_wconf 86' lang='lat' dir='ltr'><strong><em>Abdenago,</em></strong></span> <span class='ocrx_word' id='word_1_194' title='bbox 3150 1454 3209 1507; x_wconf 85' lang='lat' dir='ltr'><strong><em>in</em></strong></span> <span class='ocrx_word' id='word_1_195' title='bbox 3264 1450 3546 1506; x_wconf 85' lang='lat' dir='ltr'><strong><em>interitum</em></strong></span> 
     </span>
    </p>
   </div>
   <div class='ocr_carea' id='block_1_26' title="bbox 1905 1537 3549 1616">
    <p class='ocr_par' dir='ltr' id='par_1_26' title="bbox 1905 1537 3549 1616">
     <span class='ocr_line' id='line_1_26' title="bbox 1905 1537 3549 1616; baseline -0.009 -11"><span class='ocrx_word' id='word_1_196' title='bbox 1905 1557 2086 1616; x_wconf 87' lang='lat' dir='ltr'><strong><em>erunt,</em></strong></span> <span class='ocrx_word' id='word_1_197' title='bbox 2146 1556 2198 1603; x_wconf 88' lang='lat' dir='ltr'><strong><em>et</em></strong></span> <span class='ocrx_word' id='word_1_198' title='bbox 2252 1547 2443 1603; x_wconf 90' lang='lat' dir='ltr'><strong><em>domus</em></strong></span> <span class='ocrx_word' id='word_1_199' title='bbox 2498 1562 2686 1602; x_wconf 87' lang='lat' dir='ltr'><strong><em>eorum</em></strong></span> <span class='ocrx_word' id='word_1_200' title='bbox 2741 1546 2802 1600; x_wconf 88' lang='lat' dir='ltr'><strong><em>in</em></strong></span> <span class='ocrx_word' id='word_1_201' title='bbox 2846 1542 3208 1616; x_wconf 83' lang='lat' dir='ltr'><strong><em>perditionem</em></strong></span> <span class='ocrx_word' id='word_1_202' title='bbox 3249 1541 3410 1602; x_wconf 85' lang='lat' dir='ltr'><strong><em>(Dan.</em></strong></span> <span class='ocrx_word' id='word_1_203' title='bbox 3444 1537 3549 1608; x_wconf 81' lang='lat' dir='ltr'><strong><em>m).</em></strong></span> 
     </span>
    </p>
   </div>
   <div class='ocr_carea' id='block_1_27' title="bbox 1909 1628 3554 1710">
    <p class='ocr_par' dir='ltr' id='par_1_27' title="bbox 1909 1628 3554 1710">
     <span class='ocr_line' id='line_1_27' title="bbox 1909 1628 3554 1710; baseline -0.01 -15"><span class='ocrx_word' id='word_1_204' title='bbox 1909 1639 1968 1695; x_wconf 92' lang='lat' dir='ltr'><strong><em>Si</em></strong></span> <span class='ocrx_word' id='word_1_205' title='bbox 1994 1654 2130 1710; x_wconf 91' lang='lat' dir='ltr'><strong><em>ergo</em></strong></span> <span class='ocrx_word' id='word_1_206' title='bbox 2181 1637 2264 1693; x_wconf 91' lang='lat' dir='ltr'><strong><em>sic</em></strong></span> <span class='ocrx_word' id='word_1_207' title='bbox 2313 1634 2474 1691; x_wconf 74' lang='lat' dir='ltr'><strong><em>saevlt</em></strong></span> <span class='ocrx_word' id='word_1_208' title='bbox 2522 1652 2620 1690; x_wconf 86' lang='lat' dir='ltr'><strong><em>rex</em></strong></span> <span class='ocrx_word' id='word_1_209' title='bbox 2669 1634 2974 1699; x_wconf 89' lang='lat' dir='ltr'><strong><em>barbarus,</em></strong></span> <span class='ocrx_word' id='word_1_210' title='bbox 3007 1648 3081 1687; x_wconf 89' lang='lat' dir='ltr'><strong><em>ne</em></strong></span> <span class='ocrx_word' id='word_1_211' title='bbox 3111 1628 3554 1701; x_wconf 77' lang='lat' dir='ltr'><strong><em>blasphematur</em></strong></span> 
     </span>
    </p>
   </div>
   <div class='ocr_carea' id='block_1_28' title="bbox 1910 1718 3551 1797">
    <p class='ocr_par' dir='ltr' id='par_1_28' title="bbox 1910 1718 3551 1797">
     <span class='ocr_line' id='line_1_28' title="bbox 1910 1718 3551 1797; baseline -0.009 -14"><span class='ocrx_word' id='word_1_212' title='bbox 1910 1728 2065 1783; x_wconf 91' lang='lat' dir='ltr'><strong><em>Deus</em></strong></span> <span class='ocrx_word' id='word_1_213' title='bbox 2088 1726 2284 1794; x_wconf 88' lang='lat' dir='ltr'><strong><em>Israel,</em></strong></span> <span class='ocrx_word' id='word_1_214' title='bbox 2311 1726 2450 1797; x_wconf 90' lang='lat' dir='ltr'><strong><em>quia</em></strong></span> <span class='ocrx_word' id='word_1_215' title='bbox 2470 1724 2663 1797; x_wconf 91' lang='lat' dir='ltr'><strong><em>potuit</em></strong></span> <span class='ocrx_word' id='word_1_216' title='bbox 2687 1727 2804 1778; x_wconf 90' lang='lat' dir='ltr'><strong><em>tres</em></strong></span> <span class='ocrx_word' id='word_1_217' title='bbox 2836 1737 3047 1795; x_wconf 89' lang='lat' dir='ltr'><strong><em>pueros</em></strong></span> <span class='ocrx_word' id='word_1_218' title='bbox 3069 1719 3139 1774; x_wconf 91' lang='lat' dir='ltr'><strong><em>de</em></strong></span> <span class='ocrx_word' id='word_1_219' title='bbox 3163 1718 3294 1791; x_wconf 86' lang='lat' dir='ltr'><strong><em>igne</em></strong></span> <span class='ocrx_word' id='word_1_220' title='bbox 3321 1721 3551 1787; x_wconf 90' lang='lat' dir='ltr'><strong><em>tempe-</em></strong></span> 
     </span>
    </p>
   </div>
   <div class='ocr_carea' id='block_1_29' title="bbox 1912 1808 3555 1886">
    <p class='ocr_par' dir='ltr' id='par_1_29' title="bbox 1912 1808 3555 1886">
     <span class='ocr_line' id='line_1_29' title="bbox 1912 1808 3555 1886; baseline -0.007 -15"><span class='ocrx_word' id='word_1_221' title='bbox 1912 1816 2021 1871; x_wconf 89' lang='lat' dir='ltr'><strong><em>rali</em></strong></span> <span class='ocrx_word' id='word_1_222' title='bbox 2054 1815 2336 1882; x_wconf 90' lang='lat' dir='ltr'><strong><em>liberare;</em></strong></span> <span class='ocrx_word' id='word_1_223' title='bbox 2370 1818 2587 1886; x_wconf 87' lang='lat' dir='ltr'><strong><em>quanto</em></strong></span> <span class='ocrx_word' id='word_1_224' title='bbox 2627 1812 2823 1885; x_wconf 87' lang='lat' dir='ltr'><strong><em>potius</em></strong></span> <span class='ocrx_word' id='word_1_225' title='bbox 2873 1808 3072 1866; x_wconf 65' lang='lat' dir='ltr'><strong><em>saevire</em></strong></span> <span class='ocrx_word' id='word_1_226' title='bbox 3128 1808 3343 1863; x_wconf 87' lang='lat' dir='ltr'><strong><em>debent</em></strong></span> <span class='ocrx_word' id='word_1_227' title='bbox 3390 1820 3555 1876; x_wconf 87' lang='lat' dir='ltr'><strong><em>reges</em></strong></span> 
     </span>
    </p>
   </div>
   <div class='ocr_carea' id='block_1_30' title="bbox 164 1895 3558 2002">
    <p class='ocr_par' dir='ltr' id='par_1_30' title="bbox 164 1895 3558 2002">
     <span class='ocr_line' id='line_1_30' title="bbox 164 1895 3558 2002; baseline -0.004 -42"><span class='ocrx_word' id='word_1_228' title='bbox 164 1903 340 1977; x_wconf 88' lang='lat' dir='ltr'><strong><em>legem</em></strong></span> <span class='ocrx_word' id='word_1_229' title='bbox 365 1901 759 1958; x_wconf 88' lang='lat' dir='ltr'><strong><em>Christianam</em></strong></span> <span class='ocrx_word' id='word_1_230' title='bbox 790 1906 1076 1974; x_wconf 89' lang='lat' dir='ltr'><strong><em>respuunt</em></strong></span> <span class='ocrx_word' id='word_1_231' title='bbox 1096 1918 1266 1974; x_wconf 88' lang='lat' dir='ltr'><strong><em>agere</em></strong></span> <span class='ocrx_word' id='word_1_232' title='bbox 1288 1903 1586 1958; x_wconf 88' lang='lat' dir='ltr'><strong><em>debeatis:</em></strong></span> <span class='ocrx_word' id='word_1_233' title='bbox 1612 1904 1670 1959; x_wconf 90' lang='lat' dir='ltr'><strong><em>in</em></strong></span> <span class='ocrx_word' id='word_1_234' title='bbox 1689 1920 1805 1975; x_wconf 92' lang='lat' dir='ltr'><strong><em>quo</em></strong></span> <span class='ocrx_word' id='word_1_235' title='bbox 1835 1937 1883 2002; x_wconf 79' lang='grc' dir='ltr'>Β</span> <span class='ocrx_word' id='word_1_236' title='bbox 1913 1904 2245 1969; x_wconf 89' lang='lat' dir='ltr'><strong><em>Christiani,</em></strong></span> <span class='ocrx_word' id='word_1_237' title='bbox 2294 1903 2432 1976; x_wconf 87' lang='lat' dir='ltr'><strong><em>quia</em></strong></span> <span class='ocrx_word' id='word_1_238' title='bbox 2460 1902 2728 1957; x_wconf 88' lang='lat' dir='ltr'><strong><em>Christus</em></strong></span> <span class='ocrx_word' id='word_1_239' title='bbox 2760 1900 3083 1971; x_wconf 87' lang='lat' dir='ltr'><strong><em>abnegatur</em></strong></span> <span class='ocrx_word' id='word_1_240' title='bbox 3110 1901 3167 1952; x_wconf 90' lang='lat' dir='ltr'><strong><em>et</em></strong></span> <span class='ocrx_word' id='word_1_241' title='bbox 3197 1895 3491 1959; x_wconf 90' lang='lat' dir='ltr'><strong><em>irridetur,</em></strong></span> <span class='ocrx_word' id='word_1_242' title='bbox 3522 1909 3558 1947; x_wconf 87' lang='lat' dir='ltr'><strong><em>a</em></strong></span> 
     </span>
    </p>
   </div>
   <div class='ocr_carea' id='block_1_31' title="bbox 166 1990 1803 2064">
    <p class='ocr_par' dir='ltr' id='par_1_31' title="bbox 166 1990 1803 2064">
     <span class='ocr_line' id='line_1_31' title="bbox 166 1990 1803 2064; baseline 0 -16"><span class='ocrx_word' id='word_1_243' title='bbox 166 1992 480 2048; x_wconf 88' lang='lat' dir='ltr'><strong><em>notandum</em></strong></span> <span class='ocrx_word' id='word_1_244' title='bbox 504 1995 612 2055; x_wconf 89' lang='lat' dir='ltr'><strong><em>est,</em></strong></span> <span class='ocrx_word' id='word_1_245' title='bbox 637 1991 915 2063; x_wconf 90' lang='lat' dir='ltr'><strong><em>quoniam</em></strong></span> <span class='ocrx_word' id='word_1_246' title='bbox 937 1990 1130 2046; x_wconf 90' lang='lat' dir='ltr'><strong><em>omnis</em></strong></span> <span class='ocrx_word' id='word_1_247' title='bbox 1155 1990 1330 2047; x_wconf 90' lang='lat' dir='ltr'><strong><em>homo</em></strong></span> <span class='ocrx_word' id='word_1_248' title='bbox 1355 1991 1507 2048; x_wconf 87' lang='lat' dir='ltr'><strong><em>sicut</em></strong></span> <span class='ocrx_word' id='word_1_249' title='bbox 1529 2009 1629 2064; x_wconf 91' lang='lat' dir='ltr'><strong><em>per</em></strong></span> <span class='ocrx_word' id='word_1_250' title='bbox 1658 1992 1803 2048; x_wconf 88' lang='lat' dir='ltr'><strong><em>alte-</em></strong></span> 
     </span>
    </p>
   </div>
   <div class='ocr_carea' id='block_1_32' title="bbox 168 2079 1809 2155">
    <p class='ocr_par' dir='ltr' id='par_1_32' title="bbox 168 2079 1809 2155">
     <span class='ocr_line' id='line_1_32' title="bbox 168 2079 1809 2155; baseline 0 -18"><span class='ocrx_word' id='word_1_251' title='bbox 168 2082 284 2137; x_wconf 89' lang='lat' dir='ltr'><strong><em>rius</em></strong></span> <span class='ocrx_word' id='word_1_252' title='bbox 303 2079 561 2153; x_wconf 84' lang='lat' dir='ltr'><strong><em>culpam,</em></strong></span> <span class='ocrx_word' id='word_1_253' title='bbox 585 2080 643 2135; x_wconf 89' lang='lat' dir='ltr'><strong><em>id</em></strong></span> <span class='ocrx_word' id='word_1_254' title='bbox 666 2083 755 2136; x_wconf 91' lang='lat' dir='ltr'><strong><em>est</em></strong></span> <span class='ocrx_word' id='word_1_255' title='bbox 781 2080 935 2143; x_wconf 65' lang='lat' dir='ltr'><strong><em>Adae,</em></strong></span> <span class='ocrx_word' id='word_1_256' title='bbox 962 2079 1250 2136; x_wconf 86' lang='lat' dir='ltr'><strong><em>contraxit</em></strong></span> <span class='ocrx_word' id='word_1_257' title='bbox 1278 2082 1433 2137; x_wconf 91' lang='lat' dir='ltr'><strong><em>unde</em></strong></span> <span class='ocrx_word' id='word_1_258' title='bbox 1463 2081 1809 2155; x_wconf 88' lang='lat' dir='ltr'><strong><em>purgatione</em></strong></span> 
     </span>
    </p>
   </div>
   <div class='ocr_carea' id='block_1_33' title="bbox 169 2169 1813 2243">
    <p class='ocr_par' dir='ltr' id='par_1_33' title="bbox 169 2169 1813 2243">
     <span class='ocr_line' id='line_1_33' title="bbox 169 2169 1813 2243; baseline 0.001 -18"><span class='ocrx_word' id='word_1_259' title='bbox 169 2187 267 2243; x_wconf 90' lang='lat' dir='ltr'><strong><em>per</em></strong></span> <span class='ocrx_word' id='word_1_260' title='bbox 285 2186 499 2241; x_wconf 89' lang='lat' dir='ltr'><strong><em>aquam</em></strong></span> <span class='ocrx_word' id='word_1_261' title='bbox 528 2169 902 2242; x_wconf 86' lang='lat' dir='ltr'><strong><em>baptismatis</em></strong></span> <span class='ocrx_word' id='word_1_262' title='bbox 920 2174 1114 2243; x_wconf 87' lang='lat' dir='ltr'><strong><em>egeat;</em></strong></span> <span class='ocrx_word' id='word_1_263' title='bbox 1138 2170 1220 2225; x_wconf 90' lang='lat' dir='ltr'><strong><em>ita</em></strong></span> <span class='ocrx_word' id='word_1_264' title='bbox 1241 2187 1373 2225; x_wconf 90' lang='lat' dir='ltr'><strong><em>cum</em></strong></span> <span class='ocrx_word' id='word_1_265' title='bbox 1398 2171 1470 2226; x_wconf 92' lang='lat' dir='ltr'><strong><em>ad</em></strong></span> <span class='ocrx_word' id='word_1_266' title='bbox 1496 2171 1668 2226; x_wconf 84' lang='lat' dir='ltr'><strong><em>ﬁdem</em></strong></span> <span class='ocrx_word' id='word_1_267' title='bbox 1686 2188 1813 2242; x_wconf 88' lang='lat' dir='ltr'><strong><em>pro-</em></strong></span> 
     </span>
    </p>
   </div>
   <div class='ocr_carea' id='block_1_34' title="bbox 173 2258 1811 2331">
    <p class='ocr_par' dir='ltr' id='par_1_34' title="bbox 173 2258 1811 2331">
     <span class='ocr_line' id='line_1_34' title="bbox 173 2258 1811 2331; baseline 0 -17"><span class='ocrx_word' id='word_1_268' title='bbox 173 2258 512 2314; x_wconf 84' lang='lat' dir='ltr'><strong><em>mittendum</em></strong></span> <span class='ocrx_word' id='word_1_269' title='bbox 526 2259 599 2314; x_wconf 91' lang='lat' dir='ltr'><strong><em>ad</em></strong></span> <span class='ocrx_word' id='word_1_270' title='bbox 612 2258 1067 2331; x_wconf 88' lang='lat' dir='ltr'><strong><em>regenerationis</em></strong></span> <span class='ocrx_word' id='word_1_271' title='bbox 1098 2258 1349 2314; x_wconf 91' lang='lat' dir='ltr'><strong><em>occurrit</em></strong></span> <span class='ocrx_word' id='word_1_272' title='bbox 1378 2259 1811 2325; x_wconf 88' lang='lat' dir='ltr'><strong><em>undam,alium</em></strong></span> 
     </span>
    </p>
   </div>
   <div class='ocr_carea' id='block_1_35' title="bbox 174 2346 1814 2420">
    <p class='ocr_par' dir='ltr' id='par_1_35' title="bbox 174 2346 1814 2420">
     <span class='ocr_line' id='line_1_35' title="bbox 174 2346 1814 2420; baseline 0.001 -17"><span class='ocrx_word' id='word_1_273' title='bbox 174 2347 327 2420; x_wconf 88' lang='lat' dir='ltr'><strong><em>eligit</em></strong></span> <span class='ocrx_word' id='word_1_274' title='bbox 354 2347 790 2420; x_wconf 88' lang='lat' dir='ltr'><strong><em>quodammodo</em></strong></span> <span class='ocrx_word' id='word_1_275' title='bbox 821 2346 1450 2419; x_wconf 86' lang='lat' dir='ltr'><strong><em>patrem,spiritualem</em></strong></span> <span class='ocrx_word' id='word_1_276' title='bbox 1484 2348 1814 2411; x_wconf 86' lang='lat' dir='ltr'><strong><em>videlicet,a</em></strong></span> 
     </span>
    </p>
   </div>
   <div class='ocr_carea' id='block_1_36' title="bbox 176 2426 1811 2508">
    <p class='ocr_par' dir='ltr' id='par_1_36' title="bbox 176 2426 1811 2508">
     <span class='ocr_line' id='line_1_36' title="bbox 176 2426 1811 2508; baseline 0 -17"><span class='ocrx_word' id='word_1_277' title='bbox 176 2426 283 2507; x_wconf 83' lang='lat' dir='ltr'><strong><em>quo</em></strong></span> <span class='ocrx_word' id='word_1_278' title='bbox 294 2441 607 2508; x_wconf 88' lang='lat' dir='ltr'><strong><em>susceptus</em></strong></span> <span class='ocrx_word' id='word_1_279' title='bbox 620 2435 1029 2502; x_wconf 88' lang='lat' dir='ltr'><strong><em>instruatur,et</em></strong></span> <span class='ocrx_word' id='word_1_280' title='bbox 1041 2435 1199 2491; x_wconf 89' lang='lat' dir='ltr'><strong><em>omni</em></strong></span> <span class='ocrx_word' id='word_1_281' title='bbox 1212 2436 1479 2492; x_wconf 88' lang='lat' dir='ltr'><strong><em>custodia</em></strong></span> <span class='ocrx_word' id='word_1_282' title='bbox 1492 2436 1811 2501; x_wconf 89' lang='lat' dir='ltr'><strong><em>muniatur,</em></strong></span> 
     </span>
    </p>
   </div>
   <div class='ocr_carea' id='block_1_37' title="bbox 176 2524 1816 2598">
    <p class='ocr_par' dir='ltr' id='par_1_37' title="bbox 176 2524 1816 2598">
     <span class='ocr_line' id='line_1_37' title="bbox 176 2524 1816 2598; baseline 0.001 -18"><span class='ocrx_word' id='word_1_283' title='bbox 176 2530 227 2580; x_wconf 92' lang='lat' dir='ltr'><strong><em>et</em></strong></span> <span class='ocrx_word' id='word_1_284' title='bbox 247 2531 528 2598; x_wconf 88' lang='lat' dir='ltr'><strong><em>tanquam</em></strong></span> <span class='ocrx_word' id='word_1_285' title='bbox 551 2525 882 2597; x_wconf 89' lang='lat' dir='ltr'><strong><em>depositum</em></strong></span> <span class='ocrx_word' id='word_1_286' title='bbox 910 2525 1204 2598; x_wconf 87' lang='lat' dir='ltr'><strong><em>quoddam</em></strong></span> <span class='ocrx_word' id='word_1_287' title='bbox 1228 2524 1429 2580; x_wconf 90' lang='lat' dir='ltr'><strong><em>lectori</em></strong></span> <span class='ocrx_word' id='word_1_288' title='bbox 1454 2525 1708 2582; x_wconf 71' lang='lat' dir='ltr'><strong><em>ecclesia:</em></strong></span> <span class='ocrx_word' id='word_1_289' title='bbox 1730 2543 1816 2582; x_wconf 90' lang='lat' dir='ltr'><strong><em>re-</em></strong></span> 
     </span>
    </p>
   </div>
   <div class='ocr_carea' id='block_1_38' title="bbox 177 2614 1818 2688">
    <p class='ocr_par' dir='ltr' id='par_1_38' title="bbox 177 2614 1818 2688">
     <span class='ocr_line' id='line_1_38' title="bbox 177 2614 1818 2688; baseline 0 -17"><span class='ocrx_word' id='word_1_290' title='bbox 177 2619 571 2687; x_wconf 72' lang='lat' dir='ltr'><strong><em>praesentetur.</em></strong></span> <span class='ocrx_word' id='word_1_291' title='bbox 600 2614 881 2671; x_wconf 73' lang='lat' dir='ltr'><strong><em>Praeterea</em></strong></span> <span class='ocrx_word' id='word_1_292' title='bbox 901 2615 999 2686; x_wconf 90' lang='lat' dir='ltr'><strong><em>qui</em></strong></span> <span class='ocrx_word' id='word_1_293' title='bbox 1030 2615 1203 2670; x_wconf 85' lang='lat' dir='ltr'><strong><em>ﬁdem</em></strong></span> <span class='ocrx_word' id='word_1_294' title='bbox 1236 2614 1460 2687; x_wconf 90' lang='lat' dir='ltr'><strong><em>respuit</em></strong></span> <span class='ocrx_word' id='word_1_295' title='bbox 1489 2632 1666 2687; x_wconf 90' lang='lat' dir='ltr'><strong><em>quam</em></strong></span> <span class='ocrx_word' id='word_1_296' title='bbox 1690 2633 1818 2688; x_wconf 90' lang='lat' dir='ltr'><strong><em>pro-</em></strong></span> 
     </span>
    </p>
   </div>
   <div class='ocr_carea' id='block_1_39' title="bbox 180 2702 1817 2775">
    <p class='ocr_par' dir='ltr' id='par_1_39' title="bbox 180 2702 1817 2775">
     <span class='ocr_line' id='line_1_39' title="bbox 180 2702 1817 2775; baseline -0.001 -16"><span class='ocrx_word' id='word_1_297' title='bbox 180 2704 351 2771; x_wconf 67' lang='lat' dir='ltr'><strong><em>misit,</em></strong></span> <span class='ocrx_word' id='word_1_298' title='bbox 384 2706 458 2759; x_wconf 89' lang='lat' dir='ltr'><strong><em>ab</em></strong></span> <span class='ocrx_word' id='word_1_299' title='bbox 489 2702 591 2759; x_wconf 91' lang='lat' dir='ltr'><strong><em>illo</em></strong></span> <span class='ocrx_word' id='word_1_300' title='bbox 622 2720 654 2759; x_wconf 89' lang='lat' dir='ltr'><strong><em>a</em></strong></span> <span class='ocrx_word' id='word_1_301' title='bbox 684 2719 797 2774; x_wconf 90' lang='lat' dir='ltr'><strong><em>quo</em></strong></span> <span class='ocrx_word' id='word_1_302' title='bbox 828 2707 1136 2775; x_wconf 88' lang='lat' dir='ltr'><strong><em>susceptus</em></strong></span> <span class='ocrx_word' id='word_1_303' title='bbox 1168 2707 1275 2770; x_wconf 89' lang='lat' dir='ltr'><strong><em>est,</em></strong></span> <span class='ocrx_word' id='word_1_304' title='bbox 1311 2706 1367 2759; x_wconf 88' lang='lat' dir='ltr'><strong><em>et</em></strong></span> <span class='ocrx_word' id='word_1_305' title='bbox 1396 2704 1496 2775; x_wconf 90' lang='lat' dir='ltr'><strong><em>qui</em></strong></span> <span class='ocrx_word' id='word_1_306' title='bbox 1529 2704 1662 2759; x_wconf 80' lang='lat' dir='ltr'><strong><em>fidei</em></strong></span> <span class='ocrx_word' id='word_1_307' title='bbox 1689 2705 1817 2775; x_wconf 84' lang='lat' dir='ltr'><strong><em>ejus</em></strong></span> 
     </span>
    </p>
   </div>
   <div class='ocr_carea' id='block_1_40' title="bbox 181 2791 1819 2864">
    <p class='ocr_par' dir='ltr' id='par_1_40' title="bbox 181 2791 1819 2864">
     <span class='ocr_line' id='line_1_40' title="bbox 181 2791 1819 2864; baseline 0 -17"><span class='ocrx_word' id='word_1_308' title='bbox 181 2792 533 2849; x_wconf 88' lang='lat' dir='ltr'><strong><em>interventor</em></strong></span> <span class='ocrx_word' id='word_1_309' title='bbox 551 2791 790 2857; x_wconf 86' lang='lat' dir='ltr'><strong><em>exstitit,</em></strong></span> <span class='ocrx_word' id='word_1_310' title='bbox 819 2793 990 2847; x_wconf 90' lang='lat' dir='ltr'><strong><em>debet</em></strong></span> <span class='ocrx_word' id='word_1_311' title='bbox 1020 2809 1121 2864; x_wconf 91' lang='lat' dir='ltr'><strong><em>per</em></strong></span> <span class='ocrx_word' id='word_1_312' title='bbox 1150 2791 1349 2847; x_wconf 91' lang='lat' dir='ltr'><strong><em>omnia</em></strong></span> <span class='ocrx_word' id='word_1_313' title='bbox 1376 2792 1652 2848; x_wconf 89' lang='lat' dir='ltr'><strong><em>revocari.</em></strong></span> <span class='ocrx_word' id='word_1_314' title='bbox 1686 2793 1819 2849; x_wconf 86' lang='lat' dir='ltr'><strong><em>Jam</em></strong></span> 
     </span>
    </p>
   </div>
   <div class='ocr_carea' id='block_1_41' title="bbox 180 2880 1823 2953">
    <p class='ocr_par' dir='ltr' id='par_1_41' title="bbox 180 2880 1823 2953">
     <span class='ocr_line' id='line_1_41' title="bbox 180 2880 1823 2953; baseline 0 -18"><span class='ocrx_word' id='word_1_315' title='bbox 180 2899 304 2936; x_wconf 89' lang='lat' dir='ltr'><strong><em>vero</em></strong></span> <span class='ocrx_word' id='word_1_316' title='bbox 326 2882 371 2937; x_wconf 91' lang='lat' dir='ltr'><strong><em>si</em></strong></span> <span class='ocrx_word' id='word_1_317' title='bbox 396 2898 513 2937; x_wconf 87' lang='lat' dir='ltr'><strong><em>non</em></strong></span> <span class='ocrx_word' id='word_1_318' title='bbox 547 2881 798 2936; x_wconf 86' lang='lat' dir='ltr'><strong><em>audierit</em></strong></span> <span class='ocrx_word' id='word_1_319' title='bbox 828 2896 961 2936; x_wconf 92' lang='lat' dir='ltr'><strong><em>eum</em></strong></span> <span class='ocrx_word' id='word_1_320' title='bbox 995 2897 1169 2952; x_wconf 89' lang='lat' dir='ltr'><strong><em>quem</em></strong></span> <span class='ocrx_word' id='word_1_321' title='bbox 1198 2880 1323 2953; x_wconf 91' lang='lat' dir='ltr'><strong><em>ipse</em></strong></span> <span class='ocrx_word' id='word_1_322' title='bbox 1354 2898 1456 2953; x_wconf 92' lang='lat' dir='ltr'><strong><em>pro</em></strong></span> <span class='ocrx_word' id='word_1_323' title='bbox 1490 2898 1551 2937; x_wconf 92' lang='lat' dir='ltr'><strong><em>se</em></strong></span> <span class='ocrx_word' id='word_1_324' title='bbox 1583 2882 1823 2937; x_wconf 88' lang='lat' dir='ltr'><strong><em>dederat</em></strong></span> 
     </span>
    </p>
   </div>
   <div class='ocr_carea' id='block_1_42' title="bbox 181 2968 1820 3041">
    <p class='ocr_par' dir='ltr' id='par_1_42' title="bbox 181 2968 1820 3041">
     <span class='ocr_line' id='line_1_42' title="bbox 181 2968 1820 3041; baseline 0.001 -17"><span class='ocrx_word' id='word_1_325' title='bbox 181 2971 396 3034; x_wconf 88' lang='lat' dir='ltr'><strong><em>vadem,</em></strong></span> <span class='ocrx_word' id='word_1_326' title='bbox 422 2970 740 3026; x_wconf 90' lang='lat' dir='ltr'><strong><em>dicendum</em></strong></span> <span class='ocrx_word' id='word_1_327' title='bbox 763 2973 851 3025; x_wconf 91' lang='lat' dir='ltr'><strong><em>est</em></strong></span> <span class='ocrx_word' id='word_1_328' title='bbox 880 2968 1167 3035; x_wconf 64' lang='lat' dir='ltr'><strong><em>Ecclesiae,</em></strong></span> <span class='ocrx_word' id='word_1_329' title='bbox 1193 2986 1227 3024; x_wconf 90' lang='lat' dir='ltr'><strong><em>a</em></strong></span> <span class='ocrx_word' id='word_1_330' title='bbox 1248 2986 1366 3040; x_wconf 90' lang='lat' dir='ltr'><strong><em>qua</em></strong></span> <span class='ocrx_word' id='word_1_331' title='bbox 1386 2970 1595 3041; x_wconf 85' lang='lat' dir='ltr'><strong><em>majori</em></strong></span> <span class='ocrx_word' id='word_1_332' title='bbox 1627 2969 1820 3025; x_wconf 87' lang='lat' dir='ltr'><strong><em>studio</em></strong></span> 
     </span>
    </p>
   </div>
   <div class='ocr_carea' id='block_1_43' title="bbox 186 3057 1821 3131">
    <p class='ocr_par' dir='ltr' id='par_1_43' title="bbox 186 3057 1821 3131">
     <span class='ocr_line' id='line_1_43' title="bbox 186 3057 1821 3131; baseline -0.001 -17"><span class='ocrx_word' id='word_1_333' title='bbox 186 3060 251 3114; x_wconf 89' lang='lat' dir='ltr'><strong><em>ad</em></strong></span> <span class='ocrx_word' id='word_1_334' title='bbox 278 3059 422 3115; x_wconf 88' lang='lat' dir='ltr'><strong><em>ovile</em></strong></span> <span class='ocrx_word' id='word_1_335' title='bbox 445 3058 751 3131; x_wconf 89' lang='lat' dir='ltr'><strong><em>proprium</em></strong></span> <span class='ocrx_word' id='word_1_336' title='bbox 781 3073 945 3113; x_wconf 91' lang='lat' dir='ltr'><strong><em>ovem</em></strong></span> <span class='ocrx_word' id='word_1_337' title='bbox 978 3057 1175 3112; x_wconf 90' lang='lat' dir='ltr'><strong><em>reduci</em></strong></span> <span class='ocrx_word' id='word_1_338' title='bbox 1207 3058 1479 3113; x_wconf 87' lang='lat' dir='ltr'><strong><em>convenit</em></strong></span> <span class='ocrx_word' id='word_1_339' title='bbox 1506 3075 1632 3130; x_wconf 75' lang='lat' dir='ltr'><strong><em>quae</em></strong></span> <span class='ocrx_word' id='word_1_340' title='bbox 1666 3075 1821 3113; x_wconf 90' lang='lat' dir='ltr'><strong><em>erra-</em></strong></span> 
     </span>
    </p>
   </div>
   <div class='ocr_carea' id='block_1_44' title="bbox 184 3145 1822 3218">
    <p class='ocr_par' dir='ltr' id='par_1_44' title="bbox 184 3145 1822 3218">
     <span class='ocr_line' id='line_1_44' title="bbox 184 3145 1822 3218; baseline -0.001 -15"><span class='ocrx_word' id='word_1_341' title='bbox 184 3148 296 3215; x_wconf 86' lang='lat' dir='ltr'><strong><em>vit;</em></strong></span> <span class='ocrx_word' id='word_1_342' title='bbox 328 3152 384 3205; x_wconf 89' lang='lat' dir='ltr'><strong><em>et</em></strong></span> <span class='ocrx_word' id='word_1_343' title='bbox 413 3152 482 3204; x_wconf 86' lang='lat' dir='ltr'><strong><em>ut</em></strong></span> <span class='ocrx_word' id='word_1_344' title='bbox 513 3148 584 3203; x_wconf 92' lang='lat' dir='ltr'><strong><em>ad</em></strong></span> <span class='ocrx_word' id='word_1_345' title='bbox 633 3147 786 3202; x_wconf 88' lang='lat' dir='ltr'><strong><em>viam</em></strong></span> <span class='ocrx_word' id='word_1_346' title='bbox 819 3146 1098 3214; x_wconf 87' lang='lat' dir='ltr'><strong><em>veritatis,</em></strong></span> <span class='ocrx_word' id='word_1_347' title='bbox 1134 3164 1261 3218; x_wconf 71' lang='lat' dir='ltr'><strong><em>quae</em></strong></span> <span class='ocrx_word' id='word_1_348' title='bbox 1293 3145 1562 3202; x_wconf 89' lang='lat' dir='ltr'><strong><em>Christus</em></strong></span> <span class='ocrx_word' id='word_1_349' title='bbox 1592 3150 1699 3215; x_wconf 90' lang='lat' dir='ltr'><strong><em>est,</em></strong></span> <span class='ocrx_word' id='word_1_350' title='bbox 1733 3164 1822 3202; x_wconf 88' lang='lat' dir='ltr'><strong><em>re-</em></strong></span> 
     </span>
    </p>
   </div>
   <div class='ocr_carea' id='block_1_45' title="bbox 190 3234 1826 3308">
    <p class='ocr_par' dir='ltr' id='par_1_45' title="bbox 190 3234 1826 3308">
     <span class='ocr_line' id='line_1_45' title="bbox 190 3234 1826 3308; baseline -0.001 -16"><span class='ocrx_word' id='word_1_351' title='bbox 190 3239 334 3304; x_wconf 88' lang='lat' dir='ltr'><strong><em>deat,</em></strong></span> <span class='ocrx_word' id='word_1_352' title='bbox 356 3237 550 3294; x_wconf 91' lang='lat' dir='ltr'><strong><em>modis</em></strong></span> <span class='ocrx_word' id='word_1_353' title='bbox 580 3236 855 3292; x_wconf 90' lang='lat' dir='ltr'><strong><em>omnibus</em></strong></span> <span class='ocrx_word' id='word_1_354' title='bbox 887 3234 1170 3303; x_wconf 90' lang='lat' dir='ltr'><strong><em>revocari;</em></strong></span> <span class='ocrx_word' id='word_1_355' title='bbox 1197 3235 1489 3308; x_wconf 88' lang='lat' dir='ltr'><strong><em>siquidem</em></strong></span> <span class='ocrx_word' id='word_1_356' title='bbox 1521 3236 1592 3291; x_wconf 91' lang='lat' dir='ltr'><strong><em>ab</em></strong></span> <span class='ocrx_word' id='word_1_357' title='bbox 1614 3252 1680 3291; x_wconf 90' lang='lat' dir='ltr'><strong><em>ea</em></strong></span> <span class='ocrx_word' id='word_1_358' title='bbox 1702 3239 1826 3290; x_wconf 84' lang='lat' dir='ltr'><strong><em>tan-</em></strong></span> 
     </span>
    </p>
   </div>
   <div class='ocr_carea' id='block_1_46' title="bbox 191 3304 1898 3398">
    <p class='ocr_par' dir='ltr' id='par_1_46' title="bbox 191 3304 1898 3398">
     <span class='ocr_line' id='line_1_46' title="bbox 191 3304 1898 3398; baseline -0.001 -16"><span class='ocrx_word' id='word_1_359' title='bbox 191 3343 356 3398; x_wconf 88' lang='lat' dir='ltr'><strong><em>quam</em></strong></span> <span class='ocrx_word' id='word_1_360' title='bbox 381 3343 415 3382; x_wconf 92' lang='lat' dir='ltr'><strong><em>a</em></strong></span> <span class='ocrx_word' id='word_1_361' title='bbox 433 3330 642 3392; x_wconf 87' lang='lat' dir='ltr'><strong><em>matre,</em></strong></span> <span class='ocrx_word' id='word_1_362' title='bbox 667 3329 947 3397; x_wconf 89' lang='lat' dir='ltr'><strong><em>tanquam</em></strong></span> <span class='ocrx_word' id='word_1_363' title='bbox 980 3342 1014 3380; x_wconf 89' lang='lat' dir='ltr'><strong><em>a</em></strong></span> <span class='ocrx_word' id='word_1_364' title='bbox 1043 3304 1325 3397; x_wconf 75' lang='lat' dir='ltr'><strong><em>magistra</em></strong></span> <span class='ocrx_word' id='word_1_365' title='bbox 1346 3325 1715 3380; x_wconf 88' lang='lat' dir='ltr'><strong><em>suadendum</em></strong></span> <span class='ocrx_word' id='word_1_366' title='bbox 1737 3328 1827 3381; x_wconf 89' lang='lat' dir='ltr'><strong><em>est</em></strong></span> <span class='ocrx_word' id='word_1_367' title='bbox 1856 3304 1898 3370; x_wconf 67' lang='grc' dir='ltr'><strong>Ο</strong></span> 
     </span>
    </p>
   </div>
   <div class='ocr_carea' id='block_1_47' title="bbox 191 3413 1825 3488">
    <p class='ocr_par' dir='ltr' id='par_1_47' title="bbox 191 3413 1825 3488">
     <span class='ocr_line' id='line_1_47' title="bbox 191 3413 1825 3488; baseline -0.002 -17"><span class='ocrx_word' id='word_1_368' title='bbox 191 3415 267 3470; x_wconf 92' lang='lat' dir='ltr'><strong><em>illi</em></strong></span> <span class='ocrx_word' id='word_1_369' title='bbox 298 3419 587 3488; x_wconf 89' lang='lat' dir='ltr'><strong><em>quatenus</em></strong></span> <span class='ocrx_word' id='word_1_370' title='bbox 618 3414 844 3470; x_wconf 88' lang='lat' dir='ltr'><strong><em>videat:</em></strong></span> <span class='ocrx_word' id='word_1_371' title='bbox 878 3414 1156 3486; x_wconf 87' lang='lat' dir='ltr'><strong><em>quoniam</em></strong></span> <span class='ocrx_word' id='word_1_372' title='bbox 1189 3418 1516 3485; x_wconf 88' lang='lat' dir='ltr'><strong><em>apostatam</em></strong></span> <span class='ocrx_word' id='word_1_373' title='bbox 1549 3413 1825 3485; x_wconf 90' lang='lat' dir='ltr'><strong><em>spiritum</em></strong></span> 
     </span>
    </p>
   </div>
   <div class='ocr_carea' id='block_1_48' title="bbox 188 3502 1827 3575">
    <p class='ocr_par' dir='ltr' id='par_1_48' title="bbox 188 3502 1827 3575">
     <span class='ocr_line' id='line_1_48' title="bbox 188 3502 1827 3575; baseline -0.001 -16"><span class='ocrx_word' id='word_1_374' title='bbox 188 3504 442 3559; x_wconf 88' lang='lat' dir='ltr'><strong><em>imitatus</em></strong></span> <span class='ocrx_word' id='word_1_375' title='bbox 475 3508 586 3569; x_wconf 89' lang='lat' dir='ltr'><strong><em>est,</em></strong></span> <span class='ocrx_word' id='word_1_376' title='bbox 610 3505 681 3560; x_wconf 91' lang='lat' dir='ltr'><strong><em>de</em></strong></span> <span class='ocrx_word' id='word_1_377' title='bbox 711 3520 826 3575; x_wconf 90' lang='lat' dir='ltr'><strong><em>quo</em></strong></span> <span class='ocrx_word' id='word_1_378' title='bbox 857 3503 1141 3574; x_wconf 89' lang='lat' dir='ltr'><strong><em>scriptum</em></strong></span> <span class='ocrx_word' id='word_1_379' title='bbox 1173 3506 1282 3568; x_wconf 89' lang='lat' dir='ltr'><strong><em>est,</em></strong></span> <span class='ocrx_word' id='word_1_380' title='bbox 1311 3503 1467 3574; x_wconf 91' lang='lat' dir='ltr'><strong><em>quod</em></strong></span> <span class='ocrx_word' id='word_1_381' title='bbox 1494 3502 1554 3556; x_wconf 91' lang='lat' dir='ltr'><strong><em>in</em></strong></span> <span class='ocrx_word' id='word_1_382' title='bbox 1585 3502 1827 3558; x_wconf 83' lang='lat' dir='ltr'><strong><em>veritate</em></strong></span> 
     </span>
    </p>
   </div>
   <div class='ocr_carea' id='block_1_49' title="bbox 189 3591 1826 3665">
    <p class='ocr_par' dir='ltr' id='par_1_49' title="bbox 189 3591 1826 3665">
     <span class='ocr_line' id='line_1_49' title="bbox 189 3591 1826 3665; baseline -0.001 -17"><span class='ocrx_word' id='word_1_383' title='bbox 189 3610 297 3649; x_wconf 90' lang='lat' dir='ltr'><strong><em>non</em></strong></span> <span class='ocrx_word' id='word_1_384' title='bbox 345 3592 575 3649; x_wconf 86' lang='lat' dir='ltr'><strong><em>steterit</em></strong></span> <span class='ocrx_word' id='word_1_385' title='bbox 619 3596 802 3661; x_wconf 85' lang='lat' dir='ltr'><strong><em>(Joan.</em></strong></span> <span class='ocrx_word' id='word_1_386' title='bbox 842 3596 985 3658; x_wconf 75' lang='lat' dir='ltr'><strong><em>vnn).</em></strong></span> <span class='ocrx_word' id='word_1_387' title='bbox 1045 3591 1385 3647; x_wconf 85' lang='lat' dir='ltr'><strong><em>Consideret</em></strong></span> <span class='ocrx_word' id='word_1_388' title='bbox 1439 3591 1617 3647; x_wconf 88' lang='lat' dir='ltr'><strong><em>etiam</em></strong></span> <span class='ocrx_word' id='word_1_389' title='bbox 1671 3591 1826 3665; x_wconf 92' lang='lat' dir='ltr'><strong><em>quod</em></strong></span> 
     </span>
    </p>
   </div>
   <div class='ocr_carea' id='block_1_50' title="bbox 192 3679 1826 3754">
    <p class='ocr_par' dir='ltr' id='par_1_50' title="bbox 192 3679 1826 3754">
     <span class='ocr_line' id='line_1_50' title="bbox 192 3679 1826 3754; baseline -0.001 -18"><span class='ocrx_word' id='word_1_390' title='bbox 192 3681 383 3738; x_wconf 87' lang='lat' dir='ltr'><strong><em>Petrus</em></strong></span> <span class='ocrx_word' id='word_1_391' title='bbox 415 3680 689 3754; x_wconf 89' lang='lat' dir='ltr'><strong><em>princeps</em></strong></span> <span class='ocrx_word' id='word_1_392' title='bbox 734 3681 1131 3753; x_wconf 90' lang='lat' dir='ltr'><strong><em>apostolorum</em></strong></span> <span class='ocrx_word' id='word_1_393' title='bbox 1175 3679 1389 3735; x_wconf 89' lang='lat' dir='ltr'><strong><em>clamat</em></strong></span> <span class='ocrx_word' id='word_1_394' title='bbox 1420 3698 1433 3736; x_wconf 89' lang='lat'><strong><em>:</em></strong></span> <span class='ocrx_word' id='word_1_395' title='bbox 1467 3682 1534 3736; x_wconf 90' lang='lat' dir='ltr'><strong><em>Si</em></strong></span> <span class='ocrx_word' id='word_1_396' title='bbox 1560 3682 1709 3736; x_wconf 90' lang='lat' dir='ltr'><strong><em>enim</em></strong></span> <span class='ocrx_word' id='word_1_397' title='bbox 1738 3696 1826 3735; x_wconf 82' lang='lat' dir='ltr'><strong><em>re-</em></strong></span> 
     </span>
    </p>
   </div>
   <div class='ocr_carea' id='block_1_51' title="bbox 191 3769 1829 3843">
    <p class='ocr_par' dir='ltr' id='par_1_51' title="bbox 191 3769 1829 3843">
     <span class='ocr_line' id='line_1_51' title="bbox 191 3769 1829 3843; baseline -0.002 -16"><span class='ocrx_word' id='word_1_398' title='bbox 191 3772 469 3843; x_wconf 81' lang='lat' dir='ltr'><strong><em>fugientes,</em></strong></span> <span class='ocrx_word' id='word_1_399' title='bbox 503 3769 798 3842; x_wconf 89' lang='lat' dir='ltr'><strong><em>inquiens,</em></strong></span> <span class='ocrx_word' id='word_1_400' title='bbox 830 3770 1307 3841; x_wconf 85' lang='lat' dir='ltr'><strong><em>coinquinationes</em></strong></span> <span class='ocrx_word' id='word_1_401' title='bbox 1335 3769 1532 3824; x_wconf 87' lang='lat' dir='ltr'><strong><em>mundi</em></strong></span> <span class='ocrx_word' id='word_1_402' title='bbox 1551 3771 1613 3824; x_wconf 87' lang='lat' dir='ltr'><strong><em>in</em></strong></span> <span class='ocrx_word' id='word_1_403' title='bbox 1641 3770 1829 3838; x_wconf 87' lang='lat' dir='ltr'><strong><em>cogni-</em></strong></span> 
     </span>
    </p>
   </div>
   <div class='ocr_carea' id='block_1_52' title="bbox 195 3858 1830 3926">
    <p class='ocr_par' dir='ltr' id='par_1_52' title="bbox 195 3858 1830 3926">
     <span class='ocr_line' id='line_1_52' title="bbox 195 3858 1830 3926; baseline -0.002 -11"><span class='ocrx_word' id='word_1_404' title='bbox 195 3862 329 3916; x_wconf 81' lang='lat' dir='ltr'><strong><em>tione</em></strong></span> <span class='ocrx_word' id='word_1_405' title='bbox 366 3861 593 3917; x_wconf 88' lang='lat' dir='ltr'><strong><em>Domini</em></strong></span> <span class='ocrx_word' id='word_1_406' title='bbox 638 3860 835 3926; x_wconf 87' lang='lat' dir='ltr'><strong><em>nostri,</em></strong></span> <span class='ocrx_word' id='word_1_407' title='bbox 866 3866 918 3915; x_wconf 89' lang='lat' dir='ltr'><strong><em>et</em></strong></span> <span class='ocrx_word' id='word_1_408' title='bbox 959 3859 1248 3914; x_wconf 86' lang='lat' dir='ltr'><strong><em>salvatoris</em></strong></span> <span class='ocrx_word' id='word_1_409' title='bbox 1298 3862 1431 3916; x_wconf 86' lang='lat' dir='ltr'><strong><em>Jesu</em></strong></span> <span class='ocrx_word' id='word_1_410' title='bbox 1488 3859 1710 3923; x_wconf 83' lang='lat' dir='ltr'><strong><em>Christi,</em></strong></span> <span class='ocrx_word' id='word_1_411' title='bbox 1742 3858 1830 3913; x_wconf 87' lang='lat' dir='ltr'><strong><em>his</em></strong></span> 
     </span>
    </p>
   </div>
   <div class='ocr_carea' id='block_1_53' title="bbox 195 3949 1832 4021">
    <p class='ocr_par' dir='ltr' id='par_1_53' title="bbox 195 3949 1832 4021">
     <span class='ocr_line' id='line_1_53' title="bbox 195 3949 1832 4021; baseline -0.002 -16"><span class='ocrx_word' id='word_1_412' title='bbox 195 3966 379 4005; x_wconf 87' lang='lat' dir='ltr'><strong><em>rursus</em></strong></span> <span class='ocrx_word' id='word_1_413' title='bbox 411 3950 687 4021; x_wconf 84' lang='lat' dir='ltr'><strong><em>implicati</em></strong></span> <span class='ocrx_word' id='word_1_414' title='bbox 715 3955 1087 4019; x_wconf 88' lang='lat' dir='ltr'><strong><em>superantur;</em></strong></span> <span class='ocrx_word' id='word_1_415' title='bbox 1108 3949 1255 4019; x_wconf 83' lang='lat' dir='ltr'><strong><em>facta</em></strong></span> <span class='ocrx_word' id='word_1_416' title='bbox 1272 3955 1402 4002; x_wconf 91' lang='lat' dir='ltr'><strong><em>sunt</em></strong></span> <span class='ocrx_word' id='word_1_417' title='bbox 1429 3949 1506 4003; x_wconf 90' lang='lat' dir='ltr'><strong><em>eis</em></strong></span> <span class='ocrx_word' id='word_1_418' title='bbox 1531 3949 1832 4018; x_wconf 85' lang='lat' dir='ltr'><strong><em>posteriora</em></strong></span> 
     </span>
    </p>
   </div>
   <div class='ocr_carea' id='block_1_54' title="bbox 193 4036 1833 4111">
    <p class='ocr_par' dir='ltr' id='par_1_54' title="bbox 193 4036 1833 4111">
     <span class='ocr_line' id='line_1_54' title="bbox 193 4036 1833 4111; baseline -0.002 -18"><span class='ocrx_word' id='word_1_419' title='bbox 193 4038 448 4096; x_wconf 87' lang='lat' dir='ltr'><strong><em>deteriora</em></strong></span> <span class='ocrx_word' id='word_1_420' title='bbox 468 4038 751 4111; x_wconf 82' lang='lat' dir='ltr'><strong><em>prioribus</em></strong></span> <span class='ocrx_word' id='word_1_421' title='bbox 775 4054 789 4092; x_wconf 92' lang='lat'><strong><em>:</em></strong></span> <span class='ocrx_word' id='word_1_422' title='bbox 812 4038 1008 4093; x_wconf 88' lang='lat' dir='ltr'><strong><em>melius</em></strong></span> <span class='ocrx_word' id='word_1_423' title='bbox 1043 4038 1192 4092; x_wconf 88' lang='lat' dir='ltr'><strong><em>enim</em></strong></span> <span class='ocrx_word' id='word_1_424' title='bbox 1219 4044 1336 4092; x_wconf 90' lang='lat' dir='ltr'><strong><em>erat</em></strong></span> <span class='ocrx_word' id='word_1_425' title='bbox 1363 4036 1477 4090; x_wconf 86' lang='lat' dir='ltr'><strong><em>illis</em></strong></span> <span class='ocrx_word' id='word_1_426' title='bbox 1506 4051 1618 4090; x_wconf 87' lang='lat' dir='ltr'><strong><em>non</em></strong></span> <span class='ocrx_word' id='word_1_427' title='bbox 1641 4050 1833 4106; x_wconf 84' lang='lat' dir='ltr'><strong><em>cogno-</em></strong></span> 
     </span>
    </p>
   </div>
   <div class='ocr_carea' id='block_1_55' title="bbox 195 4126 1836 4199">
    <p class='ocr_par' dir='ltr' id='par_1_55' title="bbox 195 4126 1836 4199">
     <span class='ocr_line' id='line_1_55' title="bbox 195 4126 1836 4199; baseline -0.004 -16"><span class='ocrx_word' id='word_1_428' title='bbox 195 4144 332 4183; x_wconf 84' lang='lat' dir='ltr'><strong><em>scere</em></strong></span> <span class='ocrx_word' id='word_1_429' title='bbox 357 4130 510 4183; x_wconf 89' lang='lat' dir='ltr'><strong><em>viam</em></strong></span> <span class='ocrx_word' id='word_1_430' title='bbox 529 4128 790 4199; x_wconf 67' lang='lat' dir='ltr'><strong><em>justitiaz,</em></strong></span> <span class='ocrx_word' id='word_1_431' title='bbox 825 4143 991 4199; x_wconf 87' lang='lat' dir='ltr'><strong><em>quam</em></strong></span> <span class='ocrx_word' id='word_1_432' title='bbox 1014 4133 1134 4198; x_wconf 89' lang='lat' dir='ltr'><strong><em>post</em></strong></span> <span class='ocrx_word' id='word_1_433' title='bbox 1159 4126 1497 4196; x_wconf 83' lang='lat' dir='ltr'><strong><em>agnitin</em></strong></span> <span class='ocrx_word' id='word_1_434' title='bbox 1536 4131 1836 4180; x_wconf 86' lang='lat' dir='ltr'><strong><em>retrorsum</em></strong></span> 
     </span>
    </p>
   </div>
   <div class='ocr_carea' id='block_1_56' title="bbox 197 4213 1834 4287">
    <p class='ocr_par' dir='ltr' id='par_1_56' title="bbox 197 4213 1834 4287">
     <span class='ocr_line' id='line_1_56' title="bbox 197 4213 1834 4287; baseline -0.004 -16"><span class='ocrx_word' id='word_1_435' title='bbox 197 4218 422 4273; x_wconf 85' lang='lat' dir='ltr'><strong><em>converti</em></strong></span> <span class='ocrx_word' id='word_1_436' title='bbox 453 4217 523 4271; x_wconf 89' lang='lat' dir='ltr'><strong><em>ab</em></strong></span> <span class='ocrx_word' id='word_1_437' title='bbox 553 4232 633 4283; x_wconf 90' lang='lat' dir='ltr'><strong><em>eo,</em></strong></span> <span class='ocrx_word' id='word_1_438' title='bbox 667 4215 808 4287; x_wconf 86' lang='lat' dir='ltr'><strong><em>quod</em></strong></span> <span class='ocrx_word' id='word_1_439' title='bbox 843 4216 958 4270; x_wconf 84' lang='lat' dir='ltr'><strong><em>illis</em></strong></span> <span class='ocrx_word' id='word_1_440' title='bbox 1002 4213 1267 4270; x_wconf 86' lang='lat' dir='ltr'><strong><em>traditum</em></strong></span> <span class='ocrx_word' id='word_1_441' title='bbox 1312 4221 1412 4279; x_wconf 89' lang='lat' dir='ltr'><strong><em>est,</em></strong></span> <span class='ocrx_word' id='word_1_442' title='bbox 1452 4219 1635 4267; x_wconf 85' lang='lat' dir='ltr'><strong><em>sancto</em></strong></span> <span class='ocrx_word' id='word_1_443' title='bbox 1675 4228 1834 4266; x_wconf 86' lang='lat' dir='ltr'><strong><em>man-</em></strong></span> 
     </span>
    </p>
   </div>
   <div class='ocr_carea' id='block_1_57' title="bbox 199 4301 1836 4375">
    <p class='ocr_par' dir='ltr' id='par_1_57' title="bbox 199 4301 1836 4375">
     <span class='ocr_line' id='line_1_57' title="bbox 199 4301 1836 4375; baseline -0.004 -14"><span class='ocrx_word' id='word_1_444' title='bbox 199 4304 330 4361; x_wconf 85' lang='lat' dir='ltr'><strong><em>dato.</em></strong></span> <span class='ocrx_word' id='word_1_445' title='bbox 366 4307 618 4375; x_wconf 78' lang='lat' dir='ltr'><strong><em>Contigit</em></strong></span> <span class='ocrx_word' id='word_1_446' title='bbox 645 4307 797 4361; x_wconf 87' lang='lat' dir='ltr'><strong><em>enim</em></strong></span> <span class='ocrx_word' id='word_1_447' title='bbox 812 4306 892 4360; x_wconf 90' lang='lat' dir='ltr'><strong><em>eis</em></strong></span> <span class='ocrx_word' id='word_1_448' title='bbox 921 4302 1063 4359; x_wconf 86' lang='lat' dir='ltr'><strong><em>illud</em></strong></span> <span class='ocrx_word' id='word_1_449' title='bbox 1078 4302 1386 4374; x_wconf 84' lang='lat' dir='ltr'><strong><em>proverbii:</em></strong></span> <span class='ocrx_word' id='word_1_450' title='bbox 1406 4301 1570 4357; x_wconf 86' lang='lat' dir='ltr'><strong><em>Canis</em></strong></span> <span class='ocrx_word' id='word_1_451' title='bbox 1590 4316 1836 4356; x_wconf 86' lang='lat' dir='ltr'><strong><em>reversus</em></strong></span> 
     </span>
    </p>
   </div>
   <div class='ocr_carea' id='block_1_58' title="bbox 201 4388 1839 4462">
    <p class='ocr_par' dir='ltr' id='par_1_58' title="bbox 201 4388 1839 4462">
     <span class='ocr_line' id='line_1_58' title="bbox 201 4388 1839 4462; baseline -0.003 -13"><span class='ocrx_word' id='word_1_452' title='bbox 201 4394 265 4449; x_wconf 88' lang='lat' dir='ltr'><strong><em>ad</em></strong></span> <span class='ocrx_word' id='word_1_453' title='bbox 292 4396 553 4451; x_wconf 86' lang='lat' dir='ltr'><strong><em>vomitum</em></strong></span> <span class='ocrx_word' id='word_1_454' title='bbox 580 4410 764 4462; x_wconf 86' lang='lat' dir='ltr'><strong><em>suum,</em></strong></span> <span class='ocrx_word' id='word_1_455' title='bbox 795 4401 846 4449; x_wconf 86' lang='lat' dir='ltr'><strong><em>et</em></strong></span> <span class='ocrx_word' id='word_1_456' title='bbox 874 4409 968 4448; x_wconf 89' lang='lat' dir='ltr'><strong><em>sus</em></strong></span> <span class='ocrx_word' id='word_1_457' title='bbox 1016 4394 1125 4448; x_wconf 89' lang='lat' dir='ltr'><strong><em>lota</em></strong></span> <span class='ocrx_word' id='word_1_458' title='bbox 1173 4393 1233 4447; x_wconf 87' lang='lat' dir='ltr'><strong><em>in</em></strong></span> <span class='ocrx_word' id='word_1_459' title='bbox 1282 4390 1563 4448; x_wconf 89' lang='lat' dir='ltr'><strong><em>volutabro</em></strong></span> <span class='ocrx_word' id='word_1_460' title='bbox 1611 4390 1719 4445; x_wconf 86' lang='lat' dir='ltr'><strong><em>luti</em></strong></span> <span class='ocrx_word' id='word_1_461' title='bbox 1767 4388 1839 4462; x_wconf 87' lang='lat' dir='ltr'><strong><em>(II</em></strong></span> 
     </span>
    </p>
   </div>
   <div class='ocr_carea' id='block_1_59' title="bbox 200 4479 1839 4552">
    <p class='ocr_par' dir='ltr' id='par_1_59' title="bbox 200 4479 1839 4552">
     <span class='ocr_line' id='line_1_59' title="bbox 200 4479 1839 4552; baseline -0.003 -14"><span class='ocrx_word' id='word_1_462' title='bbox 200 4484 338 4539; x_wconf 88' lang='lat' dir='ltr'><strong><em>Petr.</em></strong></span> <span class='ocrx_word' id='word_1_463' title='bbox 372 4501 452 4552; x_wconf 89' lang='lat' dir='ltr'><strong><em>u;</em></strong></span> <span class='ocrx_word' id='word_1_464' title='bbox 486 4485 647 4539; x_wconf 87' lang='lat' dir='ltr'><strong><em>Prov.</em></strong></span> <span class='ocrx_word' id='word_1_465' title='bbox 680 4499 849 4549; x_wconf 79' lang='lat' dir='ltr'><strong><em>xxvr;</em></strong></span> <span class='ocrx_word' id='word_1_466' title='bbox 897 4480 1097 4537; x_wconf 81' lang='lat' dir='ltr'><strong><em>Matth.</em></strong></span> <span class='ocrx_word' id='word_1_467' title='bbox 1147 4480 1330 4552; x_wconf 87' lang='lat' dir='ltr'><strong><em>xvm).</em></strong></span> <span class='ocrx_word' id='word_1_468' title='bbox 1392 4481 1567 4536; x_wconf 90' lang='lat' dir='ltr'><strong><em>Porro</em></strong></span> <span class='ocrx_word' id='word_1_469' title='bbox 1626 4479 1674 4534; x_wconf 91' lang='lat' dir='ltr'><strong><em>si</em></strong></span> <span class='ocrx_word' id='word_1_470' title='bbox 1734 4495 1839 4535; x_wconf 90' lang='lat' dir='ltr'><strong><em>nee</em></strong></span> 
     </span>
    </p>
   </div>
   <div class='ocr_carea' id='block_1_60' title="bbox 201 4568 1837 4639">
    <p class='ocr_par' dir='ltr' id='par_1_60' title="bbox 201 4568 1837 4639">
     <span class='ocr_line' id='line_1_60' title="bbox 201 4568 1837 4639; baseline -0.001 -13"><span class='ocrx_word' id='word_1_471' title='bbox 201 4571 506 4629; x_wconf 85' lang='lat' dir='ltr'><strong><em>Ecclesiam</em></strong></span> <span class='ocrx_word' id='word_1_472' title='bbox 522 4569 874 4639; x_wconf 88' lang='lat' dir='ltr'><strong><em>audierit,sit</em></strong></span> <span class='ocrx_word' id='word_1_473' title='bbox 885 4569 1162 4626; x_wconf 89' lang='lat' dir='ltr'><strong><em>omnibus</em></strong></span> <span class='ocrx_word' id='word_1_474' title='bbox 1174 4585 1371 4626; x_wconf 90' lang='lat' dir='ltr'><strong><em>revera</em></strong></span> <span class='ocrx_word' id='word_1_475' title='bbox 1383 4569 1535 4625; x_wconf 89' lang='lat' dir='ltr'><strong><em>sicut</em></strong></span> <span class='ocrx_word' id='word_1_476' title='bbox 1546 4568 1837 4638; x_wconf 89' lang='lat' dir='ltr'><strong><em>ethnicus,</em></strong></span> 
     </span>
    </p>
   </div>
   <div class='ocr_carea' id='block_1_61' title="bbox 1917 1985 3558 2065">
    <p class='ocr_par' dir='ltr' id='par_1_61' title="bbox 1917 1985 3558 2065">
     <span class='ocr_line' id='line_1_61' title="bbox 1917 1985 3558 2065; baseline -0.008 -16"><span class='ocrx_word' id='word_1_477' title='bbox 1917 2010 2032 2065; x_wconf 92' lang='lat' dir='ltr'><strong><em>quo</em></strong></span> <span class='ocrx_word' id='word_1_478' title='bbox 2062 2011 2179 2049; x_wconf 91' lang='lat' dir='ltr'><strong><em>non</em></strong></span> <span class='ocrx_word' id='word_1_479' title='bbox 2203 1997 2322 2047; x_wconf 89' lang='lat' dir='ltr'><strong><em>tres</em></strong></span> <span class='ocrx_word' id='word_1_480' title='bbox 2352 1990 2517 2063; x_wconf 89' lang='lat' dir='ltr'><strong><em>pueri</em></strong></span> <span class='ocrx_word' id='word_1_481' title='bbox 2577 1993 2828 2056; x_wconf 90' lang='lat' dir='ltr'><strong><em>tantum,</em></strong></span> <span class='ocrx_word' id='word_1_482' title='bbox 2863 1989 2964 2044; x_wconf 92' lang='lat' dir='ltr'><strong><em>sed</em></strong></span> <span class='ocrx_word' id='word_1_483' title='bbox 2994 1991 3052 2042; x_wconf 91' lang='lat' dir='ltr'><strong><em>et</em></strong></span> <span class='ocrx_word' id='word_1_484' title='bbox 3081 1985 3237 2042; x_wconf 89' lang='lat' dir='ltr'><strong><em>orbis</em></strong></span> <span class='ocrx_word' id='word_1_485' title='bbox 3267 1988 3558 2039; x_wconf 88' lang='lat' dir='ltr'><strong><em>terrarum</em></strong></span> 
     </span>
    </p>
   </div>
   <div class='ocr_carea' id='block_1_62' title="bbox 1908 2068 3561 2154">
    <p class='ocr_par' dir='ltr' id='par_1_62' title="bbox 1908 2068 3561 2154">
     <span class='ocr_line' id='line_1_62' title="bbox 1908 2068 3561 2154; baseline -0.008 -16"><span class='ocrx_word' id='word_1_486' title='bbox 1908 2100 2051 2138; x_wconf 82' lang='lat' dir='ltr'><strong><em>eum</em></strong></span> <span class='ocrx_word' id='word_1_487' title='bbox 2095 2082 2240 2154; x_wconf 89' lang='lat' dir='ltr'><strong><em>ipsis</em></strong></span> <span class='ocrx_word' id='word_1_488' title='bbox 2288 2080 2524 2152; x_wconf 88' lang='lat' dir='ltr'><strong><em>regibus</em></strong></span> <span class='ocrx_word' id='word_1_489' title='bbox 2557 2096 2591 2134; x_wconf 90' lang='lat' dir='ltr'><strong><em>a</em></strong></span> <span class='ocrx_word' id='word_1_490' title='bbox 2617 2078 2913 2151; x_wconf 89' lang='lat' dir='ltr'><strong><em>perpetuis</em></strong></span> <span class='ocrx_word' id='word_1_491' title='bbox 2958 2074 3197 2149; x_wconf 85' lang='lat' dir='ltr'><strong><em>ignibus</em></strong></span> <span class='ocrx_word' id='word_1_492' title='bbox 3235 2068 3561 2128; x_wconf 84' lang='lat' dir='ltr'><strong><em>liberatur?</em></strong></span> 
     </span>
    </p>
   </div>
   <div class='ocr_carea' id='block_1_63' title="bbox 1918 2161 3562 2242">
    <p class='ocr_par' dir='ltr' id='par_1_63' title="bbox 1918 2161 3562 2242">
     <span class='ocr_line' id='line_1_63' title="bbox 1918 2161 3562 2242; baseline -0.008 -15"><span class='ocrx_word' id='word_1_493' title='bbox 1918 2173 2066 2227; x_wconf 88' lang='lat' dir='ltr'><strong><em>Nam</em></strong></span> <span class='ocrx_word' id='word_1_494' title='bbox 2098 2170 2197 2242; x_wconf 90' lang='lat' dir='ltr'><strong><em>qui</em></strong></span> <span class='ocrx_word' id='word_1_495' title='bbox 2229 2168 2345 2225; x_wconf 90' lang='lat' dir='ltr'><strong><em>illis</em></strong></span> <span class='ocrx_word' id='word_1_496' title='bbox 2374 2166 2729 2235; x_wconf 88' lang='lat' dir='ltr'><strong><em>mentiri,vel</em></strong></span> <span class='ocrx_word' id='word_1_497' title='bbox 2756 2183 2883 2222; x_wconf 90' lang='lat' dir='ltr'><strong><em>esse</em></strong></span> <span class='ocrx_word' id='word_1_498' title='bbox 2913 2163 3182 2220; x_wconf 85' lang='lat' dir='ltr'><strong><em>inﬁdeles</em></strong></span> <span class='ocrx_word' id='word_1_499' title='bbox 3214 2161 3562 2219; x_wconf 86' lang='lat' dir='ltr'><strong><em>convincun-</em></strong></span> 
     </span>
    </p>
   </div>
   <div class='ocr_carea' id='block_1_64' title="bbox 1918 2249 3562 2328">
    <p class='ocr_par' dir='ltr' id='par_1_64' title="bbox 1918 2249 3562 2328">
     <span class='ocr_line' id='line_1_64' title="bbox 1918 2249 3562 2328; baseline -0.007 -12"><span class='ocrx_word' id='word_1_500' title='bbox 1918 2265 2035 2327; x_wconf 87' lang='lat' dir='ltr'><strong><em>tur,</em></strong></span> <span class='ocrx_word' id='word_1_501' title='bbox 2066 2263 2168 2315; x_wconf 90' lang='lat' dir='ltr'><strong><em>aut</em></strong></span> <span class='ocrx_word' id='word_1_502' title='bbox 2196 2258 2289 2314; x_wconf 86' lang='lat' dir='ltr'><strong><em>vix</em></strong></span> <span class='ocrx_word' id='word_1_503' title='bbox 2318 2261 2418 2314; x_wconf 89' lang='lat' dir='ltr'><strong><em>aut</em></strong></span> <span class='ocrx_word' id='word_1_504' title='bbox 2460 2272 2765 2328; x_wconf 88' lang='lat' dir='ltr'><strong><em>nunquam</em></strong></span> <span class='ocrx_word' id='word_1_505' title='bbox 2817 2255 2889 2310; x_wconf 89' lang='lat' dir='ltr'><strong><em>ab</em></strong></span> <span class='ocrx_word' id='word_1_506' title='bbox 2940 2253 3024 2309; x_wconf 91' lang='lat' dir='ltr'><strong><em>eis</em></strong></span> <span class='ocrx_word' id='word_1_507' title='bbox 3065 2252 3258 2308; x_wconf 88' lang='lat' dir='ltr'><strong><em>vivere</em></strong></span> <span class='ocrx_word' id='word_1_508' title='bbox 3306 2249 3562 2322; x_wconf 83' lang='lat' dir='ltr'><strong><em>profecto</em></strong></span> 
     </span>
    </p>
   </div>
   <div class='ocr_carea' id='block_1_65' title="bbox 1921 2336 3562 2418">
    <p class='ocr_par' dir='ltr' id='par_1_65' title="bbox 1921 2336 3562 2418">
     <span class='ocr_line' id='line_1_65' title="bbox 1921 2336 3562 2418; baseline -0.009 -13"><span class='ocrx_word' id='word_1_509' title='bbox 1921 2350 2235 2406; x_wconf 87' lang='lat' dir='ltr'><strong><em>sinuntur:</em></strong></span> <span class='ocrx_word' id='word_1_510' title='bbox 2259 2351 2315 2402; x_wconf 90' lang='lat' dir='ltr'><strong><em>et</em></strong></span> <span class='ocrx_word' id='word_1_511' title='bbox 2346 2346 2638 2418; x_wconf 89' lang='lat' dir='ltr'><strong><em>quomodo</em></strong></span> <span class='ocrx_word' id='word_1_512' title='bbox 2664 2362 2778 2400; x_wconf 91' lang='lat' dir='ltr'><strong><em>non</em></strong></span> <span class='ocrx_word' id='word_1_513' title='bbox 2810 2342 3213 2416; x_wconf 85' lang='lat' dir='ltr'><strong><em>indignentur,</em></strong></span> <span class='ocrx_word' id='word_1_514' title='bbox 3229 2343 3286 2395; x_wconf 92' lang='lat' dir='ltr'><strong><em>et</em></strong></span> <span class='ocrx_word' id='word_1_515' title='bbox 3300 2336 3562 2405; x_wconf 62' lang='lat' dir='ltr'><strong><em>saeviant,</em></strong></span> 
     </span>
    </p>
   </div>
   <div class='ocr_carea' id='block_1_66' title="bbox 1924 2428 3569 2510">
    <p class='ocr_par' dir='ltr' id='par_1_66' title="bbox 1924 2428 3569 2510">
     <span class='ocr_line' id='line_1_66' title="bbox 1924 2428 3569 2510; baseline -0.007 -18"><span class='ocrx_word' id='word_1_516' title='bbox 1924 2438 2160 2510; x_wconf 84' lang='lat' dir='ltr'><strong><em>quando</em></strong></span> <span class='ocrx_word' id='word_1_517' title='bbox 2203 2436 2404 2492; x_wconf 90' lang='lat' dir='ltr'><strong><em>vident</em></strong></span> <span class='ocrx_word' id='word_1_518' title='bbox 2454 2433 2770 2500; x_wconf 89' lang='lat' dir='ltr'><strong><em>Christum,</em></strong></span> <span class='ocrx_word' id='word_1_519' title='bbox 2804 2431 2905 2503; x_wconf 93' lang='lat' dir='ltr'><strong><em>qui</em></strong></span> <span class='ocrx_word' id='word_1_520' title='bbox 2959 2434 3049 2486; x_wconf 87' lang='lat' dir='ltr'><strong><em>est</em></strong></span> <span class='ocrx_word' id='word_1_521' title='bbox 3094 2430 3215 2485; x_wconf 83' lang='lat' dir='ltr'><strong><em>Rex</em></strong></span> <span class='ocrx_word' id='word_1_522' title='bbox 3250 2443 3478 2501; x_wconf 89' lang='lat' dir='ltr'><strong><em>regum,</em></strong></span> <span class='ocrx_word' id='word_1_523' title='bbox 3511 2428 3569 2481; x_wconf 88' lang='lat' dir='ltr'><strong><em>et</em></strong></span> 
     </span>
    </p>
   </div>
   <div class='ocr_carea' id='block_1_67' title="bbox 1924 2512 3565 2589">
    <p class='ocr_par' dir='ltr' id='par_1_67' title="bbox 1924 2512 3565 2589">
     <span class='ocr_line' id='line_1_67' title="bbox 1924 2512 3565 2589; baseline -0.009 -7"><span class='ocrx_word' id='word_1_524' title='bbox 1924 2525 2209 2582; x_wconf 91' lang='lat' dir='ltr'><strong><em>Dominus</em></strong></span> <span class='ocrx_word' id='word_1_525' title='bbox 2266 2522 2722 2589; x_wconf 87' lang='lat' dir='ltr'><strong><em>dominantium,</em></strong></span> <span class='ocrx_word' id='word_1_526' title='bbox 2757 2521 2829 2576; x_wconf 90' lang='lat' dir='ltr'><strong><em>ab</em></strong></span> <span class='ocrx_word' id='word_1_527' title='bbox 2878 2518 3220 2575; x_wconf 90' lang='lat' dir='ltr'><strong><em>hominibus</em></strong></span> <span class='ocrx_word' id='word_1_528' title='bbox 3267 2512 3565 2587; x_wconf 88' lang='lat' dir='ltr'><strong><em>abnegari,</em></strong></span> 
     </span>
    </p>
   </div>
   <div class='ocr_carea' id='block_1_68' title="bbox 1924 2600 3572 2684">
    <p class='ocr_par' dir='ltr' id='par_1_68' title="bbox 1924 2600 3572 2684">
     <span class='ocr_line' id='line_1_68' title="bbox 1924 2600 3572 2684; baseline -0.009 -14"><span class='ocrx_word' id='word_1_529' title='bbox 1924 2614 2114 2681; x_wconf 92' lang='lat' dir='ltr'><strong><em>illudi,</em></strong></span> <span class='ocrx_word' id='word_1_530' title='bbox 2139 2619 2196 2669; x_wconf 91' lang='lat' dir='ltr'><strong><em>et</em></strong></span> <span class='ocrx_word' id='word_1_531' title='bbox 2216 2612 2267 2669; x_wconf 92' lang='lat' dir='ltr'><strong><em>ei</em></strong></span> <span class='ocrx_word' id='word_1_532' title='bbox 2288 2613 2466 2668; x_wconf 84' lang='lat' dir='ltr'><strong><em>ﬁdem</em></strong></span> <span class='ocrx_word' id='word_1_533' title='bbox 2500 2610 2851 2684; x_wconf 90' lang='lat' dir='ltr'><strong><em>promissam</em></strong></span> <span class='ocrx_word' id='word_1_534' title='bbox 2882 2625 2998 2665; x_wconf 90' lang='lat' dir='ltr'><strong><em>non</em></strong></span> <span class='ocrx_word' id='word_1_535' title='bbox 3030 2603 3352 2662; x_wconf 85' lang='lat' dir='ltr'><strong><em>custodiri?</em></strong></span> <span class='ocrx_word' id='word_1_536' title='bbox 3379 2600 3572 2658; x_wconf 91' lang='lat' dir='ltr'><strong><em>Zelen-</em></strong></span> 
     </span>
    </p>
   </div>
   <div class='ocr_carea' id='block_1_69' title="bbox 1924 2692 3569 2773">
    <p class='ocr_par' dir='ltr' id='par_1_69' title="bbox 1924 2692 3569 2773">
     <span class='ocr_line' id='line_1_69' title="bbox 1924 2692 3569 2773; baseline -0.007 -15"><span class='ocrx_word' id='word_1_537' title='bbox 1924 2707 2022 2758; x_wconf 91' lang='lat' dir='ltr'><strong><em>tur</em></strong></span> <span class='ocrx_word' id='word_1_538' title='bbox 2050 2703 2249 2773; x_wconf 86' lang='lat' dir='ltr'><strong><em>itaque</em></strong></span> <span class='ocrx_word' id='word_1_539' title='bbox 2279 2700 2399 2756; x_wconf 92' lang='lat' dir='ltr'><strong><em>zelo</em></strong></span> <span class='ocrx_word' id='word_1_540' title='bbox 2435 2700 2551 2767; x_wconf 91' lang='lat' dir='ltr'><strong><em>Dei,</em></strong></span> <span class='ocrx_word' id='word_1_541' title='bbox 2584 2698 2723 2772; x_wconf 90' lang='lat' dir='ltr'><strong><em>quia</em></strong></span> <span class='ocrx_word' id='word_1_542' title='bbox 2766 2698 2993 2770; x_wconf 88' lang='lat' dir='ltr'><strong><em>seipsos</em></strong></span> <span class='ocrx_word' id='word_1_543' title='bbox 3022 2713 3127 2768; x_wconf 90' lang='lat' dir='ltr'><strong><em>per</em></strong></span> <span class='ocrx_word' id='word_1_544' title='bbox 3155 2692 3451 2749; x_wconf 89' lang='lat' dir='ltr'><strong><em>Christum</em></strong></span> <span class='ocrx_word' id='word_1_545' title='bbox 3482 2705 3569 2746; x_wconf 81' lang='lat' dir='ltr'><strong><em>rc-</em></strong></span> 
     </span>
    </p>
   </div>
   <div class='ocr_carea' id='block_1_70' title="bbox 1926 2778 3572 2860">
    <p class='ocr_par' dir='ltr' id='par_1_70' title="bbox 1926 2778 3572 2860">
     <span class='ocr_line' id='line_1_70' title="bbox 1926 2778 3572 2860; baseline -0.008 -15"><span class='ocrx_word' id='word_1_546' title='bbox 1926 2791 2126 2845; x_wconf 89' lang='lat' dir='ltr'><strong><em>colunt</em></strong></span> <span class='ocrx_word' id='word_1_547' title='bbox 2157 2789 2433 2845; x_wconf 88' lang='lat' dir='ltr'><strong><em>liberatos</em></strong></span> <span class='ocrx_word' id='word_1_548' title='bbox 2455 2788 2771 2860; x_wconf 88' lang='lat' dir='ltr'><strong><em>agehenna</em></strong></span> <span class='ocrx_word' id='word_1_549' title='bbox 2800 2785 2990 2857; x_wconf 88' lang='lat' dir='ltr'><strong><em>magis</em></strong></span> <span class='ocrx_word' id='word_1_550' title='bbox 3022 2799 3200 2854; x_wconf 89' lang='lat' dir='ltr'><strong><em>quam</em></strong></span> <span class='ocrx_word' id='word_1_551' title='bbox 3234 2780 3331 2836; x_wconf 91' lang='lat' dir='ltr'><strong><em>ille</em></strong></span> <span class='ocrx_word' id='word_1_552' title='bbox 3364 2778 3463 2851; x_wconf 90' lang='lat' dir='ltr'><strong><em>qui</em></strong></span> <span class='ocrx_word' id='word_1_553' title='bbox 3486 2781 3572 2833; x_wconf 88' lang='lat' dir='ltr'><strong><em>at-</em></strong></span> 
     </span>
    </p>
   </div>
   <div class='ocr_carea' id='block_1_71' title="bbox 1925 2874 3105 2950">
    <p class='ocr_par' dir='ltr' id='par_1_71' title="bbox 1925 2874 3105 2950">
     <span class='ocr_line' id='line_1_71' title="bbox 1925 2874 3105 2950; baseline -0.007 -16"><span class='ocrx_word' id='word_1_554' title='bbox 1925 2880 2112 2935; x_wconf 89' lang='lat' dir='ltr'><strong><em>tendit</em></strong></span> <span class='ocrx_word' id='word_1_555' title='bbox 2140 2883 2258 2933; x_wconf 89' lang='lat' dir='ltr'><strong><em>tres</em></strong></span> <span class='ocrx_word' id='word_1_556' title='bbox 2288 2893 2499 2950; x_wconf 89' lang='lat' dir='ltr'><strong><em>pueros</em></strong></span> <span class='ocrx_word' id='word_1_557' title='bbox 2530 2882 2756 2946; x_wconf 84' lang='lat' dir='ltr'><strong><em>ereptos</em></strong></span> <span class='ocrx_word' id='word_1_558' title='bbox 2787 2891 2820 2929; x_wconf 89' lang='lat' dir='ltr'><strong><em>a</em></strong></span> <span class='ocrx_word' id='word_1_559' title='bbox 2850 2874 3105 2928; x_wconf 85' lang='lat' dir='ltr'><strong><em>ﬂamma.</em></strong></span> 
     </span>
    </p>
   </div>
   <div class='ocr_carea' id='block_1_72' title="bbox 1998 2954 3573 3038">
    <p class='ocr_par' dir='ltr' id='par_1_72' title="bbox 1998 2954 3573 3038">
     <span class='ocr_line' id='line_1_72' title="bbox 1998 2954 3573 3038; baseline -0.01 -14"><span class='ocrx_word' id='word_1_560' title='bbox 1998 2968 2138 3024; x_wconf 83' lang='lat' dir='ltr'><strong><em>XIX.</em></strong></span> <span class='ocrx_word' id='word_1_561' title='bbox 2173 2967 2320 3033; x_wconf 90' lang='lat' dir='ltr'><strong><em>Quid</em></strong></span> <span class='ocrx_word' id='word_1_562' title='bbox 2344 2967 2479 3038; x_wconf 88' lang='lat' dir='ltr'><strong><em>jure</em></strong></span> <span class='ocrx_word' id='word_1_563' title='bbox 2502 2967 2573 3021; x_wconf 91' lang='lat' dir='ltr'><strong><em>de</em></strong></span> <span class='ocrx_word' id='word_1_564' title='bbox 2599 2964 2690 3019; x_wconf 90' lang='lat' dir='ltr'><strong><em>his</em></strong></span> <span class='ocrx_word' id='word_1_565' title='bbox 2717 2962 3047 3018; x_wconf 85' lang='lat' dir='ltr'><strong><em>faciendum</em></strong></span> <span class='ocrx_word' id='word_1_566' title='bbox 3072 2960 3167 3025; x_wconf 89' lang='lat' dir='ltr'><strong><em>sit,</em></strong></span> <span class='ocrx_word' id='word_1_567' title='bbox 3192 2957 3291 3030; x_wconf 90' lang='lat' dir='ltr'><strong><em>qui</em></strong></span> <span class='ocrx_word' id='word_1_568' title='bbox 3315 2956 3387 3012; x_wconf 88' lang='lat' dir='ltr'><strong><em>ad</em></strong></span> <span class='ocrx_word' id='word_1_569' title='bbox 3416 2954 3573 3011; x_wconf 89' lang='lat' dir='ltr'><strong><em>occi-</em></strong></span> 
     </span>
    </p>
   </div>
   <div class='ocr_carea' id='block_1_73' title="bbox 1930 3044 3569 3127">
    <p class='ocr_par' dir='ltr' id='par_1_73' title="bbox 1930 3044 3569 3127">
     <span class='ocr_line' id='line_1_73' title="bbox 1930 3044 3569 3127; baseline -0.01 -14"><span class='ocrx_word' id='word_1_570' title='bbox 1930 3058 2190 3113; x_wconf 88' lang='lat' dir='ltr'><strong><em>dendum</em></strong></span> <span class='ocrx_word' id='word_1_571' title='bbox 2248 3071 2441 3127; x_wconf 88' lang='lat' dir='ltr'><strong><em>regem</em></strong></span> <span class='ocrx_word' id='word_1_572' title='bbox 2500 3052 2942 3116; x_wconf 85' lang='lat' dir='ltr'><strong><em>insurrexerint,</em></strong></span> <span class='ocrx_word' id='word_1_573' title='bbox 2995 3047 3335 3104; x_wconf 61' lang='lat' dir='ltr'><strong><em>veneranda“:</em></strong></span> <span class='ocrx_word' id='word_1_574' title='bbox 3391 3044 3569 3115; x_wconf 85' lang='lat' dir='ltr'><strong><em>leges,</em></strong></span> 
     </span>
    </p>
   </div>
   <div class='ocr_carea' id='block_1_74' title="bbox 1932 3131 3575 3218">
    <p class='ocr_par' dir='ltr' id='par_1_74' title="bbox 1932 3131 3575 3218">
     <span class='ocr_line' id='line_1_74' title="bbox 1932 3131 3575 3218; baseline -0.009 -17"><span class='ocrx_word' id='word_1_575' title='bbox 1932 3163 2078 3218; x_wconf 91' lang='lat' dir='ltr'><strong><em>quas</em></strong></span> <span class='ocrx_word' id='word_1_576' title='bbox 2110 3145 2325 3217; x_wconf 89' lang='lat' dir='ltr'><strong><em>scripto</em></strong></span> <span class='ocrx_word' id='word_1_577' title='bbox 2358 3143 2682 3208; x_wconf 88' lang='lat' dir='ltr'><strong><em>mittemus,</em></strong></span> <span class='ocrx_word' id='word_1_578' title='bbox 2715 3157 2817 3195; x_wconf 88' lang='lat' dir='ltr'><strong><em>vos</em></strong></span> <span class='ocrx_word' id='word_1_579' title='bbox 2851 3136 3071 3194; x_wconf 71' lang='lat' dir='ltr'><strong><em>affatim</em></strong></span> <span class='ocrx_word' id='word_1_580' title='bbox 3103 3135 3447 3192; x_wconf 88' lang='lat' dir='ltr'><strong><em>edocebunt.</em></strong></span> <span class='ocrx_word' id='word_1_581' title='bbox 3470 3131 3575 3186; x_wconf 90' lang='lat' dir='ltr'><strong><em>Ve-</em></strong></span> 
     </span>
    </p>
   </div>
   <div class='ocr_carea' id='block_1_75' title="bbox 1936 3222 3577 3301">
    <p class='ocr_par' dir='ltr' id='par_1_75' title="bbox 1936 3222 3577 3301">
     <span class='ocr_line' id='line_1_75' title="bbox 1936 3222 3577 3301; baseline -0.01 -11"><span class='ocrx_word' id='word_1_582' title='bbox 1936 3240 2267 3290; x_wconf 87' lang='lat' dir='ltr'><strong><em>rumtamen</em></strong></span> <span class='ocrx_word' id='word_1_583' title='bbox 2299 3232 2409 3287; x_wconf 89' lang='lat' dir='ltr'><strong><em>hoc</em></strong></span> <span class='ocrx_word' id='word_1_584' title='bbox 2441 3232 2499 3286; x_wconf 90' lang='lat' dir='ltr'><strong><em>in</em></strong></span> <span class='ocrx_word' id='word_1_585' title='bbox 2532 3228 2771 3286; x_wconf 87' lang='lat' dir='ltr'><strong><em>arbitrio</em></strong></span> <span class='ocrx_word' id='word_1_586' title='bbox 2803 3227 2956 3301; x_wconf 90' lang='lat' dir='ltr'><strong><em>regis</em></strong></span> <span class='ocrx_word' id='word_1_587' title='bbox 2980 3228 3197 3290; x_wconf 90' lang='lat' dir='ltr'><strong><em>manet,</em></strong></span> <span class='ocrx_word' id='word_1_588' title='bbox 3221 3222 3320 3296; x_wconf 90' lang='lat' dir='ltr'><strong><em>qui</em></strong></span> <span class='ocrx_word' id='word_1_589' title='bbox 3352 3238 3466 3276; x_wconf 92' lang='lat' dir='ltr'><strong><em>non</em></strong></span> <span class='ocrx_word' id='word_1_590' title='bbox 3489 3236 3577 3275; x_wconf 89' lang='lat' dir='ltr'><strong><em>se-</em></strong></span> 
     </span>
    </p>
   </div>
   <div class='ocr_carea' id='block_1_76' title="bbox 1936 3313 3578 3391">
    <p class='ocr_par' dir='ltr' id='par_1_76' title="bbox 1936 3313 3578 3391">
     <span class='ocr_line' id='line_1_76' title="bbox 1936 3313 3578 3391; baseline -0.01 -12"><span class='ocrx_word' id='word_1_591' title='bbox 1936 3323 2050 3379; x_wconf 88' lang='lat' dir='ltr'><strong><em>mel</em></strong></span> <span class='ocrx_word' id='word_1_592' title='bbox 2081 3328 2332 3389; x_wconf 89' lang='lat' dir='ltr'><strong><em>tantum,</em></strong></span> <span class='ocrx_word' id='word_1_593' title='bbox 2362 3321 2463 3377; x_wconf 90' lang='lat' dir='ltr'><strong><em>sed</em></strong></span> <span class='ocrx_word' id='word_1_594' title='bbox 2496 3324 2553 3376; x_wconf 89' lang='lat' dir='ltr'><strong><em>et</em></strong></span> <span class='ocrx_word' id='word_1_595' title='bbox 2582 3317 2916 3391; x_wconf 87' lang='lat' dir='ltr'><strong><em>septuagies</em></strong></span> <span class='ocrx_word' id='word_1_596' title='bbox 2946 3314 3162 3388; x_wconf 88' lang='lat' dir='ltr'><strong><em>septies</em></strong></span> <span class='ocrx_word' id='word_1_597' title='bbox 3193 3313 3363 3369; x_wconf 91' lang='lat' dir='ltr'><strong><em>debet</em></strong></span> <span class='ocrx_word' id='word_1_598' title='bbox 3383 3325 3578 3382; x_wconf 86' lang='lat' dir='ltr'><strong><em>pecea-</em></strong></span> 
     </span>
    </p>
   </div>
   <div class='ocr_carea' id='block_1_77' title="bbox 1934 3395 3577 3481">
    <p class='ocr_par' dir='ltr' id='par_1_77' title="bbox 1934 3395 3577 3481">
     <span class='ocr_line' id='line_1_77' title="bbox 1934 3395 3577 3481; baseline -0.01 -13"><span class='ocrx_word' id='word_1_599' title='bbox 1934 3419 2061 3469; x_wconf 91' lang='lat' dir='ltr'><strong><em>tum</em></strong></span> <span class='ocrx_word' id='word_1_600' title='bbox 2090 3412 2399 3478; x_wconf 90' lang='lat' dir='ltr'><strong><em>dimittere,</em></strong></span> <span class='ocrx_word' id='word_1_601' title='bbox 2427 3411 2597 3481; x_wconf 82' lang='lat' dir='ltr'><strong><em>juxta</em></strong></span> <span class='ocrx_word' id='word_1_602' title='bbox 2652 3407 2807 3480; x_wconf 91' lang='lat' dir='ltr'><strong><em>quod</em></strong></span> <span class='ocrx_word' id='word_1_603' title='bbox 2861 3403 3143 3461; x_wconf 90' lang='lat' dir='ltr'><strong><em>Dominus</em></strong></span> <span class='ocrx_word' id='word_1_604' title='bbox 3178 3402 3235 3456; x_wconf 89' lang='lat' dir='ltr'><strong><em>in</em></strong></span> <span class='ocrx_word' id='word_1_605' title='bbox 3267 3395 3577 3471; x_wconf 89' lang='lat' dir='ltr'><strong><em>Evangelio</em></strong></span> 
     </span>
    </p>
   </div>
   <div class='ocr_carea' id='block_1_78' title="bbox 1936 3489 3575 3565">
    <p class='ocr_par' dir='ltr' id='par_1_78' title="bbox 1936 3489 3575 3565">
     <span class='ocr_line' id='line_1_78' title="bbox 1936 3489 3575 3565; baseline -0.01 -7"><span class='ocrx_word' id='word_1_606' title='bbox 1936 3506 2137 3559; x_wconf 88' lang='lat' dir='ltr'><strong><em>sancto</em></strong></span> <span class='ocrx_word' id='word_1_607' title='bbox 2168 3502 2336 3557; x_wconf 88' lang='lat' dir='ltr'><strong><em>Petro</em></strong></span> <span class='ocrx_word' id='word_1_608' title='bbox 2370 3497 2670 3554; x_wconf 86' lang='lat' dir='ltr'><strong><em>mandavit</em></strong></span> <span class='ocrx_word' id='word_1_609' title='bbox 2701 3515 2714 3552; x_wconf 91' lang='lat'><strong><em>:</em></strong></span> <span class='ocrx_word' id='word_1_610' title='bbox 2750 3497 2890 3552; x_wconf 87' lang='lat' dir='ltr'><strong><em>Nam</em></strong></span> <span class='ocrx_word' id='word_1_611' title='bbox 2942 3495 3033 3549; x_wconf 91' lang='lat' dir='ltr'><strong><em>cui</em></strong></span> <span class='ocrx_word' id='word_1_612' title='bbox 3079 3493 3205 3565; x_wconf 85' lang='lat' dir='ltr'><strong><em>plus</em></strong></span> <span class='ocrx_word' id='word_1_613' title='bbox 3262 3489 3575 3552; x_wconf 84' lang='lat' dir='ltr'><strong><em>dimittitur,</em></strong></span> 
     </span>
    </p>
   </div>
   <div class='ocr_carea' id='block_1_79' title="bbox 1933 3577 3578 3665">
    <p class='ocr_par' dir='ltr' id='par_1_79' title="bbox 1933 3577 3578 3665">
     <span class='ocr_line' id='line_1_79' title="bbox 1933 3577 3578 3665; baseline -0.012 -17"><span class='ocrx_word' id='word_1_614' title='bbox 1933 3593 2060 3665; x_wconf 84' lang='lat' dir='ltr'><strong><em>plus</em></strong></span> <span class='ocrx_word' id='word_1_615' title='bbox 2088 3591 2312 3659; x_wconf 81' lang='lat' dir='ltr'><strong><em>diligit;</em></strong></span> <span class='ocrx_word' id='word_1_616' title='bbox 2344 3594 2402 3645; x_wconf 91' lang='lat' dir='ltr'><strong><em>et</em></strong></span> <span class='ocrx_word' id='word_1_617' title='bbox 2430 3586 2929 3660; x_wconf 89' lang='lat' dir='ltr'><strong><em>quemadmodum</em></strong></span> <span class='ocrx_word' id='word_1_618' title='bbox 2970 3578 3346 3654; x_wconf 90' lang='lat' dir='ltr'><strong><em>Evangelium</em></strong></span> <span class='ocrx_word' id='word_1_619' title='bbox 3390 3577 3578 3665; x_wconf 83' lang='lat' dir='ltr'><strong><em>docet,</em></strong></span> 
     </span>
    </p>
   </div>
   <div class='ocr_carea' id='block_1_80' title="bbox 1938 3664 3585 3742">
    <p class='ocr_par' dir='ltr' id='par_1_80' title="bbox 1938 3664 3585 3742">
     <span class='ocr_line' id='line_1_80' title="bbox 1938 3664 3585 3742; baseline -0.012 -5"><span class='ocrx_word' id='word_1_620' title='bbox 1938 3664 2038 3737; x_wconf 84' lang='lat' dir='ltr'><strong><em>rex</em></strong></span> <span class='ocrx_word' id='word_1_621' title='bbox 2071 3681 2272 3735; x_wconf 88' lang='lat' dir='ltr'><strong><em>decem</em></strong></span> <span class='ocrx_word' id='word_1_622' title='bbox 2306 3678 2491 3733; x_wconf 87' lang='lat' dir='ltr'><strong><em>millia</em></strong></span> <span class='ocrx_word' id='word_1_623' title='bbox 2518 3676 2756 3742; x_wconf 89' lang='lat' dir='ltr'><strong><em>talenta,</em></strong></span> <span class='ocrx_word' id='word_1_624' title='bbox 2790 3675 2850 3729; x_wconf 91' lang='lat' dir='ltr'><strong><em>id</em></strong></span> <span class='ocrx_word' id='word_1_625' title='bbox 2883 3677 2972 3729; x_wconf 87' lang='lat' dir='ltr'><strong><em>est</em></strong></span> <span class='ocrx_word' id='word_1_626' title='bbox 3000 3670 3187 3727; x_wconf 90' lang='lat' dir='ltr'><strong><em>multa</em></strong></span> <span class='ocrx_word' id='word_1_627' title='bbox 3214 3673 3274 3724; x_wconf 89' lang='lat' dir='ltr'><strong><em>et</em></strong></span> <span class='ocrx_word' id='word_1_628' title='bbox 3300 3664 3585 3722; x_wconf 84' lang='lat' dir='ltr'><strong><em>immania</em></strong></span> 
     </span>
    </p>
   </div>
   <div class='ocr_carea' id='block_1_81' title="bbox 1938 3761 3584 3843">
    <p class='ocr_par' dir='ltr' id='par_1_81' title="bbox 1938 3761 3584 3843">
     <span class='ocr_line' id='line_1_81' title="bbox 1938 3761 3584 3843; baseline -0.012 -17"><span class='ocrx_word' id='word_1_629' title='bbox 1938 3774 2177 3843; x_wconf 89' lang='lat' dir='ltr'><strong><em>peccata</em></strong></span> <span class='ocrx_word' id='word_1_630' title='bbox 2205 3783 2515 3823; x_wconf 82' lang='lat' dir='ltr'><strong><em>servonon</em></strong></span> <span class='ocrx_word' id='word_1_631' title='bbox 2548 3765 2887 3830; x_wconf 88' lang='lat' dir='ltr'><strong><em>dimitteret,</em></strong></span> <span class='ocrx_word' id='word_1_632' title='bbox 2922 3762 2971 3817; x_wconf 90' lang='lat' dir='ltr'><strong><em>si</em></strong></span> <span class='ocrx_word' id='word_1_633' title='bbox 3004 3761 3129 3832; x_wconf 91' lang='lat' dir='ltr'><strong><em>ipse</em></strong></span> <span class='ocrx_word' id='word_1_634' title='bbox 3171 3772 3447 3815; x_wconf 89' lang='lat' dir='ltr'><strong><em>conservo</em></strong></span> <span class='ocrx_word' id='word_1_635' title='bbox 3474 3769 3584 3809; x_wconf 90' lang='lat' dir='ltr'><strong><em>suo</em></strong></span> 
     </span>
    </p>
   </div>
   <div class='ocr_carea' id='block_1_82' title="bbox 1940 3843 3589 3921">
    <p class='ocr_par' dir='ltr' id='par_1_82' title="bbox 1940 3843 3589 3921">
     <span class='ocr_line' id='line_1_82' title="bbox 1940 3843 3589 3921; baseline -0.012 -6"><span class='ocrx_word' id='word_1_636' title='bbox 1940 3865 2175 3915; x_wconf 90' lang='lat' dir='ltr'><strong><em>centum</em></strong></span> <span class='ocrx_word' id='word_1_637' title='bbox 2209 3855 2571 3921; x_wconf 90' lang='lat' dir='ltr'><strong><em>denarios,id</em></strong></span> <span class='ocrx_word' id='word_1_638' title='bbox 2608 3857 2698 3909; x_wconf 87' lang='lat' dir='ltr'><strong><em>est</em></strong></span> <span class='ocrx_word' id='word_1_639' title='bbox 2724 3852 2954 3907; x_wconf 90' lang='lat' dir='ltr'><strong><em>minora</em></strong></span> <span class='ocrx_word' id='word_1_640' title='bbox 2982 3848 3279 3905; x_wconf 88' lang='lat' dir='ltr'><strong><em>dimittere</em></strong></span> <span class='ocrx_word' id='word_1_641' title='bbox 3301 3843 3589 3901; x_wconf 88' lang='lat' dir='ltr'><strong><em>noluisset</em></strong></span> 
     </span>
    </p>
   </div>
   <div class='ocr_carea' id='block_1_83' title="bbox 1941 3944 2665 4016">
    <p class='ocr_par' dir='ltr' id='par_1_83' title="bbox 1941 3944 2665 4016">
     <span class='ocr_line' id='line_1_83' title="bbox 1941 3944 2665 4016; baseline -0.011 -14"><span class='ocrx_word' id='word_1_642' title='bbox 1941 3947 2147 4016; x_wconf 82' lang='lat' dir='ltr'><strong><em>(Matth.</em></strong></span> <span class='ocrx_word' id='word_1_643' title='bbox 2180 3961 2350 4010; x_wconf 85' lang='lat' dir='ltr'><strong><em>xvm;</em></strong></span> <span class='ocrx_word' id='word_1_644' title='bbox 2388 3944 2513 3997; x_wconf 89' lang='lat' dir='ltr'><strong><em>Luc.</em></strong></span> <span class='ocrx_word' id='word_1_645' title='bbox 2546 3945 2665 4008; x_wconf 85' lang='lat' dir='ltr'><strong><em>vn).</em></strong></span> 
     </span>
    </p>
   </div>
   <div class='ocr_carea' id='block_1_84' title="bbox 2012 4017 3589 4095">
    <p class='ocr_par' dir='ltr' id='par_1_84' title="bbox 2012 4017 3589 4095">
     <span class='ocr_line' id='line_1_84' title="bbox 2012 4017 3589 4095; baseline -0.01 -7"><span class='ocrx_word' id='word_1_646' title='bbox 2012 4033 2125 4090; x_wconf 84' lang='lat' dir='ltr'><strong><em>XX.</em></strong></span> <span class='ocrx_word' id='word_1_647' title='bbox 2156 4031 2303 4095; x_wconf 85' lang='lat' dir='ltr'><strong><em>Quid</em></strong></span> <span class='ocrx_word' id='word_1_648' title='bbox 2334 4032 2406 4085; x_wconf 91' lang='lat' dir='ltr'><strong><em>de</em></strong></span> <span class='ocrx_word' id='word_1_649' title='bbox 2433 4029 2668 4084; x_wconf 89' lang='lat' dir='ltr'><strong><em>homine</em></strong></span> <span class='ocrx_word' id='word_1_650' title='bbox 2716 4027 2898 4082; x_wconf 90' lang='lat' dir='ltr'><strong><em>libero</em></strong></span> <span class='ocrx_word' id='word_1_651' title='bbox 2938 4023 3330 4095; x_wconf 90' lang='lat' dir='ltr'><strong><em>judicandum</em></strong></span> <span class='ocrx_word' id='word_1_652' title='bbox 3358 4020 3455 4085; x_wconf 88' lang='lat' dir='ltr'><strong><em>sit,</em></strong></span> <span class='ocrx_word' id='word_1_653' title='bbox 3487 4017 3589 4089; x_wconf 92' lang='lat' dir='ltr'><strong><em>qui</em></strong></span> 
     </span>
    </p>
   </div>
   <div class='ocr_carea' id='block_1_85' title="bbox 1944 4105 3591 4193">
    <p class='ocr_par' dir='ltr' id='par_1_85' title="bbox 1944 4105 3591 4193">
     <span class='ocr_line' id='line_1_85' title="bbox 1944 4105 3591 4193; baseline -0.01 -16"><span class='ocrx_word' id='word_1_654' title='bbox 1944 4123 2014 4178; x_wconf 91' lang='lat' dir='ltr'><strong><em>de</em></strong></span> <span class='ocrx_word' id='word_1_655' title='bbox 2036 4120 2225 4193; x_wconf 89' lang='lat' dir='ltr'><strong><em>patria</em></strong></span> <span class='ocrx_word' id='word_1_656' title='bbox 2245 4136 2353 4174; x_wconf 88' lang='lat' dir='ltr'><strong><em>sua</em></strong></span> <span class='ocrx_word' id='word_1_657' title='bbox 2374 4120 2512 4188; x_wconf 83' lang='lat' dir='ltr'><strong><em>luga</em></strong></span> <span class='ocrx_word' id='word_1_658' title='bbox 2531 4116 2734 4188; x_wconf 90' lang='lat' dir='ltr'><strong><em>lapsus</em></strong></span> <span class='ocrx_word' id='word_1_659' title='bbox 2755 4114 2946 4181; x_wconf 87' lang='lat' dir='ltr'><strong><em>fuerit,</em></strong></span> <span class='ocrx_word' id='word_1_660' title='bbox 2964 4115 3013 4168; x_wconf 91' lang='lat' dir='ltr'><strong><em>si</em></strong></span> <span class='ocrx_word' id='word_1_661' title='bbox 3034 4105 3591 4183; x_wconf 80' lang='lat' dir='ltr'><strong><em>comprehendatur?</em></strong></span> 
     </span>
    </p>
   </div>
   <div class='ocr_carea' id='block_1_86' title="bbox 1945 4198 3591 4280">
    <p class='ocr_par' dir='ltr' id='par_1_86' title="bbox 1945 4198 3591 4280">
     <span class='ocr_line' id='line_1_86' title="bbox 1945 4198 3591 4280; baseline -0.012 -14"><span class='ocrx_word' id='word_1_662' title='bbox 1945 4210 2093 4266; x_wconf 91' lang='lat' dir='ltr'><strong><em>nihil</em></strong></span> <span class='ocrx_word' id='word_1_663' title='bbox 2125 4209 2347 4280; x_wconf 89' lang='lat' dir='ltr'><strong><em>utique,</em></strong></span> <span class='ocrx_word' id='word_1_664' title='bbox 2377 4206 2492 4261; x_wconf 89' lang='lat' dir='ltr'><strong><em>nisi</em></strong></span> <span class='ocrx_word' id='word_1_665' title='bbox 2522 4204 2679 4277; x_wconf 89' lang='lat' dir='ltr'><strong><em>quod</em></strong></span> <span class='ocrx_word' id='word_1_666' title='bbox 2716 4203 2874 4276; x_wconf 90' lang='lat' dir='ltr'><strong><em>leges</em></strong></span> <span class='ocrx_word' id='word_1_667' title='bbox 2903 4201 3242 4257; x_wconf 87' lang='lat' dir='ltr'><strong><em>decernunt.</em></strong></span> <span class='ocrx_word' id='word_1_668' title='bbox 3281 4198 3591 4251; x_wconf 89' lang='lat' dir='ltr'><strong><em>Verumta-</em></strong></span> 
     </span>
    </p>
   </div>
   <div class='ocr_carea' id='block_1_87' title="bbox 1944 4282 3592 4363">
    <p class='ocr_par' dir='ltr' id='par_1_87' title="bbox 1944 4282 3592 4363">
     <span class='ocr_line' id='line_1_87' title="bbox 1944 4282 3592 4363; baseline -0.011 -8"><span class='ocrx_word' id='word_1_669' title='bbox 1944 4317 2081 4355; x_wconf 90' lang='lat' dir='ltr'><strong><em>men</em></strong></span> <span class='ocrx_word' id='word_1_670' title='bbox 2114 4298 2333 4353; x_wconf 91' lang='lat' dir='ltr'><strong><em>multes</em></strong></span> <span class='ocrx_word' id='word_1_671' title='bbox 2381 4299 2721 4352; x_wconf 88' lang='lat' dir='ltr'><strong><em>sanctorum</em></strong></span> <span class='ocrx_word' id='word_1_672' title='bbox 2753 4293 2825 4348; x_wconf 93' lang='lat' dir='ltr'><strong><em>de</em></strong></span> <span class='ocrx_word' id='word_1_673' title='bbox 2854 4289 3044 4363; x_wconf 87' lang='lat' dir='ltr'><strong><em>patria</em></strong></span> <span class='ocrx_word' id='word_1_674' title='bbox 3069 4306 3177 4345; x_wconf 90' lang='lat' dir='ltr'><strong><em>sua</em></strong></span> <span class='ocrx_word' id='word_1_675' title='bbox 3204 4285 3412 4351; x_wconf 81' lang='lat' dir='ltr'><strong><em>exisse,</em></strong></span> <span class='ocrx_word' id='word_1_676' title='bbox 3444 4287 3502 4340; x_wconf 91' lang='lat' dir='ltr'><strong><em>et</em></strong></span> <span class='ocrx_word' id='word_1_677' title='bbox 3530 4282 3592 4336; x_wconf 91' lang='lat' dir='ltr'><strong><em>in</em></strong></span> 
     </span>
    </p>
   </div>
   <div class='ocr_carea' id='block_1_88' title="bbox 1948 4372 3597 4449">
    <p class='ocr_par' dir='ltr' id='par_1_88' title="bbox 1948 4372 3597 4449">
     <span class='ocr_line' id='line_1_88' title="bbox 1948 4372 3597 4449; baseline -0.012 -4"><span class='ocrx_word' id='word_1_678' title='bbox 1948 4388 2064 4445; x_wconf 89' lang='lat' dir='ltr'><strong><em>alia</em></strong></span> <span class='ocrx_word' id='word_1_679' title='bbox 2084 4384 2369 4444; x_wconf 86' lang='lat' dir='ltr'><strong><em>celebrius</em></strong></span> <span class='ocrx_word' id='word_1_680' title='bbox 2390 4387 2695 4440; x_wconf 88' lang='lat' dir='ltr'><strong><em>veneratos</em></strong></span> <span class='ocrx_word' id='word_1_681' title='bbox 2717 4381 2920 4448; x_wconf 80' lang='lat' dir='ltr'><strong><em>fuisse,</em></strong></span> <span class='ocrx_word' id='word_1_682' title='bbox 2944 4395 3124 4435; x_wconf 65' lang='lat' dir='ltr'><strong><em>sacra:</em></strong></span> <span class='ocrx_word' id='word_1_683' title='bbox 3146 4376 3400 4449; x_wconf 91' lang='lat' dir='ltr'><strong><em>produnt</em></strong></span> <span class='ocrx_word' id='word_1_684' title='bbox 3418 4372 3597 4427; x_wconf 88' lang='lat' dir='ltr'><strong><em>histo-</em></strong></span> 
     </span>
    </p>
   </div>
   <div class='ocr_carea' id='block_1_89' title="bbox 1948 4460 3594 4545">
    <p class='ocr_par' dir='ltr' id='par_1_89' title="bbox 1948 4460 3594 4545">
     <span class='ocr_line' id='line_1_89' title="bbox 1948 4460 3594 4545; baseline -0.012 -11"><span class='ocrx_word' id='word_1_685' title='bbox 1948 4478 2086 4545; x_wconf 60' lang='lat' dir='ltr'><strong><em>riae;</em></strong></span> <span class='ocrx_word' id='word_1_686' title='bbox 2119 4476 2221 4532; x_wconf 91' lang='lat' dir='ltr'><strong><em>sed</em></strong></span> <span class='ocrx_word' id='word_1_687' title='bbox 2269 4474 2400 4529; x_wconf 86' lang='lat' dir='ltr'><strong><em>aliis</em></strong></span> <span class='ocrx_word' id='word_1_688' title='bbox 2450 4489 2566 4528; x_wconf 91' lang='lat' dir='ltr'><strong><em>non</em></strong></span> <span class='ocrx_word' id='word_1_689' title='bbox 2614 4468 3000 4527; x_wconf 83' lang='lat' dir='ltr'><strong><em>existentibus</em></strong></span> <span class='ocrx_word' id='word_1_690' title='bbox 3057 4464 3251 4521; x_wconf 87' lang='lat' dir='ltr'><strong><em>causis</em></strong></span> <span class='ocrx_word' id='word_1_691' title='bbox 3299 4463 3373 4519; x_wconf 92' lang='lat' dir='ltr'><strong><em>ob</em></strong></span> <span class='ocrx_word' id='word_1_692' title='bbox 3403 4460 3594 4516; x_wconf 88' lang='lat' dir='ltr'><strong><em>solum</em></strong></span> 
     </span>
    </p>
   </div>
   <div class='ocr_carea' id='block_1_90' title="bbox 1950 4547 3596 4634">
    <p class='ocr_par' dir='ltr' id='par_1_90' title="bbox 1950 4547 3596 4634">
     <span class='ocr_line' id='line_1_90' title="bbox 1950 4547 3596 4634; baseline -0.013 -11"><span class='ocrx_word' id='word_1_693' title='bbox 1950 4568 2170 4623; x_wconf 83' lang='lat' dir='ltr'><strong><em>exitum</em></strong></span> <span class='ocrx_word' id='word_1_694' title='bbox 2203 4579 2511 4634; x_wconf 87' lang='lat' dir='ltr'><strong><em>nunquam</em></strong></span> <span class='ocrx_word' id='word_1_695' title='bbox 2543 4557 2865 4632; x_wconf 88' lang='lat' dir='ltr'><strong><em>culpabiles</em></strong></span> <span class='ocrx_word' id='word_1_696' title='bbox 2886 4555 3183 4628; x_wconf 87' lang='lat' dir='ltr'><strong><em>judicatos</em></strong></span> <span class='ocrx_word' id='word_1_697' title='bbox 3213 4547 3596 4613; x_wconf 86' lang='lat' dir='ltr'><strong><em>exstitisse,ni</em></strong></span> 
     </span>
    </p>
   </div>
   <div class='ocr_carea' id='block_1_91' title="bbox 205 4638 3596 4735">
    <p class='ocr_par' dir='ltr' id='par_1_91' title="bbox 205 4638 3596 4735">
     <span class='ocr_line' id='line_1_91' title="bbox 205 4638 3596 4735; baseline -0.008 -21"><span class='ocrx_word' id='word_1_698' title='bbox 205 4659 256 4715; x_wconf 91' lang='lat' dir='ltr'><strong><em>id</em></strong></span> <span class='ocrx_word' id='word_1_699' title='bbox 277 4664 363 4716; x_wconf 91' lang='lat' dir='ltr'><strong><em>est</em></strong></span> <span class='ocrx_word' id='word_1_700' title='bbox 382 4659 641 4734; x_wconf 88' lang='lat' dir='ltr'><strong><em>gentilis,</em></strong></span> <span class='ocrx_word' id='word_1_701' title='bbox 666 4676 732 4715; x_wconf 89' lang='lat' dir='ltr'><strong><em>ac</em></strong></span> <span class='ocrx_word' id='word_1_702' title='bbox 755 4638 857 4732; x_wconf 89' lang='lat' dir='ltr'><strong><em>per</em></strong></span> <span class='ocrx_word' id='word_1_703' title='bbox 874 4658 984 4714; x_wconf 89' lang='lat' dir='ltr'><strong><em>hoc</em></strong></span> <span class='ocrx_word' id='word_1_704' title='bbox 1007 4658 1135 4730; x_wconf 89' lang='lat' dir='ltr'><strong><em>jam</em></strong></span> <span class='ocrx_word' id='word_1_705' title='bbox 1168 4657 1374 4713; x_wconf 86' lang='lat' dir='ltr'><strong><em>merito</em></strong></span> <span class='ocrx_word' id='word_1_706' title='bbox 1397 4674 1498 4730; x_wconf 88' lang='lat' dir='ltr'><strong><em>per</em></strong></span> <span class='ocrx_word' id='word_1_707' title='bbox 1520 4661 1841 4729; x_wconf 85' lang='lat' dir='ltr'><strong><em>potestates</em></strong></span> <span class='ocrx_word' id='word_1_708' title='bbox 1873 4671 1919 4735; x_wconf 71' lang='grc' dir='ltr'><strong><em>ι)</em></strong></span> <span class='ocrx_word' id='word_1_709' title='bbox 1952 4656 2141 4722; x_wconf 74' lang='lat' dir='ltr'><strong><em>fallor,</em></strong></span> <span class='ocrx_word' id='word_1_710' title='bbox 2176 4652 2389 4720; x_wconf 88' lang='lat' dir='ltr'><strong><em>inveni,</em></strong></span> <span class='ocrx_word' id='word_1_711' title='bbox 2415 4648 2737 4722; x_wconf 67' lang='lat' dir='ltr'><strong><em>praesertim</em></strong></span> <span class='ocrx_word' id='word_1_712' title='bbox 2765 4662 2899 4702; x_wconf 89' lang='lat' dir='ltr'><strong><em>cum</em></strong></span> <span class='ocrx_word' id='word_1_713' title='bbox 2928 4641 3174 4735; x_wconf 67' lang='lat' dir='ltr'><strong><em>Abrahae</em></strong></span> <span class='ocrx_word' id='word_1_714' title='bbox 3205 4638 3355 4735; x_wconf 71' lang='lat' dir='ltr'><strong><em>patri</em></strong></span> <span class='ocrx_word' id='word_1_715' title='bbox 3398 4640 3596 4693; x_wconf 88' lang='lat' dir='ltr'><strong><em>nostro</em></strong></span> 
     </span>
    </p>
   </div>
   <div class='ocr_carea' id='block_1_92' title="bbox 204 4745 1845 4821">
    <p class='ocr_par' dir='ltr' id='par_1_92' title="bbox 204 4745 1845 4821">
     <span class='ocr_line' id='line_1_92' title="bbox 204 4745 1845 4821; baseline -0.001 -19"><span class='ocrx_word' id='word_1_716' title='bbox 204 4752 421 4805; x_wconf 81' lang='lat' dir='ltr'><strong><em>exteras</em></strong></span> <span class='ocrx_word' id='word_1_717' title='bbox 464 4753 750 4821; x_wconf 88' lang='lat' dir='ltr'><strong><em>tanquam</em></strong></span> <span class='ocrx_word' id='word_1_718' title='bbox 802 4752 1113 4803; x_wconf 89' lang='lat' dir='ltr'><strong><em>extraneus</em></strong></span> <span class='ocrx_word' id='word_1_719' title='bbox 1163 4745 1549 4818; x_wconf 88' lang='lat' dir='ltr'><strong><em>opprimatur.</em></strong></span> <span class='ocrx_word' id='word_1_720' title='bbox 1584 4746 1845 4819; x_wconf 91' lang='lat' dir='ltr'><strong><em>Denique</em></strong></span> 
     </span>
    </p>
   </div>
   <div class='ocr_carea' id='block_1_93' title="bbox 205 4834 1845 4910">
    <p class='ocr_par' dir='ltr' id='par_1_93' title="bbox 205 4834 1845 4910">
     <span class='ocr_line' id='line_1_93' title="bbox 205 4834 1845 4910; baseline 0 -19"><span class='ocrx_word' id='word_1_721' title='bbox 205 4836 421 4894; x_wconf 88' lang='lat' dir='ltr'><strong><em>certum</em></strong></span> <span class='ocrx_word' id='word_1_722' title='bbox 448 4842 558 4906; x_wconf 89' lang='lat' dir='ltr'><strong><em>est,</em></strong></span> <span class='ocrx_word' id='word_1_723' title='bbox 584 4837 865 4910; x_wconf 86' lang='lat' dir='ltr'><strong><em>quoniam</em></strong></span> <span class='ocrx_word' id='word_1_724' title='bbox 888 4852 1038 4908; x_wconf 67' lang='lat' dir='ltr'><strong><em>saepe</em></strong></span> <span class='ocrx_word' id='word_1_725' title='bbox 1059 4836 1213 4891; x_wconf 90' lang='lat' dir='ltr'><strong><em>Deus</em></strong></span> <span class='ocrx_word' id='word_1_726' title='bbox 1244 4834 1497 4891; x_wconf 86' lang='lat' dir='ltr'><strong><em>concitat</em></strong></span> <span class='ocrx_word' id='word_1_727' title='bbox 1526 4839 1845 4906; x_wconf 86' lang='lat' dir='ltr'><strong><em>potestates</em></strong></span> 
     </span>
    </p>
   </div>
   <div class='ocr_carea' id='block_1_94' title="bbox 207 4924 1846 5000">
    <p class='ocr_par' dir='ltr' id='par_1_94' title="bbox 207 4924 1846 5000">
     <span class='ocr_line' id='line_1_94' title="bbox 207 4924 1846 5000; baseline 0 -20"><span class='ocrx_word' id='word_1_728' title='bbox 207 4926 478 4984; x_wconf 90' lang='lat' dir='ltr'><strong><em>adversus</em></strong></span> <span class='ocrx_word' id='word_1_729' title='bbox 509 4927 893 5000; x_wconf 82' lang='lat' dir='ltr'><strong><em>abnegatores</em></strong></span> <span class='ocrx_word' id='word_1_730' title='bbox 923 4924 1160 4990; x_wconf 89' lang='lat' dir='ltr'><strong><em>Christi,</em></strong></span> <span class='ocrx_word' id='word_1_731' title='bbox 1192 4924 1473 4980; x_wconf 89' lang='lat' dir='ltr'><strong><em>adversus</em></strong></span> <span class='ocrx_word' id='word_1_732' title='bbox 1520 4924 1846 4980; x_wconf 86' lang='lat' dir='ltr'><strong><em>desertores</em></strong></span> 
     </span>
    </p>
   </div>
   <div class='ocr_carea' id='block_1_95' title="bbox 206 5013 1849 5087">
    <p class='ocr_par' dir='ltr' id='par_1_95' title="bbox 206 5013 1849 5087">
     <span class='ocr_line' id='line_1_95' title="bbox 206 5013 1849 5087; baseline -0.002 -17"><span class='ocrx_word' id='word_1_733' title='bbox 206 5013 475 5087; x_wconf 90' lang='lat' dir='ltr'><strong><em>baptismi</em></strong></span> <span class='ocrx_word' id='word_1_734' title='bbox 501 5033 515 5072; x_wconf 91' lang='lat'><strong><em>:</em></strong></span> <span class='ocrx_word' id='word_1_735' title='bbox 540 5020 599 5073; x_wconf 89' lang='lat' dir='ltr'><strong><em>et</em></strong></span> <span class='ocrx_word' id='word_1_736' title='bbox 623 5015 841 5071; x_wconf 90' lang='lat' dir='ltr'><strong><em>idcirco</em></strong></span> <span class='ocrx_word' id='word_1_737' title='bbox 873 5031 1044 5071; x_wconf 90' lang='lat' dir='ltr'><strong><em>nemo</em></strong></span> <span class='ocrx_word' id='word_1_738' title='bbox 1075 5013 1340 5080; x_wconf 88' lang='lat' dir='ltr'><strong><em>miretur,</em></strong></span> <span class='ocrx_word' id='word_1_739' title='bbox 1361 5013 1501 5084; x_wconf 89' lang='lat' dir='ltr'><strong><em>quia</em></strong></span> <span class='ocrx_word' id='word_1_740' title='bbox 1529 5013 1684 5069; x_wconf 92' lang='lat' dir='ltr'><strong><em>Deus</em></strong></span> <span class='ocrx_word' id='word_1_741' title='bbox 1715 5028 1849 5067; x_wconf 87' lang='lat' dir='ltr'><strong><em>con-</em></strong></span> 
     </span>
    </p>
   </div>
   <div class='ocr_carea' id='block_1_96' title="bbox 162 5097 1847 5178">
    <p class='ocr_par' dir='ltr' id='par_1_96' title="bbox 162 5097 1847 5178">
     <span class='ocr_line' id='line_1_96' title="bbox 162 5097 1847 5178; baseline -0.001 -21"><span class='ocrx_word' id='word_1_742' title='bbox 162 5097 172 5105; x_wconf 85' lang='grc'><strong>’</strong></span> <span class='ocrx_word' id='word_1_743' title='bbox 208 5102 360 5173; x_wconf 89' lang='lat' dir='ltr'><strong><em>citat,</em></strong></span> <span class='ocrx_word' id='word_1_744' title='bbox 394 5110 459 5161; x_wconf 91' lang='lat' dir='ltr'><strong><em>ut</em></strong></span> <span class='ocrx_word' id='word_1_745' title='bbox 504 5109 726 5178; x_wconf 89' lang='lat' dir='ltr'><strong><em>ponant</em></strong></span> <span class='ocrx_word' id='word_1_746' title='bbox 776 5104 1049 5171; x_wconf 87' lang='lat' dir='ltr'><strong><em>cervices,</em></strong></span> <span class='ocrx_word' id='word_1_747' title='bbox 1082 5108 1140 5159; x_wconf 86' lang='lat' dir='ltr'><strong><em>et</em></strong></span> <span class='ocrx_word' id='word_1_748' title='bbox 1168 5101 1462 5158; x_wconf 88' lang='lat' dir='ltr'><strong><em>humiliati</em></strong></span> <span class='ocrx_word' id='word_1_749' title='bbox 1504 5101 1744 5157; x_wconf 87' lang='lat' dir='ltr'><strong><em>redeant</em></strong></span> <span class='ocrx_word' id='word_1_750' title='bbox 1774 5102 1847 5156; x_wconf 89' lang='lat' dir='ltr'><strong><em>ad</em></strong></span> 
     </span>
    </p>
   </div>
   <div class='ocr_carea' id='block_1_97' title="bbox 208 5189 1850 5267">
    <p class='ocr_par' dir='ltr' id='par_1_97' title="bbox 208 5189 1850 5267">
     <span class='ocr_line' id='line_1_97' title="bbox 208 5189 1850 5267; baseline -0.002 -20"><span class='ocrx_word' id='word_1_751' title='bbox 208 5192 548 5252; x_wconf 86' lang='lat' dir='ltr'><strong><em>Ecclesiam:</em></strong></span> <span class='ocrx_word' id='word_1_752' title='bbox 575 5194 715 5267; x_wconf 89' lang='lat' dir='ltr'><strong><em>quia</em></strong></span> <span class='ocrx_word' id='word_1_753' title='bbox 734 5198 794 5250; x_wconf 90' lang='lat' dir='ltr'><strong><em>et</em></strong></span> <span class='ocrx_word' id='word_1_754' title='bbox 820 5196 975 5267; x_wconf 82' lang='lat' dir='ltr'><strong><em>Agar</em></strong></span> <span class='ocrx_word' id='word_1_755' title='bbox 997 5208 1131 5248; x_wconf 89' lang='lat' dir='ltr'><strong><em>cum</em></strong></span> <span class='ocrx_word' id='word_1_756' title='bbox 1163 5191 1535 5247; x_wconf 89' lang='lat' dir='ltr'><strong><em>discessisset</em></strong></span> <span class='ocrx_word' id='word_1_757' title='bbox 1555 5207 1589 5246; x_wconf 92' lang='lat' dir='ltr'><strong><em>a</em></strong></span> <span class='ocrx_word' id='word_1_758' title='bbox 1611 5189 1850 5245; x_wconf 90' lang='lat' dir='ltr'><strong><em>domina</em></strong></span> 
     </span>
    </p>
   </div>
   <div class='ocr_carea' id='block_1_98' title="bbox 212 5279 1852 5356">
    <p class='ocr_par' dir='ltr' id='par_1_98' title="bbox 212 5279 1852 5356">
     <span class='ocr_line' id='line_1_98' title="bbox 212 5279 1852 5356; baseline -0.002 -19"><span class='ocrx_word' id='word_1_759' title='bbox 212 5298 313 5339; x_wconf 88' lang='lat' dir='ltr'><strong><em>sua</em></strong></span> <span class='ocrx_word' id='word_1_760' title='bbox 340 5283 593 5340; x_wconf 86' lang='lat' dir='ltr'><strong><em>occurrit</em></strong></span> <span class='ocrx_word' id='word_1_761' title='bbox 620 5284 673 5339; x_wconf 92' lang='lat' dir='ltr'><strong><em>ei</em></strong></span> <span class='ocrx_word' id='word_1_762' title='bbox 704 5281 967 5356; x_wconf 90' lang='lat' dir='ltr'><strong><em>angelus,</em></strong></span> <span class='ocrx_word' id='word_1_763' title='bbox 1001 5286 1058 5338; x_wconf 92' lang='lat' dir='ltr'><strong><em>et</em></strong></span> <span class='ocrx_word' id='word_1_764' title='bbox 1087 5279 1229 5337; x_wconf 84' lang='lat' dir='ltr'><strong><em>dixit</em></strong></span> <span class='ocrx_word' id='word_1_765' title='bbox 1260 5279 1310 5335; x_wconf 90' lang='lat' dir='ltr'><strong><em>ei</em></strong></span> <span class='ocrx_word' id='word_1_766' title='bbox 1346 5296 1359 5335; x_wconf 91' lang='lat'><strong><em>:</em></strong></span> <span class='ocrx_word' id='word_1_767' title='bbox 1393 5279 1534 5348; x_wconf 83' lang='lat' dir='ltr'><strong><em>Quid</em></strong></span> <span class='ocrx_word' id='word_1_768' title='bbox 1563 5287 1656 5345; x_wconf 89' lang='lat' dir='ltr'><strong><em>est,</em></strong></span> <span class='ocrx_word' id='word_1_769' title='bbox 1691 5284 1852 5348; x_wconf 63' lang='lat' dir='ltr'><strong><em>Agar</em></strong></span> 
     </span>
    </p>
   </div>
   <div class='ocr_carea' id='block_1_99' title="bbox 212 5367 1848 5436">
    <p class='ocr_par' dir='ltr' id='par_1_99' title="bbox 212 5367 1848 5436">
     <span class='ocr_line' id='line_1_99' title="bbox 212 5367 1848 5436; baseline -0.001 -12"><span class='ocrx_word' id='word_1_770' title='bbox 212 5372 412 5428; x_wconf 80' lang='lat' dir='ltr'><strong><em>ancilla</em></strong></span> <span class='ocrx_word' id='word_1_771' title='bbox 467 5374 625 5430; x_wconf 71' lang='lat' dir='ltr'><strong><em>Sarae</em></strong></span> <span class='ocrx_word' id='word_1_772' title='bbox 643 5376 670 5426; x_wconf 70' lang='lat'><strong><em>.9</em></strong></span> <span class='ocrx_word' id='word_1_773' title='bbox 719 5372 997 5427; x_wconf 85' lang='lat' dir='ltr'><strong><em>Revertere</em></strong></span> <span class='ocrx_word' id='word_1_774' title='bbox 1053 5370 1122 5425; x_wconf 88' lang='lat' dir='ltr'><strong><em>ad</em></strong></span> <span class='ocrx_word' id='word_1_775' title='bbox 1176 5368 1457 5425; x_wconf 85' lang='lat' dir='ltr'><strong><em>dominam</em></strong></span> <span class='ocrx_word' id='word_1_776' title='bbox 1513 5375 1663 5424; x_wconf 86' lang='lat' dir='ltr'><strong><em>tuam</em></strong></span> <span class='ocrx_word' id='word_1_777' title='bbox 1695 5367 1848 5436; x_wconf 83' lang='lat' dir='ltr'><strong><em>(Gen.</em></strong></span> 
     </span>
    </p>
   </div>
   <div class='ocr_carea' id='block_1_100' title="bbox 198 5455 1854 5533">
    <p class='ocr_par' dir='ltr' id='par_1_100' title="bbox 198 5455 1854 5533">
     <span class='ocr_line' id='line_1_100' title="bbox 198 5455 1854 5533; baseline -0.002 -19"><span class='ocrx_word' id='word_1_778' title='bbox 198 5459 341 5530; x_wconf 72' lang='lat' dir='ltr'><strong><em>xw).</em></strong></span> <span class='ocrx_word' id='word_1_779' title='bbox 363 5462 448 5516; x_wconf 85' lang='lat' dir='ltr'><strong><em>Ad</em></strong></span> <span class='ocrx_word' id='word_1_780' title='bbox 497 5461 609 5516; x_wconf 88' lang='lat' dir='ltr'><strong><em>hoc</em></strong></span> <span class='ocrx_word' id='word_1_781' title='bbox 640 5476 776 5533; x_wconf 89' lang='lat' dir='ltr'><strong><em>ergo</em></strong></span> <span class='ocrx_word' id='word_1_782' title='bbox 830 5459 931 5532; x_wconf 92' lang='lat' dir='ltr'><strong><em>qui</em></strong></span> <span class='ocrx_word' id='word_1_783' title='bbox 958 5456 1302 5531; x_wconf 88' lang='lat' dir='ltr'><strong><em>hujusmodi</em></strong></span> <span class='ocrx_word' id='word_1_784' title='bbox 1333 5461 1423 5512; x_wconf 90' lang='lat' dir='ltr'><strong><em>est</em></strong></span> <span class='ocrx_word' id='word_1_785' title='bbox 1454 5455 1755 5528; x_wconf 83' lang='lat' dir='ltr'><strong><em>afﬂigitur,</em></strong></span> <span class='ocrx_word' id='word_1_786' title='bbox 1789 5460 1854 5511; x_wconf 90' lang='lat' dir='ltr'><strong><em>ut</em></strong></span> 
     </span>
    </p>
   </div>
   <div class='ocr_carea' id='block_1_101' title="bbox 217 5545 1850 5620">
    <p class='ocr_par' dir='ltr' id='par_1_101' title="bbox 217 5545 1850 5620">
     <span class='ocr_line' id='line_1_101' title="bbox 217 5545 1850 5620; baseline -0.001 -19"><span class='ocrx_word' id='word_1_787' title='bbox 217 5553 544 5617; x_wconf 84' lang='lat' dir='ltr'><strong><em>revertatur,</em></strong></span> <span class='ocrx_word' id='word_1_788' title='bbox 579 5554 753 5620; x_wconf 90' lang='lat' dir='ltr'><strong><em>atque</em></strong></span> <span class='ocrx_word' id='word_1_789' title='bbox 781 5548 1006 5604; x_wconf 88' lang='lat' dir='ltr'><strong><em>utinam</em></strong></span> <span class='ocrx_word' id='word_1_790' title='bbox 1039 5549 1383 5611; x_wconf 90' lang='lat' dir='ltr'><strong><em>revertatur,</em></strong></span> <span class='ocrx_word' id='word_1_791' title='bbox 1402 5545 1541 5616; x_wconf 90' lang='lat' dir='ltr'><strong><em>quia</em></strong></span> <span class='ocrx_word' id='word_1_792' title='bbox 1569 5561 1703 5599; x_wconf 90' lang='lat' dir='ltr'><strong><em>cum</em></strong></span> <span class='ocrx_word' id='word_1_793' title='bbox 1737 5545 1850 5600; x_wconf 87' lang='lat' dir='ltr'><strong><em>fra-</em></strong></span> 
     </span>
    </p>
   </div>
   <div class='ocr_carea' id='block_1_102' title="bbox 214 5634 1852 5709">
    <p class='ocr_par' dir='ltr' id='par_1_102' title="bbox 214 5634 1852 5709">
     <span class='ocr_line' id='line_1_102' title="bbox 214 5634 1852 5709; baseline 0 -21"><span class='ocrx_word' id='word_1_794' title='bbox 214 5635 397 5693; x_wconf 89' lang='lat' dir='ltr'><strong><em>tribus</em></strong></span> <span class='ocrx_word' id='word_1_795' title='bbox 425 5637 822 5694; x_wconf 70' lang='lat' dir='ltr'><strong><em>haereditatem</em></strong></span> <span class='ocrx_word' id='word_1_796' title='bbox 854 5636 1203 5709; x_wconf 89' lang='lat' dir='ltr'><strong><em>promissam</em></strong></span> <span class='ocrx_word' id='word_1_797' title='bbox 1238 5634 1478 5705; x_wconf 86' lang='lat' dir='ltr'><strong><em>recipiet</em></strong></span> <span class='ocrx_word' id='word_1_798' title='bbox 1509 5649 1524 5688; x_wconf 89' lang='lat'><strong><em>:</em></strong></span> <span class='ocrx_word' id='word_1_799' title='bbox 1571 5650 1707 5688; x_wconf 89' lang='lat' dir='ltr'><strong><em>nam</em></strong></span> <span class='ocrx_word' id='word_1_800' title='bbox 1739 5634 1852 5689; x_wconf 90' lang='lat' dir='ltr'><strong><em>nisi</em></strong></span> 
     </span>
    </p>
   </div>
   <div class='ocr_carea' id='block_1_103' title="bbox 219 5721 1853 5799">
    <p class='ocr_par' dir='ltr' id='par_1_103' title="bbox 219 5721 1853 5799">
     <span class='ocr_line' id='line_1_103' title="bbox 219 5721 1853 5799; baseline -0.001 -20"><span class='ocrx_word' id='word_1_801' title='bbox 219 5730 579 5782; x_wconf 89' lang='lat' dir='ltr'><strong><em>moverentur</em></strong></span> <span class='ocrx_word' id='word_1_802' title='bbox 608 5729 924 5799; x_wconf 85' lang='lat' dir='ltr'><strong><em>potestates</em></strong></span> <span class='ocrx_word' id='word_1_803' title='bbox 965 5724 1305 5780; x_wconf 79' lang='lat' dir='ltr'><strong><em>Christianae</em></strong></span> <span class='ocrx_word' id='word_1_804' title='bbox 1337 5722 1615 5778; x_wconf 87' lang='lat' dir='ltr'><strong><em>adversus</em></strong></span> <span class='ocrx_word' id='word_1_805' title='bbox 1647 5721 1853 5791; x_wconf 85' lang='lat' dir='ltr'><strong><em>hujus-</em></strong></span> 
     </span>
    </p>
   </div>
   <div class='ocr_carea' id='block_1_104' title="bbox 1954 4727 3599 4806">
    <p class='ocr_par' dir='ltr' id='par_1_104' title="bbox 1954 4727 3599 4806">
     <span class='ocr_line' id='line_1_104' title="bbox 1954 4727 3599 4806; baseline -0.014 -5"><span class='ocrx_word' id='word_1_806' title='bbox 1954 4745 2149 4801; x_wconf 91' lang='lat' dir='ltr'><strong><em>divina</em></strong></span> <span class='ocrx_word' id='word_1_807' title='bbox 2183 4757 2321 4797; x_wconf 88' lang='lat' dir='ltr'><strong><em>voce</em></strong></span> <span class='ocrx_word' id='word_1_808' title='bbox 2350 4741 2615 4795; x_wconf 87' lang='lat' dir='ltr'><strong><em>dicatur:</em></strong></span> <span class='ocrx_word' id='word_1_809' title='bbox 2646 4735 2910 4806; x_wconf 82' lang='lat' dir='ltr'><strong><em>Egredere</em></strong></span> <span class='ocrx_word' id='word_1_810' title='bbox 2939 4733 3003 4789; x_wconf 84' lang='lat' dir='ltr'><strong><em>de</em></strong></span> <span class='ocrx_word' id='word_1_811' title='bbox 3032 4740 3197 4797; x_wconf 87' lang='lat' dir='ltr'><strong><em>terra,</em></strong></span> <span class='ocrx_word' id='word_1_812' title='bbox 3228 4735 3279 4784; x_wconf 93' lang='lat' dir='ltr'><strong><em>et</em></strong></span> <span class='ocrx_word' id='word_1_813' title='bbox 3305 4727 3370 4783; x_wconf 88' lang='lat' dir='ltr'><strong><em>de</em></strong></span> <span class='ocrx_word' id='word_1_814' title='bbox 3398 4741 3599 4795; x_wconf 82' lang='lat' dir='ltr'><strong><em>cogna-</em></strong></span> 
     </span>
    </p>
   </div>
   <div class='ocr_carea' id='block_1_105' title="bbox 1955 4819 3600 4900">
    <p class='ocr_par' dir='ltr' id='par_1_105' title="bbox 1955 4819 3600 4900">
     <span class='ocr_line' id='line_1_105' title="bbox 1955 4819 3600 4900; baseline -0.015 -9"><span class='ocrx_word' id='word_1_815' title='bbox 1955 4837 2098 4891; x_wconf 88' lang='lat' dir='ltr'><strong><em>tione</em></strong></span> <span class='ocrx_word' id='word_1_816' title='bbox 2126 4841 2221 4889; x_wconf 88' lang='lat' dir='ltr'><strong><em>tua</em></strong></span> <span class='ocrx_word' id='word_1_817' title='bbox 2251 4829 2404 4900; x_wconf 86' lang='lat' dir='ltr'><strong><em>(Gen.</em></strong></span> <span class='ocrx_word' id='word_1_818' title='bbox 2435 4832 2536 4895; x_wconf 85' lang='lat' dir='ltr'><strong><em>xu)</em></strong></span> <span class='ocrx_word' id='word_1_819' title='bbox 2563 4845 2576 4882; x_wconf 89' lang='lat'><strong><em>:</em></strong></span> <span class='ocrx_word' id='word_1_820' title='bbox 2610 4832 2668 4881; x_wconf 91' lang='lat' dir='ltr'><strong><em>et</em></strong></span> <span class='ocrx_word' id='word_1_821' title='bbox 2695 4821 2964 4881; x_wconf 88' lang='lat' dir='ltr'><strong><em>nonnulli</em></strong></span> <span class='ocrx_word' id='word_1_822' title='bbox 2994 4821 3230 4876; x_wconf 86' lang='lat' dir='ltr'><strong><em>Patrum</em></strong></span> <span class='ocrx_word' id='word_1_823' title='bbox 3263 4819 3600 4873; x_wconf 88' lang='lat' dir='ltr'><strong><em>nostrorum</em></strong></span> 
     </span>
    </p>
   </div>
   <div class='ocr_carea' id='block_1_106' title="bbox 1956 4901 3604 4992">
    <p class='ocr_par' dir='ltr' id='par_1_106' title="bbox 1956 4901 3604 4992">
     <span class='ocr_line' id='line_1_106' title="bbox 1956 4901 3604 4992; baseline -0.014 -13"><span class='ocrx_word' id='word_1_824' title='bbox 1956 4920 2186 4979; x_wconf 88' lang='lat' dir='ltr'><strong><em>exsules</em></strong></span> <span class='ocrx_word' id='word_1_825' title='bbox 2217 4937 2320 4992; x_wconf 90' lang='lat' dir='ltr'><strong><em>per</em></strong></span> <span class='ocrx_word' id='word_1_826' title='bbox 2344 4917 2630 4991; x_wconf 89' lang='lat' dir='ltr'><strong><em>plurimos</em></strong></span> <span class='ocrx_word' id='word_1_827' title='bbox 2663 4930 2849 4970; x_wconf 90' lang='lat' dir='ltr'><strong><em>annos</em></strong></span> <span class='ocrx_word' id='word_1_828' title='bbox 2864 4911 2925 4966; x_wconf 90' lang='lat' dir='ltr'><strong><em>in</em></strong></span> <span class='ocrx_word' id='word_1_829' title='bbox 2942 4915 3096 4966; x_wconf 91' lang='lat' dir='ltr'><strong><em>terra</em></strong></span> <span class='ocrx_word' id='word_1_830' title='bbox 3111 4923 3227 4963; x_wconf 90' lang='lat' dir='ltr'><strong><em>non</em></strong></span> <span class='ocrx_word' id='word_1_831' title='bbox 3250 4921 3360 4962; x_wconf 88' lang='lat' dir='ltr'><strong><em>sua</em></strong></span> <span class='ocrx_word' id='word_1_832' title='bbox 3378 4901 3604 4958; x_wconf 88' lang='lat' dir='ltr'><strong><em>habita-</em></strong></span> 
     </span>
    </p>
   </div>
   <div class='ocr_carea' id='block_1_107' title="bbox 1954 4990 3604 5080">
    <p class='ocr_par' dir='ltr' id='par_1_107' title="bbox 1954 4990 3604 5080">
     <span class='ocr_line' id='line_1_107' title="bbox 1954 4990 3604 5080; baseline -0.015 -11"><span class='ocrx_word' id='word_1_833' title='bbox 1954 4990 2446 5080; x_wconf 86' lang='lat' dir='ltr'><strong><em>verint;alioquin</em></strong></span> <span class='ocrx_word' id='word_1_834' title='bbox 2477 5006 2626 5061; x_wconf 90' lang='lat' dir='ltr'><strong><em>liber</em></strong></span> <span class='ocrx_word' id='word_1_835' title='bbox 2656 5021 2771 5059; x_wconf 90' lang='lat' dir='ltr'><strong><em>non</em></strong></span> <span class='ocrx_word' id='word_1_836' title='bbox 2802 5005 2916 5067; x_wconf 89' lang='lat' dir='ltr'><strong><em>est,</em></strong></span> <span class='ocrx_word' id='word_1_837' title='bbox 2937 4999 2986 5056; x_wconf 90' lang='lat' dir='ltr'><strong><em>si</em></strong></span> <span class='ocrx_word' id='word_1_838' title='bbox 3012 5000 3083 5054; x_wconf 90' lang='lat' dir='ltr'><strong><em>de</em></strong></span> <span class='ocrx_word' id='word_1_839' title='bbox 3114 4995 3302 5070; x_wconf 90' lang='lat' dir='ltr'><strong><em>patria</em></strong></span> <span class='ocrx_word' id='word_1_840' title='bbox 3333 5009 3442 5050; x_wconf 90' lang='lat' dir='ltr'><strong><em>sua</em></strong></span> <span class='ocrx_word' id='word_1_841' title='bbox 3471 4990 3604 5080; x_wconf 86' lang='lat' dir='ltr'><strong><em>quis</em></strong></span> 
     </span>
    </p>
   </div>
   <div class='ocr_carea' id='block_1_108' title="bbox 1958 5079 3607 5171">
    <p class='ocr_par' dir='ltr' id='par_1_108' title="bbox 1958 5079 3607 5171">
     <span class='ocr_line' id='line_1_108' title="bbox 1958 5079 3607 5171; baseline -0.016 -13"><span class='ocrx_word' id='word_1_842' title='bbox 1958 5120 2073 5158; x_wconf 89' lang='lat' dir='ltr'><strong><em>non</em></strong></span> <span class='ocrx_word' id='word_1_843' title='bbox 2104 5101 2281 5156; x_wconf 89' lang='lat' dir='ltr'><strong><em>audet</em></strong></span> <span class='ocrx_word' id='word_1_844' title='bbox 2311 5079 2721 5171; x_wconf 88' lang='lat' dir='ltr'><strong><em>egredi.Porro</em></strong></span> <span class='ocrx_word' id='word_1_845' title='bbox 2756 5091 2807 5147; x_wconf 83' lang='lat' dir='ltr'><strong><em>si</em></strong></span> <span class='ocrx_word' id='word_1_846' title='bbox 2836 5088 2987 5145; x_wconf 91' lang='lat' dir='ltr'><strong><em>liber</em></strong></span> <span class='ocrx_word' id='word_1_847' title='bbox 3015 5091 3123 5154; x_wconf 90' lang='lat' dir='ltr'><strong><em>est,</em></strong></span> <span class='ocrx_word' id='word_1_848' title='bbox 3142 5090 3199 5141; x_wconf 91' lang='lat' dir='ltr'><strong><em>et</em></strong></span> <span class='ocrx_word' id='word_1_849' title='bbox 3219 5086 3355 5156; x_wconf 86' lang='lat' dir='ltr'><strong><em>jure</em></strong></span> <span class='ocrx_word' id='word_1_850' title='bbox 3385 5079 3607 5171; x_wconf 82' lang='lat' dir='ltr'><strong><em>nullius</em></strong></span> 
     </span>
    </p>
   </div>
   <div class='ocr_carea' id='block_1_109' title="bbox 1959 5166 3605 5247">
    <p class='ocr_par' dir='ltr' id='par_1_109' title="bbox 1959 5166 3605 5247">
     <span class='ocr_line' id='line_1_109' title="bbox 1959 5166 3605 5247; baseline -0.016 0"><span class='ocrx_word' id='word_1_851' title='bbox 1959 5188 2311 5247; x_wconf 90' lang='lat' dir='ltr'><strong><em>conditionis</em></strong></span> <span class='ocrx_word' id='word_1_852' title='bbox 2349 5166 2602 5242; x_wconf 69' lang='lat' dir='ltr'><strong><em>nexibus</em></strong></span> <span class='ocrx_word' id='word_1_853' title='bbox 2652 5184 2883 5237; x_wconf 91' lang='lat' dir='ltr'><strong><em>tenetur</em></strong></span> <span class='ocrx_word' id='word_1_854' title='bbox 2920 5173 3257 5239; x_wconf 88' lang='lat' dir='ltr'><strong><em>obstrictus,</em></strong></span> <span class='ocrx_word' id='word_1_855' title='bbox 3288 5187 3403 5226; x_wconf 88' lang='lat' dir='ltr'><strong><em>non</em></strong></span> <span class='ocrx_word' id='word_1_856' title='bbox 3435 5166 3605 5240; x_wconf 84' lang='lat' dir='ltr'><strong><em>fugit,</em></strong></span> 
     </span>
    </p>
   </div>
   <div class='ocr_carea' id='block_1_110' title="bbox 1960 5255 3603 5348">
    <p class='ocr_par' dir='ltr' id='par_1_110' title="bbox 1960 5255 3603 5348">
     <span class='ocr_line' id='line_1_110' title="bbox 1960 5255 3603 5348; baseline -0.016 -12"><span class='ocrx_word' id='word_1_857' title='bbox 1960 5281 2060 5336; x_wconf 90' lang='lat' dir='ltr'><strong><em>sed</em></strong></span> <span class='ocrx_word' id='word_1_858' title='bbox 2093 5279 2209 5334; x_wconf 86' lang='lat' dir='ltr'><strong><em>exit</em></strong></span> <span class='ocrx_word' id='word_1_859' title='bbox 2241 5278 2311 5332; x_wconf 91' lang='lat' dir='ltr'><strong><em>de</em></strong></span> <span class='ocrx_word' id='word_1_860' title='bbox 2342 5274 2530 5348; x_wconf 88' lang='lat' dir='ltr'><strong><em>patria</em></strong></span> <span class='ocrx_word' id='word_1_861' title='bbox 2557 5288 2684 5337; x_wconf 88' lang='lat' dir='ltr'><strong><em>sua,</em></strong></span> <span class='ocrx_word' id='word_1_862' title='bbox 2718 5264 3219 5341; x_wconf 88' lang='lat' dir='ltr'><strong><em>quemadmodum</em></strong></span> <span class='ocrx_word' id='word_1_863' title='bbox 3252 5264 3309 5316; x_wconf 89' lang='lat' dir='ltr'><strong><em>et</em></strong></span> <span class='ocrx_word' id='word_1_864' title='bbox 3336 5255 3603 5348; x_wconf 67' lang='lat' dir='ltr'><strong><em>Abrahae,</em></strong></span> 
     </span>
    </p>
   </div>
   <div class='ocr_carea' id='block_1_111' title="bbox 1962 5343 3611 5439">
    <p class='ocr_par' dir='ltr' id='par_1_111' title="bbox 1962 5343 3611 5439">
     <span class='ocr_line' id='line_1_111' title="bbox 1962 5343 3611 5439; baseline -0.016 -15"><span class='ocrx_word' id='word_1_865' title='bbox 1962 5386 2076 5423; x_wconf 88' lang='lat' dir='ltr'><strong><em>non</em></strong></span> <span class='ocrx_word' id='word_1_866' title='bbox 2107 5368 2283 5439; x_wconf 86' lang='lat' dir='ltr'><strong><em>Fuge,</em></strong></span> <span class='ocrx_word' id='word_1_867' title='bbox 2318 5343 2418 5421; x_wconf 76' lang='lat' dir='ltr'><strong><em>sed</em></strong></span> <span class='ocrx_word' id='word_1_868' title='bbox 2451 5360 2551 5417; x_wconf 87' lang='lat' dir='ltr'><strong><em>Exi</em></strong></span> <span class='ocrx_word' id='word_1_869' title='bbox 2584 5360 2654 5414; x_wconf 93' lang='lat' dir='ltr'><strong><em>de</em></strong></span> <span class='ocrx_word' id='word_1_870' title='bbox 2683 5362 2839 5413; x_wconf 88' lang='lat' dir='ltr'><strong><em>terra</em></strong></span> <span class='ocrx_word' id='word_1_871' title='bbox 2871 5361 2974 5410; x_wconf 84' lang='lat' dir='ltr'><strong><em>tua</em></strong></span> <span class='ocrx_word' id='word_1_872' title='bbox 3003 5351 3254 5417; x_wconf 87' lang='lat' dir='ltr'><strong><em>dicitur;</em></strong></span> <span class='ocrx_word' id='word_1_873' title='bbox 3288 5345 3442 5419; x_wconf 90' lang='lat' dir='ltr'><strong><em>quod</em></strong></span> 
     </span>
    </p>
   </div>
   <div class='ocr_carea' id='block_1_112' title="bbox 1961 5431 3612 5518">
    <p class='ocr_par' dir='ltr' id='par_1_112' title="bbox 1961 5431 3612 5518">
     <span class='ocr_line' id='line_1_112' title="bbox 1961 5431 3612 5518; baseline -0.016 -5"><span class='ocrx_word' id='word_1_874' title='bbox 1961 5457 2096 5513; x_wconf 80' lang='lat' dir='ltr'><strong><em>fecit</em></strong></span> <span class='ocrx_word' id='word_1_875' title='bbox 2116 5431 2412 5517; x_wconf 72' lang='lat' dir='ltr'><strong><em>obediens,</em></strong></span> <span class='ocrx_word' id='word_1_876' title='bbox 2431 5448 2662 5507; x_wconf 76' lang='lat' dir='ltr'><strong><em>nemine</em></strong></span> <span class='ocrx_word' id='word_1_877' title='bbox 2684 5445 3013 5518; x_wconf 90' lang='lat' dir='ltr'><strong><em>judicante,</em></strong></span> <span class='ocrx_word' id='word_1_878' title='bbox 3028 5455 3263 5514; x_wconf 81' lang='lat' dir='ltr'><strong><em>pcenam</em></strong></span> <span class='ocrx_word' id='word_1_879' title='bbox 3284 5431 3612 5509; x_wconf 90' lang='lat' dir='ltr'><strong><em>quamlibet</em></strong></span> 
     </span>
    </p>
   </div>
   <div class='ocr_carea' id='block_1_113' title="bbox 1963 5534 2965 5618">
    <p class='ocr_par' dir='ltr' id='par_1_113' title="bbox 1963 5534 2965 5618">
     <span class='ocr_line' id='line_1_113' title="bbox 1963 5534 2965 5618; baseline -0.012 -19"><span class='ocrx_word' id='word_1_880' title='bbox 1963 5544 2203 5618; x_wconf 86' lang='lat' dir='ltr'><strong><em>protulit</em></strong></span> <span class='ocrx_word' id='word_1_881' title='bbox 2235 5542 2414 5616; x_wconf 85' lang='lat' dir='ltr'><strong><em>[forte,</em></strong></span> <span class='ocrx_word' id='word_1_882' title='bbox 2448 5537 2704 5612; x_wconf 87' lang='lat' dir='ltr'><strong><em>pertulit,</em></strong></span> <span class='ocrx_word' id='word_1_883' title='bbox 2734 5534 2965 5604; x_wconf 61' lang='lat' dir='ltr'><strong><em>Hann].</em></strong></span> 
     </span>
    </p>
   </div>
   <div class='ocr_carea' id='block_1_114' title="bbox 2032 5610 3613 5694">
    <p class='ocr_par' dir='ltr' id='par_1_114' title="bbox 2032 5610 3613 5694">
     <span class='ocr_line' id='line_1_114' title="bbox 2032 5610 3613 5694; baseline -0.014 -6"><span class='ocrx_word' id='word_1_884' title='bbox 2032 5632 2173 5687; x_wconf 87' lang='lat' dir='ltr'><strong><em>XXI.</em></strong></span> <span class='ocrx_word' id='word_1_885' title='bbox 2207 5610 2265 5686; x_wconf 70' lang='lat' dir='ltr'><strong><em>Si</em></strong></span> <span class='ocrx_word' id='word_1_886' title='bbox 2316 5610 2519 5685; x_wconf 81' lang='lat' dir='ltr'><strong><em>servus</em></strong></span> <span class='ocrx_word' id='word_1_887' title='bbox 2562 5644 2597 5683; x_wconf 90' lang='lat' dir='ltr'><strong><em>a</em></strong></span> <span class='ocrx_word' id='word_1_888' title='bbox 2636 5623 2873 5681; x_wconf 90' lang='lat' dir='ltr'><strong><em>domino</em></strong></span> <span class='ocrx_word' id='word_1_889' title='bbox 2922 5620 3151 5694; x_wconf 79' lang='lat' dir='ltr'><strong><em>fugiens</em></strong></span> <span class='ocrx_word' id='word_1_890' title='bbox 3198 5610 3525 5678; x_wconf 90' lang='lat' dir='ltr'><strong><em>recesserit,</em></strong></span> <span class='ocrx_word' id='word_1_891' title='bbox 3560 5610 3613 5666; x_wconf 91' lang='lat' dir='ltr'><strong><em>si</em></strong></span> 
     </span>
    </p>
   </div>
   <div class='ocr_carea' id='block_1_115' title="bbox 1964 5699 3615 5794">
    <p class='ocr_par' dir='ltr' id='par_1_115' title="bbox 1964 5699 3615 5794">
     <span class='ocr_line' id='line_1_115' title="bbox 1964 5699 3615 5794; baseline -0.013 -15"><span class='ocrx_word' id='word_1_892' title='bbox 1964 5719 2423 5794; x_wconf 67' lang='lat' dir='ltr'><strong><em>comprehensas</em></strong></span> <span class='ocrx_word' id='word_1_893' title='bbox 2454 5714 2648 5787; x_wconf 88' lang='lat' dir='ltr'><strong><em>fuerit,</em></strong></span> <span class='ocrx_word' id='word_1_894' title='bbox 2663 5709 3083 5787; x_wconf 85' lang='lat' dir='ltr'><strong><em>ignoscendum</em></strong></span> <span class='ocrx_word' id='word_1_895' title='bbox 3114 5709 3205 5765; x_wconf 89' lang='lat' dir='ltr'><strong><em>est</em></strong></span> <span class='ocrx_word' id='word_1_896' title='bbox 3223 5704 3276 5763; x_wconf 87' lang='lat' dir='ltr'><strong><em>ei</em></strong></span> <span class='ocrx_word' id='word_1_897' title='bbox 3300 5720 3314 5760; x_wconf 86' lang='lat'><strong><em>:</em></strong></span> <span class='ocrx_word' id='word_1_898' title='bbox 3339 5699 3484 5760; x_wconf 83' lang='lat' dir='ltr'><strong><em>alias</em></strong></span> <span class='ocrx_word' id='word_1_899' title='bbox 3506 5714 3615 5758; x_wconf 86' lang='lat' dir='ltr'><strong><em>au-</em></strong></span> 
     </span>
    </p>
   </div>
  </div>
