  <div class='ocr_page' id='page_1' title='image "/cluster/home/n/w/nwhite01/storage/ocr_20150623/119/uva.x000827049/522.png"; bbox 0 0 3898 6212; ppageno 0'>
   <div class='ocr_carea' id='block_1_1' title="bbox 125 381 256 443">
    <p class='ocr_par' dir='ltr' id='par_1_1' title="bbox 125 381 256 443">
     <span class='ocr_line' id='line_1_1' title="bbox 125 381 256 443; baseline -0.015 0"><span class='ocrx_word' id='word_1_1' title='bbox 125 381 256 443; x_wconf 88' lang='lat'><strong>997</strong></span> 
     </span>
    </p>
   </div>
   <div class='ocr_carea' id='block_1_2' title="bbox 1362 368 2341 435">
    <p class='ocr_par' dir='ltr' id='par_1_2' title="bbox 1362 368 2341 435">
     <span class='ocr_line' id='line_1_2' title="bbox 1362 368 2341 435; baseline -0.007 -1"><span class='ocrx_word' id='word_1_2' title='bbox 1362 371 1770 435; x_wconf 65' lang='lat' dir='ltr'><strong>EPISTOLxE</strong></span> <span class='ocrx_word' id='word_1_3' title='bbox 1813 369 1914 431; x_wconf 88' lang='lat' dir='ltr'><strong>ET</strong></span> <span class='ocrx_word' id='word_1_4' title='bbox 1957 368 2341 430; x_wconf 82' lang='lat' dir='ltr'><strong>DECRETA.</strong></span> 
     </span>
    </p>
   </div>
   <div class='ocr_carea' id='block_1_3' title="bbox 3435 365 3554 425">
    <p class='ocr_par' dir='ltr' id='par_1_3' title="bbox 3435 365 3554 425">
     <span class='ocr_line' id='line_1_3' title="bbox 3435 365 3554 425; baseline -0.008 0"><span class='ocrx_word' id='word_1_5' title='bbox 3435 365 3554 425; x_wconf 90' lang='lat'><strong>998</strong></span> 
     </span>
    </p>
   </div>
   <div class='ocr_carea' id='block_1_4' title="bbox 127 495 3557 581">
    <p class='ocr_par' dir='ltr' id='par_1_4' title="bbox 127 495 3557 581">
     <span class='ocr_line' id='line_1_4' title="bbox 127 495 3557 581; baseline -0.005 -12"><span class='ocrx_word' id='word_1_6' title='bbox 127 526 442 581; x_wconf 81' lang='lat' dir='ltr'><strong>coercere;</strong></span> <span class='ocrx_word' id='word_1_7' title='bbox 477 510 802 568; x_wconf 90' lang='lat' dir='ltr'><strong>notandum</strong></span> <span class='ocrx_word' id='word_1_8' title='bbox 847 512 959 577; x_wconf 90' lang='lat' dir='ltr'><strong>est,</strong></span> <span class='ocrx_word' id='word_1_9' title='bbox 983 508 1137 563; x_wconf 91' lang='lat' dir='ltr'><strong>inter</strong></span> <span class='ocrx_word' id='word_1_10' title='bbox 1181 507 1283 562; x_wconf 92' lang='lat' dir='ltr'><strong>illa</strong></span> <span class='ocrx_word' id='word_1_11' title='bbox 1328 521 1455 578; x_wconf 72' lang='lat' dir='ltr'><strong>qua:</strong></span> <span class='ocrx_word' id='word_1_12' title='bbox 1503 503 1796 578; x_wconf 90' lang='lat' dir='ltr'><strong>prohibita</strong></span> <span class='ocrx_word' id='word_1_13' title='bbox 1825 504 1878 568; x_wconf 79' lang='grc' dir='ltr'>Α</span> <span class='ocrx_word' id='word_1_14' title='bbox 1907 501 2020 556; x_wconf 87' lang='lat' dir='ltr'><strong>nisi</strong></span> <span class='ocrx_word' id='word_1_15' title='bbox 2042 500 2422 573; x_wconf 82' lang='lat' dir='ltr'><strong>reproborum</strong></span> <span class='ocrx_word' id='word_1_16' title='bbox 2455 497 2794 555; x_wconf 78' lang='lat' dir='ltr'><strong>venationes</strong></span> <span class='ocrx_word' id='word_1_17' title='bbox 2831 495 3159 555; x_wconf 79' lang='lat' dir='ltr'><strong>exercuisse</strong></span> <span class='ocrx_word' id='word_1_18' title='bbox 3192 512 3359 555; x_wconf 87' lang='lat' dir='ltr'><strong>sacra</strong></span> <span class='ocrx_word' id='word_1_19' title='bbox 3398 498 3557 554; x_wconf 83' lang='lat' dir='ltr'><strong>desi-</strong></span> 
     </span>
    </p>
   </div>
   <div class='ocr_carea' id='block_1_5' title="bbox 128 594 1797 673">
    <p class='ocr_par' dir='ltr' id='par_1_5' title="bbox 128 594 1797 673">
     <span class='ocr_line' id='line_1_5' title="bbox 128 594 1797 673; baseline -0.007 -14"><span class='ocrx_word' id='word_1_20' title='bbox 128 607 308 669; x_wconf 83' lang='lat' dir='ltr'><strong>sunt,</strong></span> <span class='ocrx_word' id='word_1_21' title='bbox 326 600 505 659; x_wconf 84' lang='lat' dir='ltr'><strong>etiam</strong></span> <span class='ocrx_word' id='word_1_22' title='bbox 529 615 768 673; x_wconf 92' lang='lat' dir='ltr'><strong>porcum</strong></span> <span class='ocrx_word' id='word_1_23' title='bbox 794 596 1232 665; x_wconf 89' lang='lat' dir='ltr'><strong>connumerari;</strong></span> <span class='ocrx_word' id='word_1_24' title='bbox 1259 596 1329 651; x_wconf 93' lang='lat' dir='ltr'><strong>de</strong></span> <span class='ocrx_word' id='word_1_25' title='bbox 1359 612 1478 668; x_wconf 89' lang='lat' dir='ltr'><strong>qua</strong></span> <span class='ocrx_word' id='word_1_26' title='bbox 1504 611 1565 650; x_wconf 90' lang='lat' dir='ltr'><strong>re</strong></span> <span class='ocrx_word' id='word_1_27' title='bbox 1597 594 1797 667; x_wconf 79' lang='lat' dir='ltr'><strong>praefa-</strong></span> 
     </span>
    </p>
   </div>
   <div class='ocr_carea' id='block_1_6' title="bbox 132 694 1798 771">
    <p class='ocr_par' dir='ltr' id='par_1_6' title="bbox 132 694 1798 771">
     <span class='ocr_line' id='line_1_6' title="bbox 132 694 1798 771; baseline -0.005 -16"><span class='ocrx_word' id='word_1_28' title='bbox 132 703 241 757; x_wconf 88' lang='lat' dir='ltr'><strong>tus</strong></span> <span class='ocrx_word' id='word_1_29' title='bbox 272 703 517 757; x_wconf 83' lang='lat' dir='ltr'><strong>sanctus</strong></span> <span class='ocrx_word' id='word_1_30' title='bbox 550 696 917 771; x_wconf 84' lang='lat' dir='ltr'><strong>Augustinus</strong></span> <span class='ocrx_word' id='word_1_31' title='bbox 947 696 1018 752; x_wconf 90' lang='lat' dir='ltr'><strong>de</strong></span> <span class='ocrx_word' id='word_1_32' title='bbox 1062 694 1282 751; x_wconf 66' lang='lat' dir='ltr'><strong>caeteris</strong></span> <span class='ocrx_word' id='word_1_33' title='bbox 1314 694 1546 751; x_wconf 75' lang='lat' dir='ltr'><strong>interim</strong></span> <span class='ocrx_word' id='word_1_34' title='bbox 1579 697 1798 760; x_wconf 79' lang='lat' dir='ltr'>tacens,</span> 
     </span>
    </p>
   </div>
   <div class='ocr_carea' id='block_1_7' title="bbox 137 782 1801 859">
    <p class='ocr_par' dir='ltr' id='par_1_7' title="bbox 137 782 1801 859">
     <span class='ocr_line' id='line_1_7' title="bbox 137 782 1801 859; baseline -0.005 -12"><span class='ocrx_word' id='word_1_35' title='bbox 137 788 415 847; x_wconf 86' lang='lat' dir='ltr'><strong>scribens</strong></span> <span class='ocrx_word' id='word_1_36' title='bbox 437 787 613 845; x_wconf 88' lang='lat' dir='ltr'><strong>etiam</strong></span> <span class='ocrx_word' id='word_1_37' title='bbox 639 786 818 859; x_wconf 87' lang='lat' dir='ltr'><strong>hujus</strong></span> <span class='ocrx_word' id='word_1_38' title='bbox 839 784 1114 841; x_wconf 84' lang='lat' dir='ltr'><strong>animalis</strong></span> <span class='ocrx_word' id='word_1_39' title='bbox 1145 782 1413 840; x_wconf 81' lang='lat' dir='ltr'><strong>meminit</strong></span> <span class='ocrx_word' id='word_1_40' title='bbox 1433 783 1631 839; x_wconf 90' lang='lat' dir='ltr'><strong>dicens</strong></span> <span class='ocrx_word' id='word_1_41' title='bbox 1657 799 1670 839; x_wconf 90' lang='lat'><strong>:</strong></span> <span class='ocrx_word' id='word_1_42' title='bbox 1694 784 1801 839; x_wconf 91' lang='lat' dir='ltr'><strong>Te-</strong></span> 
     </span>
    </p>
   </div>
   <div class='ocr_carea' id='block_1_8' title="bbox 138 871 1806 948">
    <p class='ocr_par' dir='ltr' id='par_1_8' title="bbox 138 871 1806 948">
     <span class='ocr_line' id='line_1_8' title="bbox 138 871 1806 948; baseline -0.006 -12"><span class='ocrx_word' id='word_1_43' title='bbox 138 882 445 936; x_wconf 85' lang='lat' dir='ltr'><strong>stamento</strong></span> <span class='ocrx_word' id='word_1_44' title='bbox 464 875 679 943; x_wconf 84' lang='lat' dir='ltr'><strong>Veteri,</strong></span> <span class='ocrx_word' id='word_1_45' title='bbox 694 874 793 932; x_wconf 92' lang='lat' dir='ltr'><strong>ubi</strong></span> <span class='ocrx_word' id='word_1_46' title='bbox 820 873 1062 948; x_wconf 84' lang='lat' dir='ltr'><strong>quidam</strong></span> <span class='ocrx_word' id='word_1_47' title='bbox 1080 872 1193 929; x_wconf 91' lang='lat' dir='ltr'>cibi</span> <span class='ocrx_word' id='word_1_48' title='bbox 1210 872 1473 928; x_wconf 90' lang='lat' dir='ltr'><strong>carnium</strong></span> <span class='ocrx_word' id='word_1_49' title='bbox 1497 871 1806 945; x_wconf 88' lang='lat' dir='ltr'><strong>prohiben-</strong></span> 
     </span>
    </p>
   </div>
   <div class='ocr_carea' id='block_1_9' title="bbox 138 959 1806 1034">
    <p class='ocr_par' dir='ltr' id='par_1_9' title="bbox 138 959 1806 1034">
     <span class='ocr_line' id='line_1_9' title="bbox 138 959 1806 1034; baseline -0.006 -9"><span class='ocrx_word' id='word_1_50' title='bbox 138 974 268 1034; x_wconf 90' lang='lat' dir='ltr'><strong>tur,</strong></span> <span class='ocrx_word' id='word_1_51' title='bbox 295 985 400 1024; x_wconf 86' lang='lat' dir='ltr'><strong>cur</strong></span> <span class='ocrx_word' id='word_1_52' title='bbox 430 984 545 1023; x_wconf 92' lang='lat' dir='ltr'><strong>non</strong></span> <span class='ocrx_word' id='word_1_53' title='bbox 577 965 654 1022; x_wconf 83' lang='lat' dir='ltr'><strong>sit</strong></span> <span class='ocrx_word' id='word_1_54' title='bbox 684 962 977 1020; x_wconf 90' lang='lat' dir='ltr'><strong>contraria</strong></span> <span class='ocrx_word' id='word_1_55' title='bbox 1022 962 1137 1018; x_wconf 91' lang='lat' dir='ltr'><strong>ista</strong></span> <span class='ocrx_word' id='word_1_56' title='bbox 1183 961 1491 1031; x_wconf 84' lang='lat' dir='ltr'><strong>sententia,</strong></span> <span class='ocrx_word' id='word_1_57' title='bbox 1518 978 1633 1033; x_wconf 90' lang='lat' dir='ltr'><strong>qua</strong></span> <span class='ocrx_word' id='word_1_58' title='bbox 1662 959 1806 1016; x_wconf 88' lang='lat' dir='ltr'>dicit</span> 
     </span>
    </p>
   </div>
   <div class='ocr_carea' id='block_1_10' title="bbox 140 1050 1808 1131">
    <p class='ocr_par' dir='ltr' id='par_1_10' title="bbox 140 1050 1808 1131">
     <span class='ocr_line' id='line_1_10' title="bbox 140 1050 1808 1131; baseline -0.005 -17"><span class='ocrx_word' id='word_1_59' title='bbox 140 1056 469 1131; x_wconf 85' lang='lat' dir='ltr'><strong>Apostolus</strong></span> <span class='ocrx_word' id='word_1_60' title='bbox 494 1073 507 1111; x_wconf 93' lang='lat'><strong>:</strong></span> <span class='ocrx_word' id='word_1_61' title='bbox 534 1055 729 1112; x_wconf 82' lang='lat' dir='ltr'>Omnia</span> <span class='ocrx_word' id='word_1_62' title='bbox 759 1051 964 1108; x_wconf 82' lang='lat' dir='ltr'><strong>munda</strong></span> <span class='ocrx_word' id='word_1_63' title='bbox 991 1050 1236 1119; x_wconf 83' lang='lat' dir='ltr'><strong>mundis,</strong></span> <span class='ocrx_word' id='word_1_64' title='bbox 1269 1059 1319 1107; x_wconf 85' lang='lat' dir='ltr'><strong>et</strong></span> <span class='ocrx_word' id='word_1_65' title='bbox 1349 1052 1527 1108; x_wconf 84' lang='lat' dir='ltr'><strong>omnis</strong></span> <span class='ocrx_word' id='word_1_66' title='bbox 1556 1057 1808 1106; x_wconf 77' lang='lat' dir='ltr'><strong>creatura</strong></span> 
     </span>
    </p>
   </div>
   <div class='ocr_carea' id='block_1_11' title="bbox 145 1139 1810 1214">
    <p class='ocr_par' dir='ltr' id='par_1_11' title="bbox 145 1139 1810 1214">
     <span class='ocr_line' id='line_1_11' title="bbox 145 1139 1810 1214; baseline -0.005 -10"><span class='ocrx_word' id='word_1_67' title='bbox 145 1148 255 1204; x_wconf 85' lang='lat' dir='ltr'><strong>Dei</strong></span> <span class='ocrx_word' id='word_1_68' title='bbox 286 1148 428 1203; x_wconf 81' lang='lat' dir='ltr'><strong>bona</strong></span> <span class='ocrx_word' id='word_1_69' title='bbox 456 1152 535 1202; x_wconf 80' lang='lat' dir='ltr'><strong>est</strong></span> <span class='ocrx_word' id='word_1_70' title='bbox 564 1143 614 1213; x_wconf 88' lang='grc'><strong>(1</strong></span> <span class='ocrx_word' id='word_1_71' title='bbox 644 1144 777 1200; x_wconf 85' lang='lat' dir='ltr'><strong>Tim.</strong></span> <span class='ocrx_word' id='word_1_72' title='bbox 812 1147 910 1211; x_wconf 88' lang='lat' dir='ltr'><strong>1v),</strong></span> <span class='ocrx_word' id='word_1_73' title='bbox 944 1140 994 1198; x_wconf 88' lang='lat' dir='ltr'><strong>si</strong></span> <span class='ocrx_word' id='word_1_74' title='bbox 1033 1144 1300 1214; x_wconf 91' lang='lat' dir='ltr'><strong>possunt,</strong></span> <span class='ocrx_word' id='word_1_75' title='bbox 1341 1139 1670 1212; x_wconf 82' lang='lat' dir='ltr'><strong>intelligant</strong></span> <span class='ocrx_word' id='word_1_76' title='bbox 1699 1139 1810 1195; x_wconf 91' lang='lat' dir='ltr'><strong>hoc</strong></span> 
     </span>
    </p>
   </div>
   <div class='ocr_carea' id='block_1_12' title="bbox 144 1227 1809 1310">
    <p class='ocr_par' dir='ltr' id='par_1_12' title="bbox 144 1227 1809 1310">
     <span class='ocr_line' id='line_1_12' title="bbox 144 1227 1809 1310; baseline -0.007 -16"><span class='ocrx_word' id='word_1_77' title='bbox 144 1234 502 1310; x_wconf 81' lang='lat' dir='ltr'><strong>Apostolum</strong></span> <span class='ocrx_word' id='word_1_78' title='bbox 517 1234 587 1290; x_wconf 90' lang='lat' dir='ltr'><strong>de</strong></span> <span class='ocrx_word' id='word_1_79' title='bbox 603 1232 749 1306; x_wconf 88' lang='lat' dir='ltr'><strong>ipsis</strong></span> <span class='ocrx_word' id='word_1_80' title='bbox 772 1231 989 1288; x_wconf 85' lang='lat' dir='ltr'><strong>dixisse</strong></span> <span class='ocrx_word' id='word_1_81' title='bbox 1011 1230 1269 1299; x_wconf 90' lang='lat' dir='ltr'><strong>naturis;</strong></span> <span class='ocrx_word' id='word_1_82' title='bbox 1288 1228 1405 1286; x_wconf 91' lang='lat' dir='ltr'><strong>illis</strong></span> <span class='ocrx_word' id='word_1_83' title='bbox 1435 1232 1631 1285; x_wconf 89' lang='lat' dir='ltr'><strong>autem</strong></span> <span class='ocrx_word' id='word_1_84' title='bbox 1654 1227 1809 1283; x_wconf 86' lang='lat' dir='ltr'><strong>litte-</strong></span> 
     </span>
    </p>
   </div>
   <div class='ocr_carea' id='block_1_13' title="bbox 147 1325 1809 1408">
    <p class='ocr_par' dir='ltr' id='par_1_13' title="bbox 147 1325 1809 1408">
     <span class='ocr_line' id='line_1_13' title="bbox 147 1325 1809 1408; baseline -0.006 -17"><span class='ocrx_word' id='word_1_85' title='bbox 147 1351 253 1391; x_wconf 86' lang='lat' dir='ltr'><strong>ras</strong></span> <span class='ocrx_word' id='word_1_86' title='bbox 284 1336 521 1408; x_wconf 82' lang='lat' dir='ltr'><strong>propter</strong></span> <span class='ocrx_word' id='word_1_87' title='bbox 553 1329 839 1404; x_wconf 89' lang='lat' dir='ltr'><strong>quasdam</strong></span> <span class='ocrx_word' id='word_1_88' title='bbox 872 1327 1371 1403; x_wconf 71' lang='lat' dir='ltr'><strong>praeﬁgurationes</strong></span> <span class='ocrx_word' id='word_1_89' title='bbox 1393 1325 1641 1399; x_wconf 88' lang='lat' dir='ltr'><strong>tempori</strong></span> <span class='ocrx_word' id='word_1_90' title='bbox 1673 1343 1809 1381; x_wconf 89' lang='lat' dir='ltr'><strong>con-</strong></span> 
     </span>
    </p>
   </div>
   <div class='ocr_carea' id='block_1_14' title="bbox 146 1414 1816 1497">
    <p class='ocr_par' dir='ltr' id='par_1_14' title="bbox 146 1414 1816 1497">
     <span class='ocr_line' id='line_1_14' title="bbox 146 1414 1816 1497; baseline -0.006 -18"><span class='ocrx_word' id='word_1_91' title='bbox 146 1426 437 1497; x_wconf 83' lang='lat' dir='ltr'><strong>gruentes</strong></span> <span class='ocrx_word' id='word_1_92' title='bbox 460 1418 740 1477; x_wconf 79' lang='lat' dir='ltr'><strong>animalia</strong></span> <span class='ocrx_word' id='word_1_93' title='bbox 759 1418 1028 1491; x_wconf 72' lang='lat' dir='ltr'><strong>quaedam</strong></span> <span class='ocrx_word' id='word_1_94' title='bbox 1059 1435 1174 1472; x_wconf 92' lang='lat' dir='ltr'><strong>non</strong></span> <span class='ocrx_word' id='word_1_95' title='bbox 1206 1421 1436 1484; x_wconf 90' lang='lat' dir='ltr'><strong>natura,</strong></span> <span class='ocrx_word' id='word_1_96' title='bbox 1462 1416 1562 1472; x_wconf 92' lang='lat' dir='ltr'><strong>sed</strong></span> <span class='ocrx_word' id='word_1_97' title='bbox 1595 1414 1816 1488; x_wconf 89' lang='lat' dir='ltr'><strong>signiﬁ-</strong></span> 
     </span>
    </p>
   </div>
   <div class='ocr_carea' id='block_1_15' title="bbox 147 1505 1814 1579">
    <p class='ocr_par' dir='ltr' id='par_1_15' title="bbox 147 1505 1814 1579">
     <span class='ocr_line' id='line_1_15' title="bbox 147 1505 1814 1579; baseline -0.006 -10"><span class='ocrx_word' id='word_1_98' title='bbox 147 1513 389 1569; x_wconf 88' lang='lat' dir='ltr'><strong>catione</strong></span> <span class='ocrx_word' id='word_1_99' title='bbox 416 1510 725 1566; x_wconf 88' lang='lat' dir='ltr'><strong>immunda</strong></span> <span class='ocrx_word' id='word_1_100' title='bbox 744 1508 983 1563; x_wconf 80' lang='lat' dir='ltr'><strong>dixisse.</strong></span> <span class='ocrx_word' id='word_1_101' title='bbox 1007 1507 1210 1579; x_wconf 86' lang='lat' dir='ltr'><strong>Itaque</strong></span> <span class='ocrx_word' id='word_1_102' title='bbox 1242 1506 1401 1561; x_wconf 87' lang='lat' dir='ltr'><strong>verbi</strong></span> <span class='ocrx_word' id='word_1_103' title='bbox 1427 1505 1636 1578; x_wconf 87' lang='lat' dir='ltr'><strong>gratia,</strong></span> <span class='ocrx_word' id='word_1_104' title='bbox 1662 1505 1709 1560; x_wconf 90' lang='lat' dir='ltr'><strong>si</strong></span> <span class='ocrx_word' id='word_1_105' title='bbox 1743 1505 1814 1560; x_wconf 91' lang='lat' dir='ltr'><strong>de</strong></span> 
     </span>
    </p>
   </div>
   <div class='ocr_carea' id='block_1_16' title="bbox 146 1594 1813 1674">
    <p class='ocr_par' dir='ltr' id='par_1_16' title="bbox 146 1594 1813 1674">
     <span class='ocr_line' id='line_1_16' title="bbox 146 1594 1813 1674; baseline -0.005 -17"><span class='ocrx_word' id='word_1_106' title='bbox 146 1617 336 1674; x_wconf 90' lang='lat' dir='ltr'><strong>porco</strong></span> <span class='ocrx_word' id='word_1_107' title='bbox 353 1604 409 1658; x_wconf 87' lang='lat' dir='ltr'><strong>et</strong></span> <span class='ocrx_word' id='word_1_108' title='bbox 424 1615 573 1672; x_wconf 89' lang='lat' dir='ltr'><strong>agno</strong></span> <span class='ocrx_word' id='word_1_109' title='bbox 591 1597 946 1671; x_wconf 89' lang='lat' dir='ltr'><strong>requiratur,</strong></span> <span class='ocrx_word' id='word_1_110' title='bbox 963 1600 1279 1669; x_wconf 92' lang='lat' dir='ltr'><strong>utrumque</strong></span> <span class='ocrx_word' id='word_1_111' title='bbox 1296 1600 1506 1650; x_wconf 89' lang='lat' dir='ltr'><strong>natura</strong></span> <span class='ocrx_word' id='word_1_112' title='bbox 1523 1594 1813 1651; x_wconf 91' lang='lat' dir='ltr'><strong>mundum</strong></span> 
     </span>
    </p>
   </div>
   <div class='ocr_carea' id='block_1_17' title="bbox 150 1683 1814 1762">
    <p class='ocr_par' dir='ltr' id='par_1_17' title="bbox 150 1683 1814 1762">
     <span class='ocr_line' id='line_1_17' title="bbox 150 1683 1814 1762; baseline -0.004 -16"><span class='ocrx_word' id='word_1_113' title='bbox 150 1695 281 1759; x_wconf 86' lang='lat' dir='ltr'><strong>est;</strong></span> <span class='ocrx_word' id='word_1_114' title='bbox 307 1688 445 1762; x_wconf 87' lang='lat' dir='ltr'><strong>quia</strong></span> <span class='ocrx_word' id='word_1_115' title='bbox 464 1689 660 1753; x_wconf 83' lang='lat' dir='ltr'><strong>omnis,</strong></span> <span class='ocrx_word' id='word_1_116' title='bbox 674 1694 928 1742; x_wconf 80' lang='lat' dir='ltr'><strong>creatura</strong></span> <span class='ocrx_word' id='word_1_117' title='bbox 948 1685 1048 1741; x_wconf 91' lang='lat' dir='ltr'><strong>Dei</strong></span> <span class='ocrx_word' id='word_1_118' title='bbox 1067 1686 1208 1740; x_wconf 86' lang='lat' dir='ltr'><strong>bona</strong></span> <span class='ocrx_word' id='word_1_119' title='bbox 1229 1692 1306 1740; x_wconf 85' lang='lat' dir='ltr'><strong>est</strong></span> <span class='ocrx_word' id='word_1_120' title='bbox 1323 1683 1532 1756; x_wconf 85' lang='lat' dir='ltr'><strong>(ibid.‘:</strong></span> <span class='ocrx_word' id='word_1_121' title='bbox 1559 1684 1814 1754; x_wconf 86' lang='lat' dir='ltr'><strong>quadam</strong></span> 
     </span>
    </p>
   </div>
   <div class='ocr_carea' id='block_1_18' title="bbox 150 1771 1815 1851">
    <p class='ocr_par' dir='ltr' id='par_1_18' title="bbox 150 1771 1815 1851">
     <span class='ocr_line' id='line_1_18' title="bbox 150 1771 1815 1851; baseline -0.006 -15"><span class='ocrx_word' id='word_1_122' title='bbox 150 1795 300 1835; x_wconf 85' lang='lat' dir='ltr'><strong>vero</strong></span> <span class='ocrx_word' id='word_1_123' title='bbox 330 1776 758 1851; x_wconf 89' lang='lat' dir='ltr'><strong>signiﬁcatione</strong></span> <span class='ocrx_word' id='word_1_124' title='bbox 788 1791 979 1848; x_wconf 88' lang='lat' dir='ltr'><strong>agnus</strong></span> <span class='ocrx_word' id='word_1_125' title='bbox 1008 1774 1287 1842; x_wconf 91' lang='lat' dir='ltr'><strong>mundus,</strong></span> <span class='ocrx_word' id='word_1_126' title='bbox 1310 1789 1524 1845; x_wconf 90' lang='lat' dir='ltr'><strong>porcus</strong></span> <span class='ocrx_word' id='word_1_127' title='bbox 1552 1771 1815 1827; x_wconf 83' lang='lat' dir='ltr'><strong>immun-</strong></span> 
     </span>
    </p>
   </div>
   <div class='ocr_carea' id='block_1_19' title="bbox 155 1860 1898 1941">
    <p class='ocr_par' dir='ltr' id='par_1_19' title="bbox 155 1860 1898 1941">
     <span class='ocr_line' id='line_1_19' title="bbox 155 1860 1898 1941; baseline -0.005 -18"><span class='ocrx_word' id='word_1_128' title='bbox 155 1869 282 1924; x_wconf 90' lang='lat' dir='ltr'><strong>dus</strong></span> <span class='ocrx_word' id='word_1_129' title='bbox 312 1870 429 1934; x_wconf 89' lang='lat' dir='ltr'><strong>est;</strong></span> <span class='ocrx_word' id='word_1_130' title='bbox 454 1869 738 1937; x_wconf 86' lang='lat' dir='ltr'><strong>tanquam</strong></span> <span class='ocrx_word' id='word_1_131' title='bbox 761 1862 809 1919; x_wconf 91' lang='lat' dir='ltr'><strong>si</strong></span> <span class='ocrx_word' id='word_1_132' title='bbox 842 1862 1090 1919; x_wconf 89' lang='lat' dir='ltr'><strong>stultum</strong></span> <span class='ocrx_word' id='word_1_133' title='bbox 1120 1867 1177 1918; x_wconf 90' lang='lat' dir='ltr'><strong>et</strong></span> <span class='ocrx_word' id='word_1_134' title='bbox 1207 1861 1531 1934; x_wconf 89' lang='lat' dir='ltr'><strong>sapientem</strong></span> <span class='ocrx_word' id='word_1_135' title='bbox 1554 1860 1814 1916; x_wconf 86' lang='lat' dir='ltr'><strong>diceres:</strong></span> <span class='ocrx_word' id='word_1_136' title='bbox 1850 1876 1898 1941; x_wconf 79' lang='grc' dir='ltr'><strong>Β</strong></span> 
     </span>
    </p>
   </div>
   <div class='ocr_carea' id='block_1_20' title="bbox 160 1949 1822 2028">
    <p class='ocr_par' dir='ltr' id='par_1_20' title="bbox 160 1949 1822 2028">
     <span class='ocr_line' id='line_1_20' title="bbox 160 1949 1822 2028; baseline -0.005 -16"><span class='ocrx_word' id='word_1_137' title='bbox 160 1961 491 2028; x_wconf 87' lang='lat' dir='ltr'><strong>utrumque</strong></span> <span class='ocrx_word' id='word_1_138' title='bbox 510 1953 621 2009; x_wconf 90' lang='lat' dir='ltr'><strong>hoc</strong></span> <span class='ocrx_word' id='word_1_139' title='bbox 641 1952 883 2009; x_wconf 85' lang='lat' dir='ltr'><strong>verbum</strong></span> <span class='ocrx_word' id='word_1_140' title='bbox 906 1955 1117 2007; x_wconf 89' lang='lat' dir='ltr'><strong>natura</strong></span> <span class='ocrx_word' id='word_1_141' title='bbox 1130 1950 1305 2019; x_wconf 89' lang='lat' dir='ltr'><strong>vocis,</strong></span> <span class='ocrx_word' id='word_1_142' title='bbox 1324 1954 1382 2006; x_wconf 92' lang='lat' dir='ltr'><strong>et</strong></span> <span class='ocrx_word' id='word_1_143' title='bbox 1402 1949 1748 2018; x_wconf 85' lang='lat' dir='ltr'><strong>litterarum,</strong></span> <span class='ocrx_word' id='word_1_144' title='bbox 1764 1952 1822 2005; x_wconf 91' lang='lat' dir='ltr'><strong>et</strong></span> 
     </span>
    </p>
   </div>
   <div class='ocr_carea' id='block_1_21' title="bbox 160 2046 1823 2128">
    <p class='ocr_par' dir='ltr' id='par_1_21' title="bbox 160 2046 1823 2128">
     <span class='ocr_line' id='line_1_21' title="bbox 160 2046 1823 2128; baseline -0.005 -19"><span class='ocrx_word' id='word_1_145' title='bbox 160 2053 525 2128; x_wconf 78' lang='lat' dir='ltr'><strong>syllabarum</strong></span> <span class='ocrx_word' id='word_1_146' title='bbox 559 2051 777 2123; x_wconf 89' lang='lat' dir='ltr'><strong>quibus</strong></span> <span class='ocrx_word' id='word_1_147' title='bbox 807 2052 1055 2117; x_wconf 90' lang='lat' dir='ltr'><strong>constat,</strong></span> <span class='ocrx_word' id='word_1_148' title='bbox 1071 2049 1274 2121; x_wconf 90' lang='lat' dir='ltr'><strong>utique</strong></span> <span class='ocrx_word' id='word_1_149' title='bbox 1300 2048 1587 2103; x_wconf 90' lang='lat' dir='ltr'><strong>mundum</strong></span> <span class='ocrx_word' id='word_1_150' title='bbox 1609 2051 1725 2115; x_wconf 89' lang='lat' dir='ltr'><strong>est;</strong></span> <span class='ocrx_word' id='word_1_151' title='bbox 1749 2046 1823 2101; x_wconf 84' lang='lat' dir='ltr'><strong>si-</strong></span> 
     </span>
    </p>
   </div>
   <div class='ocr_carea' id='block_1_22' title="bbox 161 2134 1823 2218">
    <p class='ocr_par' dir='ltr' id='par_1_22' title="bbox 161 2134 1823 2218">
     <span class='ocr_line' id='line_1_22' title="bbox 161 2134 1823 2218; baseline -0.004 -20"><span class='ocrx_word' id='word_1_152' title='bbox 161 2142 545 2218; x_wconf 84' lang='lat' dir='ltr'><strong>gniﬁcatione</strong></span> <span class='ocrx_word' id='word_1_153' title='bbox 567 2143 763 2196; x_wconf 82' lang='lat' dir='ltr'><strong>autem</strong></span> <span class='ocrx_word' id='word_1_154' title='bbox 787 2156 973 2195; x_wconf 90' lang='lat' dir='ltr'><strong>unum</strong></span> <span class='ocrx_word' id='word_1_155' title='bbox 994 2138 1205 2194; x_wconf 90' lang='lat' dir='ltr'><strong>horum</strong></span> <span class='ocrx_word' id='word_1_156' title='bbox 1226 2137 1654 2209; x_wconf 87' lang='lat' dir='ltr'><strong>vcrbum.quod</strong></span> <span class='ocrx_word' id='word_1_157' title='bbox 1685 2134 1823 2191; x_wconf 90' lang='lat' dir='ltr'><strong>dici-</strong></span> 
     </span>
    </p>
   </div>
   <div class='ocr_carea' id='block_1_23' title="bbox 164 2224 1845 2300">
    <p class='ocr_par' dir='ltr' id='par_1_23' title="bbox 164 2224 1845 2300">
     <span class='ocr_line' id='line_1_23' title="bbox 164 2224 1845 2300; baseline -0.005 -11"><span class='ocrx_word' id='word_1_158' title='bbox 164 2237 270 2288; x_wconf 90' lang='lat' dir='ltr'><strong>tur</strong></span> <span class='ocrx_word' id='word_1_159' title='bbox 290 2230 559 2299; x_wconf 89' lang='lat' dir='ltr'><strong>stultum,</strong></span> <span class='ocrx_word' id='word_1_160' title='bbox 574 2229 950 2284; x_wconf 91' lang='lat' dir='ltr'><strong>immundum</strong></span> <span class='ocrx_word' id='word_1_161' title='bbox 976 2227 1088 2284; x_wconf 91' lang='lat' dir='ltr'><strong>dici</strong></span> <span class='ocrx_word' id='word_1_162' title='bbox 1113 2230 1321 2300; x_wconf 89' lang='lat' dir='ltr'><strong>potest,</strong></span> <span class='ocrx_word' id='word_1_163' title='bbox 1337 2243 1452 2282; x_wconf 92' lang='lat' dir='ltr'><strong>non</strong></span> <span class='ocrx_word' id='word_1_164' title='bbox 1476 2230 1685 2282; x_wconf 90' lang='lat' dir='ltr'><strong>natura</strong></span> <span class='ocrx_word' id='word_1_165' title='bbox 1704 2225 1818 2293; x_wconf 88' lang='lat' dir='ltr'><strong>sui,</strong></span> <span class='ocrx_word' id='word_1_166' title='bbox 1844 2224 1845 2229; x_wconf 61' lang='grc'><em>“</em></span> 
     </span>
    </p>
   </div>
   <div class='ocr_carea' id='block_1_24' title="bbox 164 2315 1824 2393">
    <p class='ocr_par' dir='ltr' id='par_1_24' title="bbox 164 2315 1824 2393">
     <span class='ocr_line' id='line_1_24' title="bbox 164 2315 1824 2393; baseline -0.005 -15"><span class='ocrx_word' id='word_1_167' title='bbox 164 2322 277 2378; x_wconf 90' lang='lat' dir='ltr'><strong>sed</strong></span> <span class='ocrx_word' id='word_1_168' title='bbox 295 2319 574 2393; x_wconf 87' lang='lat' dir='ltr'><strong>quoniam</strong></span> <span class='ocrx_word' id='word_1_169' title='bbox 591 2317 874 2390; x_wconf 90' lang='lat' dir='ltr'><strong>quiddam</strong></span> <span class='ocrx_word' id='word_1_170' title='bbox 887 2317 1261 2372; x_wconf 89' lang='lat' dir='ltr'><strong>immundum</strong></span> <span class='ocrx_word' id='word_1_171' title='bbox 1287 2315 1610 2388; x_wconf 88' lang='lat' dir='ltr'><strong>signiﬁcat:</strong></span> <span class='ocrx_word' id='word_1_172' title='bbox 1635 2320 1691 2371; x_wconf 89' lang='lat' dir='ltr'><strong>et</strong></span> <span class='ocrx_word' id='word_1_173' title='bbox 1712 2317 1824 2371; x_wconf 88' lang='lat' dir='ltr'><strong>for-</strong></span> 
     </span>
    </p>
   </div>
   <div class='ocr_carea' id='block_1_25' title="bbox 164 2404 1824 2483">
    <p class='ocr_par' dir='ltr' id='par_1_25' title="bbox 164 2404 1824 2483">
     <span class='ocr_line' id='line_1_25' title="bbox 164 2404 1824 2483; baseline -0.005 -16"><span class='ocrx_word' id='word_1_174' title='bbox 164 2417 331 2467; x_wconf 89' lang='lat' dir='ltr'><strong>tasse</strong></span> <span class='ocrx_word' id='word_1_175' title='bbox 353 2408 510 2483; x_wconf 90' lang='lat' dir='ltr'><strong>quod</strong></span> <span class='ocrx_word' id='word_1_176' title='bbox 532 2412 620 2463; x_wconf 89' lang='lat' dir='ltr'><strong>est</strong></span> <span class='ocrx_word' id='word_1_177' title='bbox 640 2407 698 2462; x_wconf 90' lang='lat' dir='ltr'><strong>in</strong></span> <span class='ocrx_word' id='word_1_178' title='bbox 724 2423 919 2463; x_wconf 90' lang='lat' dir='ltr'><strong>rerum</strong></span> <span class='ocrx_word' id='word_1_179' title='bbox 942 2406 1145 2479; x_wconf 87' lang='lat' dir='ltr'><strong>ﬁguris</strong></span> <span class='ocrx_word' id='word_1_180' title='bbox 1166 2423 1399 2479; x_wconf 91' lang='lat' dir='ltr'><strong>porcus,</strong></span> <span class='ocrx_word' id='word_1_181' title='bbox 1417 2404 1527 2461; x_wconf 91' lang='lat' dir='ltr'><strong>hoc</strong></span> <span class='ocrx_word' id='word_1_182' title='bbox 1548 2411 1634 2461; x_wconf 87' lang='lat' dir='ltr'><strong>est</strong></span> <span class='ocrx_word' id='word_1_183' title='bbox 1659 2406 1715 2460; x_wconf 93' lang='lat' dir='ltr'><strong>in</strong></span> <span class='ocrx_word' id='word_1_184' title='bbox 1740 2421 1824 2460; x_wconf 88' lang='lat' dir='ltr'><strong>re-</strong></span> 
     </span>
    </p>
   </div>
   <div class='ocr_carea' id='block_1_26' title="bbox 169 2486 1821 2571">
    <p class='ocr_par' dir='ltr' id='par_1_26' title="bbox 169 2486 1821 2571">
     <span class='ocr_line' id='line_1_26' title="bbox 169 2486 1821 2571; baseline -0.005 -15"><span class='ocrx_word' id='word_1_185' title='bbox 169 2517 307 2556; x_wconf 91' lang='lat' dir='ltr'><strong>rum</strong></span> <span class='ocrx_word' id='word_1_186' title='bbox 332 2513 541 2571; x_wconf 86' lang='lat' dir='ltr'><strong>genere</strong></span> <span class='ocrx_word' id='word_1_187' title='bbox 564 2495 809 2563; x_wconf 90' lang='lat' dir='ltr'><strong>stultus;</strong></span> <span class='ocrx_word' id='word_1_188' title='bbox 835 2500 890 2551; x_wconf 92' lang='lat' dir='ltr'><strong>et</strong></span> <span class='ocrx_word' id='word_1_189' title='bbox 911 2486 1030 2551; x_wconf 86' lang='lat' dir='ltr'><strong>tam</strong></span> <span class='ocrx_word' id='word_1_190' title='bbox 1062 2495 1205 2551; x_wconf 91' lang='lat' dir='ltr'><strong>illud</strong></span> <span class='ocrx_word' id='word_1_191' title='bbox 1237 2494 1477 2561; x_wconf 86' lang='lat' dir='ltr'><strong>animal,</strong></span> <span class='ocrx_word' id='word_1_192' title='bbox 1501 2512 1677 2567; x_wconf 87' lang='lat' dir='ltr'><strong>quam</strong></span> <span class='ocrx_word' id='word_1_193' title='bbox 1698 2494 1821 2549; x_wconf 78' lang='lat' dir='ltr'><strong>istas</strong></span> 
     </span>
    </p>
   </div>
   <div class='ocr_carea' id='block_1_27' title="bbox 168 2584 1823 2660">
    <p class='ocr_par' dir='ltr' id='par_1_27' title="bbox 168 2584 1823 2660">
     <span class='ocr_line' id='line_1_27' title="bbox 168 2584 1823 2660; baseline -0.005 -15"><span class='ocrx_word' id='word_1_194' title='bbox 168 2589 304 2645; x_wconf 69' lang='lat' dir='ltr'><strong>duae</strong></span> <span class='ocrx_word' id='word_1_195' title='bbox 327 2586 755 2660; x_wconf 68' lang='lat' dir='ltr'><strong>syllabas,quod</strong></span> <span class='ocrx_word' id='word_1_196' title='bbox 780 2584 994 2641; x_wconf 90' lang='lat' dir='ltr'><strong>dicitur</strong></span> <span class='ocrx_word' id='word_1_197' title='bbox 1024 2584 1291 2652; x_wconf 88' lang='lat' dir='ltr'><strong>stultum,</strong></span> <span class='ocrx_word' id='word_1_198' title='bbox 1309 2584 1591 2656; x_wconf 91' lang='lat' dir='ltr'><strong>quiddam</strong></span> <span class='ocrx_word' id='word_1_199' title='bbox 1639 2599 1823 2638; x_wconf 89' lang='lat' dir='ltr'><strong>unum</strong></span> 
     </span>
    </p>
   </div>
   <div class='ocr_carea' id='block_1_28' title="bbox 169 2671 1824 2750">
    <p class='ocr_par' dir='ltr' id='par_1_28' title="bbox 169 2671 1824 2750">
     <span class='ocr_line' id='line_1_28' title="bbox 169 2671 1824 2750; baseline -0.005 -16"><span class='ocrx_word' id='word_1_200' title='bbox 169 2679 453 2750; x_wconf 89' lang='lat' dir='ltr'><strong>idemque</strong></span> <span class='ocrx_word' id='word_1_201' title='bbox 472 2676 793 2748; x_wconf 82' lang='lat' dir='ltr'><strong>signiﬁcat:</strong></span> <span class='ocrx_word' id='word_1_202' title='bbox 810 2674 1184 2729; x_wconf 89' lang='lat' dir='ltr'><strong>immundum</strong></span> <span class='ocrx_word' id='word_1_203' title='bbox 1209 2672 1422 2746; x_wconf 87' lang='lat' dir='ltr'><strong>quippe</strong></span> <span class='ocrx_word' id='word_1_204' title='bbox 1442 2672 1584 2728; x_wconf 90' lang='lat' dir='ltr'><strong>illud</strong></span> <span class='ocrx_word' id='word_1_205' title='bbox 1607 2671 1824 2728; x_wconf 89' lang='lat' dir='ltr'><strong>animal</strong></span> 
     </span>
    </p>
   </div>
   <div class='ocr_carea' id='block_1_29' title="bbox 169 2762 1826 2841">
    <p class='ocr_par' dir='ltr' id='par_1_29' title="bbox 169 2762 1826 2841">
     <span class='ocr_line' id='line_1_29' title="bbox 169 2762 1826 2841; baseline -0.004 -18"><span class='ocrx_word' id='word_1_206' title='bbox 169 2769 235 2823; x_wconf 89' lang='lat' dir='ltr'><strong>in</strong></span> <span class='ocrx_word' id='word_1_207' title='bbox 257 2767 385 2841; x_wconf 88' lang='lat' dir='ltr'><strong>lege</strong></span> <span class='ocrx_word' id='word_1_208' title='bbox 406 2765 664 2839; x_wconf 88' lang='lat' dir='ltr'><strong>positum</strong></span> <span class='ocrx_word' id='word_1_209' title='bbox 683 2767 863 2832; x_wconf 89' lang='lat' dir='ltr'><strong>est,eo</strong></span> <span class='ocrx_word' id='word_1_210' title='bbox 881 2763 1033 2835; x_wconf 88' lang='lat' dir='ltr'><strong>quod</strong></span> <span class='ocrx_word' id='word_1_211' title='bbox 1054 2780 1169 2818; x_wconf 93' lang='lat' dir='ltr'><strong>non</strong></span> <span class='ocrx_word' id='word_1_212' title='bbox 1185 2762 1473 2831; x_wconf 90' lang='lat' dir='ltr'><strong>ruminet;</strong></span> <span class='ocrx_word' id='word_1_213' title='bbox 1496 2779 1611 2817; x_wconf 93' lang='lat' dir='ltr'><strong>non</strong></span> <span class='ocrx_word' id='word_1_214' title='bbox 1629 2765 1826 2825; x_wconf 82' lang='lat' dir='ltr'><strong>autem</strong></span> 
     </span>
    </p>
   </div>
   <div class='ocr_carea' id='block_1_30' title="bbox 171 2851 1826 2927">
    <p class='ocr_par' dir='ltr' id='par_1_30' title="bbox 171 2851 1826 2927">
     <span class='ocr_line' id='line_1_30' title="bbox 171 2851 1826 2927; baseline -0.004 -15"><span class='ocrx_word' id='word_1_215' title='bbox 171 2857 291 2912; x_wconf 91' lang='lat' dir='ltr'><strong>hoc</strong></span> <span class='ocrx_word' id='word_1_216' title='bbox 313 2856 442 2927; x_wconf 86' lang='lat' dir='ltr'><strong>ejus</strong></span> <span class='ocrx_word' id='word_1_217' title='bbox 456 2853 789 2922; x_wconf 88' lang='lat' dir='ltr'><strong>vitium,sed</strong></span> <span class='ocrx_word' id='word_1_218' title='bbox 817 2856 1024 2907; x_wconf 89' lang='lat' dir='ltr'><strong>natura</strong></span> <span class='ocrx_word' id='word_1_219' title='bbox 1043 2852 1310 2907; x_wconf 74' lang='lat' dir='ltr'><strong>est.‘Sunt</strong></span> <span class='ocrx_word' id='word_1_220' title='bbox 1326 2855 1517 2907; x_wconf 90' lang='lat' dir='ltr'><strong>autem</strong></span> <span class='ocrx_word' id='word_1_221' title='bbox 1536 2851 1826 2919; x_wconf 89' lang='lat' dir='ltr'><strong>homines,</strong></span> 
     </span>
    </p>
   </div>
   <div class='ocr_carea' id='block_1_31' title="bbox 175 2940 1830 3019">
    <p class='ocr_par' dir='ltr' id='par_1_31' title="bbox 175 2940 1830 3019">
     <span class='ocr_line' id='line_1_31' title="bbox 175 2940 1830 3019; baseline -0.002 -20"><span class='ocrx_word' id='word_1_222' title='bbox 175 2944 285 3019; x_wconf 89' lang='lat' dir='ltr'><strong>qui</strong></span> <span class='ocrx_word' id='word_1_223' title='bbox 315 2961 417 3017; x_wconf 89' lang='lat' dir='ltr'><strong>per</strong></span> <span class='ocrx_word' id='word_1_224' title='bbox 446 2943 555 2999; x_wconf 91' lang='lat' dir='ltr'><strong>hoc</strong></span> <span class='ocrx_word' id='word_1_225' title='bbox 577 2941 794 2998; x_wconf 83' lang='lat' dir='ltr'><strong>animal</strong></span> <span class='ocrx_word' id='word_1_226' title='bbox 819 2940 1246 3014; x_wconf 84' lang='lat' dir='ltr'><strong>signiﬁcantur,</strong></span> <span class='ocrx_word' id='word_1_227' title='bbox 1274 2940 1564 2995; x_wconf 92' lang='lat' dir='ltr'><strong>immundi</strong></span> <span class='ocrx_word' id='word_1_228' title='bbox 1598 2941 1830 3013; x_wconf 87' lang='lat' dir='ltr'><strong>proprio</strong></span> 
     </span>
    </p>
   </div>
   <div class='ocr_carea' id='block_1_32' title="bbox 173 3028 1834 3103">
    <p class='ocr_par' dir='ltr' id='par_1_32' title="bbox 173 3028 1834 3103">
     <span class='ocr_line' id='line_1_32' title="bbox 173 3028 1834 3103; baseline -0.004 -13"><span class='ocrx_word' id='word_1_229' title='bbox 173 3034 341 3103; x_wconf 90' lang='lat' dir='ltr'><strong>vitio,</strong></span> <span class='ocrx_word' id='word_1_230' title='bbox 375 3050 490 3089; x_wconf 93' lang='lat' dir='ltr'><strong>non</strong></span> <span class='ocrx_word' id='word_1_231' title='bbox 522 3035 759 3099; x_wconf 91' lang='lat' dir='ltr'><strong>natura;</strong></span> <span class='ocrx_word' id='word_1_232' title='bbox 792 3029 894 3103; x_wconf 90' lang='lat' dir='ltr'><strong>qui</strong></span> <span class='ocrx_word' id='word_1_233' title='bbox 936 3045 1070 3085; x_wconf 91' lang='lat' dir='ltr'><strong>cum</strong></span> <span class='ocrx_word' id='word_1_234' title='bbox 1101 3028 1350 3085; x_wconf 85' lang='lat' dir='ltr'><strong>libenter</strong></span> <span class='ocrx_word' id='word_1_235' title='bbox 1390 3029 1631 3086; x_wconf 84' lang='lat' dir='ltr'><strong>audiant</strong></span> <span class='ocrx_word' id='word_1_236' title='bbox 1657 3030 1834 3085; x_wconf 91' lang='lat' dir='ltr'><strong>verba</strong></span> 
     </span>
    </p>
   </div>
   <div class='ocr_carea' id='block_1_33' title="bbox 181 3126 1832 3204">
    <p class='ocr_par' dir='ltr' id='par_1_33' title="bbox 181 3126 1832 3204">
     <span class='ocr_line' id='line_1_33' title="bbox 181 3126 1832 3204; baseline -0.004 -15"><span class='ocrx_word' id='word_1_237' title='bbox 181 3130 509 3204; x_wconf 79' lang='lat' dir='ltr'><strong>sapientiae,</strong></span> <span class='ocrx_word' id='word_1_238' title='bbox 531 3133 733 3201; x_wconf 90' lang='lat' dir='ltr'><strong>postea</strong></span> <span class='ocrx_word' id='word_1_239' title='bbox 753 3128 823 3184; x_wconf 86' lang='lat' dir='ltr'><strong>de</strong></span> <span class='ocrx_word' id='word_1_240' title='bbox 843 3127 935 3185; x_wconf 89' lang='lat' dir='ltr'><strong>his</strong></span> <span class='ocrx_word' id='word_1_241' title='bbox 959 3127 1195 3183; x_wconf 92' lang='lat' dir='ltr'><strong>omnino</strong></span> <span class='ocrx_word' id='word_1_242' title='bbox 1228 3144 1344 3183; x_wconf 93' lang='lat' dir='ltr'><strong>non</strong></span> <span class='ocrx_word' id='word_1_243' title='bbox 1365 3126 1651 3200; x_wconf 89' lang='lat' dir='ltr'><strong>cogitant:</strong></span> <span class='ocrx_word' id='word_1_244' title='bbox 1676 3127 1832 3199; x_wconf 93' lang='lat' dir='ltr'><strong>quod</strong></span> 
     </span>
    </p>
   </div>
   <div class='ocr_carea' id='block_1_34' title="bbox 181 3215 2818 3326">
    <p class='ocr_par' dir='ltr' id='par_1_34' title="bbox 181 3215 2818 3326">
     <span class='ocr_line' id='line_1_34' title="bbox 181 3215 2818 3311; baseline -0.005 -36"><span class='ocrx_word' id='word_1_245' title='bbox 181 3221 347 3276; x_wconf 91' lang='lat' dir='ltr'><strong>enim</strong></span> <span class='ocrx_word' id='word_1_246' title='bbox 379 3217 519 3274; x_wconf 89' lang='lat' dir='ltr'><strong>utile</strong></span> <span class='ocrx_word' id='word_1_247' title='bbox 550 3216 825 3287; x_wconf 89' lang='lat' dir='ltr'><strong>audieris,</strong></span> <span class='ocrx_word' id='word_1_248' title='bbox 850 3215 1006 3271; x_wconf 89' lang='lat' dir='ltr'><strong>velut</strong></span> <span class='ocrx_word' id='word_1_249' title='bbox 1045 3215 1321 3272; x_wconf 91' lang='lat' dir='ltr'><strong>intestino</strong></span> <span class='ocrx_word' id='word_1_250' title='bbox 1366 3217 1659 3272; x_wconf 70' lang='lat' dir='ltr'><strong>memoriae</strong></span> <span class='ocrx_word' id='word_1_251' title='bbox 1706 3220 1836 3271; x_wconf 86' lang='lat' dir='ltr'><strong>tan-</strong></span> <span class='ocrx_word' id='word_1_252' title='bbox 1867 3242 1910 3311; x_wconf 67' lang='grc' dir='ltr'><strong>Ο</strong></span> <span class='ocrx_word' id='word_1_253' title='bbox 2182 3215 2595 3263; x_wconf 64' lang='grc' dir='ltr'><strong><em>“““’““ῖ““““⁷““</em></strong></span> <span class='ocrx_word' id='word_1_254' title='bbox 2618 3215 2676 3219; x_wconf 68' lang='lat'><strong>&quot;</strong></span> <span class='ocrx_word' id='word_1_255' title='bbox 2706 3215 2751 3218; x_wconf 80' lang='lat'><strong>&quot;</strong></span> <span class='ocrx_word' id='word_1_256' title='bbox 2785 3215 2818 3218; x_wconf 76' lang='lat'><strong>&quot;</strong></span> 
     </span>
     <span class='ocr_line' id='line_1_35' title="bbox 352 3251 2818 3326; baseline -0 -17"><span class='ocrx_word' id='word_1_257' title='bbox 352 3325 357 3326; x_wconf 15' lang='grc' dir='ltr'>ί</span> <span class='ocrx_word' id='word_1_258' title='bbox 410 3308 470 3326; x_wconf 18' lang='grc' dir='ltr'>ί,</span> <span class='ocrx_word' id='word_1_259' title='bbox 514 3324 565 3326; x_wconf 83' lang='lat'><strong>__</strong></span> <span class='ocrx_word' id='word_1_260' title='bbox 610 3305 968 3326; x_wconf 30' lang='lat' dir='ltr'><strong>A_h,u,_,_</strong></span> <span class='ocrx_word' id='word_1_261' title='bbox 1014 3305 1354 3326; x_wconf 34' lang='lat' dir='ltr'><strong>und”):</strong></span> <span class='ocrx_word' id='word_1_262' title='bbox 1386 3305 1679 3326; x_wconf 32' lang='lat' dir='ltr'><strong>Ltd,“</strong></span> <span class='ocrx_word' id='word_1_263' title='bbox 1712 3305 1800 3326; x_wconf 43' lang='grc' dir='ltr'><strong>ω,</strong></span> <span class='ocrx_word' id='word_1_264' title='bbox 2106 3257 2382 3326; x_wconf 58' lang='lat' dir='ltr'><strong>protract!</strong></span> <span class='ocrx_word' id='word_1_265' title='bbox 2413 3254 2552 3308; x_wconf 89' lang='lat' dir='ltr'><strong>sunt</strong></span> <span class='ocrx_word' id='word_1_266' title='bbox 2581 3253 2710 3321; x_wconf 78' lang='lat' dir='ltr'><strong>(los.</strong></span> <span class='ocrx_word' id='word_1_267' title='bbox 2741 3251 2818 3325; x_wconf 88' lang='lat' dir='ltr'><strong>v1)</strong></span> 
     </span>
    </p>
   </div>
   <div class='ocr_carea' id='block_1_35' title="bbox 182 3305 1837 3382">
    <p class='ocr_par' dir='ltr' id='par_1_35' title="bbox 182 3305 1837 3382">
     <span class='ocr_line' id='line_1_36' title="bbox 182 3305 1837 3382; baseline -0.001 -19"><span class='ocrx_word' id='word_1_268' title='bbox 182 3325 369 3382; x_wconf 90' lang='lat' dir='ltr'><strong>quam</strong></span> <span class='ocrx_word' id='word_1_269' title='bbox 402 3308 471 3364; x_wconf 90' lang='lat' dir='ltr'><strong>ad</strong></span> <span class='ocrx_word' id='word_1_270' title='bbox 505 3324 570 3363; x_wconf 92' lang='lat' dir='ltr'><strong>os</strong></span> <span class='ocrx_word' id='word_1_271' title='bbox 602 3305 990 3379; x_wconf 85' lang='lat' dir='ltr'><strong>cogitationis,</strong></span> <span class='ocrx_word' id='word_1_272' title='bbox 1014 3305 1356 3361; x_wconf 89' lang='lat' dir='ltr'><strong>recordandi</strong></span> <span class='ocrx_word' id='word_1_273' title='bbox 1379 3305 1685 3361; x_wconf 90' lang='lat' dir='ltr'><strong>dulcedine</strong></span> <span class='ocrx_word' id='word_1_274' title='bbox 1711 3305 1837 3361; x_wconf 91' lang='lat' dir='ltr'><strong>vol-</strong></span> 
     </span>
    </p>
   </div>
   <div class='ocr_carea' id='block_1_36' title="bbox 180 3392 1840 3470">
    <p class='ocr_par' dir='ltr' id='par_1_36' title="bbox 180 3392 1840 3470">
     <span class='ocr_line' id='line_1_37' title="bbox 180 3392 1840 3470; baseline -0.002 -17"><span class='ocrx_word' id='word_1_275' title='bbox 180 3413 349 3465; x_wconf 87' lang='lat' dir='ltr'><strong>vere;</strong></span> <span class='ocrx_word' id='word_1_276' title='bbox 372 3395 512 3470; x_wconf 91' lang='lat' dir='ltr'><strong>quid</strong></span> <span class='ocrx_word' id='word_1_277' title='bbox 534 3397 625 3451; x_wconf 90' lang='lat' dir='ltr'><strong>est</strong></span> <span class='ocrx_word' id='word_1_278' title='bbox 644 3393 822 3461; x_wconf 90' lang='lat' dir='ltr'><strong>aliud,</strong></span> <span class='ocrx_word' id='word_1_279' title='bbox 848 3410 1024 3467; x_wconf 90' lang='lat' dir='ltr'><strong>quam</strong></span> <span class='ocrx_word' id='word_1_280' title='bbox 1047 3392 1386 3466; x_wconf 86' lang='lat' dir='ltr'><strong>spiritaliter</strong></span> <span class='ocrx_word' id='word_1_281' title='bbox 1408 3394 1840 3467; x_wconf 90' lang='lat' dir='ltr'><strong>quodammodo</strong></span> 
     </span>
    </p>
   </div>
   <div class='ocr_carea' id='block_1_37' title="bbox 182 3481 1839 3557">
    <p class='ocr_par' dir='ltr' id='par_1_37' title="bbox 182 3481 1839 3557">
     <span class='ocr_line' id='line_1_38' title="bbox 182 3481 1839 3557; baseline -0.002 -16"><span class='ocrx_word' id='word_1_282' title='bbox 182 3484 698 3557; x_wconf 77' lang='lat' dir='ltr'><strong>ruminarquuod</strong></span> <span class='ocrx_word' id='word_1_283' title='bbox 722 3483 823 3555; x_wconf 90' lang='lat' dir='ltr'><strong>qui</strong></span> <span class='ocrx_word' id='word_1_284' title='bbox 847 3500 961 3538; x_wconf 91' lang='lat' dir='ltr'><strong>non</strong></span> <span class='ocrx_word' id='word_1_285' title='bbox 978 3481 1470 3548; x_wconf 83' lang='lat' dir='ltr'><strong>faciunt,illorum</strong></span> <span class='ocrx_word' id='word_1_286' title='bbox 1493 3482 1839 3539; x_wconf 90' lang='lat' dir='ltr'><strong>animalium</strong></span> 
     </span>
    </p>
   </div>
   <div class='ocr_carea' id='block_1_38' title="bbox 182 3571 1842 3648">
    <p class='ocr_par' dir='ltr' id='par_1_38' title="bbox 182 3571 1842 3648">
     <span class='ocr_line' id='line_1_39' title="bbox 182 3571 1842 3648; baseline -0.001 -18"><span class='ocrx_word' id='word_1_287' title='bbox 182 3591 400 3648; x_wconf 88' lang='lat' dir='ltr'><strong>genere</strong></span> <span class='ocrx_word' id='word_1_288' title='bbox 430 3574 780 3647; x_wconf 89' lang='lat' dir='ltr'><strong>ﬁgurantur.</strong></span> <span class='ocrx_word' id='word_1_289' title='bbox 806 3571 969 3628; x_wconf 91' lang='lat' dir='ltr'><strong>Unde</strong></span> <span class='ocrx_word' id='word_1_290' title='bbox 1000 3575 1057 3627; x_wconf 88' lang='lat' dir='ltr'><strong>et</strong></span> <span class='ocrx_word' id='word_1_291' title='bbox 1093 3571 1224 3644; x_wconf 91' lang='lat' dir='ltr'><strong>ipsa</strong></span> <span class='ocrx_word' id='word_1_292' title='bbox 1253 3589 1287 3628; x_wconf 94' lang='lat' dir='ltr'><strong>a</strong></span> <span class='ocrx_word' id='word_1_293' title='bbox 1316 3571 1536 3628; x_wconf 90' lang='lat' dir='ltr'><strong>talibus</strong></span> <span class='ocrx_word' id='word_1_294' title='bbox 1566 3572 1842 3628; x_wconf 88' lang='lat' dir='ltr'><strong>carnibus</strong></span> 
     </span>
    </p>
   </div>
   <div class='ocr_carea' id='block_1_39' title="bbox 183 3660 1844 3733">
    <p class='ocr_par' dir='ltr' id='par_1_39' title="bbox 183 3660 1844 3733">
     <span class='ocr_line' id='line_1_40' title="bbox 183 3660 1844 3733; baseline -0.001 -13"><span class='ocrx_word' id='word_1_295' title='bbox 183 3663 569 3729; x_wconf 84' lang='lat' dir='ltr'><strong>abstinentia,</strong></span> <span class='ocrx_word' id='word_1_296' title='bbox 591 3661 706 3718; x_wconf 89' lang='lat' dir='ltr'><strong>tale</strong></span> <span class='ocrx_word' id='word_1_297' title='bbox 733 3661 940 3717; x_wconf 91' lang='lat' dir='ltr'><strong>vitium</strong></span> <span class='ocrx_word' id='word_1_298' title='bbox 964 3678 1070 3719; x_wconf 89' lang='lat' dir='ltr'><strong>nos</strong></span> <span class='ocrx_word' id='word_1_299' title='bbox 1091 3676 1292 3718; x_wconf 86' lang='lat' dir='ltr'><strong>cavere</strong></span> <span class='ocrx_word' id='word_1_300' title='bbox 1313 3660 1681 3733; x_wconf 69' lang='lat' dir='ltr'><strong>praemonuit.</strong></span> <span class='ocrx_word' id='word_1_301' title='bbox 1697 3661 1844 3718; x_wconf 90' lang='lat' dir='ltr'><strong>Cum</strong></span> 
     </span>
    </p>
   </div>
   <div class='ocr_carea' id='block_1_40' title="bbox 182 3748 1846 3810">
    <p class='ocr_par' dir='ltr' id='par_1_40' title="bbox 182 3748 1846 3810">
     <span class='ocr_line' id='line_1_41' title="bbox 182 3748 1846 3810; baseline -0.003 0"><span class='ocrx_word' id='word_1_302' title='bbox 182 3752 349 3810; x_wconf 89' lang='lat' dir='ltr'><strong>enim</strong></span> <span class='ocrx_word' id='word_1_303' title='bbox 379 3751 450 3809; x_wconf 88' lang='lat' dir='ltr'><strong>de</strong></span> <span class='ocrx_word' id='word_1_304' title='bbox 479 3752 589 3807; x_wconf 93' lang='lat' dir='ltr'><strong>hac</strong></span> <span class='ocrx_word' id='word_1_305' title='bbox 620 3749 913 3807; x_wconf 87' lang='lat' dir='ltr'><strong>munditia</strong></span> <span class='ocrx_word' id='word_1_306' title='bbox 942 3749 1279 3806; x_wconf 91' lang='lat' dir='ltr'><strong>ruminandi</strong></span> <span class='ocrx_word' id='word_1_307' title='bbox 1311 3748 1423 3806; x_wconf 90' lang='lat' dir='ltr'><strong>alio</strong></span> <span class='ocrx_word' id='word_1_308' title='bbox 1453 3749 1579 3806; x_wconf 91' lang='lat' dir='ltr'><strong>loco</strong></span> <span class='ocrx_word' id='word_1_309' title='bbox 1604 3751 1686 3807; x_wconf 93' lang='lat' dir='ltr'><strong>ita</strong></span> <span class='ocrx_word' id='word_1_310' title='bbox 1706 3750 1846 3805; x_wconf 92' lang='lat' dir='ltr'><strong>scri-</strong></span> 
     </span>
    </p>
   </div>
   <div class='ocr_carea' id='block_1_41' title="bbox 183 3837 1845 3913">
    <p class='ocr_par' dir='ltr' id='par_1_41' title="bbox 183 3837 1845 3913">
     <span class='ocr_line' id='line_1_42' title="bbox 183 3837 1845 3913; baseline 0.001 -17"><span class='ocrx_word' id='word_1_311' title='bbox 183 3846 358 3913; x_wconf 89' lang='lat' dir='ltr'><strong>ptum</strong></span> <span class='ocrx_word' id='word_1_312' title='bbox 390 3844 481 3896; x_wconf 84' lang='lat' dir='ltr'><strong>est</strong></span> <span class='ocrx_word' id='word_1_313' title='bbox 510 3855 525 3895; x_wconf 89' lang='lat'><strong>:</strong></span> <span class='ocrx_word' id='word_1_314' title='bbox 561 3840 864 3896; x_wconf 84' lang='lat' dir='ltr'><strong>Thesaurus</strong></span> <span class='ocrx_word' id='word_1_315' title='bbox 905 3837 1283 3894; x_wconf 81' lang='lat' dir='ltr'><strong>desiderabilis</strong></span> <span class='ocrx_word' id='word_1_316' title='bbox 1311 3841 1600 3911; x_wconf 75' lang='lat' dir='ltr'><strong>requiescit</strong></span> <span class='ocrx_word' id='word_1_317' title='bbox 1645 3841 1707 3895; x_wconf 82' lang='lat' dir='ltr'><strong>in</strong></span> <span class='ocrx_word' id='word_1_318' title='bbox 1752 3856 1845 3897; x_wconf 87' lang='lat' dir='ltr'><strong>ore</strong></span> 
     </span>
    </p>
   </div>
   <div class='ocr_carea' id='block_1_42' title="bbox 189 3927 1840 4003">
    <p class='ocr_par' dir='ltr' id='par_1_42' title="bbox 189 3927 1840 4003">
     <span class='ocr_line' id='line_1_43' title="bbox 189 3927 1840 4003; baseline -0.001 -17"><span class='ocrx_word' id='word_1_319' title='bbox 189 3931 476 4002; x_wconf 74' lang='lat' dir='ltr'><strong>sapientis,</strong></span> <span class='ocrx_word' id='word_1_320' title='bbox 500 3931 588 3985; x_wconf 88' lang='lat' dir='ltr'><strong>vir</strong></span> <span class='ocrx_word' id='word_1_321' title='bbox 611 3936 795 3984; x_wconf 87' lang='lat' dir='ltr'><strong>autem</strong></span> <span class='ocrx_word' id='word_1_322' title='bbox 822 3928 1020 3984; x_wconf 79' lang='lat' dir='ltr'><strong>stultus</strong></span> <span class='ocrx_word' id='word_1_323' title='bbox 1047 3927 1213 3999; x_wconf 83' lang='lat' dir='ltr'><strong>glutit</strong></span> <span class='ocrx_word' id='word_1_324' title='bbox 1248 3928 1408 3983; x_wconf 79' lang='lat' dir='ltr'><strong>illum</strong></span> <span class='ocrx_word' id='word_1_325' title='bbox 1441 3928 1621 4000; x_wconf 88' lang='lat' dir='ltr'><strong>(Prov.</strong></span> <span class='ocrx_word' id='word_1_326' title='bbox 1645 3929 1840 4003; x_wconf 85' lang='lat' dir='ltr'><strong>xxvn).</strong></span> 
     </span>
    </p>
   </div>
   <div class='ocr_carea' id='block_1_43' title="bbox 185 4015 1848 4075">
    <p class='ocr_par' dir='ltr' id='par_1_43' title="bbox 185 4015 1848 4075">
     <span class='ocr_line' id='line_1_44' title="bbox 185 4015 1848 4075; baseline 0 0"><span class='ocrx_word' id='word_1_327' title='bbox 185 4019 311 4075; x_wconf 86' lang='lat' dir='ltr'><strong>Has</strong></span> <span class='ocrx_word' id='word_1_328' title='bbox 350 4022 544 4075; x_wconf 87' lang='lat' dir='ltr'><strong>autem</strong></span> <span class='ocrx_word' id='word_1_329' title='bbox 575 4017 990 4074; x_wconf 89' lang='lat' dir='ltr'><strong>similitudines</strong></span> <span class='ocrx_word' id='word_1_330' title='bbox 1040 4033 1234 4073; x_wconf 91' lang='lat' dir='ltr'><strong>rerum</strong></span> <span class='ocrx_word' id='word_1_331' title='bbox 1266 4017 1327 4071; x_wconf 89' lang='lat' dir='ltr'><strong>in</strong></span> <span class='ocrx_word' id='word_1_332' title='bbox 1359 4015 1752 4074; x_wconf 81' lang='lat' dir='ltr'><strong>locationibus</strong></span> <span class='ocrx_word' id='word_1_333' title='bbox 1790 4023 1848 4075; x_wconf 89' lang='lat' dir='ltr'><strong>et</strong></span> 
     </span>
    </p>
   </div>
   <div class='ocr_carea' id='block_1_44' title="bbox 190 4113 1846 4187">
    <p class='ocr_par' dir='ltr' id='par_1_44' title="bbox 190 4113 1846 4187">
     <span class='ocr_line' id='line_1_45' title="bbox 190 4113 1846 4187; baseline -0.002 -13"><span class='ocrx_word' id='word_1_334' title='bbox 190 4114 704 4174; x_wconf 85' lang='lat' dir='ltr'><strong>observationibus</strong></span> <span class='ocrx_word' id='word_1_335' title='bbox 728 4113 992 4187; x_wconf 88' lang='lat' dir='ltr'><strong>ﬁguratis</strong></span> <span class='ocrx_word' id='word_1_336' title='bbox 1018 4118 1255 4187; x_wconf 90' lang='lat' dir='ltr'><strong>propter</strong></span> <span class='ocrx_word' id='word_1_337' title='bbox 1276 4114 1568 4187; x_wconf 66' lang='lat' dir='ltr'><strong>quaerendi</strong></span> <span class='ocrx_word' id='word_1_338' title='bbox 1596 4119 1655 4170; x_wconf 89' lang='lat' dir='ltr'><strong>et</strong></span> <span class='ocrx_word' id='word_1_339' title='bbox 1682 4132 1846 4171; x_wconf 88' lang='lat' dir='ltr'><strong>com-</strong></span> 
     </span>
    </p>
   </div>
   <div class='ocr_carea' id='block_1_45' title="bbox 188 4202 1849 4279">
    <p class='ocr_par' dir='ltr' id='par_1_45' title="bbox 188 4202 1849 4279">
     <span class='ocr_line' id='line_1_46' title="bbox 188 4202 1849 4279; baseline -0.001 -16"><span class='ocrx_word' id='word_1_340' title='bbox 188 4205 441 4279; x_wconf 86' lang='lat' dir='ltr'><strong>parandi</strong></span> <span class='ocrx_word' id='word_1_341' title='bbox 472 4203 944 4261; x_wconf 79' lang='lat' dir='ltr'><strong>exercitationem</strong></span> <span class='ocrx_word' id='word_1_342' title='bbox 970 4202 1284 4259; x_wconf 83' lang='lat' dir='ltr'><strong>rationales</strong></span> <span class='ocrx_word' id='word_1_343' title='bbox 1305 4207 1530 4259; x_wconf 90' lang='lat' dir='ltr'><strong>mentes</strong></span> <span class='ocrx_word' id='word_1_344' title='bbox 1553 4202 1774 4261; x_wconf 90' lang='lat' dir='ltr'><strong>utiliter</strong></span> <span class='ocrx_word' id='word_1_345' title='bbox 1792 4209 1849 4262; x_wconf 91' lang='lat' dir='ltr'><strong>et</strong></span> 
     </span>
    </p>
   </div>
   <div class='ocr_carea' id='block_1_46' title="bbox 190 4291 1847 4365">
    <p class='ocr_par' dir='ltr' id='par_1_46' title="bbox 190 4291 1847 4365">
     <span class='ocr_line' id='line_1_47' title="bbox 190 4291 1847 4365; baseline 0 -14"><span class='ocrx_word' id='word_1_346' title='bbox 190 4295 456 4352; x_wconf 87' lang='lat' dir='ltr'><strong>suaviter</strong></span> <span class='ocrx_word' id='word_1_347' title='bbox 484 4292 707 4349; x_wconf 90' lang='lat' dir='ltr'><strong>noverit</strong></span> <span class='ocrx_word' id='word_1_348' title='bbox 731 4308 745 4347; x_wconf 93' lang='lat'><strong>:</strong></span> <span class='ocrx_word' id='word_1_349' title='bbox 770 4292 871 4348; x_wconf 91' lang='lat' dir='ltr'><strong>sed</strong></span> <span class='ocrx_word' id='word_1_350' title='bbox 901 4292 1080 4364; x_wconf 90' lang='lat' dir='ltr'><strong>priori</strong></span> <span class='ocrx_word' id='word_1_351' title='bbox 1107 4291 1322 4365; x_wconf 90' lang='lat' dir='ltr'><strong>populo</strong></span> <span class='ocrx_word' id='word_1_352' title='bbox 1345 4292 1530 4349; x_wconf 91' lang='lat' dir='ltr'><strong>multa</strong></span> <span class='ocrx_word' id='word_1_353' title='bbox 1558 4292 1700 4349; x_wconf 89' lang='lat' dir='ltr'><strong>talia</strong></span> <span class='ocrx_word' id='word_1_354' title='bbox 1730 4311 1847 4351; x_wconf 92' lang='lat' dir='ltr'><strong>non</strong></span> 
     </span>
    </p>
   </div>
   <div class='ocr_carea' id='block_1_47' title="bbox 190 4381 1850 4455">
    <p class='ocr_par' dir='ltr' id='par_1_47' title="bbox 190 4381 1850 4455">
     <span class='ocr_line' id='line_1_48' title="bbox 190 4381 1850 4455; baseline -0.001 -14"><span class='ocrx_word' id='word_1_355' title='bbox 190 4387 434 4441; x_wconf 81' lang='lat' dir='ltr'><strong>tantum</strong></span> <span class='ocrx_word' id='word_1_356' title='bbox 464 4381 774 4449; x_wconf 88' lang='lat' dir='ltr'><strong>audienda,</strong></span> <span class='ocrx_word' id='word_1_357' title='bbox 803 4397 1006 4437; x_wconf 91' lang='lat' dir='ltr'><strong>verum</strong></span> <span class='ocrx_word' id='word_1_358' title='bbox 1036 4381 1210 4437; x_wconf 88' lang='lat' dir='ltr'><strong>etiam</strong></span> <span class='ocrx_word' id='word_1_359' title='bbox 1243 4382 1605 4439; x_wconf 87' lang='lat' dir='ltr'><strong>observanda</strong></span> <span class='ocrx_word' id='word_1_360' title='bbox 1635 4400 1850 4455; x_wconf 63' lang='lat' dir='ltr'><strong>prisce-</strong></span> 
     </span>
    </p>
   </div>
   <div class='ocr_carea' id='block_1_48' title="bbox 192 4470 1847 4547">
    <p class='ocr_par' dir='ltr' id='par_1_48' title="bbox 192 4470 1847 4547">
     <span class='ocr_line' id='line_1_49' title="bbox 192 4470 1847 4547; baseline 0.001 -18"><span class='ocrx_word' id='word_1_361' title='bbox 192 4478 300 4547; x_wconf 87' lang='lat' dir='ltr'><strong>pta</strong></span> <span class='ocrx_word' id='word_1_362' title='bbox 322 4475 482 4528; x_wconf 89' lang='lat' dir='ltr'><strong>sunt.</strong></span> <span class='ocrx_word' id='word_1_363' title='bbox 498 4472 756 4543; x_wconf 90' lang='lat' dir='ltr'><strong>Tempus</strong></span> <span class='ocrx_word' id='word_1_364' title='bbox 777 4470 934 4526; x_wconf 91' lang='lat' dir='ltr'><strong>enim</strong></span> <span class='ocrx_word' id='word_1_365' title='bbox 954 4474 1098 4537; x_wconf 89' lang='lat' dir='ltr'><strong>erat,</strong></span> <span class='ocrx_word' id='word_1_366' title='bbox 1124 4487 1239 4543; x_wconf 92' lang='lat' dir='ltr'><strong>quo</strong></span> <span class='ocrx_word' id='word_1_367' title='bbox 1262 4488 1379 4527; x_wconf 92' lang='lat' dir='ltr'><strong>non</strong></span> <span class='ocrx_word' id='word_1_368' title='bbox 1401 4475 1631 4528; x_wconf 87' lang='lat' dir='ltr'><strong>tantum</strong></span> <span class='ocrx_word' id='word_1_369' title='bbox 1653 4473 1847 4546; x_wconf 90' lang='lat' dir='ltr'><strong>dictis,</strong></span> 
     </span>
    </p>
   </div>
   <div class='ocr_carea' id='block_1_49' title="bbox 192 4558 1851 4636">
    <p class='ocr_par' dir='ltr' id='par_1_49' title="bbox 192 4558 1851 4636">
     <span class='ocr_line' id='line_1_50' title="bbox 192 4558 1851 4636; baseline 0.001 -18"><span class='ocrx_word' id='word_1_370' title='bbox 192 4562 302 4618; x_wconf 85' lang='lat' dir='ltr'><strong>sed</strong></span> <span class='ocrx_word' id='word_1_371' title='bbox 361 4560 538 4618; x_wconf 90' lang='lat' dir='ltr'><strong>etiam</strong></span> <span class='ocrx_word' id='word_1_372' title='bbox 599 4559 769 4616; x_wconf 89' lang='lat' dir='ltr'><strong>factis</strong></span> <span class='ocrx_word' id='word_1_373' title='bbox 820 4558 1156 4633; x_wconf 89' lang='lat' dir='ltr'><strong>pr0phetari</strong></span> <span class='ocrx_word' id='word_1_374' title='bbox 1214 4564 1523 4631; x_wconf 88' lang='lat' dir='ltr'><strong>oporteret,</strong></span> <span class='ocrx_word' id='word_1_375' title='bbox 1540 4566 1597 4618; x_wconf 87' lang='lat' dir='ltr'><strong>et</strong></span> <span class='ocrx_word' id='word_1_376' title='bbox 1623 4578 1693 4619; x_wconf 91' lang='lat' dir='ltr'><strong>ea</strong></span> <span class='ocrx_word' id='word_1_377' title='bbox 1721 4580 1851 4636; x_wconf 68' lang='lat' dir='ltr'><strong>quas</strong></span> 
     </span>
    </p>
   </div>
   <div class='ocr_carea' id='block_1_50' title="bbox 194 4648 1853 4724">
    <p class='ocr_par' dir='ltr' id='par_1_50' title="bbox 194 4648 1853 4724">
     <span class='ocr_line' id='line_1_51' title="bbox 194 4648 1853 4724; baseline 0.001 -17"><span class='ocrx_word' id='word_1_378' title='bbox 194 4649 508 4724; x_wconf 87' lang='lat' dir='ltr'><strong>posteriori</strong></span> <span class='ocrx_word' id='word_1_379' title='bbox 553 4653 816 4722; x_wconf 91' lang='lat' dir='ltr'><strong>tempore</strong></span> <span class='ocrx_word' id='word_1_380' title='bbox 863 4648 1098 4704; x_wconf 84' lang='lat' dir='ltr'><strong>fuerant</strong></span> <span class='ocrx_word' id='word_1_381' title='bbox 1135 4648 1692 4722; x_wconf 89' lang='lat' dir='ltr'><strong>revelanda,quibus</strong></span> <span class='ocrx_word' id='word_1_382' title='bbox 1751 4669 1853 4724; x_wconf 91' lang='lat' dir='ltr'><strong>per</strong></span> 
     </span>
    </p>
   </div>
   <div class='ocr_carea' id='block_1_51' title="bbox 194 4736 1850 4813">
    <p class='ocr_par' dir='ltr' id='par_1_51' title="bbox 194 4736 1850 4813">
     <span class='ocr_line' id='line_1_52' title="bbox 194 4736 1850 4813; baseline 0.001 -17"><span class='ocrx_word' id='word_1_383' title='bbox 194 4739 522 4810; x_wconf 86' lang='lat' dir='ltr'><strong>Christum,</strong></span> <span class='ocrx_word' id='word_1_384' title='bbox 546 4743 722 4810; x_wconf 89' lang='lat' dir='ltr'><strong>atque</strong></span> <span class='ocrx_word' id='word_1_385' title='bbox 752 4738 812 4795; x_wconf 92' lang='lat' dir='ltr'><strong>in</strong></span> <span class='ocrx_word' id='word_1_386' title='bbox 846 4736 1076 4793; x_wconf 89' lang='lat' dir='ltr'><strong>Christo</strong></span> <span class='ocrx_word' id='word_1_387' title='bbox 1108 4737 1397 4806; x_wconf 87' lang='lat' dir='ltr'><strong>revelatis,</strong></span> <span class='ocrx_word' id='word_1_388' title='bbox 1422 4739 1555 4795; x_wconf 90' lang='lat' dir='ltr'><strong>ﬁdei</strong></span> <span class='ocrx_word' id='word_1_389' title='bbox 1585 4742 1850 4813; x_wconf 86' lang='lat' dir='ltr'><strong>gentium</strong></span> 
     </span>
    </p>
   </div>
   <div class='ocr_carea' id='block_1_52' title="bbox 195 4827 1852 4902">
    <p class='ocr_par' dir='ltr' id='par_1_52' title="bbox 195 4827 1852 4902">
     <span class='ocr_line' id='line_1_53' title="bbox 195 4827 1852 4902; baseline 0 -16"><span class='ocrx_word' id='word_1_390' title='bbox 195 4845 380 4886; x_wconf 91' lang='lat' dir='ltr'><strong>onera</strong></span> <span class='ocrx_word' id='word_1_391' title='bbox 406 4828 879 4885; x_wconf 82' lang='lat' dir='ltr'><strong>Observationum</strong></span> <span class='ocrx_word' id='word_1_392' title='bbox 909 4843 1023 4883; x_wconf 92' lang='lat' dir='ltr'><strong>non</strong></span> <span class='ocrx_word' id='word_1_393' title='bbox 1048 4832 1187 4883; x_wconf 88' lang='lat' dir='ltr'><strong>sunt</strong></span> <span class='ocrx_word' id='word_1_394' title='bbox 1215 4827 1512 4900; x_wconf 89' lang='lat' dir='ltr'><strong>imposita,</strong></span> <span class='ocrx_word' id='word_1_395' title='bbox 1536 4828 1852 4902; x_wconf 75' lang='lat' dir='ltr'><strong>prophetiae</strong></span> 
     </span>
    </p>
   </div>
   <div class='ocr_carea' id='block_1_53' title="bbox 194 4916 1210 4975">
    <p class='ocr_par' dir='ltr' id='par_1_53' title="bbox 194 4916 1210 4975">
     <span class='ocr_line' id='line_1_54' title="bbox 194 4916 1210 4975; baseline -0.003 0"><span class='ocrx_word' id='word_1_396' title='bbox 194 4924 399 4975; x_wconf 84' lang='lat' dir='ltr'><strong>tamen</strong></span> <span class='ocrx_word' id='word_1_397' title='bbox 431 4916 748 4974; x_wconf 87' lang='lat' dir='ltr'><strong>auctoritas</strong></span> <span class='ocrx_word' id='word_1_398' title='bbox 783 4916 1210 4973; x_wconf 91' lang='lat' dir='ltr'><strong>commendata.</strong></span> 
     </span>
    </p>
   </div>
   <div class='ocr_carea' id='block_1_54' title="bbox 268 5030 1855 5107">
    <p class='ocr_par' dir='ltr' id='par_1_54' title="bbox 268 5030 1855 5107">
     <span class='ocr_line' id='line_1_55' title="bbox 268 5030 1855 5107; baseline 0.001 -17"><span class='ocrx_word' id='word_1_399' title='bbox 268 5033 457 5090; x_wconf 84' lang='lat' dir='ltr'><strong>XLIV.</strong></span> <span class='ocrx_word' id='word_1_400' title='bbox 481 5032 655 5089; x_wconf 91' lang='lat' dir='ltr'><strong>Nulla</strong></span> <span class='ocrx_word' id='word_1_401' title='bbox 682 5031 831 5088; x_wconf 92' lang='lat' dir='ltr'><strong>ratio</strong></span> <span class='ocrx_word' id='word_1_402' title='bbox 861 5031 940 5087; x_wconf 87' lang='lat' dir='ltr'><strong>sit</strong></span> <span class='ocrx_word' id='word_1_403' title='bbox 975 5030 1036 5087; x_wconf 90' lang='lat' dir='ltr'><strong>in</strong></span> <span class='ocrx_word' id='word_1_404' title='bbox 1068 5031 1561 5106; x_wconf 87' lang='lat' dir='ltr'><strong>quadragesimali</strong></span> <span class='ocrx_word' id='word_1_405' title='bbox 1594 5036 1855 5107; x_wconf 90' lang='lat' dir='ltr'><strong>tempore</strong></span> 
     </span>
    </p>
   </div>
   <div class='ocr_carea' id='block_1_55' title="bbox 194 5120 1855 5195">
    <p class='ocr_par' dir='ltr' id='par_1_55' title="bbox 194 5120 1855 5195">
     <span class='ocr_line' id='line_1_56' title="bbox 194 5120 1855 5195; baseline 0.001 -16"><span class='ocrx_word' id='word_1_406' title='bbox 194 5121 611 5181; x_wconf 87' lang='lat' dir='ltr'><strong>venationibus</strong></span> <span class='ocrx_word' id='word_1_407' title='bbox 634 5121 754 5178; x_wconf 90' lang='lat' dir='ltr'><strong>uti:</strong></span> <span class='ocrx_word' id='word_1_408' title='bbox 778 5124 1056 5178; x_wconf 89' lang='lat' dir='ltr'><strong>venantes</strong></span> <span class='ocrx_word' id='word_1_409' title='bbox 1077 5121 1234 5177; x_wconf 91' lang='lat' dir='ltr'><strong>enim</strong></span> <span class='ocrx_word' id='word_1_410' title='bbox 1253 5120 1399 5177; x_wconf 91' lang='lat' dir='ltr'><strong>nihil</strong></span> <span class='ocrx_word' id='word_1_411' title='bbox 1422 5126 1630 5195; x_wconf 67' lang='lat' dir='ltr'><strong>praeter</strong></span> <span class='ocrx_word' id='word_1_412' title='bbox 1650 5141 1855 5181; x_wconf 89' lang='lat' dir='ltr'><strong>carnes</strong></span> 
     </span>
    </p>
   </div>
   <div class='ocr_carea' id='block_1_56' title="bbox 196 5208 1859 5287">
    <p class='ocr_par' dir='ltr' id='par_1_56' title="bbox 196 5208 1859 5287">
     <span class='ocr_line' id='line_1_57' title="bbox 196 5208 1859 5287; baseline 0 -17"><span class='ocrx_word' id='word_1_413' title='bbox 196 5215 461 5287; x_wconf 86' lang='lat' dir='ltr'><strong>captant,</strong></span> <span class='ocrx_word' id='word_1_414' title='bbox 476 5216 542 5268; x_wconf 90' lang='lat' dir='ltr'><strong>ut</strong></span> <span class='ocrx_word' id='word_1_415' title='bbox 564 5227 702 5285; x_wconf 83' lang='lat' dir='ltr'><strong>ergo</strong></span> <span class='ocrx_word' id='word_1_416' title='bbox 733 5210 881 5266; x_wconf 90' lang='lat' dir='ltr'><strong>nihil</strong></span> <span class='ocrx_word' id='word_1_417' title='bbox 910 5208 1141 5266; x_wconf 90' lang='lat' dir='ltr'><strong>carnale</strong></span> <span class='ocrx_word' id='word_1_418' title='bbox 1171 5211 1383 5267; x_wconf 89' lang='lat' dir='ltr'><strong>sectari</strong></span> <span class='ocrx_word' id='word_1_419' title='bbox 1403 5210 1740 5283; x_wconf 89' lang='lat' dir='ltr'><strong>videamini,</strong></span> <span class='ocrx_word' id='word_1_420' title='bbox 1763 5213 1859 5270; x_wconf 90' lang='lat' dir='ltr'><strong>de-</strong></span> 
     </span>
    </p>
   </div>
   <div class='ocr_carea' id='block_1_57' title="bbox 196 5298 1859 5375">
    <p class='ocr_par' dir='ltr' id='par_1_57' title="bbox 196 5298 1859 5375">
     <span class='ocr_line' id='line_1_58' title="bbox 196 5298 1859 5375; baseline -0.001 -16"><span class='ocrx_word' id='word_1_421' title='bbox 196 5305 402 5359; x_wconf 89' lang='lat' dir='ltr'><strong>center</strong></span> <span class='ocrx_word' id='word_1_422' title='bbox 421 5318 455 5357; x_wconf 90' lang='lat' dir='ltr'><strong>a</strong></span> <span class='ocrx_word' id='word_1_423' title='bbox 474 5300 752 5357; x_wconf 89' lang='lat' dir='ltr'><strong>carnibus</strong></span> <span class='ocrx_word' id='word_1_424' title='bbox 778 5298 1085 5373; x_wconf 79' lang='lat' dir='ltr'><strong>captandis</strong></span> <span class='ocrx_word' id='word_1_425' title='bbox 1108 5299 1169 5355; x_wconf 93' lang='lat' dir='ltr'>in</span> <span class='ocrx_word' id='word_1_426' title='bbox 1195 5300 1691 5372; x_wconf 90' lang='lat' dir='ltr'><strong>quadragesimali</strong></span> <span class='ocrx_word' id='word_1_427' title='bbox 1718 5318 1859 5375; x_wconf 78' lang='lat' dir='ltr'><strong>prse-</strong></span> 
     </span>
    </p>
   </div>
   <div class='ocr_carea' id='block_1_58' title="bbox 196 5388 1857 5466">
    <p class='ocr_par' dir='ltr' id='par_1_58' title="bbox 196 5388 1857 5466">
     <span class='ocr_line' id='line_1_59' title="bbox 196 5388 1857 5466; baseline -0.001 -17"><span class='ocrx_word' id='word_1_428' title='bbox 196 5393 372 5466; x_wconf 89' lang='lat' dir='ltr'><strong>cipue</strong></span> <span class='ocrx_word' id='word_1_429' title='bbox 392 5394 653 5464; x_wconf 87' lang='lat' dir='ltr'><strong>tempore</strong></span> <span class='ocrx_word' id='word_1_430' title='bbox 672 5389 837 5446; x_wconf 91' lang='lat' dir='ltr'><strong>vobis</strong></span> <span class='ocrx_word' id='word_1_431' title='bbox 858 5392 948 5446; x_wconf 88' lang='lat' dir='ltr'><strong>est</strong></span> <span class='ocrx_word' id='word_1_432' title='bbox 967 5388 1385 5445; x_wconf 89' lang='lat' dir='ltr'><strong>abstinendum</strong></span> <span class='ocrx_word' id='word_1_433' title='bbox 1407 5407 1421 5459; x_wconf 90' lang='lat'><strong>;</strong></span> <span class='ocrx_word' id='word_1_434' title='bbox 1457 5393 1677 5463; x_wconf 87' lang='lat' dir='ltr'><strong>quanto</strong></span> <span class='ocrx_word' id='word_1_435' title='bbox 1699 5391 1857 5447; x_wconf 91' lang='lat' dir='ltr'><strong>enim</strong></span> 
     </span>
    </p>
   </div>
   <div class='ocr_carea' id='block_1_59' title="bbox 186 5485 1859 5565">
    <p class='ocr_par' dir='ltr' id='par_1_59' title="bbox 186 5485 1859 5565">
     <span class='ocr_line' id='line_1_60' title="bbox 186 5485 1859 5565; baseline -0.002 -18"><span class='ocrx_word' id='word_1_436' title='bbox 186 5489 409 5565; x_wconf 89' lang='lat' dir='ltr'><strong>jejunii</strong></span> <span class='ocrx_word' id='word_1_437' title='bbox 430 5494 694 5563; x_wconf 90' lang='lat' dir='ltr'><strong>tempore</strong></span> <span class='ocrx_word' id='word_1_438' title='bbox 714 5487 935 5544; x_wconf 88' lang='lat' dir='ltr'><strong>arctius</strong></span> <span class='ocrx_word' id='word_1_439' title='bbox 955 5491 1044 5543; x_wconf 91' lang='lat' dir='ltr'><strong>est</strong></span> <span class='ocrx_word' id='word_1_440' title='bbox 1064 5485 1275 5543; x_wconf 85' lang='lat' dir='ltr'><strong>divinis</strong></span> <span class='ocrx_word' id='word_1_441' title='bbox 1299 5486 1558 5545; x_wconf 88' lang='lat' dir='ltr'><strong>cultibus</strong></span> <span class='ocrx_word' id='word_1_442' title='bbox 1580 5488 1859 5545; x_wconf 89' lang='lat' dir='ltr'><strong>insisten-</strong></span> 
     </span>
    </p>
   </div>
   <div class='ocr_carea' id='block_1_60' title="bbox 197 5575 1861 5652">
    <p class='ocr_par' dir='ltr' id='par_1_60' title="bbox 197 5575 1861 5652">
     <span class='ocr_line' id='line_1_61' title="bbox 197 5575 1861 5652; baseline -0.002 -14"><span class='ocrx_word' id='word_1_443' title='bbox 197 5581 366 5652; x_wconf 92' lang='lat' dir='ltr'><strong>dum,</strong></span> <span class='ocrx_word' id='word_1_444' title='bbox 380 5582 550 5637; x_wconf 88' lang='lat' dir='ltr'><strong>tanto</strong></span> <span class='ocrx_word' id='word_1_445' title='bbox 566 5581 656 5635; x_wconf 89' lang='lat' dir='ltr'><strong>est</strong></span> <span class='ocrx_word' id='word_1_446' title='bbox 675 5578 734 5634; x_wconf 93' lang='lat' dir='ltr'><strong>in</strong></span> <span class='ocrx_word' id='word_1_447' title='bbox 755 5576 982 5634; x_wconf 88' lang='lat' dir='ltr'><strong>cunctis</strong></span> <span class='ocrx_word' id='word_1_448' title='bbox 1003 5575 1212 5633; x_wconf 90' lang='lat' dir='ltr'><strong>mundi</strong></span> <span class='ocrx_word' id='word_1_449' title='bbox 1236 5576 1457 5634; x_wconf 91' lang='lat' dir='ltr'><strong>nocivis</strong></span> <span class='ocrx_word' id='word_1_450' title='bbox 1471 5576 1861 5636; x_wconf 87' lang='lat' dir='ltr'><strong>oblectamen-</strong></span> 
     </span>
    </p>
   </div>
   <div class='ocr_carea' id='block_1_61' title="bbox 190 5666 1860 5749">
    <p class='ocr_par' dir='ltr' id='par_1_61' title="bbox 190 5666 1860 5749">
     <span class='ocr_line' id='line_1_62' title="bbox 190 5666 1860 5749; baseline -0.002 -18"><span class='ocrx_word' id='word_1_451' title='bbox 190 5669 276 5731; x_wconf 85' lang='lat' dir='ltr'><strong>tis</strong></span> <span class='ocrx_word' id='word_1_452' title='bbox 306 5668 549 5749; x_wconf 86' lang='lat' dir='ltr'><strong>longius</strong></span> <span class='ocrx_word' id='word_1_453' title='bbox 578 5666 998 5743; x_wconf 87' lang='lat' dir='ltr'><strong>recedendum;</strong></span> <span class='ocrx_word' id='word_1_454' title='bbox 1032 5666 1355 5745; x_wconf 78' lang='lat' dir='ltr'><strong>praesertim</strong></span> <span class='ocrx_word' id='word_1_455' title='bbox 1396 5678 1533 5729; x_wconf 84' lang='lat' dir='ltr'><strong>cum</strong></span> <span class='ocrx_word' id='word_1_456' title='bbox 1563 5666 1860 5730; x_wconf 85' lang='lat' dir='ltr'><strong>neminem</strong></span> 
     </span>
    </p>
   </div>
   <div class='ocr_carea' id='block_1_62' title="bbox 1907 589 2341 664">
    <p class='ocr_par' dir='ltr' id='par_1_62' title="bbox 1907 589 2341 664">
     <span class='ocr_line' id='line_1_63' title="bbox 1907 589 2341 664; baseline -0.005 -19"><span class='ocrx_word' id='word_1_457' title='bbox 1907 593 2046 664; x_wconf 92' lang='lat' dir='ltr'><strong>gnet</strong></span> <span class='ocrx_word' id='word_1_458' title='bbox 2075 589 2341 645; x_wconf 89' lang='lat' dir='ltr'><strong>historia.</strong></span> 
     </span>
    </p>
   </div>
   <div class='ocr_carea' id='block_1_63' title="bbox 1978 675 3557 749">
    <p class='ocr_par' dir='ltr' id='par_1_63' title="bbox 1978 675 3557 749">
     <span class='ocr_line' id='line_1_64' title="bbox 1978 675 3557 749; baseline -0.003 -15"><span class='ocrx_word' id='word_1_459' title='bbox 1978 678 2144 734; x_wconf 85' lang='lat' dir='ltr'><strong>XLV.</strong></span> <span class='ocrx_word' id='word_1_460' title='bbox 2174 678 2222 733; x_wconf 87' lang='lat' dir='ltr'><strong>A</strong></span> <span class='ocrx_word' id='word_1_461' title='bbox 2253 676 2422 733; x_wconf 89' lang='lat' dir='ltr'><strong>nobis</strong></span> <span class='ocrx_word' id='word_1_462' title='bbox 2452 675 2599 733; x_wconf 87' lang='lat' dir='ltr'><strong>scire</strong></span> <span class='ocrx_word' id='word_1_463' title='bbox 2647 676 2862 749; x_wconf 90' lang='lat' dir='ltr'><strong>cupitis</strong></span> <span class='ocrx_word' id='word_1_464' title='bbox 2892 676 2939 732; x_wconf 88' lang='lat' dir='ltr'><strong>si</strong></span> <span class='ocrx_word' id='word_1_465' title='bbox 2972 675 3031 731; x_wconf 91' lang='lat' dir='ltr'><strong>in</strong></span> <span class='ocrx_word' id='word_1_466' title='bbox 3065 675 3557 749; x_wconf 87' lang='lat' dir='ltr'><strong>quadragesimali</strong></span> 
     </span>
    </p>
   </div>
   <div class='ocr_carea' id='block_1_64' title="bbox 1910 763 3557 838">
    <p class='ocr_par' dir='ltr' id='par_1_64' title="bbox 1910 763 3557 838">
     <span class='ocr_line' id='line_1_65' title="bbox 1910 763 3557 838; baseline -0.002 -17"><span class='ocrx_word' id='word_1_467' title='bbox 1910 770 2172 838; x_wconf 84' lang='lat' dir='ltr'><strong>tempore</strong></span> <span class='ocrx_word' id='word_1_468' title='bbox 2193 763 2423 836; x_wconf 89' lang='lat' dir='ltr'><strong>judicia</strong></span> <span class='ocrx_word' id='word_1_469' title='bbox 2458 763 2577 819; x_wconf 91' lang='lat' dir='ltr'><strong>sint</strong></span> <span class='ocrx_word' id='word_1_470' title='bbox 2618 764 2954 832; x_wconf 83' lang='lat' dir='ltr'><strong>exercenda,</strong></span> <span class='ocrx_word' id='word_1_471' title='bbox 2984 767 3040 819; x_wconf 90' lang='lat' dir='ltr'><strong>et</strong></span> <span class='ocrx_word' id='word_1_472' title='bbox 3071 764 3141 819; x_wconf 89' lang='lat' dir='ltr'><strong>ad</strong></span> <span class='ocrx_word' id='word_1_473' title='bbox 3174 767 3419 818; x_wconf 89' lang='lat' dir='ltr'><strong>mortem</strong></span> <span class='ocrx_word' id='word_1_474' title='bbox 3452 763 3557 818; x_wconf 87' lang='lat' dir='ltr'><strong>ali-</strong></span> 
     </span>
    </p>
   </div>
   <div class='ocr_carea' id='block_1_65' title="bbox 1912 852 3560 928">
    <p class='ocr_par' dir='ltr' id='par_1_65' title="bbox 1912 852 3560 928">
     <span class='ocr_line' id='line_1_66' title="bbox 1912 852 3560 928; baseline -0.002 -18"><span class='ocrx_word' id='word_1_475' title='bbox 1912 856 2046 928; x_wconf 89' lang='lat' dir='ltr'><strong>quis</strong></span> <span class='ocrx_word' id='word_1_476' title='bbox 2085 853 2463 920; x_wconf 89' lang='lat' dir='ltr'><strong>addicendus,</strong></span> <span class='ocrx_word' id='word_1_477' title='bbox 2488 853 2546 907; x_wconf 93' lang='lat' dir='ltr'>in</span> <span class='ocrx_word' id='word_1_478' title='bbox 2579 869 2694 925; x_wconf 92' lang='lat' dir='ltr'><strong>quo</strong></span> <span class='ocrx_word' id='word_1_479' title='bbox 2748 869 2856 908; x_wconf 91' lang='lat' dir='ltr'><strong>nos</strong></span> <span class='ocrx_word' id='word_1_480' title='bbox 2913 852 3189 909; x_wconf 82' lang='lat' dir='ltr'><strong>noveritis</strong></span> <span class='ocrx_word' id='word_1_481' title='bbox 3237 852 3439 907; x_wconf 88' lang='lat' dir='ltr'><strong>eadem</strong></span> <span class='ocrx_word' id='word_1_482' title='bbox 3490 852 3560 907; x_wconf 91' lang='lat' dir='ltr'><strong>de</strong></span> 
     </span>
    </p>
   </div>
   <div class='ocr_carea' id='block_1_66' title="bbox 1913 940 3563 1017">
    <p class='ocr_par' dir='ltr' id='par_1_66' title="bbox 1913 940 3563 1017">
     <span class='ocr_line' id='line_1_67' title="bbox 1913 940 3563 1017; baseline -0.002 -17"><span class='ocrx_word' id='word_1_483' title='bbox 1913 940 2406 1017; x_wconf 86' lang='lat' dir='ltr'><strong>quadragesimali</strong></span> <span class='ocrx_word' id='word_1_484' title='bbox 2439 945 2696 1013; x_wconf 90' lang='lat' dir='ltr'><strong>tempore</strong></span> <span class='ocrx_word' id='word_1_485' title='bbox 2728 958 2905 1012; x_wconf 87' lang='lat' dir='ltr'><strong>super</strong></span> <span class='ocrx_word' id='word_1_486' title='bbox 2932 940 3043 996; x_wconf 90' lang='lat' dir='ltr'><strong>hac</strong></span> <span class='ocrx_word' id='word_1_487' title='bbox 3058 941 3411 1013; x_wconf 89' lang='lat' dir='ltr'><strong>respondere</strong></span> <span class='ocrx_word' id='word_1_488' title='bbox 3430 955 3563 996; x_wconf 89' lang='lat' dir='ltr'><strong>con-</strong></span> 
     </span>
    </p>
   </div>
   <div class='ocr_carea' id='block_1_67' title="bbox 1915 1029 3562 1104">
    <p class='ocr_par' dir='ltr' id='par_1_67' title="bbox 1915 1029 3562 1104">
     <span class='ocr_line' id='line_1_68' title="bbox 1915 1029 3562 1104; baseline -0.002 -15"><span class='ocrx_word' id='word_1_489' title='bbox 1915 1032 2249 1099; x_wconf 83' lang='lat' dir='ltr'><strong>sultatione,</strong></span> <span class='ocrx_word' id='word_1_490' title='bbox 2274 1049 2401 1104; x_wconf 69' lang='lat' dir='ltr'><strong>qua:</strong></span> <span class='ocrx_word' id='word_1_491' title='bbox 2425 1029 2633 1086; x_wconf 89' lang='lat' dir='ltr'><strong>diebus</strong></span> <span class='ocrx_word' id='word_1_492' title='bbox 2657 1030 2820 1087; x_wconf 87' lang='lat' dir='ltr'><strong>festis</strong></span> <span class='ocrx_word' id='word_1_493' title='bbox 2847 1046 2954 1086; x_wconf 90' lang='lat' dir='ltr'><strong>nos</strong></span> <span class='ocrx_word' id='word_1_494' title='bbox 2975 1029 3318 1085; x_wconf 89' lang='lat' dir='ltr'><strong>duodecimo</strong></span> <span class='ocrx_word' id='word_1_495' title='bbox 3351 1030 3562 1086; x_wconf 90' lang='lat' dir='ltr'><strong>harum</strong></span> 
     </span>
    </p>
   </div>
   <div class='ocr_carea' id='block_1_68' title="bbox 1916 1118 3566 1195">
    <p class='ocr_par' dir='ltr' id='par_1_68' title="bbox 1916 1118 3566 1195">
     <span class='ocr_line' id='line_1_69' title="bbox 1916 1118 3566 1195; baseline -0.002 -16"><span class='ocrx_word' id='word_1_496' title='bbox 1916 1120 2367 1195; x_wconf 91' lang='lat' dir='ltr'><strong>responsionum</strong></span> <span class='ocrx_word' id='word_1_497' title='bbox 2398 1123 2733 1176; x_wconf 90' lang='lat' dir='ltr'><strong>nostrorum</strong></span> <span class='ocrx_word' id='word_1_498' title='bbox 2760 1118 3013 1193; x_wconf 89' lang='lat' dir='ltr'><strong>capitulo</strong></span> <span class='ocrx_word' id='word_1_499' title='bbox 3036 1119 3162 1191; x_wconf 88' lang='lat' dir='ltr'><strong>jam</strong></span> <span class='ocrx_word' id='word_1_500' title='bbox 3194 1118 3566 1192; x_wconf 83' lang='lat' dir='ltr'><strong>respondisse</strong></span> 
     </span>
    </p>
   </div>
   <div class='ocr_carea' id='block_1_69' title="bbox 1917 1210 2341 1284">
    <p class='ocr_par' dir='ltr' id='par_1_69' title="bbox 1917 1210 2341 1284">
     <span class='ocr_line' id='line_1_70' title="bbox 1917 1210 2341 1284; baseline -0.002 -19"><span class='ocrx_word' id='word_1_501' title='bbox 1917 1210 2341 1284; x_wconf 88' lang='lat' dir='ltr'><strong>dignoscimur.</strong></span> 
     </span>
    </p>
   </div>
   <div class='ocr_carea' id='block_1_70' title="bbox 1987 1294 3565 1370">
    <p class='ocr_par' dir='ltr' id='par_1_70' title="bbox 1987 1294 3565 1370">
     <span class='ocr_line' id='line_1_71' title="bbox 1987 1294 3565 1370; baseline 0.001 -18"><span class='ocrx_word' id='word_1_502' title='bbox 1987 1297 2172 1353; x_wconf 89' lang='lat' dir='ltr'>XLVI.</span> <span class='ocrx_word' id='word_1_503' title='bbox 2187 1297 2319 1352; x_wconf 88' lang='lat' dir='ltr'><strong>Jam</strong></span> <span class='ocrx_word' id='word_1_504' title='bbox 2341 1312 2473 1352; x_wconf 91' lang='lat' dir='ltr'><strong>vero</strong></span> <span class='ocrx_word' id='word_1_505' title='bbox 2495 1295 2543 1352; x_wconf 91' lang='lat' dir='ltr'><strong>si</strong></span> <span class='ocrx_word' id='word_1_506' title='bbox 2569 1294 3065 1369; x_wconf 88' lang='lat' dir='ltr'><strong>quadragesimali</strong></span> <span class='ocrx_word' id='word_1_507' title='bbox 3090 1300 3345 1370; x_wconf 87' lang='lat' dir='ltr'><strong>tempore</strong></span> <span class='ocrx_word' id='word_1_508' title='bbox 3376 1297 3565 1367; x_wconf 88' lang='lat' dir='ltr'><strong>liceat,</strong></span> 
     </span>
    </p>
   </div>
   <div class='ocr_carea' id='block_1_71' title="bbox 1921 1384 3566 1459">
    <p class='ocr_par' dir='ltr' id='par_1_71' title="bbox 1921 1384 3566 1459">
     <span class='ocr_line' id='line_1_72' title="bbox 1921 1384 3566 1459; baseline -0.001 -14"><span class='ocrx_word' id='word_1_509' title='bbox 1921 1386 1970 1445; x_wconf 90' lang='lat' dir='ltr'><strong>si</strong></span> <span class='ocrx_word' id='word_1_510' title='bbox 1993 1385 2309 1443; x_wconf 87' lang='lat' dir='ltr'><strong>necessitas</strong></span> <span class='ocrx_word' id='word_1_511' title='bbox 2330 1384 2526 1458; x_wconf 81' lang='lat' dir='ltr'><strong>exigit,</strong></span> <span class='ocrx_word' id='word_1_512' title='bbox 2548 1384 2636 1441; x_wconf 90' lang='lat' dir='ltr'><strong>vel</strong></span> <span class='ocrx_word' id='word_1_513' title='bbox 2669 1385 2718 1441; x_wconf 92' lang='lat' dir='ltr'><strong>si</strong></span> <span class='ocrx_word' id='word_1_514' title='bbox 2748 1402 2863 1440; x_wconf 92' lang='lat' dir='ltr'><strong>non</strong></span> <span class='ocrx_word' id='word_1_515' title='bbox 2893 1385 3069 1459; x_wconf 82' lang='lat' dir='ltr'><strong>exigit</strong></span> <span class='ocrx_word' id='word_1_516' title='bbox 3088 1385 3209 1441; x_wconf 89' lang='lat' dir='ltr'><strong>ulla</strong></span> <span class='ocrx_word' id='word_1_517' title='bbox 3228 1387 3566 1454; x_wconf 86' lang='lat' dir='ltr'><strong>necessitas,</strong></span> 
     </span>
    </p>
   </div>
   <div class='ocr_carea' id='block_1_72' title="bbox 1920 1473 3569 1547">
    <p class='ocr_par' dir='ltr' id='par_1_72' title="bbox 1920 1473 3569 1547">
     <span class='ocr_line' id='line_1_73' title="bbox 1920 1473 3569 1547; baseline -0.001 -16"><span class='ocrx_word' id='word_1_518' title='bbox 1920 1476 1994 1531; x_wconf 92' lang='lat' dir='ltr'><strong>ad</strong></span> <span class='ocrx_word' id='word_1_519' title='bbox 2019 1474 2171 1531; x_wconf 87' lang='lat' dir='ltr'><strong>bella</strong></span> <span class='ocrx_word' id='word_1_520' title='bbox 2194 1475 2524 1547; x_wconf 89' lang='lat' dir='ltr'><strong>procedere,</strong></span> <span class='ocrx_word' id='word_1_521' title='bbox 2546 1491 2661 1530; x_wconf 92' lang='lat' dir='ltr'><strong>non</strong></span> <span class='ocrx_word' id='word_1_522' title='bbox 2683 1473 2847 1530; x_wconf 88' lang='lat' dir='ltr'><strong>vobis</strong></span> <span class='ocrx_word' id='word_1_523' title='bbox 2869 1478 2959 1529; x_wconf 89' lang='lat' dir='ltr'><strong>est</strong></span> <span class='ocrx_word' id='word_1_524' title='bbox 2981 1474 3373 1530; x_wconf 87' lang='lat' dir='ltr'><strong>necessarium</strong></span> <span class='ocrx_word' id='word_1_525' title='bbox 3396 1491 3569 1547; x_wconf 87' lang='lat' dir='ltr'><strong>expo-</strong></span> 
     </span>
    </p>
   </div>
   <div class='ocr_carea' id='block_1_73' title="bbox 1923 1563 3574 1636">
    <p class='ocr_par' dir='ltr' id='par_1_73' title="bbox 1923 1563 3574 1636">
     <span class='ocr_line' id='line_1_74' title="bbox 1923 1563 3574 1636; baseline -0.001 -15"><span class='ocrx_word' id='word_1_526' title='bbox 1923 1565 2352 1633; x_wconf 90' lang='lat' dir='ltr'><strong>nendum,cum</strong></span> <span class='ocrx_word' id='word_1_527' title='bbox 2385 1581 2456 1619; x_wconf 90' lang='lat' dir='ltr'><strong>ex</strong></span> <span class='ocrx_word' id='word_1_528' title='bbox 2484 1563 2747 1636; x_wconf 89' lang='lat' dir='ltr'><strong>priorum</strong></span> <span class='ocrx_word' id='word_1_529' title='bbox 2777 1563 3241 1635; x_wconf 87' lang='lat' dir='ltr'><strong>propositionum</strong></span> <span class='ocrx_word' id='word_1_530' title='bbox 3272 1563 3574 1621; x_wconf 89' lang='lat' dir='ltr'><strong>solutioni-</strong></span> 
     </span>
    </p>
   </div>
   <div class='ocr_carea' id='block_1_74' title="bbox 1923 1651 3572 1726">
    <p class='ocr_par' dir='ltr' id='par_1_74' title="bbox 1923 1651 3572 1726">
     <span class='ocr_line' id='line_1_75' title="bbox 1923 1651 3572 1726; baseline 0.001 -17"><span class='ocrx_word' id='word_1_531' title='bbox 1923 1654 2035 1709; x_wconf 90' lang='lat' dir='ltr'><strong>bus</strong></span> <span class='ocrx_word' id='word_1_532' title='bbox 2058 1652 2200 1726; x_wconf 90' lang='lat' dir='ltr'><strong>quid</strong></span> <span class='ocrx_word' id='word_1_533' title='bbox 2222 1670 2322 1709; x_wconf 87' lang='lat' dir='ltr'><strong>vos</strong></span> <span class='ocrx_word' id='word_1_534' title='bbox 2344 1651 2647 1709; x_wconf 87' lang='lat' dir='ltr'><strong>conveniat</strong></span> <span class='ocrx_word' id='word_1_535' title='bbox 2662 1651 3034 1725; x_wconf 88' lang='lat' dir='ltr'><strong>agere,etiam</strong></span> <span class='ocrx_word' id='word_1_536' title='bbox 3058 1652 3226 1709; x_wconf 91' lang='lat' dir='ltr'><strong>nobis</strong></span> <span class='ocrx_word' id='word_1_537' title='bbox 3244 1653 3572 1710; x_wconf 88' lang='lat' dir='ltr'><strong>tacentibus</strong></span> 
     </span>
    </p>
   </div>
   <div class='ocr_carea' id='block_1_75' title="bbox 1916 1740 3572 1816">
    <p class='ocr_par' dir='ltr' id='par_1_75' title="bbox 1916 1740 3572 1816">
     <span class='ocr_line' id='line_1_76' title="bbox 1916 1740 3572 1816; baseline -0.001 -17"><span class='ocrx_word' id='word_1_538' title='bbox 1916 1744 2041 1815; x_wconf 89' lang='lat' dir='ltr'><strong>jam</strong></span> <span class='ocrx_word' id='word_1_539' title='bbox 2076 1742 2184 1816; x_wconf 90' lang='lat' dir='ltr'><strong>ipsi</strong></span> <span class='ocrx_word' id='word_1_540' title='bbox 2219 1742 2515 1816; x_wconf 90' lang='lat' dir='ltr'><strong>colligitis.</strong></span> <span class='ocrx_word' id='word_1_541' title='bbox 2549 1741 2845 1799; x_wconf 89' lang='lat' dir='ltr'><strong>Bellorum</strong></span> <span class='ocrx_word' id='word_1_542' title='bbox 2876 1740 3095 1814; x_wconf 90' lang='lat' dir='ltr'><strong>quippe</strong></span> <span class='ocrx_word' id='word_1_543' title='bbox 3134 1759 3199 1797; x_wconf 89' lang='lat' dir='ltr'><strong>ac</strong></span> <span class='ocrx_word' id='word_1_544' title='bbox 3238 1742 3572 1815; x_wconf 69' lang='lat' dir='ltr'><strong>praeliorum</strong></span> 
     </span>
    </p>
   </div>
   <div class='ocr_carea' id='block_1_76' title="bbox 1927 1830 3575 1904">
    <p class='ocr_par' dir='ltr' id='par_1_76' title="bbox 1927 1830 3575 1904">
     <span class='ocr_line' id='line_1_77' title="bbox 1927 1830 3575 1904; baseline 0 -16"><span class='ocrx_word' id='word_1_545' title='bbox 1927 1831 2267 1898; x_wconf 89' lang='lat' dir='ltr'><strong>certamina,</strong></span> <span class='ocrx_word' id='word_1_546' title='bbox 2294 1848 2518 1887; x_wconf 89' lang='lat' dir='ltr'><strong>necnon</strong></span> <span class='ocrx_word' id='word_1_547' title='bbox 2542 1830 2806 1886; x_wconf 91' lang='lat' dir='ltr'><strong>omnium</strong></span> <span class='ocrx_word' id='word_1_548' title='bbox 2830 1830 3164 1904; x_wconf 86' lang='lat' dir='ltr'><strong>jurgiorum</strong></span> <span class='ocrx_word' id='word_1_549' title='bbox 3190 1831 3359 1887; x_wconf 91' lang='lat' dir='ltr'><strong>initia</strong></span> <span class='ocrx_word' id='word_1_550' title='bbox 3378 1832 3575 1888; x_wconf 90' lang='lat' dir='ltr'><strong>diabo-</strong></span> 
     </span>
    </p>
   </div>
   <div class='ocr_carea' id='block_1_77' title="bbox 1928 1920 3576 1993">
    <p class='ocr_par' dir='ltr' id='par_1_77' title="bbox 1928 1920 3576 1993">
     <span class='ocr_line' id='line_1_78' title="bbox 1928 1920 3576 1993; baseline 0.001 -17"><span class='ocrx_word' id='word_1_551' title='bbox 1928 1921 2051 1976; x_wconf 65' lang='lat' dir='ltr'><strong>licae</strong></span> <span class='ocrx_word' id='word_1_552' title='bbox 2078 1922 2281 1977; x_wconf 86' lang='lat' dir='ltr'><strong>fraude</strong></span> <span class='ocrx_word' id='word_1_553' title='bbox 2312 1924 2452 1976; x_wconf 84' lang='lat' dir='ltr'><strong>sunt</strong></span> <span class='ocrx_word' id='word_1_554' title='bbox 2481 1920 2625 1977; x_wconf 88' lang='lat' dir='ltr'><strong>artis</strong></span> <span class='ocrx_word' id='word_1_555' title='bbox 2655 1921 2912 1993; x_wconf 87' lang='lat' dir='ltr'><strong>profecto</strong></span> <span class='ocrx_word' id='word_1_556' title='bbox 2945 1923 3197 1993; x_wconf 87' lang='lat' dir='ltr'><strong>reperta,</strong></span> <span class='ocrx_word' id='word_1_557' title='bbox 3218 1924 3273 1976; x_wconf 90' lang='lat' dir='ltr'><strong>et</strong></span> <span class='ocrx_word' id='word_1_558' title='bbox 3312 1920 3576 1977; x_wconf 83' lang='lat' dir='ltr'><strong>dilatand</strong></span> 
     </span>
    </p>
   </div>
   <div class='ocr_carea' id='block_1_78' title="bbox 1930 2007 3577 2082">
    <p class='ocr_par' dir='ltr' id='par_1_78' title="bbox 1930 2007 3577 2082">
     <span class='ocr_line' id='line_1_79' title="bbox 1930 2007 3577 2082; baseline 0 -17"><span class='ocrx_word' id='word_1_559' title='bbox 1930 2008 2092 2082; x_wconf 90' lang='lat' dir='ltr'><strong>regni</strong></span> <span class='ocrx_word' id='word_1_560' title='bbox 2124 2009 2398 2081; x_wconf 90' lang='lat' dir='ltr'><strong>cupidus,</strong></span> <span class='ocrx_word' id='word_1_561' title='bbox 2420 2007 2508 2064; x_wconf 86' lang='lat' dir='ltr'><strong>vel</strong></span> <span class='ocrx_word' id='word_1_562' title='bbox 2538 2008 2657 2076; x_wconf 84' lang='lat' dir='ltr'><strong>irae,</strong></span> <span class='ocrx_word' id='word_1_563' title='bbox 2679 2007 2768 2063; x_wconf 91' lang='lat' dir='ltr'><strong>vel</strong></span> <span class='ocrx_word' id='word_1_564' title='bbox 2798 2007 3046 2077; x_wconf 70' lang='lat' dir='ltr'><strong>invidiaz,</strong></span> <span class='ocrx_word' id='word_1_565' title='bbox 3068 2008 3156 2064; x_wconf 89' lang='lat' dir='ltr'><strong>vel</strong></span> <span class='ocrx_word' id='word_1_566' title='bbox 3185 2009 3337 2066; x_wconf 91' lang='lat' dir='ltr'><strong>alius</strong></span> <span class='ocrx_word' id='word_1_567' title='bbox 3374 2010 3577 2082; x_wconf 87' lang='lat' dir='ltr'><strong>cujus-</strong></span> 
     </span>
    </p>
   </div>
   <div class='ocr_carea' id='block_1_79' title="bbox 1931 2096 3578 2172">
    <p class='ocr_par' dir='ltr' id='par_1_79' title="bbox 1931 2096 3578 2172">
     <span class='ocr_line' id='line_1_80' title="bbox 1931 2096 3578 2172; baseline 0.002 -19"><span class='ocrx_word' id='word_1_568' title='bbox 1931 2099 2089 2172; x_wconf 89' lang='lat' dir='ltr'><strong>piam</strong></span> <span class='ocrx_word' id='word_1_569' title='bbox 2117 2097 2238 2153; x_wconf 91' lang='lat' dir='ltr'><strong>vitii</strong></span> <span class='ocrx_word' id='word_1_570' title='bbox 2274 2096 2517 2153; x_wconf 90' lang='lat' dir='ltr'><strong>dilector</strong></span> <span class='ocrx_word' id='word_1_571' title='bbox 2544 2101 2774 2152; x_wconf 91' lang='lat' dir='ltr'><strong>tantum</strong></span> <span class='ocrx_word' id='word_1_572' title='bbox 2817 2096 2911 2153; x_wconf 91' lang='lat' dir='ltr'><strong>his</strong></span> <span class='ocrx_word' id='word_1_573' title='bbox 2939 2097 3260 2167; x_wconf 89' lang='lat' dir='ltr'><strong>intendere,</strong></span> <span class='ocrx_word' id='word_1_574' title='bbox 3285 2115 3387 2155; x_wconf 90' lang='lat' dir='ltr'><strong>seu</strong></span> <span class='ocrx_word' id='word_1_575' title='bbox 3422 2098 3578 2156; x_wconf 89' lang='lat' dir='ltr'><strong>dele-</strong></span> 
     </span>
    </p>
   </div>
   <div class='ocr_carea' id='block_1_80' title="bbox 1929 2184 3576 2259">
    <p class='ocr_par' dir='ltr' id='par_1_80' title="bbox 1929 2184 3576 2259">
     <span class='ocr_line' id='line_1_81' title="bbox 1929 2184 3576 2259; baseline -0.001 -15"><span class='ocrx_word' id='word_1_576' title='bbox 1929 2186 2075 2244; x_wconf 86' lang='lat' dir='ltr'><strong>ctari</strong></span> <span class='ocrx_word' id='word_1_577' title='bbox 2105 2186 2487 2243; x_wconf 87' lang='lat' dir='ltr'><strong>convincitur.</strong></span> <span class='ocrx_word' id='word_1_578' title='bbox 2508 2187 2577 2241; x_wconf 89' lang='lat' dir='ltr'><strong>Et</strong></span> <span class='ocrx_word' id='word_1_579' title='bbox 2596 2186 2745 2253; x_wconf 89' lang='lat' dir='ltr'><strong>ideo,</strong></span> <span class='ocrx_word' id='word_1_580' title='bbox 2761 2184 2812 2241; x_wconf 87' lang='lat' dir='ltr'><strong>si</strong></span> <span class='ocrx_word' id='word_1_581' title='bbox 2833 2184 2996 2240; x_wconf 88' lang='lat' dir='ltr'><strong>nulla</strong></span> <span class='ocrx_word' id='word_1_582' title='bbox 3010 2190 3214 2259; x_wconf 87' lang='lat' dir='ltr'><strong>urgeat</strong></span> <span class='ocrx_word' id='word_1_583' title='bbox 3235 2187 3576 2256; x_wconf 89' lang='lat' dir='ltr'><strong>necessitas,</strong></span> 
     </span>
    </p>
   </div>
   <div class='ocr_carea' id='block_1_81' title="bbox 1932 2274 3583 2348">
    <p class='ocr_par' dir='ltr' id='par_1_81' title="bbox 1932 2274 3583 2348">
     <span class='ocr_line' id='line_1_82' title="bbox 1932 2274 3583 2348; baseline -0.001 -16"><span class='ocrx_word' id='word_1_584' title='bbox 1932 2293 2049 2332; x_wconf 92' lang='lat' dir='ltr'><strong>non</strong></span> <span class='ocrx_word' id='word_1_585' title='bbox 2081 2275 2271 2332; x_wconf 90' lang='lat' dir='ltr'><strong>solum</strong></span> <span class='ocrx_word' id='word_1_586' title='bbox 2304 2274 2797 2348; x_wconf 88' lang='lat' dir='ltr'><strong>quadragesimali</strong></span> <span class='ocrx_word' id='word_1_587' title='bbox 2847 2279 3128 2347; x_wconf 90' lang='lat' dir='ltr'><strong>tempore,</strong></span> <span class='ocrx_word' id='word_1_588' title='bbox 3154 2276 3254 2331; x_wconf 90' lang='lat' dir='ltr'><strong>sed</strong></span> <span class='ocrx_word' id='word_1_589' title='bbox 3286 2276 3445 2332; x_wconf 92' lang='lat' dir='ltr'><strong>omni</strong></span> <span class='ocrx_word' id='word_1_590' title='bbox 3493 2280 3583 2333; x_wconf 90' lang='lat' dir='ltr'><strong>est</strong></span> 
     </span>
    </p>
   </div>
   <div class='ocr_carea' id='block_1_82' title="bbox 1931 2362 3585 2440">
    <p class='ocr_par' dir='ltr' id='par_1_82' title="bbox 1931 2362 3585 2440">
     <span class='ocr_line' id='line_1_83' title="bbox 1931 2362 3585 2440; baseline 0.001 -19"><span class='ocrx_word' id='word_1_591' title='bbox 1931 2364 2145 2439; x_wconf 64' lang='lat' dir='ltr'><strong>praeliis</strong></span> <span class='ocrx_word' id='word_1_592' title='bbox 2169 2364 2610 2420; x_wconf 88' lang='lat' dir='ltr'><strong>abstinendum.</strong></span> <span class='ocrx_word' id='word_1_593' title='bbox 2626 2363 2684 2419; x_wconf 91' lang='lat' dir='ltr'><strong>Si</strong></span> <span class='ocrx_word' id='word_1_594' title='bbox 2708 2367 2903 2419; x_wconf 90' lang='lat' dir='ltr'><strong>autem</strong></span> <span class='ocrx_word' id='word_1_595' title='bbox 2925 2362 3277 2421; x_wconf 88' lang='lat' dir='ltr'><strong>inevitabilis</strong></span> <span class='ocrx_word' id='word_1_596' title='bbox 3299 2370 3465 2440; x_wconf 87' lang='lat' dir='ltr'><strong>urget</strong></span> <span class='ocrx_word' id='word_1_597' title='bbox 3486 2383 3585 2439; x_wconf 49' lang='lat' dir='ltr'><strong>op.</strong></span> 
     </span>
    </p>
   </div>
   <div class='ocr_carea' id='block_1_83' title="bbox 1933 2452 3582 2529">
    <p class='ocr_par' dir='ltr' id='par_1_83' title="bbox 1933 2452 3582 2529">
     <span class='ocr_line' id='line_1_84' title="bbox 1933 2452 3582 2529; baseline 0.001 -19"><span class='ocrx_word' id='word_1_598' title='bbox 1933 2454 2284 2529; x_wconf 89' lang='lat' dir='ltr'><strong>portunitas,</strong></span> <span class='ocrx_word' id='word_1_599' title='bbox 2304 2469 2410 2509; x_wconf 88' lang='lat' dir='ltr'><strong>nec</strong></span> <span class='ocrx_word' id='word_1_600' title='bbox 2433 2452 2929 2526; x_wconf 87' lang='lat' dir='ltr'><strong>quadragesimali</strong></span> <span class='ocrx_word' id='word_1_601' title='bbox 2957 2459 3046 2509; x_wconf 90' lang='lat' dir='ltr'><strong>est</strong></span> <span class='ocrx_word' id='word_1_602' title='bbox 3075 2458 3337 2527; x_wconf 91' lang='lat' dir='ltr'><strong>tempore</strong></span> <span class='ocrx_word' id='word_1_603' title='bbox 3358 2472 3461 2528; x_wconf 89' lang='lat' dir='ltr'><strong>pro</strong></span> <span class='ocrx_word' id='word_1_604' title='bbox 3483 2456 3582 2511; x_wconf 87' lang='lat' dir='ltr'><strong>de-</strong></span> 
     </span>
    </p>
   </div>
   <div class='ocr_carea' id='block_1_84' title="bbox 1933 2542 3585 2616">
    <p class='ocr_par' dir='ltr' id='par_1_84' title="bbox 1933 2542 3585 2616">
     <span class='ocr_line' id='line_1_85' title="bbox 1933 2542 3585 2616; baseline 0.001 -17"><span class='ocrx_word' id='word_1_605' title='bbox 1933 2544 2197 2599; x_wconf 85' lang='lat' dir='ltr'><strong>fensione</strong></span> <span class='ocrx_word' id='word_1_606' title='bbox 2220 2547 2340 2601; x_wconf 90' lang='lat' dir='ltr'><strong>tam</strong></span> <span class='ocrx_word' id='word_1_607' title='bbox 2373 2560 2499 2610; x_wconf 90' lang='lat' dir='ltr'><strong>sua,</strong></span> <span class='ocrx_word' id='word_1_608' title='bbox 2525 2558 2700 2614; x_wconf 90' lang='lat' dir='ltr'><strong>quam</strong></span> <span class='ocrx_word' id='word_1_609' title='bbox 2730 2542 3068 2613; x_wconf 65' lang='lat' dir='ltr'><strong>patriaz,seu</strong></span> <span class='ocrx_word' id='word_1_610' title='bbox 3093 2542 3288 2616; x_wconf 85' lang='lat' dir='ltr'><strong>legum</strong></span> <span class='ocrx_word' id='word_1_611' title='bbox 3318 2548 3585 2616; x_wconf 87' lang='lat' dir='ltr'><strong>paterna-</strong></span> 
     </span>
    </p>
   </div>
   <div class='ocr_carea' id='block_1_85' title="bbox 1934 2629 3587 2705">
    <p class='ocr_par' dir='ltr' id='par_1_85' title="bbox 1934 2629 3587 2705">
     <span class='ocr_line' id='line_1_86' title="bbox 1934 2629 3587 2705; baseline 0.002 -18"><span class='ocrx_word' id='word_1_612' title='bbox 1934 2650 2088 2700; x_wconf 90' lang='lat' dir='ltr'><strong>rum,</strong></span> <span class='ocrx_word' id='word_1_613' title='bbox 2116 2631 2404 2687; x_wconf 91' lang='lat' dir='ltr'><strong>bellorum</strong></span> <span class='ocrx_word' id='word_1_614' title='bbox 2445 2629 2645 2702; x_wconf 88' lang='lat' dir='ltr'><strong>procul</strong></span> <span class='ocrx_word' id='word_1_615' title='bbox 2685 2629 2864 2685; x_wconf 88' lang='lat' dir='ltr'><strong>dubio</strong></span> <span class='ocrx_word' id='word_1_616' title='bbox 2907 2631 3314 2702; x_wconf 69' lang='lat' dir='ltr'><strong>praeparationi</strong></span> <span class='ocrx_word' id='word_1_617' title='bbox 3343 2649 3587 2705; x_wconf 87' lang='lat' dir='ltr'><strong>parcen-</strong></span> 
     </span>
    </p>
   </div>
   <div class='ocr_carea' id='block_1_86' title="bbox 1936 2718 3586 2789">
    <p class='ocr_par' dir='ltr' id='par_1_86' title="bbox 1936 2718 3586 2789">
     <span class='ocr_line' id='line_1_87' title="bbox 1936 2718 3586 2789; baseline -0.001 -11"><span class='ocrx_word' id='word_1_618' title='bbox 1936 2723 2112 2787; x_wconf 92' lang='lat' dir='ltr'><strong>dum;</strong></span> <span class='ocrx_word' id='word_1_619' title='bbox 2147 2736 2219 2775; x_wconf 91' lang='lat' dir='ltr'><strong>ne</strong></span> <span class='ocrx_word' id='word_1_620' title='bbox 2248 2718 2516 2775; x_wconf 90' lang='lat' dir='ltr'><strong>videlicet</strong></span> <span class='ocrx_word' id='word_1_621' title='bbox 2543 2719 2727 2774; x_wconf 89' lang='lat' dir='ltr'><strong>Deum</strong></span> <span class='ocrx_word' id='word_1_622' title='bbox 2757 2718 3024 2775; x_wconf 89' lang='lat' dir='ltr'><strong>videatur</strong></span> <span class='ocrx_word' id='word_1_623' title='bbox 3053 2718 3228 2775; x_wconf 91' lang='lat' dir='ltr'><strong>homo</strong></span> <span class='ocrx_word' id='word_1_624' title='bbox 3258 2724 3501 2789; x_wconf 90' lang='lat' dir='ltr'><strong>tentare,</strong></span> <span class='ocrx_word' id='word_1_625' title='bbox 3535 2723 3586 2780; x_wconf 88' lang='lat' dir='ltr'><strong>si</strong></span> 
     </span>
    </p>
   </div>
   <div class='ocr_carea' id='block_1_87' title="bbox 1937 2806 3589 2881">
    <p class='ocr_par' dir='ltr' id='par_1_87' title="bbox 1937 2806 3589 2881">
     <span class='ocr_line' id='line_1_88' title="bbox 1937 2806 3589 2881; baseline 0.001 -15"><span class='ocrx_word' id='word_1_626' title='bbox 1937 2811 2112 2866; x_wconf 89' lang='lat' dir='ltr'><strong>habet</strong></span> <span class='ocrx_word' id='word_1_627' title='bbox 2133 2809 2286 2881; x_wconf 91' lang='lat' dir='ltr'><strong>quod</strong></span> <span class='ocrx_word' id='word_1_628' title='bbox 2311 2806 2502 2873; x_wconf 89' lang='lat' dir='ltr'><strong>faciat,</strong></span> <span class='ocrx_word' id='word_1_629' title='bbox 2517 2811 2574 2862; x_wconf 91' lang='lat' dir='ltr'><strong>et</strong></span> <span class='ocrx_word' id='word_1_630' title='bbox 2594 2824 2711 2862; x_wconf 64' lang='lat' dir='ltr'><strong>sua:</strong></span> <span class='ocrx_word' id='word_1_631' title='bbox 2733 2824 2799 2863; x_wconf 89' lang='lat' dir='ltr'><strong>ac</strong></span> <span class='ocrx_word' id='word_1_632' title='bbox 2822 2807 3071 2863; x_wconf 89' lang='lat' dir='ltr'><strong>aliorum</strong></span> <span class='ocrx_word' id='word_1_633' title='bbox 3091 2808 3266 2863; x_wconf 90' lang='lat' dir='ltr'><strong>saluti</strong></span> <span class='ocrx_word' id='word_1_634' title='bbox 3284 2810 3589 2868; x_wconf 88' lang='lat' dir='ltr'><strong>consulere</strong></span> 
     </span>
    </p>
   </div>
   <div class='ocr_carea' id='block_1_88' title="bbox 1939 2894 3589 2970">
    <p class='ocr_par' dir='ltr' id='par_1_88' title="bbox 1939 2894 3589 2970">
     <span class='ocr_line' id='line_1_89' title="bbox 1939 2894 3589 2970; baseline 0.001 -15"><span class='ocrx_word' id='word_1_635' title='bbox 1939 2916 2055 2955; x_wconf 93' lang='lat' dir='ltr'><strong>non</strong></span> <span class='ocrx_word' id='word_1_636' title='bbox 2088 2900 2378 2970; x_wconf 86' lang='lat' dir='ltr'><strong>procurat,</strong></span> <span class='ocrx_word' id='word_1_637' title='bbox 2412 2900 2469 2951; x_wconf 89' lang='lat' dir='ltr'><strong>et</strong></span> <span class='ocrx_word' id='word_1_638' title='bbox 2497 2900 2711 2951; x_wconf 70' lang='lat' dir='ltr'><strong>sanctas</strong></span> <span class='ocrx_word' id='word_1_639' title='bbox 2751 2894 3048 2969; x_wconf 90' lang='lat' dir='ltr'><strong>religionis</strong></span> <span class='ocrx_word' id='word_1_640' title='bbox 3081 2897 3432 2955; x_wconf 88' lang='lat' dir='ltr'><strong>detrimenta</strong></span> <span class='ocrx_word' id='word_1_641' title='bbox 3471 2917 3589 2956; x_wconf 93' lang='lat' dir='ltr'><strong>non</strong></span> 
     </span>
    </p>
   </div>
   <div class='ocr_carea' id='block_1_89' title="bbox 1940 2984 3593 3061">
    <p class='ocr_par' dir='ltr' id='par_1_89' title="bbox 1940 2984 3593 3061">
     <span class='ocr_line' id='line_1_90' title="bbox 1940 2984 3593 3061; baseline 0 -17"><span class='ocrx_word' id='word_1_642' title='bbox 1940 2990 2240 3061; x_wconf 71' lang='lat' dir='ltr'><strong>praecavet.</strong></span> <span class='ocrx_word' id='word_1_643' title='bbox 2258 2990 2436 3041; x_wconf 93' lang='lat' dir='ltr'><strong>Porro</strong></span> <span class='ocrx_word' id='word_1_644' title='bbox 2457 2985 2612 3039; x_wconf 91' lang='lat' dir='ltr'><strong>muri</strong></span> <span class='ocrx_word' id='word_1_645' title='bbox 2628 2984 2858 3041; x_wconf 89' lang='lat' dir='ltr'><strong>Jericho</strong></span> <span class='ocrx_word' id='word_1_646' title='bbox 2879 2984 3017 3041; x_wconf 91' lang='lat' dir='ltr'><strong>ﬁliis</strong></span> <span class='ocrx_word' id='word_1_647' title='bbox 3043 2985 3241 3055; x_wconf 87' lang='lat' dir='ltr'><strong>Israel,</strong></span> <span class='ocrx_word' id='word_1_648' title='bbox 3258 2985 3359 3059; x_wconf 91' lang='lat' dir='ltr'><strong>qui</strong></span> <span class='ocrx_word' id='word_1_649' title='bbox 3375 2988 3593 3044; x_wconf 88' lang='lat' dir='ltr'><strong>Sabba-</strong></span> 
     </span>
    </p>
   </div>
   <div class='ocr_carea' id='block_1_90' title="bbox 1941 3074 3591 3148">
    <p class='ocr_par' dir='ltr' id='par_1_90' title="bbox 1941 3074 3591 3148">
     <span class='ocr_line' id='line_1_91' title="bbox 1941 3074 3591 3148; baseline 0.001 -15"><span class='ocrx_word' id='word_1_650' title='bbox 1941 3083 2066 3133; x_wconf 88' lang='lat' dir='ltr'><strong>tnm</strong></span> <span class='ocrx_word' id='word_1_651' title='bbox 2090 3077 2216 3148; x_wconf 85' lang='lat' dir='ltr'><strong>jam</strong></span> <span class='ocrx_word' id='word_1_652' title='bbox 2258 3075 2685 3130; x_wconf 89' lang='lat' dir='ltr'><strong>observandum</strong></span> <span class='ocrx_word' id='word_1_653' title='bbox 2716 3078 3113 3146; x_wconf 89' lang='lat' dir='ltr'><strong>susceperant,</strong></span> <span class='ocrx_word' id='word_1_654' title='bbox 3128 3074 3304 3131; x_wconf 89' lang='lat' dir='ltr'><strong>etiam</strong></span> <span class='ocrx_word' id='word_1_655' title='bbox 3335 3076 3591 3135; x_wconf 89' lang='lat' dir='ltr'><strong>Sabbato</strong></span> 
     </span>
    </p>
   </div>
   <div class='ocr_carea' id='block_1_91' title="bbox 1944 3162 3592 3237">
    <p class='ocr_par' dir='ltr' id='par_1_91' title="bbox 1944 3162 3592 3237">
     <span class='ocr_line' id='line_1_92' title="bbox 1944 3162 3592 3237; baseline 0.001 -15"><span class='ocrx_word' id='word_1_656' title='bbox 1944 3166 2147 3222; x_wconf 89' lang='lat' dir='ltr'><strong>urbem</strong></span> <span class='ocrx_word' id='word_1_657' title='bbox 2179 3162 2678 3219; x_wconf 88' lang='lat' dir='ltr'><strong>circumeuntibus</strong></span> <span class='ocrx_word' id='word_1_658' title='bbox 2698 3167 2754 3218; x_wconf 87' lang='lat' dir='ltr'><strong>et</strong></span> <span class='ocrx_word' id='word_1_659' title='bbox 2778 3163 2935 3219; x_wconf 90' lang='lat' dir='ltr'><strong>tubis</strong></span> <span class='ocrx_word' id='word_1_660' title='bbox 2956 3163 3364 3237; x_wconf 88' lang='lat' dir='ltr'><strong>clangentibus</strong></span> <span class='ocrx_word' id='word_1_661' title='bbox 3387 3166 3459 3223; x_wconf 90' lang='lat' dir='ltr'><strong>ad</strong></span> <span class='ocrx_word' id='word_1_662' title='bbox 3481 3170 3592 3223; x_wconf 84' lang='lat' dir='ltr'><strong>ter-</strong></span> 
     </span>
    </p>
   </div>
   <div class='ocr_carea' id='block_1_92' title="bbox 2016 3338 3595 3416">
    <p class='ocr_par' dir='ltr' id='par_1_92' title="bbox 2016 3338 3595 3416">
     <span class='ocr_line' id='line_1_93' title="bbox 2016 3338 3595 3416; baseline 0.001 -18"><span class='ocrx_word' id='word_1_663' title='bbox 2016 3341 2227 3398; x_wconf 82' lang='lat' dir='ltr'><strong>XLVII.</strong></span> <span class='ocrx_word' id='word_1_664' title='bbox 2253 3340 2569 3397; x_wconf 90' lang='lat' dir='ltr'><strong>Consulitis</strong></span> <span class='ocrx_word' id='word_1_665' title='bbox 2595 3340 2646 3396; x_wconf 89' lang='lat' dir='ltr'><strong>si</strong></span> <span class='ocrx_word' id='word_1_666' title='bbox 2666 3340 2837 3397; x_wconf 87' lang='lat' dir='ltr'><strong>liceat</strong></span> <span class='ocrx_word' id='word_1_667' title='bbox 2856 3340 2916 3396; x_wconf 92' lang='lat' dir='ltr'>in</span> <span class='ocrx_word' id='word_1_668' title='bbox 2937 3338 3432 3416; x_wconf 89' lang='lat' dir='ltr'><strong>quadragesimali</strong></span> <span class='ocrx_word' id='word_1_669' title='bbox 3455 3347 3595 3399; x_wconf 89' lang='lat' dir='ltr'><strong>tem-</strong></span> 
     </span>
    </p>
   </div>
   <div class='ocr_carea' id='block_1_93' title="bbox 1948 3429 3593 3507">
    <p class='ocr_par' dir='ltr' id='par_1_93' title="bbox 1948 3429 3593 3507">
     <span class='ocr_line' id='line_1_94' title="bbox 1948 3429 3593 3507; baseline 0 -18"><span class='ocrx_word' id='word_1_670' title='bbox 1948 3450 2087 3507; x_wconf 91' lang='lat' dir='ltr'><strong>pore</strong></span> <span class='ocrx_word' id='word_1_671' title='bbox 2108 3431 2262 3504; x_wconf 86' lang='lat' dir='ltr'><strong>jocis</strong></span> <span class='ocrx_word' id='word_1_672' title='bbox 2289 3447 2522 3499; x_wconf 89' lang='lat' dir='ltr'><strong>vacare;</strong></span> <span class='ocrx_word' id='word_1_673' title='bbox 2556 3431 2712 3502; x_wconf 92' lang='lat' dir='ltr'><strong>quod</strong></span> <span class='ocrx_word' id='word_1_674' title='bbox 2755 3447 2871 3486; x_wconf 94' lang='lat' dir='ltr'><strong>non</strong></span> <span class='ocrx_word' id='word_1_675' title='bbox 2903 3429 3094 3485; x_wconf 91' lang='lat' dir='ltr'><strong>solum</strong></span> <span class='ocrx_word' id='word_1_676' title='bbox 3123 3431 3182 3487; x_wconf 92' lang='lat' dir='ltr'>in</span> <span class='ocrx_word' id='word_1_677' title='bbox 3215 3433 3593 3506; x_wconf 88' lang='lat' dir='ltr'><strong>quadragesi-</strong></span> 
     </span>
    </p>
   </div>
   <div class='ocr_carea' id='block_1_94' title="bbox 1950 3518 3600 3593">
    <p class='ocr_par' dir='ltr' id='par_1_94' title="bbox 1950 3518 3600 3593">
     <span class='ocr_line' id='line_1_95' title="bbox 1950 3518 3600 3593; baseline -0.001 -14"><span class='ocrx_word' id='word_1_678' title='bbox 1950 3522 2110 3591; x_wconf 90' lang='lat' dir='ltr'><strong>mali,</strong></span> <span class='ocrx_word' id='word_1_679' title='bbox 2141 3538 2342 3579; x_wconf 87' lang='lat' dir='ltr'><strong>verum</strong></span> <span class='ocrx_word' id='word_1_680' title='bbox 2384 3519 2561 3575; x_wconf 91' lang='lat' dir='ltr'><strong>etiam</strong></span> <span class='ocrx_word' id='word_1_681' title='bbox 2607 3520 2667 3575; x_wconf 94' lang='lat' dir='ltr'>in</span> <span class='ocrx_word' id='word_1_682' title='bbox 2715 3518 2876 3575; x_wconf 90' lang='lat' dir='ltr'><strong>nullo</strong></span> <span class='ocrx_word' id='word_1_683' title='bbox 2932 3524 3193 3593; x_wconf 89' lang='lat' dir='ltr'><strong>tempore</strong></span> <span class='ocrx_word' id='word_1_684' title='bbox 3251 3519 3478 3577; x_wconf 90' lang='lat' dir='ltr'><strong>licitum</strong></span> <span class='ocrx_word' id='word_1_685' title='bbox 3508 3525 3600 3578; x_wconf 88' lang='lat' dir='ltr'><strong>est</strong></span> 
     </span>
    </p>
   </div>
   <div class='ocr_carea' id='block_1_95' title="bbox 1950 3607 3599 3681">
    <p class='ocr_par' dir='ltr' id='par_1_95' title="bbox 1950 3607 3599 3681">
     <span class='ocr_line' id='line_1_96' title="bbox 1950 3607 3599 3681; baseline -0.001 -13"><span class='ocrx_word' id='word_1_686' title='bbox 1950 3610 2329 3679; x_wconf 88' lang='lat' dir='ltr'><strong>Christianis;</strong></span> <span class='ocrx_word' id='word_1_687' title='bbox 2355 3609 2456 3665; x_wconf 91' lang='lat' dir='ltr'><strong>sed</strong></span> <span class='ocrx_word' id='word_1_688' title='bbox 2481 3607 2619 3674; x_wconf 84' lang='lat' dir='ltr'><strong>quia</strong></span> <span class='ocrx_word' id='word_1_689' title='bbox 2639 3608 2826 3675; x_wconf 91' lang='lat' dir='ltr'><strong>vobis,</strong></span> <span class='ocrx_word' id='word_1_690' title='bbox 2842 3609 2944 3681; x_wconf 92' lang='lat' dir='ltr'><strong>qui</strong></span> <span class='ocrx_word' id='word_1_691' title='bbox 2976 3609 3034 3664; x_wconf 91' lang='lat' dir='ltr'><strong>in</strong></span> <span class='ocrx_word' id='word_1_692' title='bbox 3057 3614 3317 3665; x_wconf 90' lang='lat' dir='ltr'><strong>montem</strong></span> <span class='ocrx_word' id='word_1_693' title='bbox 3339 3611 3599 3666; x_wconf 93' lang='lat' dir='ltr'><strong>nondum</strong></span> 
     </span>
    </p>
   </div>
   <div class='ocr_carea' id='block_1_96' title="bbox 1951 3696 3604 3772">
    <p class='ocr_par' dir='ltr' id='par_1_96' title="bbox 1951 3696 3604 3772">
     <span class='ocr_line' id='line_1_97' title="bbox 1951 3696 3604 3772; baseline -0.002 -14"><span class='ocrx_word' id='word_1_694' title='bbox 1951 3700 2264 3758; x_wconf 89' lang='lat' dir='ltr'><strong>ascendere</strong></span> <span class='ocrx_word' id='word_1_695' title='bbox 2280 3703 2565 3772; x_wconf 89' lang='lat' dir='ltr'><strong>tanquam</strong></span> <span class='ocrx_word' id='word_1_696' title='bbox 2586 3696 2803 3753; x_wconf 89' lang='lat' dir='ltr'><strong>inﬁrmi</strong></span> <span class='ocrx_word' id='word_1_697' title='bbox 2823 3697 3160 3770; x_wconf 87' lang='lat' dir='ltr'><strong>potestis,ut</strong></span> <span class='ocrx_word' id='word_1_698' title='bbox 3173 3699 3311 3756; x_wconf 92' lang='lat' dir='ltr'><strong>inde</strong></span> <span class='ocrx_word' id='word_1_699' title='bbox 3326 3699 3604 3756; x_wconf 90' lang='lat' dir='ltr'><strong>sublimia</strong></span> 
     </span>
    </p>
   </div>
   <div class='ocr_carea' id='block_1_97' title="bbox 1952 3786 3604 3862">
    <p class='ocr_par' dir='ltr' id='par_1_97' title="bbox 1952 3786 3604 3862">
     <span class='ocr_line' id='line_1_98' title="bbox 1952 3786 3604 3862; baseline -0.001 -15"><span class='ocrx_word' id='word_1_700' title='bbox 1952 3791 2233 3847; x_wconf 90' lang='lat' dir='ltr'><strong>mandata</strong></span> <span class='ocrx_word' id='word_1_701' title='bbox 2250 3786 2345 3843; x_wconf 89' lang='lat' dir='ltr'><strong>Dei</strong></span> <span class='ocrx_word' id='word_1_702' title='bbox 2369 3786 2721 3860; x_wconf 88' lang='lat' dir='ltr'><strong>percipiatis,</strong></span> <span class='ocrx_word' id='word_1_703' title='bbox 2739 3787 2838 3843; x_wconf 90' lang='lat' dir='ltr'><strong>sed</strong></span> <span class='ocrx_word' id='word_1_704' title='bbox 2863 3787 2922 3843; x_wconf 93' lang='lat' dir='ltr'><strong>in</strong></span> <span class='ocrx_word' id='word_1_705' title='bbox 2947 3789 3604 3862; x_wconf 87' lang='lat' dir='ltr'><strong>campestribus,quem-</strong></span> 
     </span>
    </p>
   </div>
   <div class='ocr_carea' id='block_1_98' title="bbox 1952 3875 3603 3948">
    <p class='ocr_par' dir='ltr' id='par_1_98' title="bbox 1952 3875 3603 3948">
     <span class='ocr_line' id='line_1_99' title="bbox 1952 3875 3603 3948; baseline -0.001 -12"><span class='ocrx_word' id='word_1_706' title='bbox 1952 3879 2270 3937; x_wconf 88' lang='lat' dir='ltr'><strong>admodum</strong></span> <span class='ocrx_word' id='word_1_707' title='bbox 2304 3875 2405 3931; x_wconf 91' lang='lat' dir='ltr'><strong>ﬁlii</strong></span> <span class='ocrx_word' id='word_1_708' title='bbox 2438 3876 2737 3948; x_wconf 87' lang='lat' dir='ltr'><strong>quondam</strong></span> <span class='ocrx_word' id='word_1_709' title='bbox 2778 3875 2976 3942; x_wconf 88' lang='lat' dir='ltr'><strong>Israel,</strong></span> <span class='ocrx_word' id='word_1_710' title='bbox 3008 3877 3182 3948; x_wconf 91' lang='lat' dir='ltr'><strong>positi</strong></span> <span class='ocrx_word' id='word_1_711' title='bbox 3222 3878 3468 3947; x_wconf 90' lang='lat' dir='ltr'><strong>estis,ut</strong></span> <span class='ocrx_word' id='word_1_712' title='bbox 3488 3877 3603 3934; x_wconf 90' lang='lat' dir='ltr'><strong>sal-</strong></span> 
     </span>
    </p>
   </div>
   <div class='ocr_carea' id='block_1_99' title="bbox 1951 3963 3605 4039">
    <p class='ocr_par' dir='ltr' id='par_1_99' title="bbox 1951 3963 3605 4039">
     <span class='ocr_line' id='line_1_100' title="bbox 1951 3963 3605 4039; baseline -0.001 -14"><span class='ocrx_word' id='word_1_713' title='bbox 1951 3974 2071 4025; x_wconf 93' lang='lat' dir='ltr'><strong>tem</strong></span> <span class='ocrx_word' id='word_1_714' title='bbox 2102 3967 2181 4023; x_wconf 89' lang='lat' dir='ltr'><strong>ibi</strong></span> <span class='ocrx_word' id='word_1_715' title='bbox 2214 3965 2389 4038; x_wconf 92' lang='lat' dir='ltr'><strong>plana</strong></span> <span class='ocrx_word' id='word_1_716' title='bbox 2418 3969 2475 4020; x_wconf 91' lang='lat' dir='ltr'><strong>et</strong></span> <span class='ocrx_word' id='word_1_717' title='bbox 2501 3963 2729 4020; x_wconf 90' lang='lat' dir='ltr'><strong>minora</strong></span> <span class='ocrx_word' id='word_1_718' title='bbox 2748 3980 2995 4037; x_wconf 71' lang='lat' dir='ltr'><strong>quaeque</strong></span> <span class='ocrx_word' id='word_1_719' title='bbox 3024 3970 3311 4039; x_wconf 67' lang='lat' dir='ltr'><strong>praecepta</strong></span> <span class='ocrx_word' id='word_1_720' title='bbox 3331 3967 3605 4029; x_wconf 88' lang='lat' dir='ltr'><strong>sumatis.</strong></span> 
     </span>
    </p>
   </div>
   <div class='ocr_carea' id='block_1_100' title="bbox 1953 4052 3607 4126">
    <p class='ocr_par' dir='ltr' id='par_1_100' title="bbox 1953 4052 3607 4126">
     <span class='ocr_line' id='line_1_101' title="bbox 1953 4052 3607 4126; baseline -0.002 -12"><span class='ocrx_word' id='word_1_721' title='bbox 1953 4058 2205 4114; x_wconf 90' lang='lat' dir='ltr'><strong>necdum</strong></span> <span class='ocrx_word' id='word_1_722' title='bbox 2236 4069 2552 4125; x_wconf 89' lang='lat' dir='ltr'><strong>possumus</strong></span> <span class='ocrx_word' id='word_1_723' title='bbox 2596 4052 2862 4117; x_wconf 87' lang='lat' dir='ltr'><strong>suadere,</strong></span> <span class='ocrx_word' id='word_1_724' title='bbox 2885 4057 2952 4108; x_wconf 91' lang='lat' dir='ltr'><strong>ut</strong></span> <span class='ocrx_word' id='word_1_725' title='bbox 2980 4054 3139 4108; x_wconf 89' lang='lat' dir='ltr'><strong>omni</strong></span> <span class='ocrx_word' id='word_1_726' title='bbox 3170 4056 3431 4126; x_wconf 88' lang='lat' dir='ltr'><strong>tempore</strong></span> <span class='ocrx_word' id='word_1_727' title='bbox 3451 4054 3607 4126; x_wconf 88' lang='lat' dir='ltr'><strong>jocis</strong></span> 
     </span>
    </p>
   </div>
   <div class='ocr_carea' id='block_1_101' title="bbox 1955 4139 3647 4215">
    <p class='ocr_par' dir='ltr' id='par_1_101' title="bbox 1955 4139 3647 4215">
     <span class='ocr_line' id='line_1_102' title="bbox 1955 4139 3647 4215; baseline -0.003 -13"><span class='ocrx_word' id='word_1_728' title='bbox 1955 4142 2318 4211; x_wconf 90' lang='lat' dir='ltr'><strong>abstineatis,</strong></span> <span class='ocrx_word' id='word_1_729' title='bbox 2343 4145 2400 4197; x_wconf 91' lang='lat' dir='ltr'><strong>et</strong></span> <span class='ocrx_word' id='word_1_730' title='bbox 2445 4139 2915 4214; x_wconf 86' lang='lat' dir='ltr'><strong>quadragesima,</strong></span> <span class='ocrx_word' id='word_1_731' title='bbox 2949 4157 3017 4197; x_wconf 89' lang='lat' dir='ltr'><strong>ac</strong></span> <span class='ocrx_word' id='word_1_732' title='bbox 3059 4141 3273 4213; x_wconf 86' lang='lat' dir='ltr'><strong>jejunii</strong></span> <span class='ocrx_word' id='word_1_733' title='bbox 3320 4146 3605 4215; x_wconf 88' lang='lat' dir='ltr'><strong>tempore,</strong></span> <span class='ocrx_word' id='word_1_734' title='bbox 3641 4178 3647 4184; x_wconf 86' lang='lat'><strong>-</strong></span> 
     </span>
    </p>
   </div>
   <div class='ocr_carea' id='block_1_102' title="bbox 1956 4229 3609 4309">
    <p class='ocr_par' dir='ltr' id='par_1_102' title="bbox 1956 4229 3609 4309">
     <span class='ocr_line' id='line_1_103' title="bbox 1956 4229 3609 4309; baseline -0.003 -18"><span class='ocrx_word' id='word_1_735' title='bbox 1956 4234 2187 4309; x_wconf 89' lang='lat' dir='ltr'><strong>quando</strong></span> <span class='ocrx_word' id='word_1_736' title='bbox 2204 4229 2564 4304; x_wconf 90' lang='lat' dir='ltr'><strong>peramplius</strong></span> <span class='ocrx_word' id='word_1_737' title='bbox 2576 4233 2632 4284; x_wconf 89' lang='lat' dir='ltr'><strong>et</strong></span> <span class='ocrx_word' id='word_1_738' title='bbox 2648 4229 2967 4286; x_wconf 89' lang='lat' dir='ltr'><strong>instantius</strong></span> <span class='ocrx_word' id='word_1_739' title='bbox 2980 4230 3228 4286; x_wconf 90' lang='lat' dir='ltr'><strong>orationi</strong></span> <span class='ocrx_word' id='word_1_740' title='bbox 3242 4234 3298 4287; x_wconf 92' lang='lat' dir='ltr'><strong>et</strong></span> <span class='ocrx_word' id='word_1_741' title='bbox 3313 4231 3609 4287; x_wconf 89' lang='lat' dir='ltr'><strong>abstinen-</strong></span> 
     </span>
    </p>
   </div>
   <div class='ocr_carea' id='block_1_103' title="bbox 1956 4316 3609 4395">
    <p class='ocr_par' dir='ltr' id='par_1_103' title="bbox 1956 4316 3609 4395">
     <span class='ocr_line' id='line_1_104' title="bbox 1956 4316 3609 4395; baseline -0.002 -15"><span class='ocrx_word' id='word_1_742' title='bbox 1956 4324 2074 4395; x_wconf 60' lang='lat' dir='ltr'><strong>tiae,</strong></span> <span class='ocrx_word' id='word_1_743' title='bbox 2097 4326 2156 4379; x_wconf 88' lang='lat' dir='ltr'><strong>et</strong></span> <span class='ocrx_word' id='word_1_744' title='bbox 2183 4319 2535 4377; x_wconf 63' lang='lat' dir='ltr'><strong>omnimodae</strong></span> <span class='ocrx_word' id='word_1_745' title='bbox 2567 4316 2917 4391; x_wconf 66' lang='lat' dir='ltr'><strong>paenitentia:</strong></span> <span class='ocrx_word' id='word_1_746' title='bbox 2948 4318 3103 4375; x_wconf 90' lang='lat' dir='ltr'><strong>sicut</strong></span> <span class='ocrx_word' id='word_1_747' title='bbox 3132 4318 3303 4394; x_wconf 90' lang='lat' dir='ltr'><strong>longe</strong></span> <span class='ocrx_word' id='word_1_748' title='bbox 3335 4320 3609 4393; x_wconf 90' lang='lat' dir='ltr'><strong>superius</strong></span> 
     </span>
    </p>
   </div>
   <div class='ocr_carea' id='block_1_104' title="bbox 1957 4406 3606 4487">
    <p class='ocr_par' dir='ltr' id='par_1_104' title="bbox 1957 4406 3606 4487">
     <span class='ocr_line' id='line_1_105' title="bbox 1957 4406 3606 4487; baseline -0.004 -17"><span class='ocrx_word' id='word_1_749' title='bbox 1957 4410 2574 4487; x_wconf 84' lang='lat' dir='ltr'><strong>exposuimus,vacare</strong></span> <span class='ocrx_word' id='word_1_750' title='bbox 2596 4406 2840 4474; x_wconf 88' lang='lat' dir='ltr'><strong>debetis,</strong></span> <span class='ocrx_word' id='word_1_751' title='bbox 2866 4423 2983 4462; x_wconf 91' lang='lat' dir='ltr'><strong>non</strong></span> <span class='ocrx_word' id='word_1_752' title='bbox 3005 4408 3193 4463; x_wconf 89' lang='lat' dir='ltr'><strong>solum</strong></span> <span class='ocrx_word' id='word_1_753' title='bbox 3210 4410 3383 4481; x_wconf 88' lang='lat' dir='ltr'><strong>jocis,</strong></span> <span class='ocrx_word' id='word_1_754' title='bbox 3405 4425 3606 4465; x_wconf 90' lang='lat' dir='ltr'><strong>verum</strong></span> 
     </span>
    </p>
   </div>
   <div class='ocr_carea' id='block_1_105' title="bbox 1959 4495 3608 4569">
    <p class='ocr_par' dir='ltr' id='par_1_105' title="bbox 1959 4495 3608 4569">
     <span class='ocr_line' id='line_1_106' title="bbox 1959 4495 3608 4569; baseline -0.004 -11"><span class='ocrx_word' id='word_1_755' title='bbox 1959 4502 2133 4559; x_wconf 89' lang='lat' dir='ltr'><strong>etiam</strong></span> <span class='ocrx_word' id='word_1_756' title='bbox 2156 4500 2228 4556; x_wconf 93' lang='lat' dir='ltr'><strong>ab</strong></span> <span class='ocrx_word' id='word_1_757' title='bbox 2247 4496 2406 4554; x_wconf 91' lang='lat' dir='ltr'><strong>omni</strong></span> <span class='ocrx_word' id='word_1_758' title='bbox 2425 4495 2843 4569; x_wconf 90' lang='lat' dir='ltr'><strong>vaniloquio,et</strong></span> <span class='ocrx_word' id='word_1_759' title='bbox 2862 4495 3370 4568; x_wconf 66' lang='lat' dir='ltr'><strong>scurrilitate,quas</strong></span> <span class='ocrx_word' id='word_1_760' title='bbox 3388 4496 3460 4551; x_wconf 91' lang='lat' dir='ltr'><strong>ad</strong></span> <span class='ocrx_word' id='word_1_761' title='bbox 3484 4513 3608 4552; x_wconf 91' lang='lat' dir='ltr'><strong>rem</strong></span> 
     </span>
    </p>
   </div>
   <div class='ocr_carea' id='block_1_106' title="bbox 1880 4584 3609 4681">
    <p class='ocr_par' dir='ltr' id='par_1_106' title="bbox 1880 4584 3609 4681">
     <span class='ocr_line' id='line_1_107' title="bbox 1880 4584 3609 4681; baseline -0.005 -33"><span class='ocrx_word' id='word_1_762' title='bbox 1880 4614 1927 4681; x_wconf 70' lang='grc' dir='ltr'><strong>Β</strong></span> <span class='ocrx_word' id='word_1_763' title='bbox 1961 4608 2078 4648; x_wconf 90' lang='lat' dir='ltr'><strong>non</strong></span> <span class='ocrx_word' id='word_1_764' title='bbox 2108 4588 2422 4681; x_wconf 69' lang='lat' dir='ltr'><strong>pertinent,</strong></span> <span class='ocrx_word' id='word_1_765' title='bbox 2454 4585 2747 4681; x_wconf 69' lang='lat' dir='ltr'><strong>atqueat)</strong></span> <span class='ocrx_word' id='word_1_766' title='bbox 2805 4585 2933 4681; x_wconf 84' lang='lat' dir='ltr'><strong>ipso</strong></span> <span class='ocrx_word' id='word_1_767' title='bbox 2952 4584 3149 4681; x_wconf 38' lang='lat' dir='ltr'><strong>.otioso</strong></span> <span class='ocrx_word' id='word_1_768' title='bbox 3206 4584 3402 4652; x_wconf 89' lang='lat' dir='ltr'><strong>verbo,</strong></span> <span class='ocrx_word' id='word_1_769' title='bbox 3435 4589 3501 4641; x_wconf 91' lang='lat' dir='ltr'><strong>ut</strong></span> <span class='ocrx_word' id='word_1_770' title='bbox 3549 4584 3609 4640; x_wconf 92' lang='lat' dir='ltr'><strong>in</strong></span> 
     </span>
    </p>
   </div>
   <div class='ocr_carea' id='block_1_107' title="bbox 1959 4672 3610 4751">
    <p class='ocr_par' dir='ltr' id='par_1_107' title="bbox 1959 4672 3610 4751">
     <span class='ocr_line' id='line_1_108' title="bbox 1959 4672 3610 4751; baseline -0.005 -13"><span class='ocrx_word' id='word_1_771' title='bbox 1959 4677 2269 4751; x_wconf 89' lang='lat' dir='ltr'><strong>Evangelio</strong></span> <span class='ocrx_word' id='word_1_772' title='bbox 2303 4675 2587 4732; x_wconf 91' lang='lat' dir='ltr'><strong>Dominus</strong></span> <span class='ocrx_word' id='word_1_773' title='bbox 2609 4672 2748 4731; x_wconf 91' lang='lat' dir='ltr'><strong>dicit</strong></span> <span class='ocrx_word' id='word_1_774' title='bbox 2776 4691 2789 4730; x_wconf 89' lang='lat'><strong>:</strong></span> <span class='ocrx_word' id='word_1_775' title='bbox 2817 4673 2966 4742; x_wconf 83' lang='lat' dir='ltr'><strong>Quod</strong></span> <span class='ocrx_word' id='word_1_776' title='bbox 2997 4674 3167 4730; x_wconf 87' lang='lat' dir='ltr'><strong>locuti</strong></span> <span class='ocrx_word' id='word_1_777' title='bbox 3192 4675 3404 4746; x_wconf 76' lang='lat' dir='ltr'><strong>fuerint</strong></span> <span class='ocrx_word' id='word_1_778' title='bbox 3433 4675 3610 4730; x_wconf 86' lang='lat' dir='ltr'><strong>homi-</strong></span> 
     </span>
    </p>
   </div>
   <div class='ocr_carea' id='block_1_108' title="bbox 1958 4762 3610 4838">
    <p class='ocr_par' dir='ltr' id='par_1_108' title="bbox 1958 4762 3610 4838">
     <span class='ocr_line' id='line_1_109' title="bbox 1958 4762 3610 4838; baseline -0.005 -11"><span class='ocrx_word' id='word_1_779' title='bbox 1958 4787 2075 4838; x_wconf 82' lang='lat' dir='ltr'><strong>nes,</strong></span> <span class='ocrx_word' id='word_1_780' title='bbox 2109 4767 2331 4825; x_wconf 81' lang='lat' dir='ltr'><strong>reddent</strong></span> <span class='ocrx_word' id='word_1_781' title='bbox 2356 4765 2420 4822; x_wconf 86' lang='lat' dir='ltr'><strong>de</strong></span> <span class='ocrx_word' id='word_1_782' title='bbox 2447 4781 2508 4821; x_wconf 91' lang='lat' dir='ltr'><strong>eo</strong></span> <span class='ocrx_word' id='word_1_783' title='bbox 2544 4766 2812 4820; x_wconf 84' lang='lat' dir='ltr'><strong>rationem</strong></span> <span class='ocrx_word' id='word_1_784' title='bbox 2838 4763 3045 4837; x_wconf 83' lang='lat' dir='ltr'><strong>(Matth.</strong></span> <span class='ocrx_word' id='word_1_785' title='bbox 3068 4767 3171 4832; x_wconf 86' lang='lat' dir='ltr'><strong>xu)</strong></span> <span class='ocrx_word' id='word_1_786' title='bbox 3196 4780 3209 4817; x_wconf 90' lang='lat'><strong>:</strong></span> <span class='ocrx_word' id='word_1_787' title='bbox 3238 4762 3382 4818; x_wconf 88' lang='lat' dir='ltr'><strong>side</strong></span> <span class='ocrx_word' id='word_1_788' title='bbox 3425 4762 3610 4819; x_wconf 90' lang='lat' dir='ltr'><strong>otioso</strong></span> 
     </span>
    </p>
   </div>
   <div class='ocr_carea' id='block_1_109' title="bbox 1962 4850 3613 4933">
    <p class='ocr_par' dir='ltr' id='par_1_109' title="bbox 1962 4850 3613 4933">
     <span class='ocr_line' id='line_1_110' title="bbox 1962 4850 3613 4933; baseline -0.005 -17"><span class='ocrx_word' id='word_1_789' title='bbox 1962 4862 2181 4933; x_wconf 87' lang='lat' dir='ltr'><strong>quanto</strong></span> <span class='ocrx_word' id='word_1_790' title='bbox 2203 4856 2390 4929; x_wconf 89' lang='lat' dir='ltr'><strong>magis</strong></span> <span class='ocrx_word' id='word_1_791' title='bbox 2413 4854 2482 4910; x_wconf 92' lang='lat' dir='ltr'><strong>de</strong></span> <span class='ocrx_word' id='word_1_792' title='bbox 2505 4854 2675 4909; x_wconf 86' lang='lat' dir='ltr'><strong>noxio</strong></span> <span class='ocrx_word' id='word_1_793' title='bbox 2704 4857 2762 4908; x_wconf 88' lang='lat' dir='ltr'><strong>et</strong></span> <span class='ocrx_word' id='word_1_794' title='bbox 2794 4850 3149 4909; x_wconf 82' lang='lat' dir='ltr'><strong>criminose?</strong></span> <span class='ocrx_word' id='word_1_795' title='bbox 3170 4850 3334 4907; x_wconf 90' lang='lat' dir='ltr'><strong>nulla</strong></span> <span class='ocrx_word' id='word_1_796' title='bbox 3353 4867 3490 4923; x_wconf 76' lang='lat' dir='ltr'><strong>ergo</strong></span> <span class='ocrx_word' id='word_1_797' title='bbox 3511 4867 3613 4907; x_wconf 90' lang='lat' dir='ltr'><strong>vos</strong></span> 
     </span>
    </p>
   </div>
   <div class='ocr_carea' id='block_1_110' title="bbox 1959 4940 3616 5020">
    <p class='ocr_par' dir='ltr' id='par_1_110' title="bbox 1959 4940 3616 5020">
     <span class='ocr_line' id='line_1_111' title="bbox 1959 4940 3616 5020; baseline -0.006 -15"><span class='ocrx_word' id='word_1_798' title='bbox 1959 4948 2347 5020; x_wconf 86' lang='lat' dir='ltr'><strong>voluptatum,</strong></span> <span class='ocrx_word' id='word_1_799' title='bbox 2363 4947 2419 4999; x_wconf 89' lang='lat' dir='ltr'><strong>et</strong></span> <span class='ocrx_word' id='word_1_800' title='bbox 2430 4944 2723 5014; x_wconf 91' lang='lat' dir='ltr'><strong>jocorum,</strong></span> <span class='ocrx_word' id='word_1_801' title='bbox 2742 4944 2800 4997; x_wconf 91' lang='lat' dir='ltr'><strong>et</strong></span> <span class='ocrx_word' id='word_1_802' title='bbox 2819 4942 3071 4998; x_wconf 84' lang='lat' dir='ltr'><strong>maxime</strong></span> <span class='ocrx_word' id='word_1_803' title='bbox 3099 4941 3158 4996; x_wconf 94' lang='lat' dir='ltr'><strong>in</strong></span> <span class='ocrx_word' id='word_1_804' title='bbox 3179 4944 3441 5014; x_wconf 90' lang='lat' dir='ltr'><strong>tempore</strong></span> <span class='ocrx_word' id='word_1_805' title='bbox 3460 4940 3616 5012; x_wconf 80' lang='lat' dir='ltr'><strong>jeju-</strong></span> 
     </span>
    </p>
   </div>
   <div class='ocr_carea' id='block_1_111' title="bbox 1964 5028 3618 5105">
    <p class='ocr_par' dir='ltr' id='par_1_111' title="bbox 1964 5028 3618 5105">
     <span class='ocr_line' id='line_1_112' title="bbox 1964 5028 3618 5105; baseline -0.006 -11"><span class='ocrx_word' id='word_1_806' title='bbox 1964 5037 2223 5105; x_wconf 89' lang='lat' dir='ltr'><strong>niorum,</strong></span> <span class='ocrx_word' id='word_1_807' title='bbox 2245 5032 2472 5089; x_wconf 85' lang='lat' dir='ltr'><strong>vanitas</strong></span> <span class='ocrx_word' id='word_1_808' title='bbox 2495 5031 2773 5088; x_wconf 88' lang='lat' dir='ltr'><strong>seducere</strong></span> <span class='ocrx_word' id='word_1_809' title='bbox 2791 5030 3007 5099; x_wconf 88' lang='lat' dir='ltr'><strong>valeat;</strong></span> <span class='ocrx_word' id='word_1_810' title='bbox 3036 5046 3150 5085; x_wconf 92' lang='lat' dir='ltr'><strong>non</strong></span> <span class='ocrx_word' id='word_1_811' title='bbox 3170 5028 3327 5085; x_wconf 88' lang='lat' dir='ltr'><strong>enim</strong></span> <span class='ocrx_word' id='word_1_812' title='bbox 3359 5029 3618 5086; x_wconf 91' lang='lat' dir='ltr'><strong>lamenta</strong></span> 
     </span>
    </p>
   </div>
   <div class='ocr_carea' id='block_1_112' title="bbox 1963 5117 3615 5197">
    <p class='ocr_par' dir='ltr' id='par_1_112' title="bbox 1963 5117 3615 5197">
     <span class='ocr_line' id='line_1_113' title="bbox 1963 5117 3615 5197; baseline -0.007 -13"><span class='ocrx_word' id='word_1_813' title='bbox 1963 5142 2096 5184; x_wconf 92' lang='lat' dir='ltr'><strong>cum</strong></span> <span class='ocrx_word' id='word_1_814' title='bbox 2111 5122 2262 5197; x_wconf 91' lang='lat' dir='ltr'><strong>jocis</strong></span> <span class='ocrx_word' id='word_1_815' title='bbox 2278 5120 2648 5187; x_wconf 92' lang='lat' dir='ltr'><strong>conveniunt,</strong></span> <span class='ocrx_word' id='word_1_816' title='bbox 2667 5123 2723 5174; x_wconf 91' lang='lat' dir='ltr'><strong>et</strong></span> <span class='ocrx_word' id='word_1_817' title='bbox 2744 5118 2939 5188; x_wconf 83' lang='lat' dir='ltr'><strong>fallax,</strong></span> <span class='ocrx_word' id='word_1_818' title='bbox 2964 5136 3031 5174; x_wconf 91' lang='lat' dir='ltr'><strong>ac</strong></span> <span class='ocrx_word' id='word_1_819' title='bbox 3063 5118 3359 5190; x_wconf 90' lang='lat' dir='ltr'><strong>deceptrix</strong></span> <span class='ocrx_word' id='word_1_820' title='bbox 3389 5117 3615 5188; x_wconf 69' lang='lat' dir='ltr'><strong>laetitia,</strong></span> 
     </span>
    </p>
   </div>
   <div class='ocr_carea' id='block_1_113' title="bbox 1963 5207 3619 5283">
    <p class='ocr_par' dir='ltr' id='par_1_113' title="bbox 1963 5207 3619 5283">
     <span class='ocr_line' id='line_1_114' title="bbox 1963 5207 3619 5283; baseline -0.005 -13"><span class='ocrx_word' id='word_1_821' title='bbox 1963 5229 2199 5270; x_wconf 89' lang='lat' dir='ltr'><strong>veraces</strong></span> <span class='ocrx_word' id='word_1_822' title='bbox 2219 5210 2506 5283; x_wconf 84' lang='lat' dir='ltr'><strong>lacrymas</strong></span> <span class='ocrx_word' id='word_1_823' title='bbox 2529 5209 2851 5281; x_wconf 91' lang='lat' dir='ltr'><strong>producere</strong></span> <span class='ocrx_word' id='word_1_824' title='bbox 2872 5208 3057 5264; x_wconf 90' lang='lat' dir='ltr'><strong>nescit</strong></span> <span class='ocrx_word' id='word_1_825' title='bbox 3076 5207 3134 5263; x_wconf 92' lang='lat' dir='ltr'>in</span> <span class='ocrx_word' id='word_1_826' title='bbox 3159 5208 3423 5281; x_wconf 82' lang='lat' dir='ltr'><strong>proximo</strong></span> <span class='ocrx_word' id='word_1_827' title='bbox 3445 5223 3459 5261; x_wconf 91' lang='lat'><strong>:</strong></span> <span class='ocrx_word' id='word_1_828' title='bbox 3478 5223 3619 5280; x_wconf 67' lang='lat' dir='ltr'><strong>pra:-</strong></span> 
     </span>
    </p>
   </div>
   <div class='ocr_carea' id='block_1_114' title="bbox 1964 5296 3614 5372">
    <p class='ocr_par' dir='ltr' id='par_1_114' title="bbox 1964 5296 3614 5372">
     <span class='ocr_line' id='line_1_115' title="bbox 1964 5296 3614 5372; baseline -0.005 -12"><span class='ocrx_word' id='word_1_829' title='bbox 1964 5309 2124 5360; x_wconf 88' lang='lat' dir='ltr'><strong>terea</strong></span> <span class='ocrx_word' id='word_1_830' title='bbox 2145 5305 2235 5358; x_wconf 90' lang='lat' dir='ltr'><strong>est</strong></span> <span class='ocrx_word' id='word_1_831' title='bbox 2256 5299 2459 5372; x_wconf 85' lang='lat' dir='ltr'><strong>judex,</strong></span> <span class='ocrx_word' id='word_1_832' title='bbox 2485 5297 2585 5370; x_wconf 91' lang='lat' dir='ltr'><strong>qui</strong></span> <span class='ocrx_word' id='word_1_833' title='bbox 2607 5296 2786 5352; x_wconf 87' lang='lat' dir='ltr'><strong>dixit:</strong></span> <span class='ocrx_word' id='word_1_834' title='bbox 2818 5302 2915 5355; x_wconf 72' lang='grc' dir='ltr'><strong>νέε</strong></span> <span class='ocrx_word' id='word_1_835' title='bbox 2941 5297 3094 5353; x_wconf 81' lang='lat' dir='ltr'><strong>vobis</strong></span> <span class='ocrx_word' id='word_1_836' title='bbox 3112 5299 3207 5370; x_wconf 85' lang='lat' dir='ltr'><strong>qui</strong></span> <span class='ocrx_word' id='word_1_837' title='bbox 3228 5296 3416 5353; x_wconf 61' lang='lat' dir='ltr'><strong>ridetis</strong></span> <span class='ocrx_word' id='word_1_838' title='bbox 3446 5312 3614 5364; x_wconf 81' lang='lat' dir='ltr'><strong>nunc,</strong></span> 
     </span>
    </p>
   </div>
   <div class='ocr_carea' id='block_1_115' title="bbox 1965 5383 3613 5467">
    <p class='ocr_par' dir='ltr' id='par_1_115' title="bbox 1965 5383 3613 5467">
     <span class='ocr_line' id='line_1_116' title="bbox 1965 5383 3613 5467; baseline -0.005 -20"><span class='ocrx_word' id='word_1_839' title='bbox 1965 5393 2097 5467; x_wconf 87' lang='lat' dir='ltr'><strong>quia</strong></span> <span class='ocrx_word' id='word_1_840' title='bbox 2129 5388 2401 5461; x_wconf 85' lang='lat' dir='ltr'><strong>lugebitis,</strong></span> <span class='ocrx_word' id='word_1_841' title='bbox 2429 5394 2480 5443; x_wconf 82' lang='lat' dir='ltr'><strong>et</strong></span> <span class='ocrx_word' id='word_1_842' title='bbox 2503 5386 2705 5457; x_wconf 84' lang='lat' dir='ltr'><strong>ﬂebitis</strong></span> <span class='ocrx_word' id='word_1_843' title='bbox 2730 5386 2879 5458; x_wconf 89' lang='lat' dir='ltr'><strong>(Luc.</strong></span> <span class='ocrx_word' id='word_1_844' title='bbox 2902 5386 3013 5459; x_wconf 77' lang='lat' dir='ltr'><strong>v1);</strong></span> <span class='ocrx_word' id='word_1_845' title='bbox 3039 5385 3175 5442; x_wconf 91' lang='lat' dir='ltr'><strong>hinc</strong></span> <span class='ocrx_word' id='word_1_846' title='bbox 3196 5384 3472 5443; x_wconf 90' lang='lat' dir='ltr'><strong>Salomon</strong></span> <span class='ocrx_word' id='word_1_847' title='bbox 3495 5383 3613 5440; x_wconf 88' lang='lat' dir='ltr'><strong>ait:</strong></span> 
     </span>
    </p>
   </div>
   <div class='ocr_carea' id='block_1_116' title="bbox 1966 5474 3620 5546">
    <p class='ocr_par' dir='ltr' id='par_1_116' title="bbox 1966 5474 3620 5546">
     <span class='ocr_line' id='line_1_117' title="bbox 1966 5474 3620 5546; baseline -0.006 -7"><span class='ocrx_word' id='word_1_848' title='bbox 1966 5480 2124 5539; x_wconf 82' lang='lat' dir='ltr'><strong>Risus</strong></span> <span class='ocrx_word' id='word_1_849' title='bbox 2143 5478 2326 5535; x_wconf 82' lang='lat' dir='ltr'><strong>dolore</strong></span> <span class='ocrx_word' id='word_1_850' title='bbox 2347 5475 2683 5541; x_wconf 85' lang='lat' dir='ltr'><strong>miscebitur,</strong></span> <span class='ocrx_word' id='word_1_851' title='bbox 2704 5483 2756 5531; x_wconf 90' lang='lat' dir='ltr'><strong>et</strong></span> <span class='ocrx_word' id='word_1_852' title='bbox 2776 5484 3021 5532; x_wconf 72' lang='lat' dir='ltr'><strong>extrema</strong></span> <span class='ocrx_word' id='word_1_853' title='bbox 3050 5474 3246 5546; x_wconf 86' lang='lat' dir='ltr'><strong>gaudii</strong></span> <span class='ocrx_word' id='word_1_854' title='bbox 3274 5475 3449 5532; x_wconf 74' lang='lat' dir='ltr'><strong>laenis</strong></span> <span class='ocrx_word' id='word_1_855' title='bbox 3467 5488 3620 5530; x_wconf 88' lang='lat' dir='ltr'><strong>occu-</strong></span> 
     </span>
    </p>
   </div>
   <div class='ocr_carea' id='block_1_117' title="bbox 1963 5563 3622 5647">
    <p class='ocr_par' dir='ltr' id='par_1_117' title="bbox 1963 5563 3622 5647">
     <span class='ocr_line' id='line_1_118' title="bbox 1963 5563 3622 5647; baseline -0.004 -19"><span class='ocrx_word' id='word_1_856' title='bbox 1963 5579 2058 5647; x_wconf 83' lang='lat' dir='ltr'><strong>pat</strong></span> <span class='ocrx_word' id='word_1_857' title='bbox 2096 5567 2442 5639; x_wconf 78' lang='lat' dir='ltr'><strong>(Prov.x1v);</strong></span> <span class='ocrx_word' id='word_1_858' title='bbox 2474 5564 2610 5621; x_wconf 90' lang='lat' dir='ltr'><strong>hinc</strong></span> <span class='ocrx_word' id='word_1_859' title='bbox 2658 5564 2872 5622; x_wconf 90' lang='lat' dir='ltr'><strong>iterum</strong></span> <span class='ocrx_word' id='word_1_860' title='bbox 2902 5563 3088 5622; x_wconf 90' lang='lat' dir='ltr'><strong>dicit:</strong></span> <span class='ocrx_word' id='word_1_861' title='bbox 3122 5566 3316 5624; x_wconf 84' lang='lat' dir='ltr'><strong>Risum</strong></span> <span class='ocrx_word' id='word_1_862' title='bbox 3363 5563 3622 5638; x_wconf 84' lang='lat' dir='ltr'><strong>reputavi</strong></span> 
     </span>
    </p>
   </div>
   <div class='ocr_carea' id='block_1_118' title="bbox 1967 5653 3622 5735">
    <p class='ocr_par' dir='ltr' id='par_1_118' title="bbox 1967 5653 3622 5735">
     <span class='ocr_line' id='line_1_119' title="bbox 1967 5653 3622 5735; baseline -0.007 -11"><span class='ocrx_word' id='word_1_863' title='bbox 1967 5674 2225 5730; x_wconf 88' lang='lat' dir='ltr'><strong>errorem,</strong></span> <span class='ocrx_word' id='word_1_864' title='bbox 2278 5664 2331 5717; x_wconf 83' lang='lat' dir='ltr'><strong>et</strong></span> <span class='ocrx_word' id='word_1_865' title='bbox 2382 5653 2583 5733; x_wconf 86' lang='lat' dir='ltr'><strong>gaudio</strong></span> <span class='ocrx_word' id='word_1_866' title='bbox 2637 5653 2810 5717; x_wconf 61' lang='lat' dir='ltr'><strong>dilui:</strong></span> <span class='ocrx_word' id='word_1_867' title='bbox 2849 5654 2996 5727; x_wconf 86' lang='lat' dir='ltr'><strong>Quid</strong></span> <span class='ocrx_word' id='word_1_868' title='bbox 3050 5655 3261 5735; x_wconf 82' lang='lat' dir='ltr'><strong>frustra</strong></span> <span class='ocrx_word' id='word_1_869' title='bbox 3313 5653 3622 5732; x_wconf 73' lang='lat' dir='ltr'><strong>deciperis?</strong></span> 
     </span>
    </p>
   </div>
  </div>
