3898 6212
362 383 479 442 999

1732 379 2036 441 NICOLAI
2082 377 2308 440 PAP/E
2351 380 2396 438 Ι.

3624 379 3773 451 1Θο0

362 513 554 586 (Eecle.
587 514 674 579 Il.)
695 510 838 567 Hinc
867 525 1076 565 rursus
1117 510 1200 565 ait
1233 527 1245 566 :
1280 510 1382 566 Cor
1407 512 1757 582 sapientium,
1781 513 1878 567 ubi
1906 513 2008 567 tri—
2043 520 2086 580 Α
2122 511 2290 583 perit.
2326 511 2398 567 Ut
2444 527 2569 582 cap.
2601 512 2672 565 78
2699 509 3078 570 consideravit.
3113 509 3344 582 Hann},
3391 508 3773 582 compellatur

358 605 508 659 stitia
543 609 648 666 est;
680 607 731 656 et
767 615 860 655 cor
904 599 1217 664 stultorum,
1251 600 1349 654 ubi
1395 599 1593 656 laetitia
1624 600 1829 671 (ibid.);
1871 617 2006 672 gra-

360 697 485 747 tum
519 704 773 761 namque
814 687 929 744 Deo
979 686 1334 744 sacrificium
1385 693 1474 744 est
1523 688 1759 744 afﬂictio
1809 694 2010 744 contra

357 783 685 854 peccatum,
720 775 1034 832 Psalmista
1063 780 1336 846 testante,
1367 777 1468 850 qui
1499 777 1578 833 ait
1611 795 1623 834 :
1660 780 2010 849 Sacriﬁcium

354 870 460 925 Deo
489 869 722 940 spiritus
750 865 1152 922 contributatas
1183 867 1351 938 (Psal.
1385 867 1458 937 ι).

424 957 666 1014 XLVIII.
702 955 864 1011 Unde
913 971 1018 1010 nec
1067 971 1306 1010 uxorem
1351 956 1580 1023 ducere,
1616 971 1719 1010 nec
1751 955 2008 1011 convivia

354 1047 541 1103 facere
580 1045 638 1101 in
671 1042 1166 1118 quadragesimali
1209 1048 1470 1116 tempore
1501 1043 1805 1100 convenire
1836 1060 2007 1116 posse

351 1135 691 1192 nullatenus
711 1133 1086 1189 arbitramur.
1102 1135 1318 1188 Iterum
1342 1132 1483 1205 quid
1507 1133 1643 1189 hinc
1665 1135 1811 1190 sacri
1837 1151 2006 1190 cano-

352 1241 457 1281 nes
478 1225 672 1281 dicant
703 1222 974 1296 episcopo
1004 1227 1197 1278 vestro
1230 1223 1473 1278 docente
1503 1222 1718 1278 scietis.

418 1313 607 1370 XLIX.
654 1313 937 1368 Praeterea
985 1311 1391 1379 sciscitamini,
1444 1311 1493 1367 si
1543 1311 1679 1367 licet
1734 1311 2005 1367 exhibere

346 1403 514 1460 vobis
539 1401 1037 1475 quemadmodum
1063 1399 1226 1472 prius
1247 1399 1307 1455 in
1331 1401 1525 1457 dotem
1547 1401 1899 1474 conjugibus
1918 1417 2006 1456 ve-

346 1493 484 1549 stris
507 1507 739 1558 aurum,
757 1493 1089 1562 argentum,
1104 1489 1511 1562 boves,equos,
1525 1493 1659 1555 etc.,
1678 1490 1833 1561 quod
1865 1489 2006 1561 quia

344 1581 577 1638 nullum
610 1584 914 1653 peccatum
947 1582 1035 1633 est
1061 1581 1118 1632 et
1146 1577 1305 1650 leges
1334 1578 1442 1634 hoc
1466 1578 1793 1645 connivent,
1818 1583 1874 1634 et
1897 1595 2002 1636 nos

344 1676 409 1727 ut
430 1672 532 1726 ﬁat
553 1669 793 1724 minime
816 1667 1227 1740 prohibemus;
1249 1671 1305 1723 et
1322 1684 1436 1723 non
1454 1666 1644 1723 solum
1663 1666 1999 1737 hoc,verum

342 1759 516 1816 etiam
537 1757 823 1830 quidquid
848 1762 980 1812 ante
998 1757 1356 1829 baptismum
1377 1755 1599 1829 egistis,
1615 1761 1670 1811 et
1689 1772 1845 1811 nunc
1862 1773 2002 1828 quo-

2117 599 2434 671 suscipere.
2465 597 2726 671 Denique
2761 598 2871 654 hoc
2900 605 3022 654 tam
3051 597 3310 654 immane
3339 597 3537 656 scelus
3569 603 3680 666 est,
3713 602 3772 654 ut

2117 686 2418 742 homicidii
2449 687 2685 759 quidem
2718 687 3215 759 peccatum,qnod
3238 686 3376 744 Cain
3407 688 3472 742 in
3502 687 3649 743 Abel
3671 688 3774 745 tra-

2116 781 2265 831 trem
2299 793 2474 831 suum
2515 775 2809 832 commisit
2831 776 2980 848 (Gen.
3003 778 3100 843 iv),
3125 775 3375 848 septima
3395 777 3771 848 generatione

2116 865 2469 938 cataclysmo
2521 865 2884 921 vindicatum
2934 865 3110 920 fuerit
3140 864 3292 934 (Gen.
3320 866 3454 936 vn);
3500 865 3771 922 adulterii

2115 958 2310 1009 autem
2343 953 2651 1025 flagitium,
2684 953 2839 1025 quod
2873 952 3121 1009 Lamech
3153 954 3420 1010 omnium
3451 954 3687 1026 primus
3716 955 3770 1010 in

2115 1043 2347 1098 duabus
2370 1043 2656 1098 uxoribus
2681 1042 3032 1116 perpetravit
3053 1042 3203 1115 (Gen.
3236 1047 3333 1111 ιν),
3368 1043 3610 1098 nonnisi
3641 1061 3770 1100 san-

2113 1132 2290 1204 guine
2313 1131 2526 1187 Christi
2550 1129 2835 1188 abolitum
2860 1130 3279 1203 exstiterit,qui
3309 1131 3566 1204 septima
3595 1137 3654 1186 et
3683 1149 3768 1189 se~

2114 1219 2484 1294 ptuagesima
2497 1220 2869 1294 generatione
2883 1221 3208 1276 secundum
3224 1219 3606 1293 Evangelium
3620 1219 3771 1278 luxe-

2113 1310 2188 1365 rit
2217 1309 2276 1364 in
2310 1310 2622 1366 mundum.

2184 1398 2299 1454 LII.
2326 1399 2383 1454 Si
2403 1415 2575 1456 nosse
2596 1398 2940 1455 desideratis
2957 1398 3096 1470 quid
3120 1397 3189 1453 de
3205 1397 3299 1454 his
3319 1398 3421 1470 qui
3440 1397 3768 1470 quemlibet

2110 1487 2503 1545 eunuchizant
2522 1487 2912 1560 judicandum
2945 1487 3044 1554 sit,
3077 1486 3321 1561 paginas
3352 1486 3554 1561 legum
3589 1488 3769 1544 revol-

2107 1575 2242 1632 vite.

2181 1665 2326 1721 LIII.
2353 1663 2667 1721 Consulitis
2690 1665 2738 1720 si
2762 1663 2898 1720 licet
2928 1681 3104 1738 super
3134 1680 3422 1732 mensam,
3446 1665 3507 1721 in
3532 1683 3657 1739 qua
3675 1684 3765 1723 sa-

2108 1755 2331 1823 cerdos,
2365 1758 2466 1809 aut
2495 1754 2778 1810 diaconus
2808 1754 2988 1823 deest,
3016 1753 3292 1818 vexillum
3323 1759 3543 1810 sanctas
3574 1757 3767 1813 crucis

343 1865 454 1922 que
483 1847 648 1904 vobis
679 1863 849 1920 agere
880 1847 1136 1918 profecto
1186 1845 1526 1900 conceditur
1551 1844 1629 1917 (S.
1665 1845 1819 1914 Greg.
1849 1846 1990 1901 hom.
2022 1885 2070 1951 B
2106 1843 2440 1916 imprimere
2470 1847 2526 1899 et
2576 1843 2877 1899 comedere
2911 1859 2924 1896 :
2959 1843 3112 1915 quod
3159 1841 3360 1915 procul
3391 1843 3576 1900 dubio
3608 1844 3764 1916 licet,

337 1940 408 1994 24
441 1939 500 1994 in
528 1936 767 2008 evang.).
801 1935 947 1990 Nam
982 1935 1332 2006 piscatorem
1367 1934 1622 2004 Petrum,
1648 1934 1987 1990 Matthaeum

335 2044 469 2084 vero
491 2026 844 2082 telonarium
866 2023 1107 2090 scimus,
1122 2027 1176 2078 et
1206 2026 1340 2095 post
1358 2023 1793 2079 conversionem
1817 2039 1983 2078 suam

337 2116 542 2172 Petrus
565 2115 636 2170 ad
671 2112 1056 2186 piscationem
1088 2112 1280 2180 rediit,
1301 2111 1610 2167 Matthaeus
1631 2128 1762 2167 vero
1797 2111 1866 2166 ad
1900 2116 1984 2167 te-

335 2204 476 2260 lonii
503 2202 802 2275 negotium
835 2217 950 2256 non
982 2200 1212 2266 resedit,
1230 2199 1368 2272 quia
1389 2204 1444 2254 et
1474 2200 1632 2256 aliud
1657 2206 1746 2256 est
1766 2201 1981 2255 victum

334 2309 439 2365 per
467 2291 850 2364 piscationem
881 2305 1160 2360 quaerere,
1184 2288 1343 2343 aliud
1374 2288 1572 2345 telonii
1604 2288 1782 2344 lucris
1813 2305 1984 2360 pecu-

333 2382 464 2437 nias
494 2397 727 2452 augere.
753 2380 902 2434 Sunt
933 2378 1088 2432 enim
1122 2376 1396 2450 pleraque
1423 2379 1672 2450 negotia,
1699 2396 1825 2449 qua:
1857 2377 1981 2433 sine

330 2474 566 2542 peccato
596 2467 854 2523 exhiberi
876 2471 977 2522 aut
999 2466 1108 2534 vix,
1133 2471 1237 2521 aut
1265 2466 1600 2522 nullatenus
1622 2470 1888 2540 possunt,
1907 2467 1977 2522 ad

331 2559 431 2613 illa
460 2575 594 2630 ergo
627 2561 881 2622 tantum,
907 2572 1034 2627 qua:
1074 2557 1144 2610 ad
1177 2560 1479 2628 peccatum
1531 2555 1852 2628 implicant,
1879 2573 1976 2610 ne-

329 2664 491 2704 cesse
507 2652 594 2703 est
616 2650 680 2700 ut
699 2649 830 2717 post
845 2644 1279 2700 cenversionem
1299 2645 1532 2700 animus
1555 2661 1668 2699 non
1688 2649 1973 2700 recurrat:

328 2736 483 2808 quod
514 2749 648 2790 vero
681 2733 928 2806 quisque
960 2737 1093 2788 ante
1125 2733 1562 2789 conversionem
1595 2734 1721 2788 sine
1744 2738 1976 2806 peccato

325 2821 600 2888 exercuit,
623 2822 733 2878 hoc
763 2838 899 2877 eum
931 2825 1063 2893 post
1090 2821 1529 2876 conversionem
1566 2826 1822 2893 repetere
1859 2839 1973 2876 non

324 2917 414 2969 est
443 2910 636 2983 culpa.

395 3001 457 3056 L.
473 3000 620 3065 Quid
642 3001 714 3056 de
736 2999 930 3072 eo,qui
954 2999 1024 3054 de
1046 2998 1538 3072 quadragesimali
1555 3003 1814 3070 tempore
1837 3015 1971 3054 cum

320 3107 495 3147 uxore
518 3107 627 3145 sua
651 3089 872 3155 coierit,
889 3089 966 3143 sit
987 3088 1398 3160 judicandum,
1419 3088 1673 3160 episcopi
1696 3088 1891 3154 vestri,
1917 3091 1974 3143 et

319 3178 637 3234 sacerdotis
667 3178 765 3250 qui
798 3178 870 3233 ab
902 3194 967 3232 eo
999 3178 1410 3245 constituetur,
1435 3176 1674 3232 arbitrio
1706 3177 1970 3232 conside-

2099 1948 2236 1987 nam
2267 1932 2542 1988 omnibus
2573 1933 2776 1987 datum
2800 1936 2907 1999 est,
2933 1936 2997 1985 ut
3019 1936 3077 1986 et
3097 1931 3297 1987 omnia
3320 1937 3524 1987 nostra
3552 1932 3665 1990 hoc
3693 1935 3763 1989 si-

2093 2037 2206 2092 gno
2228 2021 2544 2076 debeamus
2567 2021 2640 2075 ab
2664 2019 2894 2076 insidiis
2929 2019 3159 2075 munire
3185 2019 3422 2087 diaboli,
3449 2026 3508 2075 et
3531 2023 3607 2079 ab
3632 2023 3761 2094 ejus

2093 2110 2367 2166 omnibus
2388 2108 2936 2184 impugnationibus
2967 2109 3026 2163 in
3047 2107 3261 2164 Christi
3289 2109 3527 2165 nomine
3552 2112 3759 2167 trium-

2092 2197 2271 2269 phare
2296 2216 2308 2254 :
2335 2204 2602 2270 superest
2632 2203 2884 2267 tantum,
2910 2202 2975 2252 ut
3004 2213 3138 2253 cum
3170 2197 3358 2270 potior
3387 2198 3580 2267 adest,
3604 2199 3756 2256 infe-

2089 2285 2208 2342 rior
2240 2287 2348 2343 hoc
2381 2289 2489 2343 sibi
2525 2288 2637 2344 nisi
2661 2290 2871 2359 jussus
2893 2304 3008 2342 non
3030 2287 3240 2342 audeat
3266 2304 3543 2362 arrogare
3569 2306 3583 2343 :
3613 2307 3755 2362 quo-

2089 2375 2269 2444 niam,
2297 2381 2419 2432 Non
2449 2386 2526 2433 est
2553 2378 2852 2449 discipulus
2882 2393 3046 2448 super
3089 2372 3414 2447 magistrum
3436 2379 3646 2449 (Matth.
3670 2387 3747 2448 Χ),

2086 2469 2141 2519 et
2159 2464 2368 2520 iterum
2395 2466 2657 2538 praecipit
2675 2463 2990 2538 Apostolus
3011 2465 3211 2519 dicens
3231 2481 3246 2519 :
3266 2470 3489 2522 Honore
3511 2469 3746 2524 invicem

2083 2556 2476 2625 prwvmzientes
2509 2555 2680 2627 (Rom.
2712 2560 2834 2623 xu).

2159 2643 2296 2699 LIV.
2322 2644 2523 2699 Dicitis
2560 2644 2713 2716 quod
2737 2643 2916 2699 Graeci
2954 2644 3245 2700 fateantur
3265 2645 3418 2716 quod
3452 2644 3513 2698 in
3551 2645 3743 2701 Eccle-

2085 2731 2172 2787 sia
2201 2732 2302 2805 qui
2334 2750 2451 2788 non
2482 2732 2815 2789 constrictis
2840 2733 2913 2788 ad
2943 2738 3146 2805 pectus
3179 2733 3455 2790 manibus
3488 2735 3742 2802 steterit,

2084 2821 2406 2876 maximum
2426 2822 2634 2878 habeat
2650 2826 2950 2893 peccatum
2968 2839 2981 2877 :
3000 2821 3108 2877 hoc
3125 2826 3188 2877 ut
3202 2823 3364 2878 fieret
3379 2830 3742 2896 praeceptum

2083 2909 2264 2966 fuisse
2296 2928 2609 2983 nusquam,
2645 2910 2703 2966 ni
2736 2910 3016 2980 fallimur,
3041 2910 3356 2977 invenitur,
3383 2927 3450 2966 ac
3482 2928 3590 2984 per
3612 2912 3741 2984 hoc,

2081 2997 2194 3053 nisi
2217 2999 2334 3066 fiat,
2354 3003 2657 3072 peccatum
2677 3016 2792 3055 non
2809 3004 2923 3054 est:
2940 3016 3078 3054 nam
3096 2999 3334 3071 quidem
3357 2999 3589 3055 faciunt
3611 3001 3738 3069 hoc,

2079 3087 2320 3158 quidam
2343 3087 2508 3158 illud,
2529 3105 2685 3144 nunc
2711 3087 2810 3144 isti
2836 3087 2946 3143 hoc
2967 3104 3154 3161 genus
3177 3088 3558 3155 humilitatis,
3584 3107 3738 3146 nunc

2079 3175 2220 3231 illud
2241 3181 2567 3233 ostentant:
2591 3178 2701 3233 nisi
2721 3178 2864 3233 forte
2883 3176 2981 3250 qui
3015 3177 3393 3250 pertinaciter
3411 3184 3646 3234 recuset
3665 3180 3740 3234 fa-

319 3268 590 3333 randum,
610 3283 675 3322 ac
698 3265 1108 3321 difﬁniendum
1131 3265 1682 3336 committimus,qui
1711 3266 1966 3338 singulo-
1997 3253 2038 3320 C
2076 3281 2223 3331 cere,
2249 3266 2404 3338 quod
2427 3284 2631 3322 omnes
2654 3265 2862 3321 viderit
2889 3265 3186 3322 facientes.
3205 3266 3425 3322 Verum
3447 3272 3507 3323 et-
3528 3267 3662 3336 hoc,
3682 3273 3738 3323 et

319 3373 449 3411 rum
484 3371 675 3410 mores
707 3369 1020 3426 agnoscere
1051 3358 1359 3424 poterunt;
1405 3358 1462 3408 et
1503 3354 1971 3426 uniuscujusque

314 3450 576 3500 vestrum
600 3460 812 3499 causas
834 3441 1062 3497 libratis
1084 3442 1369 3513 personis,
1387 3459 1452 3497 ac
1469 3443 1832 3514 temporibus
1855 3444 1970 3500 dis-

318 3549 572 3600 cernere,
599 3549 701 3587 seu
740 3531 1032 3586 moderari
1068 3531 1380 3586 debebunt.
1407 3532 1578 3586 Porro
1611 3547 1745 3586 cum
1776 3549 1845 3587 ea
1871 3549 1964 3588 eo.

315 3621 448 3676 dem
479 3626 738 3691 tempore
769 3619 896 3673 sine
936 3617 1133 3689 aliqua
1179 3618 1672 3675 contaminatione
1712 3621 1967 3677 dormire

313 3709 554 3765 omnino
577 3708 795 3773 liceret,
811 3708 859 3764 si
876 3707 1114 3780 ignis,et
1132 3707 1296 3779 palea
1313 3708 1439 3763 sine
1456 3707 1690 3764 laesione
1707 3725 1966 3765 commu-

312 3798 548 3852 nionem
571 3796 830 3868 aliquam
853 3795 1218 3863 habuissent,
1235 3795 1321 3851 vel
1346 3797 1392 3852 si
1417 3796 1716 3852 diabolica:
1739 3798 1963 3855 fraudis

311 3887 541 3942 astutiae
573 3887 938 3942 nescirentur
961 3903 1094 3940 nam
1125 3886 1222 3940 ubi
1247 3885 1544 3941 masculus
1577 3904 1710 3941 cum
1745 3888 1962 3944 femina

309 3975 527 4048 pariter
544 3974 1224 4041 conversantur,difﬁcile
1240 3979 1328 4030 est
1348 3974 1595 4030 insidias
1612 3975 1798 4031 hostis
1815 3977 1962 4032 anti-

308 4064 410 4136 qui
444 4065 664 4131 deesse,
683 4081 808 4136 quae
843 4063 1123 4118 nimirum
1148 4080 1263 4118 non
1291 4065 1543 4132 defuere,
1568 4064 1667 4119 ubi
1697 4065 1960 4122 solitaria

306 4153 503 4210 fratris
533 4157 590 4209 et
622 4153 860 4224 sororis,
891 4153 1174 4208 Amnonis
1217 4152 1436 4209 scilicet
1466 4157 1522 4209 et
1551 4153 1826 4223 Thamar,
1861 4171 1955 4210 ex-

307 4241 458 4298 stitit
486 4241 835 4314 parvissimo
877 4242 1066 4314 spatio
1099 4242 1478 4299 commoratio
1502 4242 1549 4315 (Ι
1574 4244 1702 4312 Reg.
1736 4243 1882 4316 xm).

378 4330 468 4386 LI.
495 4330 554 4386 Si
586 4329 758 4386 liceat
784 4347 898 4386 uno
930 4335 1189 4403 tempore
1216 4330 1429 4388 habere
1450 4332 1598 4387 duas
1630 4348 1836 4388 uxores
1857 4349 1952 4389 ex-

305 4418 560 4492 quiritis,
580 4419 734 4491 quod
769 4419 818 4475 si
849 4437 963 4474 non
994 4419 1149 4486 licet,
1169 4420 1316 4476 scire
1342 4420 1577 4492 cupitis,
1597 4421 1752 4492 apud
1777 4439 1952 4493 quem

301 4508 603 4564 inventum
639 4508 988 4581 fuerit,quid
1020 4510 1226 4564 exinde
1255 4510 1445 4565 facere
1478 4509 1758 4564 debeatis.
1792 4510 1950 4567 Duas

2081 3353 2270 3409 multa
2299 3355 2357 3410 in
2381 3356 2622 3412 diversis
2647 3355 2787 3412 locis
2810 3355 2926 3410 alia
2946 3354 3299 3412 humilitatis
3319 3355 3538 3412 indicio
3561 3358 3734 3424 fiunt,

2078 3447 2134 3498 et
2163 3443 2293 3510 hoc,
2318 3463 2452 3501 cum
2476 3445 2570 3514 sit,
2596 3444 2828 3501 nonnisi
2861 3443 3211 3500 humilitatis
3234 3443 3425 3516 gratia
3448 3445 3535 3513 fit,
3559 3450 3620 3501 et
3652 3463 3735 3502 τεο

2075 3549 2209 3589 vera
2231 3535 2512 3607 scriptum
2545 3537 2668 3590 est:
2696 3533 2879 3590 Oratio
2909 3534 3328 3589 humiliantium
3352 3551 3410 3589 se
3439 3536 3616 3590 nubes
3642 3552 3734 3607 pe-

2074 3625 2315 3682 netrabit
2345 3625 2533 3697 (Eccle.
2570 3626 2759 3692 xxxv),
2792 3623 3036 3695 proinde
3085 3623 3204 3678 sive
3252 3622 3382 3690 hoc,
3419 3622 3542 3678 sive
3573 3623 3732 3680 aliud

2076 3715 2214 3788 quid
2238 3713 2591 3769 humilitatis
2612 3713 2937 3783 excogitare
2960 3716 3148 3784 potest
3169 3713 3365 3781 homo,
3390 3729 3512 3767 non
3537 3719 3630 3768 est
3655 3730 3734 3768 re-

2073 3803 2545 3878 prehendendus,
2581 3802 2720 3874 quia
2758 3802 3082 3856 secundum
3113 3800 3518 3874 Evangelium,
3552 3805 3732 3874 quise

2070 3894 2334 3948 humiliat
2374 3893 2716 3948 excitabitur
2745 3892 2895 3960 (Luc.
2920 3895 3101 3960 xvni).
3125 3889 3183 3946 Si
3233 3890 3392 3946 enim
3424 3889 3564 3962 quis
3598 3897 3729 3946 ante

2069 3981 2397 4054 principem
2420 3979 2727 4036 mortalem
2744 3980 2983 4036 veniens
3001 3995 3133 4034 cum
3152 3978 3311 4035 omni
3334 3979 3662 4035 reverentia
3676 3985 3728 4036 et

2069 4071 2279 4126 timore
2310 4074 2444 4137 stat,
2468 4068 2750 4141 loquitur,
2773 4075 2830 4124 et
2859 4068 3096 4136 incedit,
3120 4072 3338 4140 quanto
3369 4070 3571 4140 potius
3593 4087 3725 4125 eum

2068 4159 2168 4231 qui
2196 4163 2330 4214 ante
2358 4160 2557 4225 Deum,
2579 4157 2678 4231 qui
2713 4161 2801 4213 est
2834 4162 3107 4225 aeternus,
3129 4157 3429 4224 terribilis,
3455 4162 3515 4213 et
3541 4159 3723 4214 excel-

2068 4265 2191 4318 sus,
2213 4247 2542 4314 accesserit,
2557 4263 2690 4302 cum
2714 4246 2870 4302 omni
2895 4262 3106 4318 pavore
3127 4262 3192 4301 ac
3215 4239 3468 4301 tremore
3488 4264 3608 4302 non
3634 4264 3724 4304 so-

2063 4335 2187 4391 lum
2208 4340 2362 4391 stare
2381 4335 2671 4400 convenit,
2685 4335 2786 4391 sed
2810 4339 2867 4390 et
2888 4335 3056 4408 quasi
3078 4352 3311 4390 servum
3332 4337 3721 4409 semetipsum

2063 4424 2124 4481 in
2147 4429 2458 4497 conspectu
2483 4425 2612 4496 ejus
2634 4423 2937 4480 humiliter
2961 4427 3330 4496 praesentare,
3345 4437 3402 4478 et
3423 4423 3566 4495 quia
3587 4442 3723 4496 quo-

2063 4515 2336 4570 rumdam
2361 4513 2418 4568 in
2445 4513 2750 4586 Evangelio
2776 4513 3157 4585 reproborum
3196 4511 3366 4585 ligari
3411 4520 3722 4582 manus,et

299 4601 562 4688 tempore
591 4615 706 4653 uno
730 4597 948 4688 habere
974 4597 1474 4688 uxores,n_ec_ip_sa
1494 4595 1654 4667 origo
1677 4597 1947 4688 humanas
1982 4625 2029 4688 ι)
2061 4604 2238 4676 pedes
2297 4601 2716 4674 praecipiuntur
2747 4595 2972 4673 (Matth.
3004 4601 3162 4672 χχιι),
3196 4601 3334 4673 quid
3396 4601 3560 4657 aliud
3625 4603 3721 4658 isti

301 4686 654 4751 conditionis
675 4685 950 4754 admittit,
975 4702 1080 4740 nec
1101 4685 1192 4739 lex
1210 4684 1671 4739 Christianorum
1693 4685 1812 4741 ulla
1831 4705 1954 4758 per-

300 4776 498 4831 mittit.
523 4775 666 4830 Nam
692 4775 866 4840 Deus,
887 4774 987 4845 qui
1020 4773 1154 4828 fecit
1183 4772 1504 4838 hominem,
1531 4772 1602 4826 ab
1635 4772 1804 4831 initio
1836 4794 1957 4832 ma-

301 4863 532 4920 sculum
555 4880 740 4918 unum
774 4863 909 4918 fecit
938 4866 994 4916 et
1023 4877 1204 4915 unam
1235 4855 1516 4915 feminam
1546 4864 1773 4916 tantum
1795 4863 1947 4932 (Gen.

297 4952 471 5020 ι),ουὶ
504 4952 693 5024 potuit
724 4951 927 5022 utique
958 4950 1006 5004 si
1037 4947 1208 5002 vellet
1247 4949 1395 5003 duas
1435 4965 1642 5005 uxores
1673 4950 1946 5020 tribuere,

296 5040 400 5096 sed
433 5039 650 5110 noluit;
685 5038 971 5111 scriptum
1004 5035 1220 5108 quippe
1251 5041 1377 5092 est:
1401 5039 1626 5109 Propter
1657 5039 1753 5095 hoc
1775 5043 1945 5098 relin-

294 5138 419 5202 quet
449 5129 604 5186 homo
631 5137 843 5202 patrem
872 5135 923 5183 et
950 5133 1198 5188 matrem,
1230 5134 1281 5181 et
1308 5125 1601 5183 odhzrrebit
1637 5133 1804 5185 uxori
1829 5147 1950 5190 suae

295 5217 447 5288 (Gen.
475 5219 556 5288 ιι),
582 5235 699 5273 non
731 5214 892 5280 dixit,
919 5213 1227 5281 uxoribus;
1260 5220 1316 5270 et
1346 5215 1558 5272 iterum
1593 5234 1606 5272 :
1637 5219 1812 5275 Erunt
1839 5221 1945 5276 duo

293 5307 354 5361 in
382 5322 549 5362 carne
589 5322 705 5360 una
735 5303 936 5375 (ibid.),
963 5301 1262 5359 masculus
1301 5304 1522 5362 scilicet
1550 5311 1606 5362 et
1638 5307 1854 5364 femina
1883 5309 1942 5365 in

292 5411 466 5451 carne
488 5412 627 5460 una,
646 5398 840 5448 etnon
865 5396 984 5447 tres
1007 5395 1107 5447 aut
1127 5391 1344 5464 plures.
1367 5395 1568 5468 Itaque
1589 5397 1745 5470 apud
1769 5415 1943 5470 quem

291 5499 408 5539 uno
429 5485 691 5554 tempgre
707 5481 833 5536 dure
855 5497 1063 5538 uxores
1083 5480 1477 5553 inveniuntur,
1501 5485 1738 5542 interim
1760 5487 1943 5559 priorI

288 5573 517 5627 retenta
547 5568 926 5642 posteriorem
969 5576 1214 5648 cogatur
1257 5574 1522 5631 amittere
1551 5592 1565 5631 :
1596 5574 1839 5648 insuper
1885 5580 1943 5633 et

289 5655 694 5733 paenitentiam
717 5676 892 5736 quam
923 5660 1036 5723 loci
1061 5663 1334 5723 sacerdos
1363 5663 1692 5740 praeviderit
1711 5665 1941 5740 [prace—

2063 4695 2244 4764 agunt
2261 4690 2360 4764 qui
2379 4707 2590 4745 manus
2607 4707 2746 4746 suas
2762 4706 2958 4745 coram
2979 4689 3224 4745 Domino
3242 4688 3450 4762 ligant,
3467 4691 3584 4747 nisi
3604 4691 3721 4748 Deo

2065 4780 2498 4854 quodammodo
2519 4779 2740 4848 dicunt,
2761 4779 3023 4845 Domine,
3040 4795 3112 4834 ne
3130 4795 3341 4834 manus
3361 4795 3526 4834 meas
3549 4778 3720 4852 ligari

2060 4869 2456 4942 przecipias,ut
2478 4869 2680 4924 mittar
2702 4869 2760 4922 in
2786 4869 3057 4923 tenebras
3079 4867 3418 4923 exteriores:
3435 4869 3718 4940 quoniam

2051 4959 2178 5028 jam
2211 4975 2316 5031 ego
2348 4975 2446 5013 eas
2479 4956 2672 5030 ligavi,
2696 4961 2751 5012 et
2775 4972 2904 5012 ecce
2927 4956 2999 5011 ad
3022 4955 3252 5029 ﬂagella
3281 4961 3525 5028 paratus
3547 4957 3720 5014 sum?

2057 5046 2202 5102 Hinc
2234 5046 2410 5102 etiam
2453 5051 2655 5118 pectus
2697 5046 3060 5117 percutimus
3091 5046 3392 5118 signantes
3422 5045 3715 5111 videlicet,

2060 5136 2213 5208 quod
2239 5136 2509 5207 nequiter
2539 5135 2787 5207 egimus,
2811 5133 3119 5206 displicere
3153 5135 3342 5200 nobis,
3366 5151 3434 5190 ac
3456 5135 3591 5192 ideo
3614 5154 3714 5192 an-

2052 5229 2289 5296 tequam
2323 5225 2476 5280 Deus
2507 5224 2694 5291 feriat,
2721 5223 2780 5278 id
2820 5239 2928 5279 nos
2961 5224 3020 5278 in
3052 5223 3219 5279 nobis
3251 5223 3398 5295 ipsis
3429 5224 3628 5286 ferire.
3662 5229 3715 5280 et

2051 5318 2368 5386 antequam
2399 5312 2540 5369 ultio
2583 5316 2841 5368 extrema
2884 5312 3504 5381 veniat,commissum
3528 5314 3709 5386 pmni-

2051 5402 2236 5458 tentia
2267 5402 2444 5473 digna
2477 5402 2704 5473 punire.

2122 5490 2234 5545 LV.
2267 5491 2297 5546 J
2307 5507 2400 5546 am
2430 5507 2564 5546 vero
2608 5491 2764 5562 quod
2809 5490 3089 5558 asseritis,
3115 5489 3344 5546 Graecos
3373 5507 3480 5548 vos
3512 5491 3708 5564 prohi-

2047 5578 2183 5636 bere
2204 5578 2678 5637 communionem
2711 5579 3009 5653 suscipere
3038 5580 3164 5636 sine
3195 5578 3475 5653 cingulis,
3488 5581 3706 5655 quibus

2049 5683 2225 5729 sacrae
2248 5667 2560 5744 Scriptura
2582 5667 2938 5730 testimoniis
2959 5667 3069 5729 hoc
3088 5667 3402 5744 prohibere
3411 5669 3437 5744 j
3446 5686 3555 5730 ure
3574 5687 3703 5749 pro-
