3898 6212
112 427 268 494 ίοοί

1336 425 1742 494 ΕΡΙΒΤΟΙΑΕ
1782 425 1884 496 ET
1924 423 2314 496 DECRETA.

3370 429 3526 490 1002

109 564 354 630 bentur,
388 580 495 620 nos
529 563 764 636 penitus
806 562 1169 635 ignoramus,
1205 561 1318 618 nisi
1353 561 1496 618 forte
1527 561 1626 618 illo
1650 577 1766 634 quo
1797 565 1850 632 Α
1875 569 1972 632 ραι
1997 569 2159 635 caput
2187 577 2350 617 suum
2372 581 2390 625 ;
2412 577 2586 617 unum
2615 569 2694 616 est
2723 562 2870 618 enim
2889 577 2953 617 ac
2981 562 3031 616 si
3058 561 3526 626 decalvetmgna-m

108 649 407 705 Dominus
429 649 691 722 praecipit
709 649 909 704 dicens
933 664 945 702 :
973 649 1093 704 Sint
1112 649 1287 704 lumbi
1305 650 1469 704 vestri
1485 649 1773 720 praecincti

109 739 269 807 (Luc.
287 739 445 804 xxn).
466 741 682 794 Verum
706 737 814 795 hoe
837 737 1024 794 sancti
1049 735 1344 809 Evangelii
1365 735 1769 794 testimonium

109 845 232 884 non
258 844 363 900 per
381 826 657 892 litteram,
681 825 782 882 sed
817 843 918 898 per
950 825 1222 897 spiritum
1254 830 1483 898 oportet
1514 824 1766 898 impleri.

109 917 263 973 Nam
290 917 340 972 si
365 917 437 972 ad
459 915 570 971 hoc
592 914 748 972 istud
782 919 1134 986 praeceptum
1161 916 1250 968 est
1271 919 1334 969 ut
1357 913 1546 970 taliter
1575 929 1768 968 serva-

109 1011 414 1071 retur,cur
430 1021 543 1060 non
560 1005 710 1060 fiunt
726 1002 944 1076 pariter
961 1019 1086 1075 quae
1101 1005 1517 1073 sequuntur,ut
1531 1002 1770 1060 lucerna?

107 1094 370 1150 ardentes
387 1095 414 1149 ?
434 1093 622 1165 (Exod.
642 1091 796 1162 xvm)
819 1095 874 1148 et
896 1091 1049 1148 sicut
1080 1106 1297 1164 agnum
1329 1091 1768 1150 comedentibus

101 1185 379 1255 jubetur,
415 1186 480 1239 ut
519 1179 794 1237 baculum
826 1179 885 1236 in
917 1179 1192 1238 manibus
1240 1179 1523 1235 teneant?
1553 1179 1770 1240 habent

106 1290 293 1328 suum
346 1272 460 1328 ista
507 1269 872 1343 mysterium,
907 1273 964 1326 et
1007 1267 1473 1340 intelligentibus
1503 1268 1583 1323 ita
1612 1267 1768 1326 clara

106 1367 278 1426 sunt,
305 1365 370 1415 ut
393 1375 462 1416 ea
481 1359 691 1432 magis,
723 1374 839 1432 qua
868 1358 1050 1424 decet,
1085 1357 1512 1430 signiﬁcatione
1543 1373 1770 1413 serven-

104 1454 229 1505 tur.
257 1448 409 1504 Nam
431 1447 490 1504 in
513 1445 851 1502 lumborum
883 1443 1288 1517 praecinctione
1308 1444 1570 1512 castitas,
1589 1444 1648 1500 in
1670 1444 1768 1506 ba-

106 1539 247 1596 culo
271 1537 530 1611 regimen
546 1533 855 1609 pastorale,
877 1535 932 1590 in
956 1534 1210 1590 lucernis
1233 1533 1570 1591 ardentibus
1593 1535 1768 1594 bono-

104 1646 244 1685 rum
274 1625 551 1700 splendor
573 1641 836 1697 operum,
861 1625 932 1680 de
954 1623 1173 1696 quibus
1203 1623 1450 1679 dicitur:
1486 1624 1577 1680 Sic
1605 1640 1767 1696 opera

104 1726 295 1774 vestra
327 1717 544 1771 luceant
566 1712 773 1785 (Matth.
793 1715 870 1780 v),
894 1711 1206 1770 indicatur.
1242 1712 1437 1768 Rudes
1462 1727 1596 1785 ergo
1624 1712 1763 1767 iide-

101 1807 254 1862 lium
283 1807 532 1869 mentes,
547 1807 612 1857 ut
629 1806 868 1860 sanctus
886 1804 942 1856 et
962 1801 1230 1873 egregius
1252 1807 1651 1874 propugnator
1667 1801 1766 1858 EO-

1877 651 1926 704 si
1972 667 2083 704 non
2135 650 2343 704 velatur
2387 651 2609 716 mulier,
2643 650 2966 716 tondeatur;
2996 652 3046 706 si
3083 667 3204 706 vero
3254 659 3408 724 turpe
3446 661 3525 708 est

1877 740 2104 794 mulieri
2131 738 2342 795 tonderi
2382 747 2479 795 aut
2519 739 2812 807 decalvari,
2847 739 2982 795 velet
3027 747 3190 810 caput
3235 757 3436 807 suum;
3469 744 3525 796 et

1878 825 2089 883 iterum
2124 843 2137 882 :
2171 829 2311 893 Ideo,
2347 827 2558 899 inquit,
2590 827 2741 884 debet
2788 827 2990 883 mulier
3031 827 3278 884 velamen
3328 829 3524 886 habere

1877 932 2042 990 super
2084 923 2246 988 caput
2289 925 2507 990 propter
2555 917 2795 985 angelos,
2829 916 2886 971 id
2921 921 3029 982 est,
3063 918 3430 987 sacerdotes;
3466 922 3522 974 et

1879 1020 2085 1060 rursus
2115 1003 2195 1059 ait
2227 1021 2240 1060 :
2278 1005 2372 1061 Vos
2399 1007 2505 1076 ipsi
2523 1005 2786 1076 judicate,
2810 1005 2955 1061 decet
2983 1006 3270 1061 mulierem
3293 1022 3402 1062 non
3433 1023 3519 1063 ve-

1878 1092 2045 1148 latam
2100 1109 2258 1150 orare
2305 1093 2646 1150 Dominum?
2676 1110 2774 1149 nec
2829 1095 2950 1166 ipsa
3003 1102 3203 1151 natura
3234 1094 3382 1152 docet
3408 1112 3517 1166 vos,

1876 1181 2016 1251 quod
2039 1182 2125 1237 vir
2147 1181 2363 1254 quidem
2391 1184 2442 1237 si
2469 1198 2679 1237 comam
2706 1183 2934 1248 nutriat,
2969 1184 3273 1254 ignominia
3301 1193 3377 1240 est
3409 1185 3520 1241 illi:

1873 1269 2078 1326 mulier
2101 1286 2220 1327 vero
2240 1272 2291 1326 si
2309 1287 2519 1326 comam
2541 1273 2772 1337 nutriat,
2802 1271 2984 1341 gloria
3010 1279 3085 1329 est
3112 1272 3242 1329 illi?
3262 1275 3522 1346 quoniam

1874 1359 2071 1432 capilli
2095 1376 2194 1431 pro
2225 1360 2496 1416 velamine
2519 1361 2573 1415 ei
2599 1359 2719 1414 dati
2742 1369 2892 1415 sunt.

1947 1447 2084 1503 LIX.
2119 1449 2276 1514 Quod
2311 1449 2382 1504 de
2413 1447 2792 1506 femoralibus
2821 1449 3228 1518 sciscitamini,
3253 1467 3520 1529 superva-

1874 1552 2048 1592 cuum
2083 1553 2210 1594 esse
2235 1541 2542 1609 putamus;
2567 1553 2672 1592 nos
2698 1537 2853 1592 enim
2885 1554 3000 1594 non
3031 1539 3371 1596 exteriorem
3403 1539 3518 1596 cul-

1873 1628 2000 1680 tum
2018 1623 2267 1680 vestium
2291 1629 2638 1692 vestrarum,
2658 1626 2760 1682 sed
2785 1625 3077 1684 interioris
3099 1626 3355 1684 hominis
3387 1645 3516 1684 mo-

1873 1728 1964 1769 res
1998 1713 2056 1769 in
2087 1713 2250 1771 vobis
2285 1714 2497 1770 mutari
2529 1714 3077 1783 desideramus,nec
3099 1716 3238 1788 quid
3259 1716 3518 1774 induatis

1873 1805 2081 1874 praeter
2109 1802 2430 1868 Christum,
2465 1810 2716 1874 quotquot
2746 1805 2894 1860 enim
2925 1805 2984 1860 in
3017 1806 3226 1861 Christo
3258 1807 3521 1878 baptizati

101 1895 305 1953 clesize
339 1909 490 2002 papa
519 1890 865 2002 Guilestin‘us
892 1888 1112 2002 ‘scribit
1144 1890 1324 2002 (epist;
1443 1887 1764 2002 cujusjh‘iec
1794 1934 1841 2002 Β
1871 1893 2017 2002 istis,
2051 1892 2326 2002 Christum
2374 1891 2634 2002 indLuistis
2668 1891 2811 2002 (ﬁat.
2833 1901 2966 2002 Δι.ιι).;
2997 1893 3098 1994 sed
3125 1895 3429 2002 .quom‘odo
3458 1893 3518 1951 in

101 1982 461 2044 summatim
485 1981 660 2036 verba
681 1980 934 2037 mutuati
957 1995 1186 2044 sumus,
1211 1979 1282 2034 ad
1303 1977 1443 2035 talia
1464 1995 1580 2036 non
1602 1977 1768 2036 debe-

102 2089 248 2132 mus
283 2065 1018 2136 inducere,doeendienim
1051 2071 1191 2126 sunt
1217 2067 1409 2138 potius
1442 2082 1620 2140 quam
1636 2064 1766 2122 illu-

103 2161 317 2228 dandi,
353 2176 458 2216 nee
488 2157 842 2230 imponenda
873 2172 1074 2212 eorum
1109 2153 1310 2222 oculis,
1331 2155 1434 2212 sed
1467 2153 1762 2212 mentibus

103 2249 486 2309 infundenda
516 2251 799 2319 praecepta
832 2250 991 2302 sunt.

181 2338 333 2398 LVI.
357 2337 540 2394 Nosse
562 2352 662 2392 vos
686 2333 830 2391 velle
853 2333 1272 2395 asseveratis.si
1296 2333 1469 2388 liceat
1491 2331 1766 2388 omnibus

103 2428 328 2487 vestris
351 2425 640 2500 praecipue
673 2427 930 2494 tempore
962 2422 1262 2490 siccitatis,
1283 2422 1352 2476 ad
1385 2421 1640 2494 pluviam
1665 2436 1765 2492 po-

105 2516 457 2577 stulandam
474 2513 772 2586 jejunium
804 2516 861 2568 et
891 2511 1212 2568 orationem
1235 2511 1442 2577 facere,
1459 2509 1622 2566 vobis
1637 2508 1765 2582 qui-

104 2610 245 2666 dem
283 2606 398 2662 hoc
427 2619 596 2676 agere
627 2601 762 2658 licet
795 2618 806 2655 :
843 2601 1121 2674 quoniam
1161 2599 1455 2672 jejunium
1496 2603 1554 2654 et
1583 2597 1768 2654 oratio

106 2713 346 2769 magna:
370 2693 611 2748 virtutes
636 2693 809 2761 (forte,
830 2689 1084 2756 virtutis,
1102 2689 1475 2758 Hann.]sunt,
1490 2691 1548 2746 et
1567 2687 1638 2744 ad
1661 2686 1770 2742 has

98 2787 337 2860 jugiter
367 2781 662 2839 faciendas
693 2782 883 2836 vestra
905 2777 1158 2834 multum
1178 2777 1333 2832 valet
1353 2776 1634 2845 hortatio;
1667 2775 1770 2832 sed

106 2870 541 2948 congruentius
562 2874 649 2925 est
669 2869 717 2924 si
743 2868 864 2924 haec
886 2883 987 2940 per
1006 2866 1412 2939 episcoporum
1436 2862 1769 2937 dispositio-

107 2981 250 3022 nem
279 2963 452 3018 fiant:
479 2959 588 3032 ipsi
611 2974 866 3028 namque
881 2952 1772 3029 suntquiligandi,solvendique

108 3035 478 3127 potestatem
511 3046 823 3120 accipiunt,
858 3045 929 3100 ad
964 3043 1175 3108 horum
1207 3059 1404 3098 vocem
1437 3040 1634 3114 populi
1671 3039 1771 3098 Dei

108 3147 314 3199 castra
338 3140 667 3202 moventur,
693 3139 749 3190 et
775 3134 1148 3206 requiescunt
1172 3150 1184 3188 :
1213 3133 1337 3188 sine
1359 3130 1452 3187 his
1487 3136 1771 3202 tanquam

108 3232 242 3289 sine
267 3227 463 3301 capite
491 3226 609 3280 fore
640 3223 938 3292 videmini,
965 3227 1019 3278 et
1042 3223 1205 3294 quasi
1241 3239 1374 3278 oves
1403 3223 1682 3286 errantes,
1716 3221 1773 3273 et

1874 1978 2006 2046 ﬁde,
2028 1996 2092 2036 ac
2115 1979 2283 2036 bonis
2299 1980 2571 2052 operibus
2593 1980 2907 2054 proﬁciatis
2924 1981 3519 2054 inquirimus.Verum

1874 2066 2014 2140 quia
2044 2068 2386 2141 simpliciter
2424 2070 2494 2125 de
2525 2069 2618 2126 his
2646 2069 3038 2142 interrogatis,
3069 2075 3332 2128 verentes
3357 2073 3521 2130 vide-

1873 2155 2098 2212 licetne
2119 2158 2282 2213 vobis
2300 2157 2357 2212 in
2383 2162 2687 2230 peccatum
2707 2159 3054 2230 imputetur,
3077 2159 3125 2215 si
3153 2165 3362 2232 praeter
3386 2160 3523 2218 alio-

1873 2261 2006 2304 rum
2031 2247 2514 2302 consuetudinem
2548 2245 2688 2319 quid
2723 2246 2929 2304 saltem
2963 2247 3019 2302 in
3056 2247 3319 2305 minimis
3349 2249 3521 2321 agitis

1877 2333 2362 2402 Christianorum,
2389 2353 2461 2391 ne
2481 2336 2620 2408 quid
2637 2335 2927 2392 desiderio
2959 2340 3148 2393 vestro
3179 2337 3522 2396 subtrahere

1874 2423 2199 2492 videamur,
2223 2425 2795 2496 dicimus,quoniam
2828 2425 2885 2479 in
2920 2423 3087 2481 libris
3119 2426 3523 2498 nostrisjussa

1878 2516 2020 2567 sunt
2053 2513 2351 2569 femoralia
2382 2513 2526 2581 ﬁeri,
2551 2531 2666 2570 non
2690 2518 2753 2568 ut
2775 2514 2864 2569 his
2891 2513 3167 2571 mulieres
3196 2519 3522 2586 uterentur,

1877 2601 1977 2656 sed
2010 2601 2115 2656 viri
2150 2618 2162 2658 :
2199 2619 2354 2658 nunc
2403 2607 2625 2669 autem,
2660 2608 2723 2658 ut
2753 2604 3252 2676 quemadmodum
3285 2622 3318 2660 a
3346 2605 3521 2660 veteri

1878 2690 1949 2743 ad
1975 2707 2185 2745 novum
2221 2691 2516 2748 transistis
2545 2692 2961 2762 hominem,ita
2981 2693 3051 2748 de
3073 2692 3251 2764 priori
3280 2710 3526 2750 consue-

1879 2778 2081 2834 tudine
2113 2779 2182 2834 ad
2219 2796 2440 2834 morem
2475 2785 2742 2836 nostrum
2768 2795 2870 2852 per
2899 2780 3098 2836 omnia
3120 2783 3431 2838 transeatis
3452 2783 3530 2839 fa-

1881 2867 2030 2935 cite;
2063 2866 2153 2922 sin
2185 2872 2401 2936 autem,
2437 2869 2593 2939 quod
2640 2868 2827 2940 placet
2871 2869 3041 2941 agite.
3076 2873 3221 2925 Nam
3255 2869 3371 2926 sive
3400 2887 3524 2940 vos,

1881 2957 2000 3013 sive
2029 2957 2255 3013 femina:
2285 2962 2512 3026 vestrae,
2535 2958 2655 3013 sive
2680 2959 3006 3031 deponatis,
3032 2959 3150 3015 sive
3168 2958 3428 3016 induatis
3451 2962 3527 3016 fe-

1881 3047 2145 3113 moralia,
2180 3063 2283 3102 nec
2315 3045 2491 3102 saluti
2523 3047 2722 3113 ofﬁcit,
2759 3063 2863 3103 nec
2893 3049 2966 3103 ad
2997 3047 3278 3104 virtutum
3310 3053 3526 3106 vestra-

1881 3153 2013 3192 rum
2046 3135 2273 3207 proﬁcit
2304 3135 2749 3192 incrementum.
2778 3137 2928 3192 Sane
2959 3135 3234 3208 quoniam
3266 3137 3524 3195 diximus

1873 3224 2047 3295 jussa
2079 3223 2260 3279 fuisse
2290 3222 2590 3279 femoralia
2618 3223 3101 3289 fieri,notandum
3129 3229 3236 3290 est,
3262 3225 3400 3296 quia
3416 3242 3524 3282 nos

108 3337 228 3377 non
261 3300 552 3374 habentes
580 3317 871 3386 pastorem
905 3311 1192 3367 inceditis.
1225 3310 1528 3382 Siquidem
1559 3307 1617 3363 in
1641 3305 1768 3362 tali-
1798 3300 1841 3366 C
1880 3312 2589 3384 spiritualiterinduimur
2608 3311 3158 3381 femoralibus,eum
3183 3313 3375 3368 carnis
3397 3312 3526 3370 libi-

105 3410 224 3466 bus
248 3407 338 3480 pri
350 3422 449 3461 sco
477 3409 752 3474 tempore,
778 3401 932 3473 quod
958 3417 1113 3455 nunc
1136 3415 1367 3470 quoque
1388 3401 1592 3453 sancta
1612 3399 1770 3450 tenet

105 3495 400 3560 Ecclesia,
425 3491 789 3548 sacerdotum
814 3482 1766 3561 praecedebatinstitutio,etomnis

106 3586 356 3660 penitus
383 3579 762 3647 ordinatio,et
789 3583 928 3633 tunc
960 3575 1196 3648 reliqua
1228 3575 1415 3648 plebis
1445 3575 1766 3646 subseque-

103 3678 289 3733 batur
311 3686 613 3737 assensus,
638 3685 703 3724 ae
725 3684 826 3740 per
858 3667 966 3722 hoc
997 3665 1198 3721 ordine
1230 3663 1422 3719 debito
1454 3663 1767 3730 custodito,

108 3770 166 3822 et
187 3760 589 3821 unanimitate
612 3761 856 3824 servata,
873 3755 986 3811 Deo
1006 3754 1308 3826 largiente,
1323 3753 1438 3808 voti
1451 3751 1768 3825 praestaba-

108 3859 207 3910 tur
238 3853 510 3908 effectus.

183 3941 360 3998 LVII.
392 3939 619 3994 Grecos
650 3939 842 3990 vetare
868 3931 1185 4006 perhibetis
1217 3929 1518 3987 eunuchos
1550 3928 1771 3986 anima-

106 4031 187 4088 lia
205 4033 410 4086 vestra
433 4030 708 4088 mactare,
733 4023 814 4078 ita
834 4027 900 4077 ut
925 4037 1057 4076 eum
1082 4019 1181 4092 qui
1216 4036 1283 4075 ex
1312 4017 1672 4074 animalibus
1695 4017 1768 4072 ab

107 4119 230 4177 illis
253 4115 470 4176 occisis
500 4112 836 4178 comederit,
869 4127 1040 4183 grave
1071 4107 1434 4164 commisisse
1466 4108 1768 4179 peccatum

108 4209 446 4266 afﬁrmant.
476 4204 588 4261 Sed
619 4201 789 4257 nobis
816 4199 983 4256 valde
1031 4199 1316 4254 absonum
1352 4201 1461 4263 est,
1491 4199 1549 4250 et
1578 4193 1770 4250 adhuc

109 4295 396 4353 frivolum
429 4296 616 4360 sonat,
641 4291 796 4364 quod
829 4288 1060 4345 dicitur.
1097 4287 1270 4342 Porro
1301 4285 1438 4357 quia
1469 4281 1771 4339 ratiocina-

106 4385 341 4442 tionem
376 4381 492 4438 ista
521 4379 840 4436 dicentium
875 4393 989 4431 non
1029 4373 1322 4441 audimus,
1358 4371 1501 4428 nihil
1533 4371 1768 4426 interim

106 4477 181 4531 de
199 4471 535 4530 assertione
557 4469 818 4541 ipsorum
853 4465 1115 4521 nondum
1147 4463 1314 4535 plene
1332 4461 1566 4536 cognita
1582 4461 1772 4517 decer-

109 4580 251 4620 nere
284 4559 597 4616 difﬁnitive
625 4557 907 4612 valemus.
937 4553 1129 4610 Unum
1159 4557 1356 4608 tamen
1378 4550 1770 4623 scimus,quo-

103 4653 275 4708 niam
316 4649 370 4705 si
401 4646 654 4705 eunuchi
686 4649 973 4718 prmeepta
1008 4642 1103 4698 Dei
1135 4639 1538 4707 custodierint,
1573 4639 1644 4695 ad
1678 4656 1771 4695 re-
1803 4665 1849 4730 Β

103 4756 299 4815 gnum
336 4737 568 4794 cmleste
596 4732 1033 4807 percipiendum
1069 4729 1213 4785 nihil
1245 4730 1330 4786 eis
1355 4730 1561 4785 obesse
1593 4745 1772 4784 mem-

104 4832 366 4886 brorum
401 4824 610 4898 poterit
632 4821 1019 4889 detruncatio,
1035 4837 1168 4874 eum
1191 4817 1514 4874 secundum
1536 4820 1776 4890 Aposto-

105 4918 237 4975 lum
271 4917 338 4971 in
375 4912 802 4970 resurrectione
834 4927 1038 4966 omnes
1085 4924 1463 4964 occurramus
1492 4905 1550 4961 in
1581 4906 1772 4962 virum

105 5007 450 5080 perfectum
487 5002 705 5074 (Ephes.
744 5011 844 5069 IV),
877 5004 933 5055 et
965 5015 1066 5072 per
1095 4997 1437 5070 prophetam
1465 4995 1770 5060 Dominus,

107 5097 158 5153 si
192 5097 334 5168 ejus
372 5093 645 5148 mandata
676 5089 1124 5151 observaverint,
1159 5086 1444 5143 eunuchis
1494 5085 1776 5142 nonnulla

107 5185 248 5240 laeta
280 5181 597 5256 promittat
627 5179 899 5241 (Isa.LvI).
925 5176 1225 5248 Siquidem
1258 5180 1314 5230 et
1343 5174 1439 5230 ille
1471 5175 1776 5231 eunuchus

106 5271 393 5342 Ethiops
424 5286 458 5323 ει
485 5272 686 5324 sancto
735 5268 895 5322 Luca
943 5263 1298 5336 evangelista
1348 5280 1450 5335 pro
1479 5264 1690 5318 virtute
1722 5268 1781 5320 et

107 5360 468 5433 integritate
515 5357 603 5412 vir
659 5354 986 5428 appellatur
1041 5353 1182 5407 dum
1241 5351 1381 5406 dicit
1415 5369 1426 5406 :
1460 5353 1526 5406 Et
1551 5368 1666 5408 ecce
1695 5353 1782 5406 vir

108 5451 375 5521 :Ethiops
413 5446 696 5503 eunuchus
722 5453 912 5517 potens
945 5441 1208 5498 Candacis
1232 5441 1444 5510 regina?
1472 5442 1607 5511 (Act.
1640 5441 1778 5512 VIII).

183 5536 397 5594 LVIII.
433 5535 642 5592 Utrum
672 5522 861 5589 velato
902 5549 974 5587 an
1009 5530 1228 5585 nudato
1260 5528 1446 5600 capite
1479 5528 1692 5584 mulier
1722 5530 1782 5584 in

110 5625 378 5685 ecclesia
408 5628 564 5681 stare
595 5623 822 5688 debeat,
871 5618 1185 5692 Apostolus
1228 5618 1396 5672 docet
1430 5618 1470 5688 (Ι
1503 5619 1622 5673 Cor.
1656 5622 1735 5688 χι)
1767 5635 1780 5674 :

110 5717 327 5778 Mulier
355 5730 543 5782 orans,
578 5721 676 5769 aut
698 5710 1026 5785 praphetans
1053 5725 1163 5766 non
1199 5708 1370 5765 velato
1390 5707 1582 5781 capite,
1606 5707 1786 5767 detur-

459 5842 732 5907 Ps'raou
778 5836 977 5903 CXIX.

1877 3402 2073 3456 dinem
2099 3419 2200 3474 per
2215 3401 2632 3459 abstinentiam
2668 3405 3071 3458 eoaretamus:
3099 3419 3234 3457 nam
3267 3401 3366 3458 illa
3396 3401 3525 3460 loca

1877 3491 2255 3547 femoralibus
2285 3491 2787 3563 constringuntur,
2819 3489 2878 3546 in
2913 3490 3127 3563 quibus
3154 3489 3394 3547 luxurie
3425 3509 3522 3549 se-

1877 3579 1980 3635 des
2002 3596 2129 3635 esse
2152 3585 2497 3646 noscuntur,
2521 3580 2903 3652 quamobrem
2935 3579 3180 3636 fortasse
3211 3579 3384 3653 primi
3413 3580 3522 3638 ho-

1879 3667 2066 3725 mines
2092 3673 2223 3741 post
2243 3673 2547 3742 peccatum
2572 3669 2630 3724 in
2660 3668 2942 3726 membris
2977 3669 3100 3725 suis
3132 3668 3366 3726 illicitos
3387 3687 3528 3726 sen-

1879 3757 2089 3814 tientes
2114 3762 2310 3813 motus
2332 3758 2403 3813 ad
2427 3758 2655 3814 arboris
2682 3757 2942 3813 ficulneis
2959 3757 3098 3812 folia
3114 3763 3528 3815 concurrentes

1878 3845 1986 3902 sibi
2022 3847 2376 3918 perizomata
2407 3851 2715 3902 texuerunt
2744 3846 2895 3908 (Gen.
2921 3846 3040 3914 Ill);
3074 3847 3175 3902 sed
3207 3847 3326 3902 haec
3358 3847 3532 3920 spiri-

1876 3934 2060 3990 tualia
2083 3939 2239 3999 sunt,
2266 3951 2390 4006 quae
2413 3934 2697 3990 hactenus
2720 3938 2951 4005 portare
2983 3951 3098 3989 non
3126 3936 3424 4005 poteratis,
3440 3935 3531 3991 sed

1876 4023 2124 4090 necdum,
2161 4027 2222 4077 ut
2280 4039 2414 4078 cum
2469 4021 2744 4093 Apostolo
2803 4022 3016 4088 dicam,
3058 4024 3323 4092 potestis;
3353 4022 3532 4078 adhuc

1876 4113 2024 4167 enim
2053 4113 2178 4167 estis
2207 4110 2456 4165 carnales
2488 4112 2534 4172 (1
2557 4110 2820 4176 Cor.1u);
2847 4113 2904 4164 et
2924 4109 3052 4164 ideo
3073 4109 3208 4164 hinc
3238 4126 3530 4184 perpauca

1878 4200 2156 4264 diximus,
2178 4215 2310 4254 cum
2334 4198 2503 4270 plura
2527 4198 2642 4253 Deo
2673 4199 2927 4253 donante
2960 4197 3148 4253 dicere
3177 4196 3524 4256 valeremus.

1951 4288 2059 4344 LX.
2087 4286 2540 4344 Consulentibus
2561 4286 2725 4341 vobis
2748 4285 2797 4341 si
2823 4286 2994 4341 liceat
3020 4286 3241 4358 absque
3265 4287 3527 4360 jejunio-

1880 4395 2011 4432 rum
2043 4379 2301 4448 tempore
2331 4371 2918 4446 quantulumcunque
2949 4373 3113 4428 valde
3147 4390 3318 4430 mane
3343 4391 3531 4432 come-

1880 4466 2035 4532 dere,
2067 4463 2512 4536 respondemus,
2533 4459 2809 4533 quoniam
2843 4459 3136 4515 neminem
3169 4465 3400 4533 patrum
3433 4478 3530 4518 no—

1881 4559 2137 4610 strorum
2168 4557 2303 4609 ante
2332 4551 2539 4607 horam
2571 4549 2687 4606 diei
2719 4549 2950 4606 tertiam
2985 4549 3395 4616 manducasse,
3421 4565 3528 4605 nec

1882 4648 2086 4698 sancta
2116 4641 2374 4698 Ecclesia
2403 4645 2536 4696 ante
2568 4640 2774 4697 horam
2823 4638 2974 4694 hanc
3023 4636 3397 4693 traditionem
3428 4655 3530 4693 su-

1884 4730 2078 4787 mendi
2110 4731 2308 4786 cibum
2345 4728 2640 4800 accepisse
2672 4725 3099 4794 recolimus,vel
3132 4725 3531 4781 monumentis

1881 4821 2333 4894 quibuscunque
2377 4817 2700 4890 reperimus
2737 4835 2749 4873 :
2783 4833 2813 4872 e
2844 4814 3134 4872 contrario
3177 4831 3310 4870 vero
3359 4830 3532 4886 quos-

1883 4911 2018 4965 dam
2051 4925 2251 4965 eorum
2284 4924 2471 4978 usque
2494 4907 2563 4961 ad
2587 4923 2918 4979 vesperum,
2940 4905 3084 4961 alios
3111 4909 3307 4960 autem
3341 4917 3535 4975 usque

1884 5000 1954 5055 ad
1983 5014 2197 5054 nonam
2228 4995 2431 5051 horam
2456 4995 2571 5051 diei
2595 5011 2608 5050 ι
2635 5011 2805 5066 porro
2829 4994 2976 5049 alios
2999 5010 3185 5064 usque
3208 4992 3279 5047 ad
3311 4996 3534 5048 sextam

1885 5086 2527 5156 invenimusjeiunasse
2543 5100 2556 5138 :
2574 5082 2802 5138 nullum
2819 5086 3015 5137 autem
3039 5097 3210 5136 mane
3232 5079 3538 5152 cibiquan-

1884 5176 2312 5246 tulumcunque
2327 5173 2654 5245 sumpsisse
2669 5171 3222 5242 comperimus,cum
3237 5169 3434 5242 potius
3447 5169 3537 5227 Vae

1888 5265 2107 5320 dictum
2159 5261 2258 5334 qui
2303 5278 2475 5316 mane
2506 5261 2822 5315 comedunt
2853 5259 3032 5314 fuisse
3059 5258 3372 5331 legerimus
3403 5258 3532 5319 (Isa.

1888 5364 1966 5426 v).
2002 5349 2390 5418 Quamobrem
2423 5349 2494 5404 ab
2527 5348 2639 5403 isto
2668 5346 2977 5402 maledicto
3023 5364 3125 5402 vos
3155 5347 3378 5403 alienos
3408 5363 3538 5404 esse

1893 5440 2290 5498 desiderantes
2316 5437 2640 5503 hortamur,
2665 5440 2729 5491 ut
2759 5438 2890 5490 ante
2921 5433 3126 5490 horam
3158 5436 3269 5491 diei
3303 5435 3538 5492 tertiam

1894 5529 2123 5586 nullum
2157 5526 2396 5582 omnino
2420 5523 2775 5596 corporalem
2795 5522 2991 5578 cibum
3011 5523 3187 5579 etiam
3213 5525 3271 5580 in
3295 5523 3442 5596 ipsis
3457 5523 3544 5579 in-

1895 5614 2162 5690 signibus
2192 5610 2665 5668 solemnitatibus
2689 5610 2926 5666 omnino
2945 5612 3197 5668 sumatis
3221 5629 3232 5666 :
3260 5629 3395 5668 nam
3415 5627 3544 5684 qua

1897 5701 2237 5764 solemnitas
2267 5702 2459 5776 potest
2487 5715 2614 5759 esse
2646 5699 2980 5758 Pentecoste
3013 5698 3418 5772 subtimiordn
3431 5715 3552 5781 qua

3151 5826 3232 5914 32
