3898 6212
422 446 578 507 1003

1788 438 2100 505 NICOLAI
2146 437 2374 502 PAP/E
2415 440 2466 504 Ι.

3673 442 3812 506 1004

421 579 673 650 Spiritus
704 582 941 633 sanctus
971 594 1147 650 super
1177 575 1472 650 apostolos
1504 576 1827 646 descendit,
1860 591 1925 630 ac
1960 589 2064 646 per
2091 575 2143 641 Α
2172 580 2223 629 et
2252 574 2688 645 honori/iculum,
2721 582 2773 630 et
2802 576 2913 647 ipsi
2947 583 3209 648 tanquam
3257 574 3468 649 lapides
3498 576 3617 632 vivi
3639 593 3810 649 super-

420 666 528 721 hoe
556 666 821 721 homines
850 671 1191 721 meruerunt
1214 666 1271 720 in
1296 683 1357 721 se
1382 666 1679 738 suscipere
1708 662 2066 719 Dominum?

422 756 483 810 In
515 755 628 811 ista
656 772 866 827 nempe
896 746 1207 810 festivitate
1239 755 1425 811 sancti
1477 753 1722 823 apostoli
1769 770 1900 808 cum
1935 751 2066 806 aliis

420 841 720 897 nonnullis
752 842 895 897 hora
916 841 1029 896 dici
1055 841 1223 896 tertia
1253 842 1622 912 reperiuntur
1652 840 1832 895 fuisse
1855 836 2065 909 jejuni,

423 945 559 984 cum
589 927 837 1001 repletos
870 927 1090 1000 Spiritu
1124 932 1345 993 sancto,
1379 932 1435 982 et
1469 927 1772 999 loquentes
1804 926 2070 981 omnium

426 1019 690 1091 gentium
707 1017 926 1090 linguis
945 1018 1300 1089 quibusdam
1325 1016 1639 1072 incredulis
1672 1015 2068 1081 audientibus,

428 1107 1137 1179 etobstupescentibus,et
1161 1107 1316 1179 quod
1344 1111 1537 1161 musto
1569 1109 1765 1161 essent
1788 1103 1990 1176 repleti
2009 1102 2070 1169 ii,

433 1198 534 1270 qui
566 1196 740 1253 simul
771 1197 1014 1252 aderant
1046 1196 1190 1252 falso
1222 1194 1586 1251 dicentibus:
1618 1195 1820 1250 Petrus
1850 1197 2076 1264 aposto-

434 1286 623 1343 lorum
656 1286 926 1358 princeps
957 1284 1338 1357 responderit,
1363 1284 1595 1339 dicens:
1623 1284 1737 1339 Non
1760 1282 2077 1350 enim,sicut

434 1393 525 1432 vos
553 1376 864 1443 aestimatis,
894 1375 1037 1429 ebrii
1064 1382 1193 1429 sunt
1224 1375 1338 1442 isti,
1360 1390 1484 1428 cum
1510 1374 1582 1428 sit
1613 1373 1747 1427 hora
1775 1371 1888 1427 diei
1916 1371 2077 1426 tertia

437 1467 575 1538 (Act.
608 1467 691 1533 ιι),
726 1464 823 1519 ubi
858 1464 1179 1518 notandum
1214 1463 1367 1535 quod
1400 1479 1514 1517 non
1566 1461 1757 1517 solum
1808 1457 2075 1533 apostoli,

438 1554 539 1611 sed
560 1557 616 1610 et
644 1569 848 1609 omnes
881 1552 978 1623 qui
1012 1569 1145 1606 cum
1176 1552 1323 1624 ipsis
1353 1555 1539 1618 erant,
1561 1550 1617 1605 id
1639 1553 1725 1606 est
1743 1554 1980 1606 centum
1999 1548 2079 1601 vi-

437 1643 583 1717 ginti
612 1643 741 1711 viri,
763 1659 939 1713 super
968 1658 1114 1712 quos
1146 1641 1399 1713 Spiritus
1429 1644 1670 1696 sanctus
1701 1637 2080 1703 cecidit,bora

437 1732 550 1788 diei
570 1731 945 1803 tertiajejuni
964 1730 1350 1803 reperiantur.
1366 1729 1551 1786 Simul
1565 1729 1741 1783 etiam
1756 1727 2078 1783 notandum

437 1822 592 1895 quod
615 1838 731 1877 non
754 1820 965 1875 dixerit
986 1820 1190 1875 beatus
1217 1821 1417 1875 Petrus
1437 1817 1780 1891 simpliciter
1803 1835 1815 1873 :
1840 1817 2082 1884 Non,sic-

435 1918 497 1966 ut
525 1927 613 1966 vos
641 1911 946 1976 .z’stimatis,
981 1908 1043 1964 hi
1088 1909 1229 1963 ebrii
1277 1915 1423 1974 sunt,
1458 1909 1557 1963 sed
1591 1905 1881 1962 addiderit
1915 1921 1926 1960 :
1957 1920 2081 1959 cum

434 2001 506 2055 sit
535 2000 665 2055 hora
696 1999 810 2054 diei
838 2000 1037 2066 tertia;
1069 2014 1135 2051 ac
1165 1998 1213 2053 si
1245 2001 1509 2069 patenter
1565 1996 1782 2051 diceret
1815 2012 1827 2048 :
1862 1992 1977 2066 Ipsi
2010 1992 2080 2047 li-

2175 663 2545 731 wdiﬁcamini
2574 665 2633 718 in
2663 664 2892 719 domum
2922 666 3231 736 spiritalem
3263 664 3309 725 (Ι
3338 668 3485 721 Petr.
3516 667 3605 730 II).

2247 750 2433 805 LXIII.
2458 751 2777 807 Consulitis
2809 757 3083 824 praterea
3107 753 3152 809 si
3174 753 3345 810 liceat
3365 755 3492 811 viro
3524 752 3812 811 Dominico

2179 843 2465 895 nocturno
2494 839 2583 896 vel
2633 840 2844 896 diurno
2887 846 3148 914 tempore
3180 859 3312 898 cum
3345 861 3524 900 uxore
3555 860 3664 899 sua
3690 861 3813 901 con-

2171 926 2344 1000 jungi
2375 933 2477 983 aut
2507 929 3015 1002 dormire,quibus
3044 932 3470 1003 respondemus
3503 950 3516 987 :
3550 935 3817 1007 quoniam

2181 1016 2549 1072 siDominico
2581 1018 2672 1073 die
2705 1019 2776 1073 ab
2810 1036 2981 1092 opere
3012 1022 3312 1077 mundano
3343 1023 3697 1078 cessandum
3719 1030 3817 1087 est,

2183 1104 2335 1159 sicut
2380 1122 2560 1177 supra
2603 1107 2934 1177 docuimus,
2969 1113 3188 1182 quanto
3237 1111 3432 1183 potius
3471 1127 3506 1166 a
3536 1112 3821 1185 voluptate

2184 1193 2405 1248 carnali
2455 1199 2511 1250 et
2559 1195 2897 1252 omnimodo
2944 1198 3206 1270 corporis
3252 1197 3579 1271 pollutione
3624 1218 3821 1257 caven-

2185 1282 2327 1336 dum
2346 1282 2374 1337 ?
2400 1284 2721 1355 praesertim
2774 1301 2907 1341 cum
2939 1285 3227 1342 Dominici
3256 1286 3371 1343 diei
3401 1304 3642 1357 nomen,
3675 1291 3821 1363 quod

2188 1370 2331 1427 nihil
2345 1373 2547 1427 eodem
2565 1372 2656 1429 die
2668 1378 2876 1447 praeter
2894 1392 3020 1447 quae
3043 1375 3274 1431 Domini
3295 1382 3434 1431 sunt
3460 1377 3825 1439 Christianus

2186 1476 2355 1533 agere
2378 1461 2604 1529 debeat,
2629 1461 2851 1535 liquido
2876 1465 3228 1520 manifestet.
3255 1465 3431 1521 Porro
3463 1466 3724 1540 idipsum
3744 1478 3827 1527 est

2189 1547 2260 1603 de
2282 1553 2567 1604 nocturno
2591 1549 2780 1623 ipsius
2802 1551 2914 1607 diei
2941 1553 3097 1624 quod
3118 1553 3189 1608 de
3208 1553 3421 1611 diurno
3435 1558 3832 1628 temporesen-

2188 1635 2474 1692 tiendum.
2500 1638 2663 1695 Unus
2679 1644 2769 1696 est
2788 1640 2944 1696 enim
2966 1641 3111 1709 dies,
3135 1641 3237 1714 qui
3259 1645 3379 1698 tam
3397 1643 3636 1714 diurno,
3655 1663 3827 1720 quam

2189 1729 2474 1782 nocturno
2504 1728 2690 1799 spatio
2719 1732 2966 1797 constat,
2996 1729 3202 1803 viginti
3243 1736 3497 1803 quatuor
3524 1733 3705 1791 horas
3735 1736 3830 1791 ba-

2189 1814 2353 1870 bens.
2377 1815 2522 1871 Nam
2556 1816 2669 1872 nisi
2699 1822 2819 1872 tam
2851 1817 3118 1874 absentia
3142 1836 3318 1891 quam
3352 1824 3671 1892 praesentia
3699 1824 3831 1881 solis

2191 1920 2345 1959 unus
2376 1906 2647 1961 existeret
2676 1906 2820 1975 dies,
2838 1923 3211 1980 nequaquam
3243 1908 3548 1982 Scriptura
3580 1913 3828 1970 diceret:

2189 1994 2413 2048 Factum
2442 2002 2520 2049 est
2549 2011 2764 2066 vespere
2792 2004 2841 2051 et
2869 2012 3031 2052 mane
3080 1997 3203 2052 dies
3231 2014 3377 2054 unus
3405 1999 3562 2068 (Gen.
3598 2004 3640 2070 1)
3672 2020 3687 2057 :
3711 2003 3831 2074 jam

437 2088 615 2160 quido
643 2087 849 2154 nostis,
884 2086 1037 2158 quod
1086 2103 1201 2140 non
1234 2086 1310 2141 sit
1340 2085 1469 2141 istis
1499 2082 1907 2141 consuetudini
1946 2087 2079 2139 ante
2186 2098 2319 2137 vero
2338 2081 2387 2137 si
2417 2083 2830 2140 dormiendum
2860 2083 3207 2158 simpliciter
3234 2087 3439 2142 eodem
3471 2088 3552 2144 sit
3581 2095 3832 2163 tempore

434 2177 640 2232 horam
679 2176 791 2232 diei
824 2176 1053 2232 tertiam
1077 2175 1372 2246 jejunium
1422 2173 1662 2240 solvere,
1696 2173 2075 2245 quamobrem

437 2265 656 2320 frustra
685 2263 818 2320 illos
848 2264 1040 2319 ebrios
1069 2280 1198 2318 esse
1238 2262 1476 2334 putatis.
1512 2260 1829 2316 Imitamiai
1882 2261 2078 2333 itaque

436 2352 564 2420 hos,
600 2357 665 2407 ut
695 2351 948 2424 Spiritus
979 2354 1239 2417 sanctus,
1273 2354 1330 2405 et
1359 2349 1407 2405 si
1441 2366 1555 2404 non
1588 2348 1834 2415 tardius,
1868 2347 2074 2403 saltem

434 2441 579 2497 hora
602 2440 773 2496 tertia
803 2440 917 2496 diei
963 2457 1063 2495 vos
1104 2440 1341 2511 jejunos
1372 2436 1689 2503 inveniens,
1722 2436 1874 2492 sicut
1904 2435 2072 2505 istos,

432 2548 537 2587 vos
565 2545 797 2602 quoque
826 2528 1205 2601 inspiratione
1233 2545 1351 2583 suae
1382 2526 1579 2600 gratim
1618 2526 1857 2599 repleat.

508 2620 642 2675 LXI.
676 2619 757 2675 De
786 2622 990 2674 caetero
1021 2618 1167 2673 scire
1198 2633 1299 2672 vos
1340 2616 1484 2672 velle
1532 2615 1898 2689 significatis,
1932 2620 2075 2688 quot

430 2707 653 2765 vicibus
667 2707 891 2764 laicalis
907 2724 1155 2779 persona
1166 2724 1269 2779 per
1290 2722 1772 2777 unumquemque
1783 2705 1934 2760 diem
1951 2722 2075 2761 ora-

428 2797 645 2853 tionem
679 2797 866 2852 facere
905 2797 1131 2863 debeat,
1166 2795 1222 2849 in
1273 2812 1388 2867 quo
1434 2795 1581 2850 scire
1630 2812 1731 2849 vos
1782 2794 2068 2863 convenit,

428 2888 718 2943 neminem
773 2890 1075 2957 exceptum
1126 2901 1253 2940 esse
1288 2886 1359 2940 ab
1392 2901 1478 2951 eo,
1512 2884 1668 2956 quod
1698 2883 1979 2939 Dominus
2009 2884 2068 2939 in

424 2975 733 3048 Evangelio
764 2975 906 3031 dicit
939 2993 951 3030 :
987 2975 1200 3047 Oportet
1248 2991 1458 3046 semper
1500 2990 1677 3041 orare,
1710 2982 1763 3029 et
1798 2990 1909 3029 non
1937 2972 2068 3044 deﬁ-

422 3082 541 3121 cere
579 3065 753 3125 (Joan.
788 3065 947 3124 xvm)
977 3082 989 3131 ;
1023 3069 1079 3118 et
1109 3062 1419 3135 Apostolus
1454 3080 1466 3117 :
1502 3064 1632 3118 Sine
1668 3064 2069 3118 intermissione

421 3164 570 3211 orate
603 3155 647 3217 tl
678 3156 850 3209 Thess.
883 3154 975 3221 v);
1009 3152 1163 3224 quod
1204 3151 1513 3207 sanissime
1571 3152 1807 3222 praefato
1866 3155 2066 3207 sancto

419 3244 748 3316 Augustino
773 3243 1034 3308 docente,
1061 3242 1143 3295 sic
1174 3240 1472 3311 accipilur,
1491 3244 1555 3293 ut
1577 3238 1737 3295 nullo
1770 3240 1861 3296 die
1892 3240 2066 3297 inter-

2188 2186 2322 2225 cum
2356 2188 2532 2228 uxore
2562 2172 3320 2246 propria,quinquagesimo
3351 2176 3569 2233 harum
3604 2194 3831 2252 respon-

2187 2259 2421 2316 sionum
2454 2267 2787 2317 nostrarum
2820 2261 3074 2335 capitulo
3106 2264 3260 2336 quod
3283 2265 3827 2333 sensimus,cursim

2175 2347 2304 2417 jam
2322 2348 2745 2407 intimavimus.
2766 2350 2961 2419 Porro,
2985 2356 3052 2406 ut
3066 2351 3257 2408 verbis
3286 2359 3421 2409 utar
3438 2356 3728 2428 Apostoli,
3740 2359 3827 2413 hoc

2182 2438 2261 2492 ad
2293 2439 2588 2495 utilitatem
2612 2448 2845 2495 vestram
2866 2440 3135 2508 dico,non
3168 2449 3225 2496 ut
3257 2442 3516 2514 laqueum
3535 2446 3692 2500 vobis
3714 2449 3827 2519 inji-

2181 2529 2346 2595 ciam,
2379 2530 2479 2585 sed
2507 2529 2586 2585 ad
2616 2530 2681 2585 id
2707 2528 2859 2601 quod
2908 2528 3189 2585 honestum
3215 2538 3309 2600 est,
3340 2539 3394 2587 et
3421 2534 3579 2604 quod
3605 2537 3824 2606 faculta-

2182 2624 2288 2671 tem
2312 2617 2556 2688 praebeat
2583 2619 2703 2674 sine
2732 2618 3117 2691 impedimento
3161 2620 3458 2676 Dominum
3505 2624 3826 2682 οὐδέσι-ωιᾰί

2181 2705 2227 2776 (ι
2257 2706 2377 2761 Cor.
2406 2706 2527 2776 vn).

2253 2794 2439 2850 LXIV.
2474 2796 2621 2860 Quot
2650 2796 2858 2851 diebus
2887 2796 3029 2866 viro,
3063 2801 3374 2870 postquam
3406 2799 3631 2857 mulier
3650 2802 3820 2858 tilium

2177 2884 2464 2956 genuerit,
2488 2885 2561 2940 ab
2593 2901 2661 2940 ea
2689 2886 2765 2941 sit
2793 2885 3231 2954 abstinendum,
3265 2904 3381 2942 non
3408 2889 3822 2948 adinventioni-

2178 2973 2289 3027 bus
2323 2973 2559 3043 nostris,
2594 2974 2695 3029 sed
2725 2974 2917 3030 verbis
2972 2975 3152 3030 beatae
3208 2977 3508 3032 memoria:
3570 2978 3818 3053 Gregorii

2178 3061 2424 3117 Romani
2455 3063 2767 3134 pontiﬁcis,
2799 3067 2859 3118 et
2890 3062 3206 3137 Anglorum
3236 3065 3428 3136 gentis
3459 3068 3718 3139 apostoli
3732 3070 3816 3125 de-

2176 3150 2452 3217 claratur,
2484 3152 2583 3224 qui
2631 3153 2960 3225 Augustino
3009 3153 3303 3226 episcopo,
3337 3172 3517 3227 quem
3551 3158 3613 3211 in
3649 3158 3816 3214 Saxo-

2174 3240 2333 3296 niam
2382 3241 2508 3312 ipse
2552 3240 2861 3313 direxerat,
2894 3243 3157 3299 scribens
3216 3244 3369 3299 inter
3424 3250 3642 3302 caetera
3687 3246 3817 3303 dixit

422 3333 734 3388 mittantur
762 3335 917 3386 certa
964 3335 1228 3401 tempora
1282 3329 1486 3384 orandi
1513 3346 1527 3395 ;
1560 3345 1686 3401 quae
1720 3332 1914 3385 autem
1947 3329 2065 3385 sint
2095 3320 2136 3386 C
2176 3330 2364 3402 (Epist.
2399 3331 2496 3386 lib.
2530 3346 2629 3399 xn,
2661 3332 2817 3403 epist.
2847 3331 2937 3404 31)
2965 3349 2977 3387 :
3010 3332 3095 3387 Ad
3138 3333 3268 3402 ejus
3297 3348 3430 3389 vero
3460 3335 3541 3407 (id
3577 3340 3668 3391 est
3699 3354 3815 3393 mu-

421 3422 544 3478 haec
590 3425 749 3477 certa
795 3424 1063 3490 tempora
1099 3417 1324 3484 orandi,
1359 3433 1485 3488 qua:
1517 3416 1678 3472 nullo
1709 3418 1800 3473 die
1830 3423 2062 3491 praster-

423 3510 577 3565 mitti
611 3510 880 3573 debeant,
911 3505 1148 3577 quaerite
1180 3511 1235 3561 et
1256 3504 1580 3561 invenietis.

493 3598 661 3653 LXII.
695 3597 942 3651 Rcfertis
974 3596 1129 3667 quod
1173 3593 1322 3667 lapis
1370 3594 1641 3651 inventus
1673 3596 1748 3651 sit
1776 3598 1929 3668 apud
1961 3614 2061 3654 vos

422 3691 735 3758 antequam
764 3684 1256 3740 Christianitatem
1298 3684 1726 3756 suscepissetis,
1761 3686 1831 3741 de
1862 3703 1977 3758 quo
2009 3688 2058 3743 si

418 3775 732 3848 quisquam
751 3775 823 3830 ob
841 3772 1099 3845 aliquam
1128 3772 1527 3828 inﬁrmitatem
1562 3773 1697 3845 quid
1733 3775 2060 3847 accipit,so-

415 3864 532 3921 leat
560 3863 865 3936 aliquoties
889 3863 1213 3919 remedium
1246 3863 1472 3934 corpori
1504 3880 1610 3919 suo
1643 3865 1896 3936 praebere
1918 3882 1929 3920 :
1952 3865 2057 3921 ali-

414 3953 643 4026 quoties
674 3969 804 4008 vero
837 3951 962 4008 sine
991 3952 1254 4024 profectu
1296 3968 1631 4020 remanere;
1665 3954 1819 4024 quod
1854 3953 2057 4026 utique

411 4043 586 4100 etiam
610 4043 682 4098 de
704 4040 804 4097 illo
835 4041 1047 4114 lapide,
1066 4041 1165 4113 qui
1186 4057 1493 4113 nunquam
1524 4041 1894 4106 sumentibus
1919 4060 2057 4115 quo-

407 4131 549 4188 tidie
580 4135 804 4187 certum
827 4137 916 4185 est
940 4131 1166 4186 evenire
1196 4129 1479 4199 videlicet,
1504 4133 1568 4184 ut
1592 4128 1691 4185 alii
1722 4131 1958 4203 quidem
1980 4133 2052 4188 ab

406 4220 749 4294 aegritudine
761 4237 868 4275 sua
879 4219 1203 4275 remedium
1216 4219 1484 4276 sanitatis
1499 4219 2051 4292 recipiant,aliivero

406 4309 749 4364 inﬁrmitate
766 4309 1089 4365 tabescant.
1115 4308 1504 4372 Quamobrem
1528 4326 1634 4364 nos
1666 4313 1948 4382 tanquam
1967 4326 2052 4366 er-

408 4396 640 4466 roris(a)
651 4397 815 4453 vobis
827 4396 1269 4454 consulentibus
1282 4402 1479 4453 utrum
1494 4398 1562 4453 de
1575 4401 1780 4453 caetero
1794 4398 2052 4473 sitagen-

408 4486 551 4543 dum
583 4504 657 4542 an
689 4486 1635 4559 respuendum,respondemus,et
1655 4488 2048 4555 decernimus,

408 4580 697 4648 quatenus
728 4576 921 4632 Omnis
951 4575 1214 4646 ejusdem
1256 4574 1468 4645 lapidis
1511 4580 1787 4645 sumptus
1817 4578 2048 4648 penitus

2173 3418 2353 3491 lieris)
2381 3418 2761 3475 concubitum
2808 3420 2898 3474 vir
2946 3437 3091 3477 suus
3140 3422 3414 3478 accedere
3463 3440 3583 3480 non
3634 3425 3813 3497 debet,

2172 3508 2557 3580 quoadusque
2587 3506 2778 3581 proles
2808 3524 2934 3580 quae
2965 3508 3245 3582 gignitur,
3278 3509 3815 3570 ablactetur.Prava

2172 3601 2367 3652 autem
2398 3596 2459 3652 in
2491 3598 2937 3670 conjugatorum
2980 3598 3243 3655 moribus
3292 3602 3667 3658 consuetudo
3697 3620 3813 3659 sur-

2170 3686 2334 3755 rexit,
2367 3690 2433 3741 ut
2463 3685 2740 3743 mulieres
2770 3685 2920 3742 filios
2967 3704 3115 3759 quos
3145 3686 3397 3761 gignunt
3426 3689 3661 3747 nutrire
3690 3708 3815 3747 con-

2166 3778 2676 3846 temnant,eosque
2690 3774 2821 3830 aliis
2834 3775 3183 3831 mulieribus
3196 3776 3551 3834 nutriendos
3567 3780 3811 3849 tradant;

2167 3864 2322 3935 quod
2353 3862 2621 3920 videlicet
2650 3863 2773 3920 sola
2804 3881 2984 3921 causa
3012 3864 3452 3922 incontinentiae
3484 3867 3723 3924 videtur
3740 3870 3814 3923 in-

2164 3956 2424 4019 ventum,
2459 3952 2559 4025 qui
2598 3953 2738 4008 dum
2789 3970 2851 4009 se
2890 3952 3184 4010 continere
3215 3953 3446 4025 nolunt,
3483 3957 3813 4030 despiciunt

2163 4039 2379 4096 lactare
2408 4057 2556 4112 quos
2587 4040 2856 4114 gignunt.

2236 4130 2390 4186 LXV.
2419 4131 2583 4185 Tunc
2605 4134 2757 4185 recte
2778 4147 2895 4186 non
2915 4129 3050 4187 licet
3070 4130 3311 4187 cuilibet
3331 4134 3812 4191 communionem

2161 4217 2376 4275 Christi
2403 4218 2719 4291 percipere,
2743 4219 2978 4291 quando
2998 4219 3147 4293 gulae
3178 4220 3415 4276 deditus
3447 4239 3572 4278 non
3604 4224 3815 4280 inveni-

2157 4312 2255 4362 tur
2276 4307 2540 4379 jejunus,
2575 4308 2718 4363 adeo
2751 4311 2816 4363 ut
2846 4308 3151 4380 mysticam
3198 4324 3469 4364 mensam
3504 4311 3814 4386 parvipen-

2158 4396 2303 4451 dens
2333 4396 2498 4468 prius
2542 4395 2657 4451 cibi
2698 4395 2831 4451 laici
2864 4401 3103 4470 sumptu
3126 4397 3425 4469 jejunium
3456 4399 3716 4459 solvisse
3736 4401 3814 4456 vi-

2158 4485 2384 4552 deatur,
2408 4484 2743 4557 Christique
2759 4486 3155 4542 venerandum
3177 4502 3391 4558 corpus
3404 4503 3472 4542 ac
3485 4489 3817 4560 pretiosum

2157 4572 2505 4646 sanguinem
2527 4590 2560 4628 a
2590 4572 2814 4630 cateris
2847 4590 2962 4630 non
2996 4573 3336 4631 discernens
3368 4574 3679 4634 alimentis
3706 4596 3818 4635 non

404 4664 804 4737 prohibeatur,
838 4669 895 4718 et
920 4662 1274 4718 omnimodis
1303 4662 1604 4730 refutetur,
1629 4667 1686 4717 et
1712 4662 1772 4716 in
1806 4665 1928 4720 solo
1950 4665 2047 4722 illo
2077 4688 2124 4753 D
2155 4661 2544 4734 praeposuisse
2574 4663 2730 4753 omni
2765 4661 3037 4753 humana:
3082 4664 3403 4753 refectioni,
3436 4667 3542 4721 sed
3575 4673 3819 4740 postpo-

400 4751 595 4825 lapide
626 4754 873 4808 Domino
900 4756 1096 4806 nostro
1126 4751 1266 4806 Jesu
1296 4749 1547 4815 Christo,
1574 4766 1745 4820 quem
1780 4755 2047 4825 reproba-

397 4857 532 4898 vere
580 4840 951 4904 aedificantes,
994 4838 1090 4891 hic
1139 4837 1328 4892 factus
1376 4842 1465 4892 est
1512 4838 1573 4892 in
1622 4844 1798 4910 caput
1847 4843 2045 4915 anguli

401 4929 606 5002 (Matth.
638 4928 776 4997 XXI),
811 4944 944 4998 spes
977 4924 1156 4978 totius
1206 4923 1414 4979 salutis
1463 4925 1732 4981 humanae
1770 4935 2039 5001 ponatur,

398 5022 455 5072 et
486 5023 763 5087 tanquam
797 5033 830 5069 a
860 5012 1179 5068 fortissimo
1229 5015 1638 5085 recuperanda
1684 5014 2041 5075 fortitudinis

397 5110 609 5161 nostra:
654 5101 975 5159 remedium
1024 5104 1410 5172 exspectetur,
1444 5103 1515 5157 ad
1546 5120 1718 5175 quem
1745 5122 1845 5162 vos
1878 5124 2037 5164 acce-

396 5194 551 5260 dere,
585 5197 641 5247 et
673 5193 731 5245 in
765 5207 829 5245 eo
862 5187 1134 5242 fiduciam
1167 5206 1400 5245 omnem
1441 5191 1630 5249 locare
1659 5193 2038 5253 beatissimus

394 5281 623 5356 primus
645 5276 1043 5351 apostolorum
1056 5276 1260 5333 Petrus
1273 5296 1375 5350 per
1393 5280 1698 5353 epistolam
1723 5300 1890 5340 suam
1906 5284 2036 5342 hor-

392 5374 571 5435 tatur,
605 5367 805 5422 dicens
838 5382 851 5420 :
886 5363 963 5418 Ad
993 5380 1149 5436 quem
1175 5368 1476 5426 accedentes
1507 5372 1741 5444 lapidem
1760 5376 1945 5429 vivum
1964 5376 2031 5429 ab

2155 4752 2347 4808 suisse
2370 4755 2664 4807 noscatur.
2698 4751 3043 4808 Remedium
3070 4753 3285 4826 quippe
3312 4752 3705 4812 salutiferum
3737 4762 3822 4813 est

2154 4858 2365 4913 corpus
2418 4840 2631 4895 Christi
2682 4845 2885 4896 contra
2938 4846 3262 4911 peccatum,
3296 4847 3353 4899 et
3384 4844 3487 4916 qui
3534 4844 3655 4901 hoc
3688 4851 3819 4905 ante

2152 4946 2387 4985 omnem
2420 4946 2612 4985 escam
2645 4936 2991 4986 venerantur
3040 4948 3154 4986 non
3204 4931 3387 4987 sumit
3418 4933 3519 5006 (b).
3555 4935 3635 4990 Et
3667 4942 3817 4991 certe

2152 5019 2410 5090 quotidie
2441 5017 2698 5074 medicos
2744 5019 2945 5075 vacuis
2991 5019 3315 5077 visceribus
3364 5039 3477 5077 sua
3508 5026 3814 5080 cernimus

2148 5108 2357 5180 pocula
2387 5108 2696 5181 propinare
2728 5125 2741 5164 :
2777 5113 2833 5165 et
2863 5109 2912 5164 si
2943 5109 3052 5165 hoc
3090 5127 3196 5182 pro
3243 5111 3498 5167 sanitate
3544 5113 3812 5186 corporis

2148 5196 2359 5269 agitur,
2384 5201 2604 5268 quanto
2622 5197 2819 5270 potius
2850 5202 2939 5253 est
2967 5215 3071 5271 pro
3103 5198 3311 5254 animae
3342 5198 3543 5256 salute
3576 5208 3811 5275 patran-

2144 5285 2287 5340 dum
2308 5285 2336 5341 ?
2357 5285 2638 5342 Caeterum
2670 5287 3056 5358 quamobrem
3080 5304 3198 5343 non
3226 5287 3435 5344 debeat
3458 5289 3534 5355 is,
3557 5290 3667 5346 cui
3687 5308 3809 5347 san-

2141 5373 2274 5447 guis
2302 5391 2371 5430 ex
2401 5391 2498 5430 ore
2528 5373 2615 5430 vel
2649 5375 2890 5430 naribus
2921 5376 3284 5448 proﬂuxerit,
3319 5392 3542 5449 corpus
3574 5397 3649 5436 ac
3671 5397 3803 5436 εει]-

389 5457 702 5516 hominibus
732 5455 955 5527 quidem
988 5458 1351 5528 reprobatum,
1383 5477 1417 5515 α
1439 5461 1546 5517 Deo
1574 5470 1756 5518 autem
1801 5464 2031 5519 electum
2139 5462 2378 5535 guinem
2410 5462 2625 5519 Christi
2658 5463 2976 5537 percipere,
3009 5464 3215 5539 regula
3243 5464 3412 5522 nulla
3442 5466 3644 5526 docet.
3664 5468 3800 5525 Nam

385 5719 425 5784 ﬂ
429 5648 535 5775 u(£1)
555 5649 831 5782 ἔὲἔῡίυα,
864 5658 1088 5729 erroris,
1121 5661 1222 5715 aut
1250 5660 1338 5716 est
1370 5664 1664 5734 corrupta,
1698 5664 1799 5717 aut
1828 5680 2026 5737 super-

2209 5660 2286 5735 (b)
2319 5659 2508 5734 Hujus
2539 5658 2651 5718 loci
2680 5678 2818 5735 pars
2848 5658 3032 5721 altera
3061 5659 3245 5723 deest.
