3898 6212
158 488 304 550 1005

1350 488 1757 552 EPISTOLE
1796 486 1900 552 ET
1940 488 2322 552 DECRETA.

3384 500 3541 562 1006

158 620 300 694 quod
332 617 546 675 invitus
575 619 710 692 quis
740 619 978 692 patitur,
1011 620 1069 676 in
1103 619 1336 693 culpam
1367 620 1419 675 ei
1450 636 1566 676 non
1618 620 1787 676 debet
1815 621 1869 688 Α
1898 624 1987 676 ter
2015 621 2130 678 alia
2177 621 2323 677 dixit
2368 624 2562 697 (Epist.
2597 627 2693 683 lib.
2727 645 2828 701 κη,
2860 632 3015 703 epist.
3048 630 3139 701 3i)
3174 648 3186 687 :
3221 632 3280 688 Si
3332 614 3544 688 mulier

156 708 439 781 imputari,
473 725 538 764 ac
569 725 673 781 per
701 708 810 765 hoc
842 726 946 765 nec
974 727 1008 765 a
1038 708 1481 781 participatione
1522 709 1669 764 tanti
1700 727 1788 764 re-

159 797 321 854 medii
352 797 601 853 coerceri
636 814 649 853 :
686 797 955 854 novimus
986 815 1242 871 namque
1268 798 1406 871 quia
1430 797 1641 853 mulier
1661 815 1789 870 quae

159 887 365 943 ﬂuxum
396 885 732 957 patiebatur
760 887 1086 961 sanguinis,
1120 892 1254 960 post
1282 892 1511 960 tergum
1556 887 1790 943 Domini

156 973 440 1031 humiliter
466 974 708 1033 veniens
732 976 1066 1031 vestimenti
1095 977 1224 1048 ejus
1253 974 1547 1031 ﬁmbriam
1577 974 1786 1049 tetigit,

158 1068 317 1136 atque
345 1063 417 1119 ab
448 1080 516 1119 ea
536 1064 734 1120 statim
756 1065 1072 1121 inﬁrmitas
1095 1065 1421 1121 recessit.Si
1445 1065 1641 1137 itaque
1664 1082 1787 1120 mu-

157 1152 253 1209 lier
278 1152 394 1207 haec
424 1151 485 1207 in
518 1152 675 1208 ﬂuxu
706 1154 1013 1228 sanguinis
1033 1154 1226 1227 posita
1243 1154 1571 1210 vestimenti
1598 1153 1790 1209 Domi-

157 1240 259 1297 nici
302 1245 455 1296 tactu
510 1258 624 1297 non
667 1241 971 1312 judicatur
1015 1242 1278 1316 indigna,
1312 1243 1431 1299 imo
1456 1242 1646 1315 ipsius
1678 1246 1788 1297 Do-

157 1329 448 1395 mini,nam
480 1330 593 1403 ipsi
627 1329 773 1386 dixit
804 1347 818 1386 :
857 1333 1051 1401 Tetigit
1081 1348 1167 1388 me
1192 1333 1397 1403 aliquis
1427 1331 1646 1403 (Matth.
1671 1334 1785 1400 lx);

156 1436 251 1475 cur
276 1418 323 1474 ei
355 1417 453 1490 qui
487 1419 794 1492 sanguinis
822 1435 891 1475 ex
920 1436 1018 1476 ore
1042 1419 1130 1476 vel
1162 1420 1404 1477 naribus
1427 1421 1670 1476 ﬂuorem
1694 1436 1788 1476 su-

156 1507 458 1575 stinet,non
490 1506 663 1564 liceat
687 1506 993 1565 salutifera
1022 1508 1235 1565 Christi
1259 1512 1625 1566 sacramenta
1654 1525 1787 1581 per-

155 1595 375 1668 dmm?

219 1684 397 1750 LXVI,
428 1686 656 1742 Graecos
688 1684 1000 1759 prohibere
1028 1704 1129 1743 vos
1162 1686 1423 1743 asseritis
1455 1704 1589 1742 cum
1640 1685 1784 1759 liga-

153 1778 272 1829 tura
300 1772 458 1830 lintei
491 1791 669 1846 quam
700 1774 759 1829 in
791 1775 982 1849 capite
1005 1774 1580 1848 gestatis,ecclesiam
1612 1774 1788 1830 intra-

153 1879 239 1931 re;
269 1879 411 1935 quos
441 1863 624 1935 [forte,
658 1865 836 1936 quod,
874 1866 1077 1937 Hann]
1108 1882 1216 1921 nos
1243 1882 1474 1937 quoque
1517 1863 1787 1920 similiter

152 1970 259 2007 non
287 1952 389 2007 abs
418 1969 481 2008 re
512 1951 754 2009 forsitan
784 1952 1120 2010 inhibemus
1154 1972 1167 2010 :
1204 1971 1340 2009 nam
1372 1970 1524 2025 smpe
1558 1970 1783 2009 memo-
1813 1991 1861 2055 B

152 2046 303 2097 ratus
323 2057 388 2097 ac
410 2057 648 2114 semper
666 2043 1083 2099 memorandus
1105 2042 1404 2115 apostolus
1428 2042 1642 2098 Paulus
1664 2041 1745 2097 ait
1767 2058 1781 2097 :

154 2130 326 2186 Omnis
352 2132 439 2185 vir
464 2146 633 2187 orans
662 2138 759 2187 aut
783 2132 1110 2204 prophetam
1139 2134 1307 2189 velato
1328 2131 1789 2203 eapito,deturpat

151 2228 300 2291 caput
325 2236 508 2276 suum.
544 2220 611 2275 Et
636 2220 849 2276 iterum
884 2238 897 2276 :
934 2222 1027 2276 Vir
1052 2221 1267 2293 quidem
1293 2238 1404 2277 non
1428 2220 1579 2275 debet
1607 2221 1787 2277 velare

152 2318 318 2383 eaput,
348 2311 612 2382 quoniam
658 2311 840 2379 imago
886 2318 937 2365 et
980 2312 1161 2381 gloria
1206 2318 1283 2366 est
1312 2312 1411 2366 Dei
1436 2310 1484 2382 (Ι
1516 2311 1631 2366 Cor.
1669 2311 1782 2378 x1);

153 2399 293 2471 quod
323 2398 479 2454 enim
512 2399 583 2454 de
613 2397 898 2455 velamine
928 2398 1065 2465 dici,
1099 2398 1274 2454 etiam
1308 2399 1377 2453 de
1408 2397 1670 2471 ligaturte
1692 2414 1787 2452 vo-

152 2487 357 2543 lumine
386 2487 582 2554 debet,
614 2487 930 2555 credimus,
964 2487 1276 2544 observari.

215 2576 420 2632 LXVII.
456 2575 781 2632 Perhibetis
810 2592 913 2632 vos
952 2576 1435 2633 consuetudinem
1486 2577 1783 2644 habuisse,

151 2666 606 2737 quotiescunque
636 2664 891 2738 aliquem
906 2666 1293 2737 jurejurando
1316 2665 1704 2738 pro'qualibet
1725 2682 1785 2722 re

153 2754 542 2826 disponebatis
572 2753 850 2826 obligare,
875 2754 1147 2827 spatham
1179 2754 1238 2809 in
1266 2755 1525 2810 medium
1558 2754 1784 2821 alierre,

152 2848 203 2898 et
228 2860 327 2917 per
354 2859 485 2899 eam
510 2844 919 2916 juramentum
943 2843 1226 2916 agebatur
1250 2860 1263 2898 :
1290 2861 1443 2899 nunc
1464 2848 1661 2899 autem
1685 2859 1788 2915 per

151 2948 287 3003 quos
310 2933 512 3004 jurare
543 2930 803 2988 debeatis
833 2947 868 2987 a
897 2931 1066 2987 nobis
1090 2931 1286 3003 juberi
1317 2931 1651 3005 deposcitis.
1672 2931 1784 2986 Sed

151 3037 247 3076 nos
276 3025 406 3077 ante
436 3020 638 3076 omnia
668 3037 784 3077 non
807 3036 940 3076 sum
964 3037 1067 3093 per
1086 3020 1585 3093 spatham,verum
1607 3020 1784 3076 etiam

149 3126 244 3181 per
271 3109 442 3165 aliam
475 3108 716 3165 omnino
748 3108 1044 3165 conditam
1078 3109 1332 3182 speciem
1357 3109 1542 3180 jurari
1560 3109 1787 3181 judica-

149 3213 272 3253 mus
303 3197 635 3271 indignum.
667 3198 775 3254 Per
804 3214 980 3270 quem
1012 3198 1168 3254 enim
1191 3198 1786 3270 quisjurat,profecto

148 3291 200 3342 et
227 3286 415 3359 diligit
443 3291 502 3343 et
528 3292 862 3355 veneratur,
894 3288 995 3343 sed
1027 3291 1085 3342 et
1117 3286 1392 3344 ﬁduciam
1422 3304 1589 3342 suam
1621 3287 1670 3343 ei
1697 3286 1787 3342 ﬁr-

1899 709 2043 765 hora
2072 712 2273 766 eadem
2308 729 2422 784 qua
2451 717 2741 788 genuerit,
2774 722 2974 774 actura
3003 719 3221 791 gratias
3247 720 3421 776 intret
3451 738 3545 776 ec-

1899 798 2161 869 clesiam,
2196 801 2357 857 nullo
2388 805 2604 874 peccati
2640 808 2894 878 pondere
2925 812 3200 881 gravatur
3231 826 3244 865 :
3277 808 3546 882 voluptas

1898 888 2053 943 enim
2087 888 2299 957 carnis,
2333 908 2449 946 non
2480 892 2646 949 dolor
2675 894 2733 949 in
2767 895 2941 968 culpa
2969 902 3076 965 est,
3112 896 3169 952 in
3211 898 3403 954 carnis
3435 916 3544 954 au-

1898 980 2017 1032 tem
2049 979 2456 1036 commistione
2486 982 2755 1055 voluptas
2781 989 2900 1053 est;
2934 1003 3069 1043 nam
3102 986 3161 1041 in
3193 986 3374 1059 prolis
3414 1005 3545 1060 pro-

1897 1063 2111 1123 latione
2132 1067 2407 1140 gemitus,
2436 1072 2591 1128 unde
2616 1076 2674 1128 et
2703 1072 2814 1144 ipsi
2846 1074 3047 1146 prima;
3078 1076 3342 1131 omnium
3374 1076 3546 1132 matri

1897 1154 2113 1211 dicitur
2143 1173 2156 1211 :
2188 1159 2253 1213 In
2282 1158 2559 1217 doloribus
2584 1164 2773 1234 paries
2822 1164 2975 1233 (Gen.
3009 1165 3090 1236 III)
3126 1182 3138 1219 :
3170 1164 3218 1221 si
3250 1181 3385 1238 ergo
3416 1164 3544 1221 eni-

1895 1261 2027 1299 xam
2061 1243 2368 1302 mulierem
2392 1248 2609 1306 intrare
2629 1250 2931 1308 ecclesiam
2950 1253 3371 1326 prohibemus,i
3380 1271 3542 1326 psam

1896 1331 1946 1387 ei
1978 1350 2211 1405 pnanam
2240 1333 2299 1390 in
2330 1336 2564 1409 culpam
2589 1339 2962 1412 deputamus.

1968 1421 2152 1477 LXIX.
2186 1423 2336 1488 Quot
2362 1425 2587 1483 vicibus
2609 1445 2713 1501 per
2731 1432 2917 1485 totum
2940 1447 3162 1487 annum
3184 1431 3542 1504 baptismate

1895 1509 2172 1567 celebrari
2204 1512 2474 1583 debeant,
2507 1515 2595 1572 vel
2627 1516 2677 1572 si
2702 1518 2905 1574 eodem
2936 1518 3030 1575 die
3057 1519 3282 1575 licitum
3314 1519 3391 1577 sit
3420 1538 3541 1577 car-

1895 1616 1999 1655 nes
2029 1601 2276 1670 comedi,
2309 1602 2398 1659 vel
2430 1608 2574 1676 quot
2603 1605 2662 1661 in
2695 1608 3186 1680 consequentibus
3237 1609 3308 1664 ab
3339 1609 3432 1665 his
3462 1609 3540 1666 sit

1894 1688 2332 1760 abstinendum,
2368 1694 2685 1765 requiritis.
2720 1695 2979 1769 Insignia
3024 1696 3206 1769 igitur
3250 1698 3388 1753 anni
3421 1698 3539 1755 sive

1894 1773 2180 1831 solemnia
2208 1780 2494 1850 tempora,
2518 1780 2735 1852 quibus
2765 1781 3119 1855 baptismate
3149 1783 3535 1855 celebrantur,

1894 1864 2219 1921 secundum
2272 1883 2546 1936 canones,
2575 1870 2690 1926 duo
2740 1876 2897 1940 sunt,
2932 1872 3168 1928 Paschae
3214 1873 3437 1930 scilicet
3482 1879 3542 1930 et

1895 1950 2283 2010 Pentecostes.
2315 1955 2529 2011 Verum
2562 1957 2716 2015 circa
2738 1976 2841 2015 vos
2873 1959 3037 2016 nulla
3067 1966 3204 2016 sunt
3246 1962 3305 2017 in
3349 1962 3540 2035 bapti-

1892 2042 2077 2097 zando
2096 2047 2360 2115 tempora
2376 2046 2611 2117 penitus
2627 2048 3019 2118 observanda;
3040 2051 3539 2122 quemadmodum

1894 2146 1999 2185 nec
2029 2147 2167 2203 erga
2195 2148 2295 2187 eos
2325 2134 2426 2205 qui
2459 2136 2666 2192 mortis
2695 2136 2896 2192 vicina:
2928 2138 3252 2210 periculum
3284 2144 3543 2196 metuen-

1892 2222 1982 2274 tes
2002 2223 2164 2276 tanto
2188 2220 2415 2278 lavacro
2440 2224 2675 2297 purgari
2698 2227 3031 2282 desiderant
3055 2243 3067 2281 :
3096 2245 3128 2283 a
3148 2228 3425 2284 carnibus
3447 2246 3543 2285 au-

1893 2312 2009 2363 tem
2036 2308 2163 2380 ipso
2184 2309 2278 2366 die
2302 2311 2373 2366 iis
2396 2313 2495 2384 qui
2519 2314 2771 2370 Sabbato
2793 2315 3110 2383 sancto,vel
3133 2317 3375 2373 sabbato
3397 2318 3542 2373 Pen-

1892 2400 2141 2454 tecostes
2180 2398 2454 2471 baptizati
2505 2402 2739 2472 fuerint,
2774 2404 3065 2461 abstinere
3113 2405 3313 2479 procul
3366 2406 3541 2462 dubio

1893 2486 2197 2541 convenit:
2223 2490 2718 2561 consequentibus
2739 2509 2872 2548 vero
2898 2499 3122 2565 septem
3152 2494 3485 2568 diebus,qui
3508 2513 3542 2551 a

1892 2574 2187 2631 veteribus
2222 2577 2347 2633 dies
2376 2594 2712 2650 azymorum
2739 2581 3102 2650 dicebantur,
3118 2588 3175 2639 et
3204 2584 3317 2641 diei
3347 2601 3542 2641 resur-

1894 2662 2168 2720 rectionis
2199 2664 2511 2721 Dnminica:
2538 2667 2826 2723 convincti
2857 2671 3200 2745 [conjuncti]
3238 2672 3344 2728 rite
3393 2673 3540 2729 cele-

1893 2752 2156 2818 brantur,
2172 2753 2220 2809 si
2253 2753 2565 2826 quisquam
2597 2758 3067 2831 quandocunque
3094 2761 3370 2818 carnibus
3389 2762 3544 2819 vesci

1893 2840 2142 2912 aII'ectat,
2177 2841 2360 2898 multo
2392 2844 2581 2916 magis
2611 2846 2780 2901 edere
2810 2863 3015 2904 carnes
3045 2853 3290 2921 oportet.

1967 2930 2123 2985 LXX.
2156 2930 2589 2987 Consulendum
2630 2934 2943 2990 decernitis
2992 2940 3191 2992 utrum
3242 2939 3540 3012 presbyte-

1895 3035 2023 3073 rum
2055 3036 2290 3075 uxorem
2325 3019 2648 3078 babentum
2679 3023 2940 3081 debeatis
2971 3029 3301 3083 sustentare
3340 3032 3397 3083 et
3435 3028 3540 3083 ho-

1894 3123 2118 3175 norare,
2137 3125 2207 3164 an
2227 3110 2437 3166 avobis
2458 3112 2771 3182 projicere:
2794 3130 2909 3185 quo
2936 3115 3379 3188 respondemus,
3395 3132 3541 3188 quo-

1893 3196 2053 3251 niam
2082 3195 2219 3253 licet
2249 3197 2393 3270 ipsis
2421 3198 2588 3256 valde
2619 3201 3105 3273 reprehensibiles
3149 3204 3287 3273 sint,
3320 3222 3422 3261 vos
3452 3209 3539 3261 ta-

1882 3284 2026 3341 men
2059 3285 2372 3342 Dominum
2402 3286 2622 3345 imitari
2652 3292 2937 3360 convenit,
2969 3294 3068 3365 qui
3092 3294 3260 3349 solem
3287 3299 3543 3363 suum,ut

148 3392 236 3431 ma
263 3357 580 3432 stabilitate
610 3376 1017 3432 commendat:
1053 3376 1432 3448 quamobrem
1467 3393 1570 3449 per
1599 3376 1783 3432 Deum
1814 3357 1858 3424 C
1894 3374 2270 3447 Evangelium
2302 3379 2568 3448 testatur,
2600 3382 2743 3436 oriri
2767 3383 2901 3453 facit
2925 3357 3111 3454 super
3157 3383 3319 3439 bonos
3346 3392 3397 3439 et
3417 3357 3538 3440 nia-

140 3464 450 3535 jurandum
482 3464 697 3537 est,qui
722 3464 796 3520 ab
822 3463 1166 3521 hominibus
1187 3464 1522 3538 diligendus
1543 3469 1595 3522 et
1622 3483 1785 3522 vene-

148 3553 437 3624 randus,et
463 3551 526 3608 in
557 3569 674 3625 quo
704 3552 897 3609 omnis
926 3569 1060 3626 spes
1085 3558 1144 3610 et
1172 3552 1387 3609 ﬁducia
1404 3558 1494 3609 est
1514 3553 1780 3623 locanda,

146 3647 198 3697 et
224 3659 257 3697 a
284 3659 397 3714 quo
427 3659 548 3715 prae
579 3641 807 3698 cunctis
829 3641 1115 3698 creaturis
1136 3646 1226 3697 est
1247 3658 1480 3714 semper
1499 3641 1783 3698 auxilium

146 3731 759 3802 exspectandum,nam
791 3746 925 3785 cum
957 3748 987 3786 a
1021 3730 1268 3786 Domino
1288 3746 1393 3802 per
1420 3730 1781 3799 coelum,ter-

146 3836 281 3885 ram,
303 3823 481 3893 caput
512 3823 571 3875 et
595 3818 923 3875 Jerusalem
948 3836 1062 3875 non
1083 3820 1281 3891 jurare
1293 3819 1646 3891 jubetur,nil
1669 3818 1815 3898 nisi.

147 3911 205 3963 ut
232 3924 330 3980 per
356 3912 689 3965 creaturam
713 3908 967 3979 juretur,
1002 3907 1203 3981 procul
1235 3906 1413 3964 dubio
1461 3907 1779 3964 inhibetur.

145 3994 294 4060 Quod
325 4000 521 4053 autem
549 4012 652 4069 per
680 3996 781 4053 Dei
811 4013 1021 4053 nomen
1041 3996 1243 4068 jurare
1264 3992 1784 4069 praecipiamuigip-

146 4101 205 4141 so
224 4086 488 4157 jubente,
522 4084 1018 4142 didicimus.Sane
1048 4102 1367 4158 possumus
1397 4102 1500 4158 per
1518 4102 1617 4142 eas
1638 4086 1783 4141 dun-

144 4176 293 4231 taxat
321 4178 627 4231 creaturas
654 4174 870 4246 iurare,
903 4191 1031 4247 quae
1081 4175 1296 4231 divinis
1344 4178 1483 4231 sunt
1525 4173 1783 4232 cultibus

144 4263 518 4335 deputatzemt
549 4267 638 4320 est
668 4263 955 4336 templum
986 4268 1044 4320 et
1073 4263 1274 4330 altare,
1305 4263 1366 4319 in
1415 4264 1631 4337 quibus
1680 4262 1783 4337 qui

133 4351 302 4422 jurat,
335 4353 496 4425 jurat
526 4352 586 4408 in
612 4351 779 4426 ipsis,
812 4356 871 4409 et
919 4352 1017 4426 qui
1068 4353 1297 4410 habitat
1345 4354 1403 4408 in
1454 4353 1620 4426 ipsis,
1646 4357 1704 4410 et
1733 4353 1782 4410 si

140 4454 256 4513 quae
285 4445 425 4497 sunt
456 4440 989 4514 talia.Quapropter
1009 4442 1146 4514 jure
1175 4459 1278 4515 per
1298 4440 1676 4514 Evangelium
1690 4443 1785 4514 ju-

138 4529 376 4586 randum
410 4534 523 4598 est,
546 4530 607 4585 in
639 4546 756 4602 quo
787 4529 1073 4604 quidquid
1106 4530 1460 4597 continetur,
1493 4530 1638 4586 nihil
1670 4530 1783 4588 nisi

136 4614 356 4691 Dei,qui
389 4619 449 4674 in
486 4634 554 4675 eo
586 4619 865 4675 scribitur
894 4623 951 4675 et
980 4618 1196 4693 legitur
1223 4636 1372 4689 esse,
1396 4619 1663 4692 prazfecto
1696 4619 1783 4675 di-

130 4709 435 4777 gnoscitur
469 4725 483 4763 :
517 4708 715 4781 ipsum
746 4712 835 4765 est
863 4708 1020 4765 enim
1043 4707 1133 4764 lex
1154 4708 1581 4781 nostra,ipsum
1612 4712 1786 4766 testa-

130 4801 383 4854 mentum
415 4798 871 4870 nostrum,quod
896 4796 1103 4871 legiter
1126 4802 1183 4854 et
1202 4801 1447 4854 testator
1497 4797 1786 4854 Dominus

131 4887 183 4938 et
216 4885 574 4959 Redemptor
604 4890 804 4943 noster
832 4886 1033 4943 electis
1063 4887 1189 4943 suis
1212 4885 1587 4960 disposuit,et
1607 4886 1655 4943 si
1677 4886 1787 4942 hoc

131 4988 396 5032 amamus
426 4992 534 5049 per
562 4974 759 5048 ipsum
791 4975 968 5032 etiam
993 4976 1305 5047 juramus;
1338 4976 1554 5033 etenim
1589 4976 1788 5032 omnis

130 5078 257 5118 vera
285 5064 388 5136 qui
421 5063 695 5137 dicit,per
725 5081 862 5121 eum
885 5065 1051 5136 jurat
1079 5081 1255 5137 quem
1289 5068 1481 5133 amat;
1517 5082 1625 5121 nos
1647 5080 1785 5137 ergo

134 5149 178 5206 si
209 5168 310 5225 per
336 5152 725 5227 Evangelium
749 5154 1111 5225 juramus,et
1132 5158 1557 5222 testatorem,et
1590 5154 1787 5227 ipsum

134 5243 551 5298 testamentum
570 5241 812 5316 diligere
828 5242 1365 5315 comprobamur,et
1380 5243 1452 5297 ab
1474 5243 1600 5315 ejus
1623 5260 1789 5299 man-

131 5328 278 5387 datis
306 5348 417 5388 nos
450 5330 605 5387 nolle
634 5331 901 5388 recedere
932 5330 1333 5404 proculdubio
1355 5330 1781 5404 signiﬁcamus.

199 5419 435 5476 LXVIII.
471 5418 824 5493 Requisistis
854 5424 988 5492 post
1016 5424 1161 5493 quot
1188 5421 1313 5476 dies
1345 5418 1559 5476 mulier
1599 5422 1786 5493 possit

127 5506 432 5566 ecclesiam
458 5508 683 5565 intrare
714 5511 1032 5582 postquam
1062 5508 1331 5583 genuerit
1361 5526 1375 5564 :
1408 5508 1469 5564 in
1512 5525 1628 5581 quo
1679 5526 1787 5566 nos

121 5598 542 5669 prmdecesoris
586 5596 771 5655 nostri
819 5597 974 5654 beati
1022 5597 1284 5671 Gregorii
1332 5615 1493 5671 papae
1541 5596 1788 5670 vestigia

124 5690 465 5761 sequentes,
500 5688 703 5744 eadem
749 5704 878 5762 quis
925 5686 1053 5763 ipse
1102 5687 1494 5755 decernimus,
1528 5685 1631 5759 qui
1681 5702 1786 5759 pro

127 5792 273 5838 nova
299 5781 478 5856 gente
511 5776 665 5838 sicut
695 5794 802 5839 nos
829 5778 1004 5839 modo
1034 5776 1385 5838 instruenda
1412 5774 1789 5849 scribens,in-

1893 3464 1989 3531 los,
2022 3471 2073 3518 et
2098 3465 2246 3535 pluit
2271 3482 2436 3538 super
2455 3469 2633 3539 justas
2660 3476 2712 3524 et
2757 3470 2987 3542 injustas
3038 3470 3243 3543 (Matth.
3275 3472 3352 3543 v).
3385 3471 3538 3544 Deji-

1892 3567 2021 3608 cere
2050 3570 2183 3609 vero
2213 3570 2348 3609 eum
2381 3573 2415 3611 a
2442 3556 2609 3613 vobis
2638 3556 2767 3613 ideo
2815 3576 2930 3614 non
2981 3559 3226 3627 hebetis,
3261 3560 3539 3632 quoniam

1892 3657 1999 3697 nec
2027 3641 2242 3698 Judam
2276 3643 2721 3718 Dominus,cum
2743 3651 2897 3703 esset
2917 3648 3167 3704 mendax
3188 3648 3537 3721 discipulus,

1892 3730 1963 3786 de
1994 3747 2238 3788 numero
2270 3733 2669 3805 apostolorum
2700 3736 2930 3806 dejecit.
2961 3736 3178 3793 Verum
3208 3738 3280 3793 de
3309 3738 3543 3812 presby-

1890 3819 2032 3875 teris
2072 3819 2511 3894 qualescunque
2561 3823 2699 3890 sint,
2726 3824 2911 3890 vobis,
2944 3825 3045 3897 qui
3077 3824 3209 3881 laici
3241 3826 3403 3894 estis,
3436 3843 3541 3883 nec

1883 3908 2274 3979 judicandum
2303 3912 2410 3977 est,
2444 3926 2549 3965 nec
2582 3911 2652 3966 de
2682 3911 2798 3967 vita
2826 3911 3092 3984 ipsorum
3127 3914 3430 3987 quidpiam
3451 3915 3541 3971 in-

1891 3996 2433 4070 vestigandum,sed
2454 3997 2857 4071 episcoporum
2873 4000 3099 4071 judicio
3121 4002 3407 4073 quidquid
3430 4008 3540 4073 est,

1890 4101 1994 4157 per
2022 4084 2220 4141 omnia
2248 4087 2685 4142 reservandum.

1962 4173 2148 4229 LXXI.
2185 4173 2632 4231 Sciscitantibus
2687 4178 2875 4248 vobis,
2928 4177 2978 4234 si
3010 4195 3043 4234 a
3075 4180 3395 4245 sacerdote,
3440 4180 3544 4252 qui

1891 4261 2009 4318 sive
2040 4261 2503 4335 comprehensus
2550 4269 2639 4320 est
2689 4265 2751 4321 in
2801 4265 3110 4334 adulterio,
3146 4267 3264 4325 sive
3315 4269 3386 4325 de
3435 4268 3545 4326 hoc

1892 4352 2049 4407 fama
2086 4351 2213 4408 sola
2257 4368 2562 4424 respersus
2610 4358 2722 4420 est,
2755 4355 3019 4411 debeatis
3066 4357 3543 4415 communionem

1892 4440 2209 4513 suscipere,
2234 4457 2437 4509 necne,
2472 4443 2926 4515 respondemus:
2946 4445 3070 4500 Non
3102 4451 3297 4518 potest
3328 4447 3543 4519 aliquis

1892 4534 2421 4603 quantumcunque
2439 4530 2698 4602 pollutus
2715 4533 3187 4600 sit,sacramenta
3207 4534 3402 4590 divina
3422 4535 3544 4607 pol-

1891 4619 2207 4692 luere,qum
2238 4620 2579 4692 purgatoria
2608 4626 2950 4678 cunctarum
2975 4623 3233 4679 remedia
3252 4623 3545 4696 contagio-

1813 4730 1861 4794 D
1894 4726 2037 4765 num
2069 4708 2345 4766 existunt.
2383 4709 2498 4766 Nec
2528 4716 2718 4783 potest
2746 4711 2887 4767 solis
2917 4712 3117 4768 radius
3166 4729 3269 4785 per
3314 4711 3541 4770 cloacas

1893 4800 1950 4854 et
1970 4797 2215 4854 latrinas
2237 4799 2531 4855 transiens
2553 4799 2771 4872 aliquid
2799 4800 3004 4857 exinde
3030 4800 3541 4857 contaminationis

1896 4886 2187 4943 attrahere
2223 4904 2234 4943 :
2270 4888 2513 4959 proinde
2539 4888 2968 4961 qualiscunque
2999 4889 3272 4946 sacerdos
3300 4890 3396 4956 sit,
3414 4906 3541 4962 quae

1896 4978 2098 5031 sancta
2128 4980 2266 5031 sunt
2298 4976 2677 5047 coinquinare
2708 4993 2823 5032 non
2873 4982 3097 5049 potest;
3131 4977 3346 5033 idcirco
3379 4978 3450 5033 ab
3475 4994 3542 5033 eo

1895 5080 2201 5136 usquequo
2232 5064 2641 5136 episcoporum
2665 5066 2892 5136 judicio
2915 5066 3545 5139 reprobctur,commu-

1896 5152 1991 5208 nio
2009 5151 2381 5225 percipienda
2397 5156 2514 5208 est:
2531 5151 2808 5224 quoniam
2830 5153 2971 5208 mali
2988 5154 3141 5210 bona
3157 5153 3543 5211 ministrando

1896 5258 1958 5298 se
1987 5241 2393 5297 tantummodo
2423 5239 2644 5296 laadunt
2676 5258 2688 5295 :
2724 5245 2782 5296 et
2811 5258 2977 5297 cerea
3006 5242 3100 5298 fax
3142 5260 3386 5299 accensa
3431 5242 3544 5299 sibi

1894 5330 2133 5402 quidem
2164 5329 2580 5385 detrimentum
2612 5334 2869 5402 praestat,
2896 5330 3027 5387 aliis
3054 5349 3189 5388 vero
3232 5332 3431 5387 lumen
3480 5332 3537 5387 in

1892 5418 2151 5475 tenebris
2183 5418 2576 5487 administrat,
2610 5422 2667 5474 et
2694 5419 2850 5475 unde
2880 5419 3010 5477 aliis
3039 5422 3413 5477 commodum
3446 5438 3543 5477 ex-

1895 5508 2076 5577 hibet,
2109 5507 2245 5564 inde
2275 5507 2387 5563 sibi
2418 5507 2793 5581 dispendium
2824 5510 3058 5582 praebet.
3092 5509 3318 5567 Sumite
3364 5509 3545 5583 igitur

1896 5597 2186 5669 intrepide
2215 5596 2287 5653 ab
2320 5597 2477 5654 omni
2510 5597 2809 5654 sacerdote
2839 5598 3050 5655 Christi
3083 5598 3379 5673 mysteria,
3395 5614 3539 5671 quo-

1896 5686 2057 5742 niam
2084 5687 2288 5743 omnia
2314 5687 2375 5743 in
2406 5688 2521 5743 ﬁde
2549 5689 3071 5762 purgantur.Fides
3101 5692 3190 5745 est
3218 5687 3539 5760 enim,quaa

1898 5773 2080 5834 vincit
2108 5774 2268 5835 hunc
2294 5778 2609 5853 mundum,
2639 5781 2699 5838 et
2727 5778 2867 5858 quia
2895 5795 3009 5839 non
3039 5778 3254 5850 dantis,
3272 5777 3374 5838 sed
3396 5776 3544 5858 uoci:
