3898 6212
137 348 272 412 1021

1329 351 1734 416 EPISTOLzE
1775 352 1875 415 ET
1919 352 2308 417 DECRETA.

3368 359 3523 423 1022

130 482 382 556 exemplo
410 489 867 541 memoratorum
893 483 1213 556 oportuerit
1233 486 1560 540 antistitum
1589 487 1768 541 detcr-
1797 487 1848 552 Α
1878 485 2224 558 Cyrillo,qui
2268 487 2484 544 idcirco
2514 485 2573 544 in
2603 487 2841 561 praefata
2871 491 3091 563 synodo
3137 497 3268 550 ante
3318 513 3523 553 omnes

130 574 254 641 reri,
275 575 389 629 imo
412 591 483 630 ne
507 575 592 630 vel
618 574 856 646 impulsi
882 575 950 629 ad
977 573 1115 630 talia
1134 575 1489 641 laberentur,
1513 575 1762 643 Domini,

130 664 297 720 Nolite
345 666 537 719 timere
591 680 678 719 eos
734 665 829 736 qui
883 680 1074 735 corpus
1121 665 1372 720 occidunt
1421 665 1638 733 (Matth.
1683 669 1762 734 Χ),

129 752 387 819 dicentis,
432 753 740 808 debuerint
788 753 1088 824 praeceptis
1139 755 1341 821 arceri,
1375 760 1577 809 contra
1622 754 1766 816 divi-

130 859 258 897 nam
289 847 480 897 tamen
517 840 896 896 reverentiam
929 858 961 895 a
993 846 1067 906 te,
1096 859 1127 896 0
1160 842 1438 898 catholice
1471 843 1762 915 princeps,

130 931 401 1002 probatur
428 930 776 996 admissum,
810 933 875 984 ut
907 929 1056 985 beati
1087 930 1329 1002 apostoli
1365 932 1515 986 Petri
1547 932 1766 988 directa

126 1019 349 1093 legatio,
380 1020 499 1074 imo
530 1019 650 1075 hac
681 1019 739 1074 in
772 1019 870 1074 illo
910 1019 1256 1090 proferentis
1289 1019 1522 1086 Christi,
1543 1021 1641 1093 qui
1674 1022 1765 1075 di-

128 1109 234 1164 cit:
260 1112 362 1179 Qui
399 1126 488 1165 vos
535 1111 763 1181 spernit,
794 1127 880 1165 me
925 1111 1134 1180 spernit
1165 1110 1311 1181 (Luc.
1345 1111 1399 1182 x)
1435 1128 1447 1164 :
1481 1115 1763 1182 tanquam

126 1197 184 1253 in
215 1198 604 1271 captivitatem
654 1199 888 1254 redacta
936 1203 1231 1254 teneretur
1263 1201 1366 1268 (Ea:
1411 1202 1566 1271 epist.
1598 1202 1632 1255 9
1661 1207 1763 1256 Fe-

125 1288 245 1342 licis
269 1289 375 1359 tu).

192 1377 401 1432 Verum
425 1377 564 1449 quia
594 1393 686 1433 res
715 1382 769 1432 et
802 1394 1059 1450 personae
1092 1383 1479 1450 utrarumque
1509 1379 1762 1450 partium

123 1467 293 1523 istius
318 1466 595 1538 temporis
617 1483 748 1522 cum
774 1466 871 1522 illo
893 1483 1037 1538 pene
1057 1467 1116 1520 in
1141 1467 1368 1522 cunctis
1387 1468 1762 1535 conveniunt,

121 1555 512 1612 memorabilis
534 1555 638 1610 viri
661 1556 787 1626 jam
812 1556 1098 1612 nominati
1123 1555 1326 1612 Felicis
1354 1557 1508 1613 sedis
1532 1562 1765 1629 aposto-

121 1645 242 1701 licae
273 1645 536 1717 prasulis
567 1645 720 1716 apud
747 1662 848 1700 vos
878 1645 1054 1700 etiam
1089 1645 1544 1702 clementissime
1575 1647 1765 1702 verbis

120 1734 336 1806 alloqui
369 1733 832 1806 procuravimus,
865 1734 965 1806 qui
1020 1736 1091 1790 ad
1149 1735 1610 1808 superscriptum
1643 1737 1764 1790 Au-

1876 577 2189 649 sedit,quia
2210 583 2264 632 et
2287 578 2410 650 ipse
2432 578 2623 635 locum
2643 581 2768 652 jam
2792 584 3097 638 memorati
3122 601 3283 656 papa;
3303 585 3523 641 ibidem

1872 665 2049 733 (sicut
2071 671 2234 739 gesta
2250 667 2513 739 ejusdem
2532 670 2732 742 synodi
2757 675 3069 741 testantur)
3083 673 3369 728 obtinuit:
3395 675 3524 746 ipsa

1874 755 2119 826 epistola
2143 773 2274 811 cum
2311 759 2658 830 competenti
2692 759 2908 816 honore
2933 763 3134 817 Latine
3159 763 3524 834 primitus,et

1874 848 2075 915 postea
2096 845 2154 899 in
2172 850 2280 899 Gr:
2303 862 2429 901 cam
2454 847 2769 903 dictionem
2795 849 2921 904 sine
2955 850 3072 905 ullo
3096 851 3226 906 fuco
3254 851 3524 910 falsitatis

1873 933 1991 1003 iam
2020 933 2302 988 translata
2333 934 2410 989 sit
2439 952 2634 990 coram
2667 939 2885 1008 synodo
2907 937 3085 994 lecta:
3109 940 3170 995 ln
3195 945 3526 1007 tantumyut

1874 1037 1940 1075 ex
1961 1023 2090 1092 ejus
2114 1024 2535 1094 propemodum
2560 1025 3051 1096 specialisjudicii
3078 1033 3275 1084 tenore
3298 1029 3372 1084 sit
3393 1049 3523 1102 per-

1875 1110 2028 1165 fidus
2045 1112 2345 1166 Nestorius
2364 1113 2944 1186 Constantinopoleos
2961 1118 3204 1174 antistes
3221 1119 3519 1191 expulsus,

1873 1199 2015 1254 dum
2034 1201 2233 1255 eadem
2254 1202 2511 1272 synodus
2535 1202 2591 1257 in
2616 1205 2903 1259 sententia
2921 1209 3120 1261 contra
3139 1223 3272 1262 eum
3298 1208 3523 1279 prolata

1873 1286 1975 1343 tali
2009 1289 2180 1344 modo
2212 1291 2586 1362 prosequitur
2608 1309 2624 1344 :
2647 1292 3006 1361 Necessario,
3026 1295 3321 1367 inquiens,
3341 1298 3521 1353 coacti

1874 1381 1995 1431 tam
2019 1393 2085 1432 ex
2106 1379 2643 1450 canonibus,quam
2668 1398 2736 1436 ex
2762 1383 3006 1454 cpistola
3036 1385 3393 1441 sanctissimi
3416 1387 3519 1442 Pa-

1874 1466 1978 1521 tris
1997 1467 2249 1524 nostriet
2263 1469 2953 1527 comministrileestini
2967 1473 3220 1546 episcopi
3238 1476 3522 1531 Romano-

1874 1573 2004 1610 rum
2030 1556 2722 1630 EcclesiaeJacrymantes
2753 1561 2966 1632 sacpius
2996 1563 3068 1617 ad
3100 1563 3250 1619 hanc
3277 1582 3521 1620 mcerore

1875 1643 2104 1715 plenam
2131 1650 2331 1700 contra
2352 1663 2485 1701 eum
2509 1647 2777 1702 venimus
2800 1651 3167 1705 sententiam.
3187 1653 3249 1706 Et
3270 1653 3340 1706 ad
3364 1669 3522 1708 eum-

1875 1733 2005 1788 dem
2040 1751 2250 1805 papam
2290 1739 2492 1806 postea
2529 1736 2812 1805 scribens,
2846 1739 3149 1809 praefatum
3188 1739 3518 1796 Nestorium

116 1830 356 1898 gustum
410 1823 672 1879 scribens
734 1824 884 1878 inter
937 1823 1051 1878 alia
1083 1825 1263 1894 (ibid.)
1289 1843 1300 1880 :
1327 1825 1494 1890 Cum,
1548 1825 1761 1896 inquit,
1793 1858 1839 1922 Β
1875 1839 1975 1893 per
1994 1822 2298 1893 epistolam
2316 1824 2390 1878 ab
2414 1825 2540 1896 ipso
2558 1826 2931 1882 sanctissimo
2952 1827 3198 1898 praesule
3217 1831 3518 1902 scriptam,

117 1913 272 1985 apud
301 1912 577 1968 barbaras
609 1912 782 1966 etiam
810 1911 1096 1978 nationes,
1116 1917 1291 1983 atque
1315 1912 1500 1984 ipsius
1524 1913 1763 1967 Deitatis

116 2002 373 2075 ignaros,
396 2019 500 2074 pro
523 2001 910 2072 exsequendis
943 2001 1192 2074 negotiis
1212 2001 1300 2056 vel
1320 2001 1764 2072 humanis,jure

115 2091 380 2163 gentium
394 2107 623 2161 semper
641 2088 946 2161 legationis
960 2091 1091 2160 cuju
1103 2090 1273 2145 slibet
1285 2091 1767 2147 babeatursacro-

116 2184 318 2236 sancta
348 2180 608 2246 libertas,
634 2183 837 2234 notum
869 2183 958 2234 est
989 2179 1262 2235 omnibus
1287 2197 1300 2235 ε
1327 2186 1545 2252 quanto
1578 2184 1765 2255 magis

115 2269 190 2325 ab
221 2269 568 2340 imperatore
609 2269 892 2335 Romano,
931 2272 987 2322 et
1034 2268 1364 2324 Christiano
1413 2271 1673 2343 principe
1705 2273 1762 2327 in

113 2358 291 2413 rebus
311 2358 632 2430 praesertim
652 2357 866 2412 divinis
886 2357 1204 2429 Oportuerit
1225 2358 1630 2415 intemeratum
1651 2380 1766 2417 ser-

110 2448 401 2504 vari?Sed
424 2447 563 2519 quia
592 2446 863 2518 superius
882 2447 951 2502 dc
979 2446 1196 2502 falsata:
1227 2447 1483 2520 epistolae
1516 2467 1616 2521 per
1636 2451 1763 2522 jam

112 2535 301 2590 dictos
321 2540 460 2590 tunc
482 2535 778 2590 Rhadoald
790 2553 910 2601 um,
926 2540 984 2590 et
1004 2533 1338 2591 Zachariam
1360 2538 1664 2610 episcOpos
1692 2540 1763 2594 ad

108 2628 164 2678 te
196 2623 427 2679 directa:
477 2625 771 2694 scriptura
803 2623 1145 2680 memoriam
1199 2625 1466 2691 fecimus,
1491 2632 1668 2682 restat
1701 2640 1772 2692 ut

106 2712 320 2786 partim
347 2713 493 2780 loca,
515 2714 573 2768 in
598 2713 814 2785 quibus
832 2713 1039 2768 l'alsata
1059 2719 1461 2786 est,quantum
1485 2715 1766 2787 inspectis

102 2801 541 2874 exemplaribus
575 2803 955 2874 Graeciaque
988 2803 1156 2859 nobis
1195 2821 1296 2875 per
1326 2804 1574 2859 Leonem
1607 2822 1639 2860 a
1669 2822 1762 2860 se-

98 2882 281 2946 cretis
313 2891 549 2957 misisti,
577 2908 746 2948 nosse
778 2891 1076 2962 tribuitur,
1102 2892 1454 2964 aperiamus.

173 2982 515 3035 Asserentes
532 2979 1126 3053 primitus,quomodo
1146 2999 1258 3036 non
1277 2983 1416 3037 ordo
1436 2981 1764 3055 legitimus,

96 3087 208 3126 nec
242 3087 277 3124 a
307 3069 528 3125 sanctis
578 3070 847 3125 Patribus
877 3069 1152 3137 usitatus,
1187 3071 1245 3125 in
1294 3070 1537 3126 lectione
1571 3070 1760 3144 ipsius

98 3157 362 3231 epistolae
396 3158 568 3213 fuerit
609 3159 951 3214 observatus
985 3175 998 3212 :
1032 3159 1507 3232 quandoquidem
1554 3162 1756 3216 eadem

97 3247 354 3320 epistola
386 3265 500 3303 non
549 3246 740 3303 solum
789 3248 859 3303 de
899 3248 1083 3302 sacris
1143 3248 1522 3321 imaginibus,
1555 3267 1754 3306 verum
1786 3234 1829 3300 (ἶ

97 3339 282 3394 etiam
306 3338 378 3391 de
400 3336 687 3392 audiendo
720 3337 896 3392 fratre
927 3341 982 3392 ct
1002 3337 1343 3409 coepiscopo
1365 3343 1562 3394 nostro
1595 3341 1760 3412 Igna-

101 3427 186 3482 tio
211 3424 567 3481 sententiam
605 3424 761 3480 sedis
792 3424 1121 3497 apostolica:
1172 3425 1526 3482 continebat.
1561 3429 1629 3482 Et
1657 3446 1760 3484 vos

96 3532 231 3570 eam
267 3515 328 3568 in
359 3531 538 3570 causa
567 3514 800 3586 quidem
847 3514 1054 3586 Ignatii
1088 3515 1520 3570 consacerdotis
1551 3517 1755 3582 nostri,

95 3621 231 3676 quae
267 3603 432 3675 prius
463 3601 738 3658 ventilata
767 3607 877 3667 est,
905 3603 1219 3670 nescimus,
1245 3605 1416 3675 cujus
1444 3604 1532 3660 usi
1565 3605 1757 3660 conci-

91 3693 195 3758 lio,
214 3692 454 3747 silentio
486 3692 846 3757 contexistis,
871 3692 1063 3746 solum
1097 3692 1245 3748 hanc
1278 3698 1500 3764 postea,
1521 3696 1756 3766 quando

90 3799 200 3854 pro
223 3781 596 3836 veneratione
623 3785 960 3836 sanctarum
992 3780 1316 3853 imaginum
1348 3785 1606 3854 synodus
1638 3783 1754 3838 col-

85 3870 248 3927 lecta
281 3875 394 3936 est,
414 3870 883 3926 demonstrantes
912 3887 924 3924 :
961 3869 1229 3942 quamvis
1259 3870 1317 3926 in
1349 3871 1462 3933 bis,
1487 3890 1613 3944 quae
1644 3873 1755 3928 ibi-

79 3958 225 4012 dem
259 3974 332 4012 ex
363 3973 431 4012 ea
467 3955 615 4012 lecta
653 3961 809 4024 sunt,
838 3956 1120 4012 nonnulla
1148 3957 1365 4024 addita,
1399 3959 1584 4014 multa
1623 3978 1752 4015 mu-

78 4051 230 4113 tata,
260 4045 434 4118 plura
459 4047 756 4101 subtracta
785 4046 1166 4118 reperiantur,
1192 4052 1247 4101 et
1277 4063 1378 4118 per
1398 4048 1596 4103 omnia
1618 4049 1751 4105 talis

73 4153 110 4190 a
141 4135 325 4190 vobis
355 4134 558 4190 effecta
587 4134 682 4202 sit,
710 4139 773 4190 ut
816 4139 916 4189 aut
963 4134 1106 4190 nihil
1138 4139 1239 4191 aut
1291 4153 1495 4208 parum
1531 4137 1750 4210 aliquid

71 4242 194 4280 nos
217 4240 330 4296 per
349 4240 478 4278 eam
502 4224 574 4279 de
595 4224 797 4279 crebro
819 4223 956 4278 dicti
976 4223 1362 4280 comministri
1387 4226 1566 4280 nostri
1590 4227 1748 4299 Igna-

66 4313 139 4369 tii
179 4311 556 4384 disposuisse
583 4329 761 4368 causa
781 4311 1118 4369 videamur:
1146 4314 1245 4368 sed
1273 4330 1400 4368 vere
1432 4332 1544 4369 non
1574 4314 1656 4370 sic
1689 4316 1748 4371 in

65 4401 337 4474 synodis
380 4401 572 4473 prisco
618 4406 880 4474 tempore
937 4401 1350 4469 collectis,non
1411 4402 1494 4458 sic
1552 4408 1748 4459 actum

60 4492 275 4547 fuisse
299 4489 715 4546 nonnullorum
737 4494 901 4562 gesta
918 4490 1297 4545 conciliorum
1322 4492 1747 4548 demonstrant.

61 4583 136 4636 In
167 4578 304 4635 illis
327 4579 485 4634 enim
509 4579 838 4651 apostolicae
870 4579 1027 4635 sedis
1055 4579 1271 4651 scripta
1291 4597 1406 4636 non
1429 4581 1541 4636 sub
1563 4581 1753 4638 occul-
1785 4602 1826 4666 ί)

55 4667 333 4725 tationis
354 4669 548 4724 modio
571 4668 935 4741 tegebantur,
951 4669 1051 4723 sed
1075 4672 1139 4724 ut
1156 4670 1559 4741 omnibus,qui
1583 4678 1750 4726 erant

52 4757 124 4813 in
165 4757 358 4812 domo
399 4757 498 4812 Dei
539 4757 819 4823 lacerent,
840 4756 899 4810 in
933 4756 1242 4828 propatulo
1273 4759 1662 4828 ponebantur,
1696 4763 1753 4814 et

52 4851 132 4901 ut
158 4845 215 4901 si
243 4862 367 4916 qua
389 4845 690 4918 turpitudo
705 4844 793 4900 vel
817 4845 1048 4901 macula
1070 4845 1128 4900 in
1157 4846 1287 4902 fidei
1313 4847 1750 4918 pulchritudine

54 4954 95 4990 a
127 4933 415 5006 quolibet
442 4938 766 4990 tentaretur
797 4933 1018 5000 induci,
1045 4933 1210 4990 facile
1241 4939 1580 5006 patesceret,
1607 4954 1673 4992 ac
1700 4939 1748 4992 si

52 5021 333 5096 specula
363 5023 420 5078 in
452 5023 728 5079 omnibus
768 5023 1154 5090 habebantur,
1179 5028 1235 5078 et
1278 5025 1446 5096 quasi
1481 5027 1747 5096 quaedam

54 5111 464 5168 rectitudinis
503 5112 755 5168 formula
801 5129 919 5184 qua
967 5112 1226 5184 imprimi
1275 5113 1463 5169 caeteri
1512 5122 1750 5186 possent

51 5201 305 5275 posita,
328 5200 694 5258 colebantur.

139 5291 326 5358 Quod
357 5295 424 5345 ut
452 5289 824 5345 manifestius
857 5293 1053 5362 pateat
1083 5307 1150 5345 ex
1178 5289 1269 5345 his
1310 5290 1448 5346 huic
1491 5293 1747 5366 epistolae

51 5396 278 5452 pauca
297 5378 576 5434 duximus
597 5379 928 5434 inserenda.
946 5377 1138 5434 Primo
1161 5379 1374 5435 etenim
1400 5380 1524 5436 loco
1547 5387 1749 5438 sancta

49 5467 271 5541 synod
283 5485 350 5524 us
365 5468 518 5540 apud
532 5467 826 5540 Ephesum
842 5471 1434 5540 congregata,sanctze
1455 5471 1745 5525 memoria:

48 5556 381 5614 Caelestini
414 5574 576 5630 papae
609 5556 772 5629 prius
805 5556 1112 5628 epistolam
1143 5555 1305 5626 legit,
1327 5563 1384 5613 et
1404 5559 1484 5614 ita
1507 5560 1745 5614 demum

46 5647 132 5702 ad
195 5646 327 5702 alia
374 5646 748 5717 exsequenda
776 5645 1014 5712 vacavit,
1041 5645 1119 5700 ita
1167 5650 1232 5701 ut
1270 5647 1514 5716 jubente
1544 5652 1746 5705 sancto

1875 1911 2297 1967 rationabiliter
2325 1918 2617 1969 asseverat
2646 1915 2826 1972 fuisse
2863 1917 3228 1973 damnatum.
3265 1918 3521 1991 Epistola

1873 2017 2104 2072 quoque
2137 2002 2321 2056 sancti
2346 2003 2554 2058 Leonis
2575 2021 2735 2076 papa
2761 2006 2904 2060 adeo
2929 2007 3081 2076 apud
3104 2023 3308 2063 omnes
3329 2008 3518 2064 orien-

1875 2087 2019 2144 tales
2041 2089 2345 2160 episcopos
2369 2091 2589 2146 exstitit
2617 2092 2986 2160 venerabilis,
3019 2099 3084 2148 ut
3115 2095 3265 2151 hanc
3295 2096 3517 2152 colum-

1875 2194 2008 2232 nam
2043 2178 2394 2234 orthodoxiaa
2423 2185 2722 2247 vocarent;
2756 2186 2811 2236 et
2832 2198 3034 2238 omnes
3061 2183 3121 2237 in
3154 2201 3222 2239 ea
3243 2186 3520 2256 przesules

1873 2266 2456 2339 Constantinopoleos
2498 2269 2764 2324 Anatolio
2795 2271 3151 2341 praecedente
3187 2274 3519 2330 subscribe-

1874 2359 2037 2409 rent:
2064 2355 2143 2410 ita
2166 2361 2229 2410 ut
2249 2357 2735 2412 Chalcedonensis
2759 2376 2972 2430 magna
2992 2361 3251 2432 synodus
3272 2362 3351 2416 nil
3375 2363 3522 2418 diffi-

1875 2443 2050 2511 nisse,
2074 2444 2151 2498 nil
2176 2447 2488 2518 respuisse,
2511 2446 2588 2500 nil
2613 2447 2960 2519 suscepisse,
2977 2449 3088 2505 nisi
3115 2452 3269 2522 quod
3290 2451 3375 2506 vel
3399 2452 3516 2520 illa,

1872 2531 1958 2587 vel
1971 2533 2125 2588 vices
2141 2534 2471 2606 apostolica:
2490 2537 2648 2590 sedis
2665 2536 2743 2591 ibi
2763 2543 3122 2594 reservantes
3135 2540 3190 2594 di
3201 2539 3518 2608 ffinierunt,

1875 2623 2264 2692 projecerunt,
2285 2623 2367 2679 vel
2402 2625 2788 2696 admiserunt,
2817 2627 3050 2698 penitus
3082 2635 3448 2701 agnoscatur,
3465 2634 3523 2686 et

1871 2710 2048 2780 (sicut
2078 2711 2135 2766 in
2169 2711 2448 2768 relatione
2493 2730 2620 2780 sua,
2649 2731 2825 2786 quam
2857 2717 2928 2770 ad
2961 2717 3068 2787 piae
3105 2718 3521 2776 recordationis

1873 2816 1991 2853 sna:
2014 2800 2374 2856 Marcianum
2395 2804 2724 2874 Augustum
2744 2803 2971 2871 habuit,
2996 2805 3305 2877 invenitur)
3328 2808 3522 2878 prima

1872 2888 2043 2943 ruina
2073 2889 2352 2955 Dioscori,
2375 2891 2473 2962 qui
2505 2891 2811 2962 epistolam
2859 2893 3018 2949 sanci
3053 2895 3259 2950 Leonis
3290 2895 3520 2951 recitari

1871 2977 2186 3048 prohibuit,
2211 2979 2447 3048 exstitit,
2466 2981 2605 3035 dum
2631 2980 2711 3036 sic
2745 2982 2947 3038 aiunt:
2975 2983 3090 3038 Nos
3123 2983 3301 3055 igitur
3328 2985 3520 3040 consi-

1870 3067 2139 3122 derantes
2169 3073 2224 3123 et
2268 3067 2537 3126 universa
2595 3071 2732 3126 orbe
2789 3071 2970 3126 factas
3027 3076 3428 3145 tempestates,
3461 3079 3521 3130 et

1870 3172 2106 3211 causam
2126 3156 2490 3228 inquirentes
2512 3159 2688 3230 hujus
2708 3160 2786 3215 rei
2809 3165 3102 3217 auctorem
3121 3163 3518 3235 comperimus

1868 3244 2207 3300 Dioscorum
2241 3248 2535 3318 quondam
2578 3249 3101 3305 Alexandrinorum
3151 3252 3514 3324 episcopum,

1868 3334 2128 3405 primum
2161 3337 2420 3407 quidem,
2449 3337 2590 3408 quia
2619 3337 2921 3410 epistolam
2955 3357 2988 3394 a
3019 3340 3392 3396 sanctissimo
3423 3359 3516 3396 ar-

1868 3423 2236 3496 chiepiscOpo
2255 3426 2502 3481 senioris
2518 3427 2709 3481 Romae
2725 3427 2912 3482 Leone
2925 3427 3202 3484 directam
3216 3430 3286 3484 ad
3301 3435 3514 3486 sanctae

1867 3515 2162 3568 memoria:
2185 3514 2520 3569 Flavianum
2540 3517 2837 3588 quondam
2861 3517 3513 3591 Constantinopolitanae

1867 3599 2031 3656 urbis
2062 3601 2398 3674 episcopum
2435 3602 2666 3657 recitari
2704 3603 3022 3674 prohibuit.
3057 3604 3166 3659 Sed
3222 3605 3358 3676 quid
3410 3622 3515 3678 per

1866 3689 2234 3761 singularum
2267 3691 2513 3746 concilia
2551 3692 2906 3763 synodorum
2941 3691 3344 3760 immoremur,
3375 3711 3511 3750 cum

1863 3777 1924 3832 in
1947 3779 2224 3835 omnibus
2248 3779 2364 3834 illis
2388 3797 2618 3852 semper
2635 3781 2708 3834 ab
2728 3780 3047 3852 apostolica
3069 3783 3204 3837 sede
3226 3783 3511 3855 scriptum

1862 3867 2177 3938 prolatum,
2199 3873 2254 3923 et
2276 3869 2478 3924 ordine
2507 3874 2968 3940 praeponatur,et
3002 3872 3343 3927 auctoritate
3374 3872 3514 3928 scri-

1862 3956 2051 4027 pturis
2081 3957 2303 4012 caeteris
2333 3956 2680 4012 antecellat?
2709 3959 2870 4022 Quod
2906 3957 2954 4012 si
2985 3959 3367 4015 sublimitatis
3397 3965 3510 4016 tuae

1862 4061 1975 4099 non
2009 4044 2180 4099 latuit
2211 4045 2578 4116 sapientiam,
2599 4046 2900 4116 oportebat
2928 4050 2992 4100 ut
3021 4047 3192 4101 etiam
3227 4047 3355 4118 ipsa
3385 4049 3509 4104 die-

1860 4133 1970 4188 bus
2003 4133 2125 4188 suis
2159 4132 2365 4188 talium
2399 4138 2738 4204 sequeretur
2765 4133 3160 4205 exemplorum
3194 4136 3454 4209 vestigia.

1931 4222 2041 4277 Sed
2069 4223 2305 4277 tandem
2355 4221 2671 4293 aliquando
2694 4223 2765 4277 ad
2816 4223 3244 4278 ostendendum
3294 4225 3506 4296 partim

1861 4316 1988 4365 sata
2018 4311 2076 4366 in
2108 4311 2352 4383 epistola
2382 4314 2583 4365 nostra
2608 4311 2752 4377 loca,
2784 4310 3105 4382 opitulante
3137 4313 3407 4381 Domino,
3435 4315 3510 4370 si-

1860 4404 1959 4454 cut
1980 4399 2394 4472 praemisimus,
2419 4399 2766 4454 accedamus
2791 4415 2802 4454 :
2830 4399 3044 4472 partim
3067 4418 3198 4457 vero
3233 4402 3506 4471 dicimus,

1860 4489 2136 4560 quoniam
2179 4487 2566 4560 prolixitatem
2606 4487 2874 4554 vitantes,
2907 4489 3109 4544 eadem
3151 4507 3507 4548 commemo-

1859 4593 1986 4632 rare
2017 4595 2118 4649 per
2147 4576 2381 4650 singula
2413 4593 2775 4645 recusamus,
2801 4577 3278 4649 quandoquidem
3313 4597 3416 4634 nec
3446 4579 3506 4636 in

1859 4666 1972 4734 his,
2001 4683 2126 4738 qua:
2159 4667 2229 4720 de
2273 4666 2617 4721 venerandis
2673 4665 3027 4738 imaginibus
3085 4684 3186 4738 per
3239 4669 3506 4725 eamdem

1861 4753 2036 4810 locuti
2070 4773 2279 4810 sumus
2317 4755 2644 4826 epistolam,
2669 4760 2834 4810 tenor
2881 4755 3015 4827 styli
3048 4755 3253 4823 nostri,
3283 4756 3373 4812 vel
3425 4758 3509 4812 in-

1858 4843 2134 4900 tentionis
2168 4843 2454 4899 exstiterit
2501 4843 2861 4899 observatus.
2885 4842 3184 4915 Siquidem
3234 4862 3368 4900 cum
3399 4863 3507 4902 nos

1859 4932 2010 4988 inter
2040 4931 2154 4988 alia
2185 4948 2832 5000 commemorassemus,
2862 4933 3015 5004 quod
3049 4932 3345 4990 multoties
3376 4951 3507 4990 con-

1856 5027 2067 5078 ventus
2088 5023 2272 5076 factus
2298 5021 2471 5077 fuerit
2493 5026 2833 5076 sanctorum
2857 5023 3116 5090 Patrum,
3141 5039 3175 5076 a
3205 5023 3421 5095 quibus
3450 5028 3507 5077 et

1857 5111 2346 5176 deliberatum,ac
2377 5111 2747 5165 observatum
2775 5110 3350 5182 exstiterit,qualiter
3369 5113 3502 5168 abs-

1861 5217 1973 5273 que
2003 5200 2274 5254 Romana:
2303 5198 2859 5271 sedis,Romanique
2892 5199 3183 5270 pontificis
3215 5217 3503 5256 consensu

1861 5288 2079 5344 nullius
2101 5286 2457 5358 insurgentis
2481 5286 2915 5343 deliberationis
2937 5287 3224 5344 terminus
3245 5289 3500 5344 daretur.

1859 5379 1975 5434 lloc
2004 5377 2268 5432 videlicet
2298 5377 2366 5431 de
2406 5375 2728 5446 majoribus
2759 5377 3040 5432 duntaxat
3086 5377 3350 5432 Ecclesiae
3403 5394 3505 5434 ne-

1858 5469 2028 5540 gotiis
2051 5483 2157 5522 nos
2179 5465 2673 5536 innuentes,quod
2700 5469 2756 5519 et
2785 5481 3016 5520 veraces
3049 5465 3324 5537 historiae,
3339 5471 3395 5521 et
3415 5483 3503 5539 sy-

1858 5558 2088 5614 nodalia
2109 5561 2272 5630 gesta
2296 5571 2445 5627 saepe
2467 5555 2806 5621 dil'tinitum,
2833 5572 2982 5628 sazpe
3003 5560 3061 5612 et
3083 5556 3297 5612 factum
3321 5555 3503 5612 fuisse

1857 5652 2192 5705 testantur:
2235 5645 2351 5702 Vos
2400 5644 2659 5701 crasistis
2712 5647 2934 5718 absque,
2967 5650 3024 5702 et
3066 5643 3501 5717 interposuistis
