3898 6212
389 335 545 401 1023

1762 336 2076 403 NICOLAI
2119 339 2352 404 PAPJE
2393 338 2444 404 Ῑ.

3646 341 3796 406 1014

387 491 530 540 cum,
571 473 900 545 signiﬁcare
941 471 1161 527 scilicet
1199 475 1550 527 attentantes
1584 488 1596 527 :
1631 472 2026 528 Deliberatum
2063 478 2111 542 Α
2144 474 2283 528 talia
2309 475 2394 529 vel
2441 474 2679 548 impulsi
2727 474 2937 548 dilapsi
2967 479 3131 545 sunt;
3167 479 3389 550 quanto
3450 475 3649 549 potius
3707 475 3794 531 isti

389 564 577 620 fuerat
607 582 641 618 a
671 563 890 619 sanctis
919 562 1211 629 Patribus,
1237 568 1300 616 ut
1331 580 1459 615 cum
1496 563 1650 617 sedis
1683 562 2033 634 apostolica,

387 660 445 710 et
474 653 728 710 ecclesia:
757 656 960 707 vestras
990 668 1278 707 consensu
1311 651 1504 706 omnis
1544 652 1623 707 rei
1665 651 1799 706 finis
1831 652 2039 706 debeat

385 744 624 799 omnino
646 742 887 815 proferri
915 758 927 795 :
952 757 1086 796 cum
1106 741 1216 796 hoc
1238 741 1360 796 fieri
1381 757 1611 813 semper
1632 740 1792 796 nulla
1817 741 2037 795 ratione

381 831 592 899 valeat,
640 830 801 886 nullo
850 847 1092 903 prorsus
1149 830 1412 901 exemplo
1467 834 1695 902 gestum
1756 834 2032 902 patescat,

384 921 707 995 praesertim
731 938 863 976 cum
889 921 1008 975 haec
1033 918 1353 992 apostolica
1375 935 1605 991 semper
1621 919 1789 975 sedes
1810 918 1869 972 in
1893 935 2036 974 sana

383 1010 648 1066 doctrina
677 1010 1012 1082 perstiterit.

452 1099 661 1156 Vestra
697 1116 830 1154 vero
879 1098 1121 1154 ecclesia
1153 1099 1461 1169 (quantum
1521 1098 1591 1152 ad
1654 1095 2033 1168 praesulatum

382 1191 653 1261 pertinet)
685 1189 1021 1243 infirmante
1052 1187 1241 1258 capite
1284 1203 1434 1258 saepe
1468 1186 1752 1257 languerit
1786 1204 1798 1240 :
1834 1202 1900 1240 ac
1933 1203 2036 1256 per

382 1279 491 1334 hoc
537 1279 649 1333 ista
697 1277 1022 1349 nequiverit
1078 1276 1262 1331 ascire
1294 1276 1498 1347 quovis
1556 1276 1728 1330 modo
1787 1291 2034 1330 consen-

381 1386 536 1433 sum,
561 1369 730 1439 cujus
761 1366 1082 1438 pessimum
1116 1365 1527 1420 exsecrabatur
1574 1381 1688 1418 non
1741 1362 2034 1419 immerito

381 1474 641 1514 sensum.
672 1456 882 1510 Deinde
923 1472 1054 1508 rum
1091 1471 1196 1508 nos
1239 1453 1644 1525 exprobrantis
1694 1453 1900 1506 affectu
1932 1468 2036 1523 per

380 1562 506 1602 eam
533 1546 758 1602 causari
778 1547 1209 1615 videamur,pro
1226 1560 1292 1598 eo
1312 1542 1466 1614 quod
1485 1546 1666 1596 ccetus
1685 1541 2033 1596 conveniens

380 1635 946 1707 Constantinopolim
982 1634 1108 1688 sine
1155 1632 1399 1688 Romani
1433 1630 1703 1686 consultu
1742 1629 2033 1702 pontiﬁcis

383 1724 673 1797 Ignatium
707 1722 939 1795 proprio
972 1722 1257 1794 privasset
1287 1721 1525 1785 honore,
1551 1719 1704 1790 quod
1739 1735 2032 1790 nusquam

381 1814 664 1869 nimirum
681 1814 749 1868 de
762 1809 1406 1882 Constantinopolitano
1425 1807 1671 1880 praesule
1691 1807 1804 1862 nisi
1825 1808 2031 1861 fortas-
2062 1849 2108 1914 Β

381 1903 462 1959 sis
485 1904 555 1958 ab
579 1901 864 1958 haereticis
895 1901 1118 1972 absque
1140 1900 1400 1954 Romano
1430 1915 1579 1969 papa
1607 1898 1822 1952 factum
1849 1896 2032 1950 fuisse

380 1993 658 2048 recolitur
673 2009 683 2047 :
699 1992 814 2045 Vos
832 1991 940 2044 hoc
959 1988 1365 2044 commutastis
1382 1986 1822 2057 dicentes,quod
1843 1985 1900 2040 in
1925 2001 2031 2040 nos

380 2082 545 2156 prius
568 2081 782 2136 avobis
814 2079 938 2135 fieri
969 2095 1084 2132 non
1107 2077 1381 2132 debuisse
1414 2091 1528 2130 non
1562 2073 2027 2146 scripsissemus,

379 2176 665 2243 tanquam
697 2169 784 2224 vel
815 2185 920 2224 nos
952 2171 1154 2238 postea
1182 2165 1240 2220 id
1272 2165 1392 2219 fieri
1424 2164 1895 2219 censuissemus:
1930 2167 2033 2217 aut

379 2266 661 2333 tanquam
686 2276 790 2314 nos
819 2257 1041 2329 legatos
1071 2259 1304 2310 nostros
1333 2270 1446 2308 non
1471 2253 1541 2307 ad
1566 2251 1917 2307 audiendam
1942 2267 2031 2306 so-

379 2349 682 2405 lummodo
713 2351 770 2402 et
800 2347 970 2401 nobis
1000 2345 1361 2400 referendam
1397 2341 1604 2415 lgnatii
1637 2357 1899 2406 causam,
1929 2340 2030 2394 sed

381 2439 450 2494 ad
483 2436 888 2493 dimniendam
917 2431 1480 2502 Constantinopolim
1513 2428 1870 2492 miserimus,
1895 2445 2028 2482 cum

380 2526 681 2584 nonnullis
722 2525 783 2580 in
831 2523 1033 2579 eadem
1082 2520 1329 2593 epistola
1376 2518 1737 2591 interpositis
1783 2516 2029 2572 inveniri

380 2615 734 2690 queat,quod
754 2611 1134 2685 depositionis
1157 2609 1417 2681 ejusdem
1441 2606 1876 2663 consacerdotis
1893 2621 2030 2660 nos-

377 2708 452 2763 tri
477 2720 785 2762 censuram
811 2719 926 2756 non
950 2697 1388 2762 terminari,sed
1420 2700 1650 2751 tantum
1679 2693 2032 2767 perquiri,et

377 2795 546 2852 nobis
578 2792 897 2866 significari
927 2791 998 2845 ad
1023 2788 1438 2844 deffiniendam
1463 2783 1862 2840 auctoritatem
1899 2799 2031 2853 apo-

376 2884 641 2941 stolicam
657 2884 833 2953 [forte,
849 2878 1196 2934 auctoritate
1209 2875 1545 2948 apostolica,
1561 2874 1766 2938 Hann]
1778 2871 1904 2927 luce
1919 2870 2033 2926 cla-

376 2974 498 3029 rius
521 2967 1135 3027 decreverimus.Nam
1163 2965 1210 3021 si
1243 2982 1350 3020 nos
1382 2981 1484 3036 pro
1514 2961 1869 3018 defﬁnienda
1889 2977 2028 3016 con-

374 3061 655 3118 troversia
696 3057 892 3114 fratris
924 3056 1109 3112 nostri
1142 3053 1345 3125 Ignatii
1371 3057 1509 3107 tunc
1553 3051 1760 3122 legatis
1810 3049 2028 3104 nostris

2148 565 2269 636 pari
2297 566 2508 619 debent
2540 565 2745 620 ultioni
2779 566 3299 638 succumbere,qui
3330 583 3537 639 parem
3561 566 3796 637 quidem

2144 653 2698 724 praevaricationem,
2724 656 2824 711 sed
2855 672 2971 711 non
3004 673 3196 728 pares,
3221 657 3338 711 imo
3372 655 3576 711 nullas
3604 672 3799 727 pinnas

2144 740 2296 796 sicut
2328 743 2409 797 illi
2451 746 2746 815 quondam
2789 744 3050 816 perpessi
3081 750 3238 800 sunt.
3274 745 3410 800 Post
3450 744 3580 800 haec
3610 750 3798 799 autem

2144 831 2431 903 quidquid
2463 833 2533 887 de
2555 834 2678 903 jam
2717 835 2818 888 fati
2863 833 3058 889 fratris
3099 838 3156 889 et
3192 833 3589 890 comministri
3625 835 3799 888 nostri

2145 920 2352 992 Ignatii
2386 921 2691 993 tyrannica
2730 921 3390 995 repulsione,quidquid
3432 924 3506 978 de
3547 922 3801 978 inconsio

2144 1009 2344 1064 derata
2372 1016 2428 1066 et
2458 1010 2685 1066 invidiae
2731 1011 2904 1083 plena
2934 1012 2992 1066 in
3025 1029 3158 1067 eum
3211 1013 3438 1084 prolata
3487 1012 3799 1078 sententia,

2144 1099 2427 1171 quidquid
2456 1101 2527 1154 de
2557 1099 2791 1156 violatis
2821 1102 3080 1173 paternis
3129 1101 3801 1171 difﬁnitionibus,quid-

2144 1186 2283 1258 quid
2315 1188 2385 1242 de
2415 1187 2599 1243 Photii
2624 1189 3049 1260 scripseramus
3078 1190 3384 1260 irregulari
3407 1190 3798 1262 promotione,

2143 1275 2296 1330 saltu
2330 1277 2581 1348 quodam
2606 1278 2835 1334 astutiae
2857 1278 3356 1345 transcendentes,
3373 1277 3552 1332 etiam
3577 1281 3800 1332 sancto-

2141 1380 2273 1419 rum
2308 1365 2542 1420 Patrum
2593 1365 2879 1431 instituta,
2902 1383 3031 1438 quae
3062 1367 3247 1422 sancti
3294 1367 3554 1439 Spiritus
3597 1365 3798 1421 afﬂatu

2141 1458 2280 1509 sunt
2311 1455 2488 1522 edita,
2513 1471 2584 1510 ne
2607 1455 2679 1510 ad
2710 1456 2936 1511 concilii
2969 1456 3339 1527 pervenirent
3364 1455 3639 1511 notitiam
3664 1471 3800 1510 con-

2140 1543 2389 1608 texistis,
2405 1548 2461 1599 et
2476 1544 2650 1599 veluti
2674 1544 2728 1598 in
2750 1545 3005 1616 quodam
3025 1543 3244 1600 silentii
3260 1544 3501 1599 sudario
3517 1542 3728 1615 ligata,
3748 1544 3801 1597 in

2141 1636 2296 1687 terra
2316 1633 2458 1687 dum
2477 1632 2755 1688 divinitus
2773 1633 3055 1688 attributa
3073 1632 3289 1688 talenta
3305 1631 3545 1698 fuerint,
3560 1633 3801 1690 abscon-

2143 1721 2332 1788 distis,
2359 1721 2493 1778 licet
2543 1723 2930 1777 continuatim
2962 1722 3318 1778 deveniendo
3366 1723 3426 1776 in
3480 1726 3800 1793 conspectu

2141 1809 2458 1865 missorum
2483 1815 2816 1866 nostrorum
2839 1817 2895 1866 et
2916 1811 3305 1883 perquirendo
3323 1810 3579 1882 lgnatio.
3595 1812 3800 1875 Quam-

2141 1899 2340 1954 obrem
2372 1899 2647 1956 traditam
2680 1900 2791 1956 sibi
2824 1899 3146 1971 plebem,et
3175 1901 3498 1956 constituta
3530 1900 3798 1956 decesso-

2139 2004 2270 2043 rum
2298 2005 2562 2044 meorum
2591 1989 2891 2060 spreverit,
2906 2006 3032 2061 quae
3064 2005 3172 2044 nos
3194 1995 3326 2061 post
3345 1989 3538 2044 multa
3561 1989 3796 2060 εει-ἱρείη

2140 2077 2481 2145 mus,dictis
2523 2077 2927 2148 superioribus
2962 2077 3523 2149 conglutinaveritis.
3550 2076 3682 2132 Non
3713 2084 3796 2132 ta-

2140 2181 2272 2220 men
2299 2183 2424 2237 quze
2447 2182 2556 2220 nos
2576 2166 2880 2221 confestim
2906 2164 3351 2231 subintulimus,
3377 2165 3538 2238 passi
3562 2165 3711 2220 estis
3729 2168 3794 2220 ad

2139 2254 2528 2327 cognitionem
2570 2255 2835 2310 Ecclesia
2869 2254 3554 2327 Constantinopolitano,
3597 2254 3688 2310 vel
3728 2255 3793 2309 ad

2139 2343 2344 2416 synodi
2377 2344 2742 2400 auditionem
2776 2344 3037 2416 perferri.

2210 2433 2646 2489 Subintulimus
2674 2433 2891 2505 quippe
2923 2449 3029 2488 nos
3061 2437 3192 2504 post
3218 2432 3318 2488 illa
3342 2433 3524 2488 verba
3555 2432 3643 2488 ita
3663 2449 3789 2487 con-

2136 2521 2301 2577 tinuo
2357 2526 2777 2594 prosequentes
2812 2539 2824 2577 :
2861 2523 2928 2576 Et
2964 2521 3024 2576 in
3067 2521 3177 2578 hoc
3231 2521 3531 2594 agendum
3595 2521 3790 2576 subtili

2135 2611 2401 2666 examine
2422 2628 2456 2666 a
2477 2616 2687 2666 nostrae
2705 2610 2998 2681 jussionis
3018 2609 3224 2682 legatis
3245 2609 3642 2682 depositionis
3674 2611 3796 2680 ejus

2137 2715 2386 2755 censura
2407 2699 2810 2771 perquiratur:
2835 2704 3127 2771 quatenus
3146 2698 3519 2770 inquirentes
3540 2698 3796 2754 invenire

2137 2794 2372 2860 queant,
2389 2795 2586 2843 utrum
2611 2787 2929 2844 canonicus
2947 2792 3114 2844 tenor
3135 2787 3195 2843 in
3216 2787 3420 2843 eadem
3447 2788 3792 2843 observatus

2137 2878 2333 2944 fuerit,
2354 2877 2441 2934 vel
2473 2894 2588 2932 non
2621 2878 2997 2932 manifestum
3046 2875 3285 2945 existat;
3320 2893 3389 2933 ac
3414 2877 3635 2932 deinde
3668 2893 3789 2932 cum

2137 2972 2334 3025 nostro
2366 2966 2703 3038 praesulatui
2753 2966 3152 3038 signiﬁcatum
3184 2965 3380 3029 fuerit,
3406 2965 3556 3037 quid
3611 2966 3686 3020 de
3732 2984 3788 3021 eo

2134 3056 2428 3128 agendum
2468 3056 2562 3122 sit,
2589 3055 2909 3127 apostolica
2954 3055 3254 3110 sanctione
3301 3054 3702 3121 difﬁniamus,
3733 3062 3788 3108 ut

375 3151 695 3224 quidquam
722 3143 1230 3220 praecepimus,vel
1255 3160 1388 3198 eum
1422 3139 1783 3196 damnationi
1815 3137 2026 3210 subjici
2058 3215 2092 3224 _
2131 3149 2324 3200 vestra
2353 3143 2614 3211 ecclesia,
2640 3161 2767 3216 qua
2796 3144 2977 3200 tantis
3005 3143 3266 3214 quotidie
3291 3144 3567 3215 quatitur
3597 3145 3785 3199 anxie-

373 3215 757 3305 decrevimus,
775 3241 834 3291 ut
858 3215 995 3308 quid
1022 3251 1092 3288 ne
1123 3232 1475 3288 sententiam
1499 3229 1870 3285 difﬁnitivam
1893 3244 2020 3282 sus-
2050 3215 2092 3280 C
2130 3234 2372 3303 tatibus,
2405 3215 2760 3288 inviolabilis
2799 3233 3072 3304 deinceps
3121 3237 3180 3287 et
3237 3232 3602 3288 inconcussa
3661 3249 3787 3305 per-

373 3330 562 3401 cipere
582 3324 1115 3395 [f0r!e,susciperet,
1147 3321 1377 3391 Hann],
1402 3319 1536 3374 licet
1566 3336 1679 3373 non
1711 3317 1886 3390 digne
1914 3333 2020 3371 nec

370 3416 630 3491 legitime
661 3411 1098 3476 decertaverint,
1123 3413 1381 3464 attamen
1417 3412 1938 3480 quantumcunque
1963 3410 2021 3461 et

371 3505 900 3578 quomodocunque
929 3497 1369 3563 contradixisse,
1392 3513 1459 3552 ao
1498 3513 1570 3551 ne
1607 3497 2014 3568 deponeretur,

371 3595 659 3651 restitisse
686 3591 1026 3663 probantur.
1041 3587 1340 3659 Siquidem
1361 3587 1445 3658 (ut
1463 3590 1670 3641 caetera
1689 3603 1845 3641 nunc
1866 3601 2020 3640 com-

372 3697 696 3738 memorare
716 3678 1076 3747 differamus)
1101 3675 1158 3730 in
1191 3675 1437 3747 epistala
1455 3679 1648 3730 vestra
1666 3692 1734 3730 ex
1763 3691 1860 3729 ore
1891 3690 2016 3729 ves-

369 3776 459 3827 tro
491 3767 1134 3838 didicimus,quomodo
1165 3764 1247 3819 illi
1283 3782 1394 3820 non
1431 3765 1622 3820 solum
1662 3780 2015 3819 consensum

371 3859 687 3915 noluerunt
709 3856 897 3928 ipsius
929 3855 1182 3928 praebere
1206 3853 1808 3919 damnationi,verum
1839 3852 2014 3906 etiam

371 3947 642 4022 qualiter,
667 3963 737 4001 ne
765 3949 994 4000 tantum
1027 3942 1325 4016 piaculum
1357 3961 1390 3998 a
1412 3942 1575 3998 vobis
1606 3943 1664 3996 in
1698 3958 1832 3997 eum
1864 3958 2019 3996 com-

369 4037 719 4101 mitteretur,
762 4032 1197 4090 interdixerint:
1225 4049 1352 4104 quaa
1390 4032 1646 4104 profecto
1678 4036 1733 4086 et
1763 4031 1873 4102 ipsi
1908 4031 2016 4084 mi-

369 4127 526 4183 nime
556 4124 1037 4183 contradicerent.
1068 4122 1115 4177 si
1149 4126 1212 4176 ut
1241 4119 1590 4192 depositioni
1621 4121 1749 4191 ejus
1780 4121 2018 4174 interes-

369 4219 516 4280 sent,
541 4231 648 4269 nos
676 4213 784 4269 sibi
815 4212 1159 4267 mandatum
1181 4210 1456 4267 tribuisse
1478 4209 1815 4274 recolerent,
1841 4212 1897 4262 et
1916 4225 2017 4263 vos

368 4309 571 4377 postea
600 4301 710 4357 nisi
741 4300 874 4356 illos
914 4305 1120 4372 praeter
1147 4301 1479 4371 jussionem
1521 4303 1780 4354 nostram
1813 4297 2017 4353 fecisse

367 4392 520 4448 clare
553 4390 801 4457 sciretis,
827 4406 926 4445 eos
974 4393 1032 4444 et
1077 4388 1240 4444 vobis
1289 4389 1720 4456 commendare,
1743 4392 1801 4442 et
1841 4403 2018 4458 super

367 4479 709 4552 hujusmodi
769 4497 919 4534 noxa
975 4479 1464 4550 transgressionis
1523 4493 1799 4532 excusare
1854 4475 2017 4531 nullo

368 4571 541 4625 modo
580 4568 913 4625 studeretis.

435 4660 567 4714 Jam
598 4676 730 4714 vero
771 4658 819 4712 si
869 4657 1060 4722 dictis,
1086 4672 1262 4727 quam
1295 4656 1368 4709 ob
1400 4669 1522 4708 rem
1573 4652 1704 4707 illos
1735 4653 2019 4724 deposue-

366 4747 574 4813 rimus,
607 4764 738 4801 cum
787 4762 884 4800 eos
916 4745 973 4798 in
1006 4743 1381 4798 damnatione
1413 4755 1564 4811 saepe
1614 4739 1716 4795 fati
1764 4742 2015 4812 patriar-

365 4836 486 4892 chas
517 4833 842 4890 consentire
891 4830 1151 4886 noluisse
1201 4835 1322 4884 tam
1373 4828 1682 4883 manifeste
1731 4829 2014 4897 sciamus,

365 4925 810 4997 respondemus,
837 4919 976 4991 quia
1024 4916 1169 4972 nihil
1221 4916 1337 4970 illis
1386 4917 1608 4971 bonum
1659 4917 1878 4988 profuit
1920 4918 2013 4974 in-

366 5013 701 5082 choasse,et
721 5010 780 5063 in
809 5007 1065 5063 bonitate
1089 5005 1329 5059 minime
1358 5005 1725 5076 perdurasse,
1743 5007 2015 5073 Quoniam

366 5103 464 5174 qui
480 5099 900 5172 perseveraverit
921 5110 1089 5165 usque
1109 5096 1166 5148 in
1184 5095 1368 5164 ﬁnem,
1383 5095 1474 5148 hic
1491 5095 1676 5150 salvus
1697 5097 2009 5161 erit(Mauh.

363 5195 446 5257 χ).
472 5188 618 5253 Quid
651 5186 808 5241 enim
844 5181 1097 5255 proderit
1125 5181 1295 5236 alicui
1343 5200 1446 5255 pro
1476 5183 1715 5240 veritate
1755 5185 2012 5256 primum

368 5277 604 5349 quidem
637 5275 922 5343 impetum
955 5270 1111 5335 dare,
1137 5275 1192 5325 et
1232 5277 1362 5343 post
1392 5271 1697 5344 paululum
1738 5279 1839 5328 aut
1876 5291 2011 5328 sua-

367 5365 651 5430 sionibus,
677 5364 779 5414 aut
798 5357 1139 5425 terroribus,
1163 5364 1263 5415 aut
1289 5360 1400 5416 alio
1427 5360 1686 5433 quolibet
1711 5361 1849 5418 vitio
1870 5379 1904 5417 a
1921 5380 2013 5418 ve-

366 5453 555 5507 ritatis
586 5448 822 5505 tramite
853 5446 1178 5505 declinare?
1209 5451 1381 5505 Porro
1413 5450 1459 5506 si
1485 5450 1690 5506 Vitalis
1731 5456 1786 5506 et
1833 5451 2010 5507 Mise-

367 5539 583 5604 nus,de
609 5537 826 5610 quibus
856 5553 1034 5610 supra
1067 5539 1340 5606 diximus,
1368 5556 1402 5594 a
1432 5539 1597 5594 beato
1648 5538 1832 5596 Felice
1863 5557 2013 5613 papa

366 5625 585 5681 honore
616 5625 832 5700 pariter
861 5632 916 5684 et
944 5628 1354 5684 communione
1384 5626 1589 5698 privati
1622 5631 1779 5694 sunt,
1805 5629 1906 5698 qui
1937 5632 2008 5686 ad

2128 3328 2363 3378 maneat
2389 3340 2401 3378 :
2437 3323 2537 3378 sed
2569 3338 2673 3378 vos
2701 3323 2842 3392 hanc,
2878 3325 2944 3376 ut
2973 3320 3362 3392 prastulimus,
3395 3321 3785 3384 occultantes,

2127 3413 2440 3484 apiorum,
2493 3411 2594 3482 qui
2648 3409 2915 3467 fortassis
2965 3410 3086 3470 illic
3134 3409 3531 3476 habebantur,
3584 3411 3788 3465 notitia

2127 3499 2510 3557 subduxistis.

2195 3590 2282 3644 Ad
2315 3589 2460 3644 nihil
2495 3588 2666 3661 plane
2697 3588 2854 3644 aliud
2891 3588 3281 3653 intendentcs,
3315 3587 3431 3643 nisi
3465 3593 3534 3642 ut
3565 3605 3687 3644 non
3713 3594 3787 3643 ω.

2126 3679 2443 3734 nebrarum
2469 3695 2644 3750 opera
2667 3676 3139 3732 manifestatione
3178 3676 3328 3732 lucis
3369 3682 3780 3748 arguerentur,

2125 3773 2185 3824 et
2215 3772 2280 3822 ut
2309 3783 2415 3822 nos
2446 3767 2540 3823 bis
2562 3783 2688 3838 quas
2721 3765 2839 3821 illic
2869 3765 3344 3821 irrationabiliter
3373 3769 3512 3821 acta
3535 3766 3782 3830 fuerant,

2126 3857 2264 3912 dum
2290 3861 2492 3912 nostra
2522 3856 2742 3927 scripta
2769 3859 3058 3925 tacentur,
3082 3871 3438 3910 consensum
3463 3855 3783 3926 prebuisss

2126 3949 2554 4016 reputaremur.
2576 3943 2789 3999 Probat
2804 3943 2915 3998 hoc
2931 3943 3221 4014 praecipue
3237 3949 3372 4015 post
3389 3942 3590 3998 multa
3608 3943 3784 4009 utilia,

2127 4050 2252 4106 qua
2285 4033 2363 4086 ibi
2400 4049 2514 4087 non
2556 4031 2777 4086 utiliter
2812 4036 3106 4102 corrupta,
3129 4030 3220 4086 vel
3248 4031 3607 4087 defraudata
3635 4038 3786 4097 sunt,

2127 4121 2482 4178 novissimus
2513 4121 2779 4191 ejusdem
2811 4119 3068 4192 epistolas
3100 4119 3288 4187 locus,
3310 4120 3372 4174 in
3395 4136 3517 4192 quo
3539 4137 3654 4176 nos
3672 4121 3788 4192 qui-

2127 4212 2260 4266 dem
2292 4211 2515 4284 legatos
2546 4214 2778 4264 nostros
2802 4209 3304 4276 commendantes,
3329 4209 3783 4281 amplitudinem

2125 4305 2251 4355 tum
2275 4299 2565 4371 deprecati
2593 4299 2893 4352 fueramus
2914 4297 2986 4352 de
3004 4296 3152 4368 ipsis
3171 4297 3324 4352 inter
3344 4296 3464 4353 alia
3481 4299 3748 4354 dicentes
3770 4314 3780 4352 :

2126 4389 2197 4444 Et
2217 4405 2350 4442 cum
2382 4388 2441 4442 in
2465 4391 2749 4442 conventu
2784 4385 3050 4441 Ecclesia)
3081 4386 3342 4441 sederint
3371 4403 3479 4456 pro
3511 4386 3781 4444 ecclesia.

2126 4477 2289 4533 sticis
2318 4474 2793 4538 dittlnitionibus,
2827 4474 2975 4528 nihil
3005 4491 3042 4528 a
3076 4474 3260 4541 vobis,
3293 4472 3384 4529 vel
3415 4474 3491 4529 ab
3524 4474 3662 4529 aliis
3691 4473 3783 4529 ali-

2048 4586 2094 4650 Β
2125 4567 2295 4636 cujus
2345 4562 2776 4619 contrarietatis
2829 4562 3119 4635 impetum
3168 4561 3472 4620 sentiant:
3509 4580 3616 4618 vos
3660 4579 3785 4618 vero

2129 4655 2398 4728 protinus
2429 4651 2851 4718 subintulistis,
2876 4651 3045 4722 quasi
3090 4667 3198 4706 nos
3245 4651 3338 4706 his
3388 4652 3784 4708 continuatim

2125 4742 2639 4814 subjunxissemus
2688 4739 3062 4812 perhibentes
3095 4755 3110 4792 :
3143 4741 3190 4794 Α
3230 4739 3401 4795 nobis
3449 4739 3616 4797 enim
3666 4758 3785 4812 qua

2124 4829 2468 4903 bujusmodi
2496 4831 2640 4886 sunt
2657 4826 3065 4902 dispositionis
3094 4833 3152 4884 et
3177 4831 3408 4884 statuta
3431 4833 3576 4884 sunt
3604 4835 3664 4885 et
3694 4830 3789 4884 dif-

2123 4922 2307 4977 finita.

2193 5011 2311 5066 Hoc
2331 5013 2619 5082 praacepto
2635 5013 2830 5064 vestra
2850 5008 3076 5064 utinam
3099 5007 3338 5080 placens
3354 5007 3472 5064 Deo
3489 5010 3783 5080 sagacitas

2120 5099 2365 5154 innuero
2395 5097 2594 5154 volens
2614 5113 2980 5169 quascunque
3012 5113 3048 5151 a
3075 5095 3285 5169 legatis
3314 5097 3545 5152 nostris
3568 5101 3782 5153 statuta

2121 5189 2357 5243 fuerunt
2388 5190 2444 5242 et
2474 5186 2745 5253 difﬁnita,
2771 5202 2877 5240 nos
2918 5185 3215 5250 statuisse,
3234 5183 3322 5240 vel
3355 5184 3664 5244 difﬁnisse
3694 5203 3782 5258 per

2120 5275 2318 5332 omnia
2339 5275 2782 5347 dignoscamur;
2807 5273 2908 5345 qui
2929 5279 3126 5328 tamen
3145 5272 3401 5344 scriptus
3432 5273 3777 5338 versiculus.

2121 5379 2226 5419 nec
2259 5380 2293 5418 a
2324 5363 2496 5419 nobis
2525 5361 2762 5434 prodiit,
2784 5378 2889 5417 nec
2917 5361 3006 5417 eis
3036 5365 3268 5432 (prater
3289 5361 3451 5432 quod
3483 5362 3562 5416 ad
3589 5378 3778 5417 sacras

2120 5452 2388 5524 magines
2419 5450 2692 5523 pertinet,
2716 5455 2775 5506 et
2803 5450 2862 5506 id
2907 5465 3142 5521 quoque
3171 5449 3778 5520 irrcpxehcnaihiliter}

2121 5541 2533 5596 difﬁniendum
2593 5539 2714 5596 sive
2772 5540 3012 5611 scripto,
3053 5539 3174 5593 sive
3228 5538 3406 5593 verbo
3465 5540 3777 5595 terminare

2121 5629 2467 5703 quidquam,
2490 5627 2579 5684 vel
2607 5627 2936 5685 deliberare
2965 5626 3370 5700 precepimus.
3395 5631 3489 5684 Ita
3507 5645 3645 5686 esse
3664 5646 3774 5700 qua
