3898 6212
118 396 264 463 1028

1327 392 1734 459 ΕΡῙΞΤΟῙΛΕ
1776 392 1878 456 ET
1922 391 2304 457 D-EGRETA.

3363 391 3518 457 1096

116 532 366 589 diximus
396 528 676 602 superius
704 545 739 584 a
764 526 932 584 nobis
966 528 1262 584 annotatis
1311 528 1642 594 sententiis,
1675 531 1759 583 te-
1790 531 1843 597 Α
1872 527 2130 584 immane
2160 524 2530 597 sacrilegium
2575 527 2805 596 gestum
2837 527 2949 592 est,
2980 521 3362 581 nihilominus
3413 527 3520 583 im-

117 618 508 678 stificantibus
536 616 968 690 exemplaribus
997 617 1260 688 ejusdem
1283 615 1537 688 epistolae
1553 621 1766 673 nostrae

121 709 212 766 ubi
242 725 348 764 nos
365 708 687 779 depravata
699 707 953 777 rejacent
975 706 1197 761 affatim
1210 706 1764 762 edocentibus.Nam

119 799 165 855 si
203 814 307 853 nos
339 795 473 852 ideo
509 795 724 851 missos
764 800 997 850 nostros
1027 794 1514 861 destinassemus,
1549 799 1614 849 ut
1645 795 1765 852 vice

121 892 306 944 nostra
327 884 545 958 Ignatii
559 887 756 940 essent
774 882 1764 955 negotiijudices,quemadmodum

116 993 208 1033 vos
236 973 626 1048 praetenditis,
658 974 759 1046 qui
789 972 1130 1028 latrocinale
1159 971 1304 1028 illud
1337 973 1676 1040 concilium,
1704 972 1764 1028 in

120 1082 226 1138 quo
260 1061 528 1136 lgnatins
559 1061 770 1134 deponi
801 1066 1040 1134 putatus
1061 1061 1464 1132 estjudicium
1497 1067 1765 1117 nostrum

119 1154 434 1211 scribentes
465 1151 750 1208 asseritis.
770 1153 915 1207 Ante
945 1151 1127 1206 totius
1158 1151 1281 1207 litis
1314 1151 1654 1217 motionem,
1680 1155 1765 1205 at-

121 1258 224 1314 que
253 1245 386 1296 ante
415 1239 614 1296 omnis
646 1239 881 1295 initium
913 1240 1320 1296 controversiae
1352 1241 1548 1296 sedem
1567 1239 1617 1296 ei
1642 1256 1768 1311 pro-

123 1330 296 1403 priam
328 1328 563 1385 restitui
595 1328 798 1401 procul
828 1329 1008 1384 dubio
1041 1328 1502 1394 censuissemus,
1531 1333 1598 1382 ut
1625 1327 1766 1400 legi-

123 1419 254 1474 time
281 1418 568 1473 nimirum
603 1411 885 1489 reciperet
924 1418 1079 1489 quod
1130 1416 1292 1472 nulla
1337 1415 1462 1489 lege
1512 1417 1768 1473 dictante

124 1505 467 1579 perdiderat,
502 1509 678 1578 atque
709 1523 813 1576 per
838 1504 1297 1562 ecclesiasticum
1345 1521 1628 1561 canonem
1680 1520 1770 1560 re-

127 1597 373 1651 sumeret
422 1594 582 1664 quod
625 1593 708 1648 illi
756 1594 1016 1665 potentia
1069 1592 1366 1650 saecularis
1423 1595 1765 1650 ademerat:

127 1687 406 1755 quatenus
458 1681 547 1739 sic
590 1681 801 1738 deinde
839 1683 1075 1754 propria
1105 1685 1262 1748 sede,
1296 1698 1521 1738 necnon
1553 1687 1610 1738 et
1639 1696 1769 1738 om-

128 1773 289 1827 nibus
348 1770 476 1826 suis
539 1775 672 1828 ante
732 1771 998 1844 receptis,
1056 1772 1396 1844 viribusque
1455 1770 1772 1842 resumptis

127 1860 420 1916 restitutus
438 1860 572 1930 jam
603 1863 660 1917 et
688 1864 973 1928 armatus,
1008 1877 1142 1916 cum
1175 1859 1616 1916 accusatoribus
1649 1858 1770 1914 suis

126 1947 452 2003 certaminis
513 1965 810 2020 campum,
856 1954 914 2005 et
961 1948 1135 2022 litigii
1186 1949 1525 2004 conflictum
1580 1951 1771 2020 potest

129 2036 388 2106 arripere.
422 2036 590 2101 Quod
623 2053 756 2091 cum
789 2037 847 2092 in
880 2037 1198 2092 mundanis
1244 2036 1494 2109 negotiis
1542 2037 1771 2108 legibus

130 2123 237 2178 tuis
284 2123 406 2178 fieri
453 2140 724 2193 censeas,
754 2123 1073 2196 imperator
1121 2124 1307 2179 multo
1357 2125 1546 2198 magis
1600 2131 1662 2180 ut
1712 2127 1770 2180 in

133 2210 534 2267 ecclesiasticis
564 2217 738 2284 atque
769 2213 984 2269 divinis
1014 2213 1418 2269 observaretur
1455 2214 1640 2285 pietas
1675 2219 1773 2270 tua

135 2300 324 2355 debuit
354 2299 690 2372 praevidere.

201 2388 305 2444 Sed
334 2388 456 2444 haec
491 2405 598 2445 nos
628 2406 697 2444 ex
729 2389 1056 2445 innumeris
1089 2391 1284 2446 studio
1311 2391 1569 2446 veritatis
1594 2391 1771 2446 defal-

139 2481 264 2532 sata:
294 2483 630 2533 memoratas
663 2479 925 2534 crebrius
955 2479 1213 2550 epistolae
1264 2483 1475 2535 nostra;
1520 2480 1776 2535 dilectio-

140 2566 299 2622 nibus
344 2566 690 2622 summatim
741 2566 1005 2639 tetigisse
1055 2567 1325 2624 sufficiat.
1378 2567 1593 2624 Caetero
1642 2585 1774 2625 vero

140 2655 275 2726 (quae
307 2659 644 2727 snpersunt)
678 2671 780 2726 per
812 2654 1034 2727 legatos
1075 2661 1330 2724 nostros,
1363 2673 1510 2728 quos
1557 2657 1632 2712 ad
1681 2657 1774 2711 di-

137 2742 343 2798 vinitus
366 2746 696 2814 protectum
729 2743 1043 2815 imperium
1075 2748 1244 2799 tuum
1267 2760 1399 2800 ecce
1431 2745 1774 2813 direximus,

139 2831 402 2904 inspectis
434 2831 804 2888 immutilatis
837 2832 1290 2905 exemplaribus,
1319 2851 1444 2906 quae
1477 2833 1594 2890 illis
1624 2839 1779 2890 tran-

139 2919 395 2992 quillitati
423 2924 540 2976 ture
570 2921 1030 2978 demonstranda
1047 2922 1591 2989 tradidimus,facile
1614 2928 1776 2994 potes

139 3025 454 3080 agnoscere.
491 3009 881 3073 Quamobrem
913 3015 970 3066 et
1003 3028 1110 3066 nos
1141 3029 1374 3084 quoque
1406 3012 1774 3068 dilectionem

141 3103 289 3153 tuam
318 3103 560 3170 paterno
590 3098 918 3156 salutantes
950 3101 1159 3156 affectu
1191 3102 1656 3173 deprecamur,et
1677 3120 1778 3174 per

145 3187 335 3254 Deum,
367 3187 427 3242 in
459 3189 631 3260 cujus
661 3204 840 3244 manu
883 3190 1059 3245 corda
1105 3195 1244 3246 sunt
1292 3207 1516 3263 regum,
1550 3191 1778 3247 enixius

1874 633 2080 671 mensa
2109 615 2497 671 admiratione
2526 615 2816 681 ducimur,
2842 618 2899 669 et
2930 615 3070 684 quia
3088 618 3315 670 tantum
3342 617 3522 688 impe-

1874 705 2026 760 rium
2060 703 2204 759 illud
2240 704 2448 775 potuit,
2473 707 2528 759 et
2556 707 2782 758 tantam
2816 704 3081 759 fraudem
3113 705 3364 774 perferre
3384 709 3521 776 jure

1873 792 2160 848 dolemus.
2195 791 2455 864 Denique
2485 791 2858 864 sacrilegium
2893 810 3006 848 non
3037 793 3330 849 immerito
3361 811 3520 850 como

1874 882 2109 938 misisse
2137 882 2424 938 dicendus
2453 885 2561 947 est,
2596 881 2694 953 qui
2717 880 2935 953 scripta
2969 880 3202 952 pietatis
3232 882 3519 951 ﬁdelium,

1875 975 2048 1042 atque
2080 969 2158 1041 pii
2186 969 2467 1042 principis
2499 969 2718 1024 notioni
2750 969 2838 1026 vel
2889 970 3182 1037 subducit,
3209 969 3297 1026 vel
3343 989 3378 1026 a
3427 972 3518 1028 sui

1873 1060 2112 1115 veritate
2126 1052 2478 1114 submoven's
2492 1057 2816 1114 velamento
2835 1058 3261 1131 prazstigiorum
3277 1078 3518 1116 suorum

1873 1148 2200 1204 obnubilat.
2219 1148 2633 1204 Verumtamen
2667 1164 2772 1202 nos
2805 1148 3337 1219 quomodocunque
3369 1147 3524 1206 falsi-

1875 1237 2004 1301 tati,
2036 1236 2122 1291 vel
2155 1235 2555 1308 depravationi
2589 1237 2789 1290 eadem
2824 1235 2903 1289 sit
2932 1234 3182 1306 epistola
3203 1237 3521 1304 submissa,

1876 1330 2073 1396 grates
2100 1325 2442 1381 innumeras
2469 1325 2700 1397 agimus
2731 1325 3042 1394 Deo,cujus
3068 1323 3448 1396 inspiratione
3468 1330 3527 1382 et

1878 1413 2074 1469 fidelia
2102 1414 2230 1484 ejus
2279 1412 2632 1485 exemplaria
2678 1429 2856 1484 penes
2902 1430 3007 1468 nos
3057 1414 3426 1482 retinuimus,
3469 1419 3528 1470 et

1878 1502 2050 1573 cujus
2097 1502 2390 1574 permissu
2434 1503 2533 1574 qui
2582 1501 2702 1557 haec
2752 1501 2839 1557 vel
2882 1501 3280 1558 authenticam
3334 1503 3524 1576 ipsam

1878 1591 2164 1663 scripsere
2194 1608 2501 1664 superesse
2529 1595 2873 1648 noscuntur.

1951 1681 2067 1736 Nos
2111 1685 2306 1736 autem
2357 1681 2566 1754 lgnatii
2620 1680 2815 1736 fratris
2865 1684 2920 1736 et
2968 1681 3294 1755 coepiscopi
3341 1683 3525 1739 nostri

1880 1769 2186 1840 privationi
2220 1786 2571 1842 quocunque
2601 1769 2961 1840 discrimine,
2989 1771 3332 1843 priusquam
3364 1789 3398 1827 a
3429 1789 3527 1827 no-

1880 1858 1972 1914 bis
2003 1857 2332 1930 specialiter
2361 1859 2432 1914 ad
2471 1857 2833 1915 iterationem
2881 1859 3009 1930 ejus
3042 1861 3397 1931 perducatur
3426 1878 3525 1916 ne-

1881 1946 2126 2018 gotium,
2162 1947 2301 2018 quia
2333 1963 2437 2002 nec
2481 1946 2762 2002 hactenus
2808 1947 3217 2004 consensimus
3259 1949 3526 2022 aliquan-

1881 2035 1974 2102 do,
2011 2035 2125 2090 Deo
2177 2051 2283 2090 nos
2330 2035 2733 2102 conﬁrmante,
2768 2035 2929 2090 nullo
2982 2037 3157 2092 modo
3203 2040 3526 2094 consentie-

1881 2141 2036 2179 IDUS.

1952 2213 2165 2268 Verum
2200 2230 2315 2268 non
2346 2213 2426 2267 ita
2448 2213 2847 2283 justificamus
2877 2230 3034 2278 eum,
3069 2219 3135 2270 ut
3183 2215 3329 2270 nihil
3375 2217 3529 2273 hunc

1882 2302 2331 2374 reprehensione
2361 2301 2606 2375 dignum
2641 2302 2954 2358 admisisse
2983 2304 3392 2377 dicamus,pro
3415 2323 3529 2377 quo

1882 2394 2128 2446 fortasse
2162 2391 2368 2446 merito
2400 2395 2645 2462 poterat,
2669 2391 2928 2463 legitima
2959 2391 3324 2448 discussione
3355 2394 3528 2458 facta,

1883 2480 2184 2552 quodlibet
2215 2480 2508 2535 canonica:
2531 2480 2801 2550 jaculum
2853 2481 2970 2552 pati
3023 2482 3359 2537 sententiae:
3396 2499 3530 2538 cum

1884 2570 2168 2640 scriptum
2189 2569 2247 2623 in
2262 2568 2594 2639 apostolicis
2612 2567 2821 2624 litteris
2840 2570 3528 2636 conﬁteamur,dicentes:

1884 2661 1946 2714 In
1972 2659 2162 2713 multis
2191 2658 2518 2729 oﬂ’endimus
2547 2674 2729 2712 omnes
2757 2661 2898 2726 (Jac.
2934 2662 3056 2727 in);
3092 2664 3148 2714 et
3186 2677 3390 2715 rursus
3425 2679 3438 2716 :
3470 2661 3535 2717 Si

1883 2747 2187 2802 dixerimus
2234 2748 2364 2817 quia
2411 2754 2694 2817 peccatum
2744 2762 2857 2801 non
2903 2748 3182 2814 habemus,
3237 2765 3334 2804 nos
3392 2752 3532 2821 ipsos

1883 2836 2212 2902 seducimus,
2245 2844 2297 2891 et
2325 2837 2521 2890 verita:
2552 2837 2612 2890 in
2641 2835 2796 2890 nobis
2824 2851 2935 2890 non
2961 2843 3041 2891 est
3067 2840 3117 2904 (ι
3145 2837 3300 2892 Joan.
3329 2838 3394 2908 ι);
3429 2840 3529 2894 sed

1885 2926 1966 2981 ita
1987 2924 2340 2993 volumus,et
2360 2923 3005 2979 itadecernimusistius
3019 2925 3175 2979 modi
3194 2926 3530 2996 pontificem

1886 3016 2063 3087 digna
2096 3031 2197 3086 pro
2229 3012 2396 3069 factis
2427 3013 2700 3084 recipere,
2738 3017 2804 3066 ut
2836 3013 3194 3068 sacerdotale
3220 3014 3398 3070 decus
3432 3031 3529 3087 pe-

1886 3104 2045 3158 nitus
2076 3120 2190 3157 non
2224 3101 2479 3168 vilescat,
2512 3118 2618 3156 nec
2647 3106 2767 3155 tam
2800 3100 2966 3156 facile
2999 3101 3351 3172 pontificalis
3385 3120 3532 3176 apex

1885 3197 2038 3248 terra
2069 3197 2237 3246 tenus
2268 3190 2623 3246 incurvetur.
2658 3190 2760 3257 Ita,
2784 3189 3420 3262 inquam,volumus.et
3450 3193 3532 3247 ita

147 3275 529 3352 obsecramus,
568 3280 632 3331 ut
675 3277 942 3333 eamdem
993 3277 1182 3350 ipsam
1235 3279 1565 3352 epistolam,
1600 3297 1776 3352 quam
1810 3267 1852 3334 C
1885 3280 2254 3337 decernimus
2270 3279 3530 3352 hunc,imoquemcunquepontiﬁcemjustas

147 3362 329 3436 gloriae
360 3368 472 3419 tua
504 3381 608 3436 per
634 3364 806 3438 longe
826 3366 1098 3437 superius
1115 3373 1468 3425 memoratos
1492 3368 1781 3425 Rhadoal-

150 3453 279 3508 dum
310 3457 366 3508 at
393 3453 733 3510 Zachariam
755 3454 1147 3524 misimus,his
1178 3457 1565 3528 praesentibus
1585 3457 1783 3516 missis

153 3541 353 3598 nostris
385 3547 896 3616 monstare,atque
927 3545 999 3600 ad
1026 3544 1392 3601 collationem
1425 3562 1559 3602 cum
1589 3564 1783 3603 exem-

152 3629 421 3700 plaribus,
455 3649 583 3704 quae
614 3633 700 3689 eis
728 3633 1020 3702 dedimus,
1053 3634 1380 3691 faciendam
1411 3652 1574 3692 mora
1617 3637 1782 3692 suffi-

151 3717 320 3776 ciente
350 3722 796 3778 accommodare
844 3723 1102 3795 digneris
1136 3741 1148 3779 :
1183 3728 1474 3796 quatenus
1523 3743 1626 3798 per
1675 3726 1784 3782 hoc

151 3807 287 3864 scire
313 3809 770 3878 valeant,utrum
805 3811 887 3867 sic
915 3812 1118 3868 eadem
1149 3813 1396 3884 epistola
1413 3814 1471 3868 in
1486 3831 1593 3870 sua
1604 3831 1784 3886 penes

149 3911 242 3952 vos
285 3898 614 3971 integritate
665 3904 916 3965 maneat,
943 3901 1441 3972 quemadmodum
1481 3904 1784 3959 exstiterat

151 3986 370 4043 anobis
399 3991 514 4043 tua:
561 3987 912 4044 sublimitati
961 3989 1225 4044 directa:
1275 4007 1347 4044 an
1400 4007 1434 4045 a
1481 4007 1780 4062 quoquam

150 4073 311 4130 fuerit
339 4079 718 4148 postmodum
749 4079 820 4134 ad
853 4079 1124 4150 superius
1154 4082 1461 4134 annotatas
1502 4079 1781 4150 deprava-

150 4162 326 4221 tiones
354 4167 656 4238 perducta.

211 4251 276 4307 Et
303 4253 594 4326 siquidem
623 4271 728 4328 per
756 4259 1076 4313 vestratum
1101 4256 1358 4329 aliquem
1371 4260 1600 4312 tantum
1618 4258 1782 4314 nefas

150 4343 427 4410 patratum
459 4348 567 4399 est:
586 4345 862 4416 quoniam
895 4347 1047 4418 apud
1067 4345 1483 4416 Graecos(sicut
1500 4346 1784 4403 nonnulla

150 4428 346 4487 diversi
377 4433 658 4504 temporis
709 4434 930 4506 scripta
978 4438 1291 4504 testantur)
1340 4434 1644 4492 familiaris
1692 4440 1784 4493 est

149 4515 254 4574 ista
278 4522 576 4578 temeritas
602 4541 614 4579 :
640 4524 945 4592 miramur,
971 4529 1027 4580 et
1060 4524 1250 4580 modis
1283 4525 1557 4581 omnibus
1579 4526 1782 4582 obstu-

1893 3370 2063 3426 subdi
2095 3368 2487 3435 sententiae,ut
2518 3366 3067 3423 nonasacularibus
3082 3369 3533 3442 quibuscunque

1884 3460 2204 3531 judicetur,
2238 3475 2352 3514 non
2384 3457 2684 3530 tyrannica
2715 3456 3095 3529 propellatur,
3117 3474 3233 3513 non
3263 3463 3398 3514 ante
3430 3476 3532 3514 au-

1891 3549 2170 3604 dientiam
2201 3547 2444 3603 ecclesia
2474 3564 2581 3602 sua
2610 3545 2884 3618 privetur,
2900 3563 3016 3602 non
3047 3547 3119 3602 ab
3140 3547 3532 3618 inferioribus,

1892 3639 1992 3694 sed
2023 3655 2058 3693 a
2089 3636 2328 3708 majoris
2359 3635 2722 3692 auctoritatis
2752 3635 3020 3708 personis
3041 3635 3178 3691 recti
3193 3635 3538 3692 calculisen-

1891 3727 2135 3784 tentiam
2179 3730 2592 3796 consequatur.
2629 3725 2715 3779 Ita
2744 3724 2995 3797 denique
3023 3724 3314 3793 volumus,
3351 3729 3410 3782 et
3456 3727 3538 3782 ita

1892 3815 2263 3872 decernimus
2317 3814 2510 3881 istius,
2545 3813 2662 3868 imo
2694 3829 2826 3868 vero
2873 3819 3219 3869 cunctorum
3269 3815 3536 3871 sacerdo-

1890 3910 2016 3960 tum
2067 3921 2274 3960 causas
2321 3901 2674 3966 examinare,
2717 3901 2949 3973 culpam
3001 3919 3170 3957 suam
3219 3903 3424 3973 punire
3472 3908 3540 3959 ut

1891 3998 2161 4066 paternos
2190 3990 2473 4047 terminos
2503 4006 2620 4045 non
2647 3989 3168 4061 transgrediamur,
3202 4007 3399 4046 saeros
3440 4008 3536 4046 ca-

1892 4097 2073 4138 nones
2105 4096 2220 4135 non
2255 4078 2688 4144 conculcemus,
2720 4095 2825 4132 nec
2856 4077 3167 4133 decretalis
3196 4078 3352 4133 sedis
3402 4095 3538 4150 apo-

1890 4169 2106 4227 stolicae
2154 4167 2494 4234 constituta,
2529 4166 2743 4238 quibus
2794 4165 3053 4222 Ecclesia
3105 4169 3228 4222 tota
3277 4165 3534 4236 fulcitur,

1891 4264 2063 4331 atque
2085 4256 2367 4323 munitur,
2393 4255 2805 4328 quoquomodo
2832 4255 3142 4312 violemus.

1960 4349 2044 4404 Ad
2093 4353 2416 4402 extremum
2465 4345 2548 4401 ita
2593 4345 2885 4411 volumus,
2918 4351 2976 4402 et
3022 4347 3105 4402 ita
3143 4347 3534 4416 decernimus,

1889 4437 2225 4512 pontificem
2257 4435 2679 4508 qualiscunque
2709 4434 2808 4501 sit,
2831 4435 3089 4506 judicari
3117 4452 3129 4489 :
3165 4440 3230 4490 ut
3258 4435 3534 4502 ecclesiae,

1891 4528 1982 4584 cui
2014 4529 2240 4600 praeest,
2266 4525 2405 4596 jura
2451 4522 2614 4579 nulla
2656 4522 3005 4591 temeritate,
3041 4523 3202 4578 nulla
3248 4541 3536 4595 praesum-

148 4609 450 4700 pescimus,
485 4611 534 4667 si
565 4613 762 4683 regius
792 4612 1143 4669 excellentia
1174 4617 1286 4670 tua:
1319 4614 1525 4681 honor,
1557 4615 1657 4686 qui
1680 4617 1778 4686 ju-
1811 4636 1858 4700 Ι)
1891 4616 2087 4689 ptione
2117 4616 2480 4686 frangantur.
2506 4611 2742 4667 Nullum
2775 4611 2990 4684 quippe
3021 4612 3234 4684 poterit
3270 4611 3536 4667 Ecclesiae

151 4695 355 4755 dicium
372 4699 664 4773 diligit,ad
680 4703 912 4757 tantum
921 4703 1178 4774 potuerit
1198 4703 1450 4759 dedecus
1467 4703 1777 4769 incurvari,

149 4799 271 4840 cum
302 4789 371 4843 ad
403 4789 513 4846 hoc
543 4790 733 4862 magis
765 4790 1044 4847 divinitus
1075 4792 1382 4848 ordinatus
1404 4793 1784 4865 sit,utdepra-

147 4878 268 4929 vata
295 4879 562 4950 corrigat,
590 4883 647 4935 et
676 4879 889 4936 falsata
918 4879 1178 4952 pristinae
1209 4882 1469 4938 veritatis
1492 4881 1782 4938 honestati

152 4963 561 5034 restituat;aut
590 4967 746 5024 enim
787 4970 957 5040 justa
997 4971 1234 5026 fuerunt
1277 4987 1406 5043 quae
1454 4971 1780 5039 missimus,

153 5049 336 5124 sicque
363 5062 790 5128 consequenter
818 5059 1075 5131 oportuit
1094 5077 1161 5116 ea
1191 5059 1536 5128 servari,aut
1557 5059 1607 5116 si
1621 5061 1786 5132 justa

154 5143 342 5208 putata
369 5161 484 5200 non
515 5146 743 5215 sunt,in
777 5149 1075 5219 quojusta
1105 5165 1220 5204 non
1252 5149 1488 5218 fuerint,
1507 5166 1608 5221 per
1627 5149 1784 5204 aliud

156 5226 348 5286 saltem
371 5234 656 5306 scriptum
676 5236 886 5309 exponi
917 5237 1004 5292 vel
1038 5238 1208 5294 nobis
1235 5237 1454 5301 referri,
1480 5243 1536 5293 et
1553 5256 1788 5294 summa

158 5317 364 5376 ratione
390 5323 720 5381 debuerunt
748 5330 1015 5398 patenter
1045 5327 1295 5383 ostendi.
1314 5327 1376 5382 In
1409 5326 1568 5383 nullo
1591 5333 1786 5385 tamen

159 5401 352 5464 horum
381 5414 638 5484 oportuit
669 5431 738 5471 ea
765 5415 853 5472 vel
879 5415 1132 5473 ecclesia:
1165 5433 1290 5488 quas
1322 5417 1476 5489 apud
1524 5433 1627 5474 vos
1677 5421 1784 5486 est,

161 5497 468 5637 :ognditione
497 5504 830 5575 pri~vari,vel
855 5505 1053 5578 aliqua
1084 5505 1356 5564 falsitatis
1378 5507 1788 5578 depravatione

181 5599 276 5637 mu
320 5590 422 5637 ari.

181 5587 422 5646 'raudari.

227 5672 388 5737 Porro
418 5681 466 5739 si
498 5687 610 5742 tua:
632 5686 1104 5746 mansuetudinis
1115 5687 1442 5764 postposita
1461 5686 1784 5746 notitiahoc

1883 4708 1984 4778 jus
2016 4705 2260 4776 dignum
2293 4700 2529 4766 servari,
2564 4700 2612 4756 si
2643 4700 2852 4772 pracsul
2893 4701 3020 4771 ejus
3071 4718 3104 4755 a
3151 4699 3535 4772 quibuslibet,

1888 4793 1977 4850 vel
2009 4791 2515 4865 quandolibet,aut
2544 4789 3536 4861 quomodolibetimpetratur,etpro

1890 4882 2054 4938 libito
2103 4882 2507 4951 cujuscunque
2537 4882 2701 4934 tanta
2744 4877 3018 4934 facilitate
3069 4877 3338 4950 pellatur.
3373 4879 3536 4943 Quod

1893 4988 2025 5027 cum
2059 4971 2140 5024 ita
2170 4969 2387 5035 sit,non
2420 4984 2738 5040 possumus
2761 4967 2994 5022 interim
3015 4968 3250 5022 fratrem
3270 4971 3536 5023 nostrum

1892 5058 2205 5133 Ignatium,
2239 5056 2666 5130 qualiscunque
2695 5056 2922 5123 sit,non
2955 5057 3107 5112 inter
3133 5055 3538 5111 sanctissimos

1894 5152 1950 5205 et
1981 5146 2351 5202 beatissimos
2381 5142 2742 5216 patriarchas
2783 5159 3224 5199 eonnumerare.
3262 5141 3369 5208 Qui
3403 5141 3540 5198 licet

1897 5237 2050 5310 apud
2083 5252 2183 5292 vos
2215 5235 2293 5290 sit
2321 5239 2407 5289 tot
2432 5232 2781 5304 opprobriis,
2811 5238 2895 5288 tot
2926 5231 3429 5305 persecutionibus
3460 5233 3540 5286 fa-

1894 5327 2174 5400 tigatus,a
2204 5323 2372 5380 nobis
2393 5326 2588 5377 tamen
2621 5320 2852 5376 nonnisi
2877 5321 3066 5392 qualis
3080 5339 3114 5376 a
3129 5320 3537 5377 decessoribus

1897 5417 2044 5474 meis
2074 5415 2341 5481 habetur,
2377 5411 2633 5468 creditur
2661 5414 2718 5467 et
2744 5414 3054 5466 veneratur
3079 5428 3094 5477 ;
3127 5408 3289 5466 nullo
3321 5408 3539 5480 quippe

1897 5511 2097 5564 nostro
2129 5502 2391 5561 examine
2422 5501 2672 5572 alicujus
2710 5499 2972 5556 criminis
3023 5516 3180 5566 rcus,
3213 5497 3373 5554 nullo
3426 5501 3536 5568 est,

1895 5600 2096 5654 nostro
2128 5592 2360 5668 speciali
2387 5589 2610 5664 judicio
2657 5593 2918 5663 repertus
2966 5588 3250 5646 obnoxius
3283 5605 3296 5642 :
3329 5603 3397 5643 ac
3434 5603 3540 5658 per

1894 5685 2004 5745 hoc
2030 5687 2188 5765 (cum
2218 5683 2382 5744 nulla
2411 5684 2521 5758 est)
2553 5679 2717 5741 nulla
2741 5679 3029 5741 sententia
3058 5675 3537 5742 condemnandus
