3898 6212
349 396 372 453 1
386 392 501 453 027

1713 383 2025 449 NIGOLAI
2073 384 2297 447 ΡΑΡιΕ
2337 382 2385 446 Ι.

3618 382 3781 446 1028

347 528 447 578 aut
469 517 1325 592 anostriEcclesizequenostrae
1340 516 1990 590 communionecollegii
2019 518 2073 585 Α
2099 517 2404 575 videamus
2436 532 2686 589 quorum
2709 512 2937 587 judicio
2970 515 3054 570 vel
3102 531 3359 588 quorum
3407 513 3779 571 auctoritate

347 610 918 682 mquestrandus,aut
946 608 1264 680 aliquibus,
1295 608 1408 664 nisi
1432 607 1872 664 honorabilibus
1892 625 1990 662 vo-

346 698 573 755 cabulis
603 697 1007 770 appellandus.
1040 698 1150 753 Sed
1182 715 1288 753 nec
1318 697 1378 753 in
1414 698 1599 754 Photii
1652 696 1992 753 sacerdotali

344 787 984 861 provectu,przestando
1013 788 1206 842 favore
1234 787 1294 841 in
1323 791 1456 842 vota
1484 785 1994 842 condescensionis

343 881 559 933 nostra:
572 876 743 931 modo
755 874 1532 947 quolibetinclinabimus.(a)
1550 876 1694 948 Ergo
1708 873 1991 946 tranquil-

344 964 480 1021 litas
509 970 613 1021 tua
642 965 968 1020 litterarum
999 964 1208 1020 saltem
1238 982 1394 1021 nunc
1442 969 1637 1020 tenere
1681 966 1994 1037 cognoscat

345 1055 548 1111 sedem
580 1053 733 1109 beati
767 1052 917 1108 Petri
948 1053 1195 1126 apostoli
1220 1052 1281 1108 in
1312 1053 1601 1126 ncophyto
1640 1057 1696 1108 et
1742 1051 1988 1118 mmcho,

343 1147 401 1200 et
430 1140 1213 1215 Constontin'opolitanorum
1244 1141 1511 1198 Ecclesiae
1540 1142 1805 1197 invasere
1849 1140 1993 1195 Pho-

343 1232 590 1300 tio,olim
616 1233 895 1304 justeque
925 1232 1297 1300 damnato,ac
1328 1230 1714 1287 nihilominus
1746 1245 1993 1302 praesen-

344 1322 422 1379 tia
469 1321 733 1395 synodali
783 1337 969 1392 nuper
1011 1320 1173 1387 eliso,
1202 1319 1634 1375 communionis
1663 1334 1986 1390 nunquam,

343 1411 458 1467 nisi
486 1427 520 1466 a
545 1409 1016 1483 praevaricatione
1065 1408 1395 1477 cessaverit,
1430 1409 1808 1481 przebituram
1860 1423 1989 1463 esse

342 1515 718 1556 consensum.

412 1587 542 1658 Qui,
571 1592 635 1642 ut
666 1591 869 1643 caetera
902 1603 1056 1641 nunc
1087 1586 1448 1652 omittamus,
1482 1603 1517 1642 a
1562 1584 1835 1659 Gregorio
1884 1584 1987 1657 Sy-

341 1694 631 1735 racusano
678 1675 766 1732 vel
817 1675 1040 1731 caeteris
1098 1676 1438 1732 schismatis
1490 1674 1815 1741 institutus,
1870 1672 1986 1729 imo

339 1768 697 1832 destructus,
720 1769 921 1821 contra
948 1781 1119 1820 omne
1153 1766 1237 1820 fas
1270 1765 1508 1820 alterius
1538 1764 1847 1836 praesidere
1870 1780 1985 1819 non

338 1860 531 1928 potest
561 1854 849 1952 Ecclesia.
880 1853 1028 1911 Nam
1059 1853 1263 1952 meri-t9
1304 1855 1637 1952 destructus
1686 1870 1816 1952 esse
1863 1869 1986 1952 ore:
2016 1889 2063 1952 Β

337 1946 518 2013 ditur,
554 1944 654 2016 qui
685 1961 719 1999 a
758 1944 1061 1999 destructo
1107 1942 1382 1999 aedificari
1430 1959 1693 2014 sperans,
1727 1942 1901 1997 etiam
1934 1942 1983 1997 si

338 2051 457 2106 qua
501 2032 617 2088 alia
665 2033 821 2088 bona
870 2030 1141 2088 fortassis
1184 2030 1413 2099 habuit,
1459 2030 1654 2085 nimia:
1702 2046 1982 2101 praesum-

335 2121 554 2194 ptionis
583 2122 710 2191 ejus
740 2118 1056 2175 temeritati
1087 2117 1981 2191 communicans,perdidit.Nam

335 2210 651 2282 Gregorius
682 2209 975 2280 quomodo
1006 2224 1366 2279 quemquam
1405 2209 1691 2265 aediﬁcare
1735 2210 1979 2280 poterat,

335 2298 436 2370 qui
470 2296 875 2369 multipliciter
896 2297 1024 2367 jam
1057 2296 1410 2351 noscebatur
1438 2295 1662 2353 elisus?
1681 2297 1980 2363 Quomodo

335 2403 695 2458 quemquam
735 2385 794 2440 in
846 2384 1041 2457 aliquo
1071 2383 1461 2441 ecclesiastico
1508 2389 1737 2456 poterat
1781 2385 1981 2441 ordine

334 2474 615 2538 stabilire,
648 2475 748 2546 qui
780 2472 1047 2529 Ecclesia:
1081 2473 1367 2529 unitatem
1398 2474 1691 2541 scindens,
1715 2473 1839 2545 ipse
1851 2475 1979 2546 jam

333 2563 641 2619 videbatur
669 2562 909 2619 omnino
940 2561 1238 2632 dejectus?
1266 2563 1430 2619 Sicut
1468 2563 1623 2619 enim
1670 2561 1885 2635 ligatus
1914 2562 1981 2618 li-

332 2669 491 2726 gare,
525 2656 583 2707 ct
628 2653 887 2723 dejectus
937 2651 1185 2721 dejicere
1233 2668 1348 2707 non
1400 2652 1609 2723 potuit,
1642 2650 1725 2706 sic
1756 2652 1981 2707 destru-

333 2746 462 2797 ctus
488 2744 845 2806 construere,
879 2745 935 2795 et
965 2738 1144 2795 elisus
1172 2756 1527 2813 quemquam
1569 2740 1836 2795 ordinare
1876 2756 1976 2795 ne-

332 2829 534 2903 quivit.
569 2834 633 2884 In
666 2845 901 2885 summo
944 2829 1159 2901 quippe
1204 2832 1393 2885 status
1440 2829 1534 2885 sui
1564 2834 1794 2901 oportet
1838 2846 1973 2884 eum

329 2919 523 2992 vigore
553 2917 889 2985 consistere,
925 2923 980 2974 et
1010 2919 1197 2974 ﬁrmis
1241 2918 1391 2973 imiti
1422 2935 1525 2991 per
1568 2919 1766 2973 omnia
1812 2918 1975 2974 basi-

330 3008 461 3076 bus,
496 3008 597 3081 qui
646 3006 895 3063 alterum
945 3006 1033 3063 vel
1083 3011 1383 3080 prosterne
1426 3006 1513 3063 vel
1562 3011 1807 3064 conatur
1854 3012 1974 3062 sta-

329 3102 512 3153 tuere.

400 3186 715 3259 Gregorius
746 3203 901 3260 ergo,
935 3187 1035 3259 qui
1066 3186 1344 3242 canonice
1374 3202 1439 3242 ac
1480 3186 1752 3259 synodice
1800 3186 1974 3258 depo-

2101 607 2413 678 Grcgorius
2444 611 2575 679 post
2594 604 3020 677 depositionem
3044 609 3101 659 et
3126 603 3777 669 anathema,honorem

2102 695 2471 768 episcopatus
2502 695 2698 767 praesit
2714 693 3247 766 [prmsumpsit],vel
3272 693 3547 750 officium
3570 693 3778 765 pristi-

2102 803 2245 841 num
2277 784 2509 857 recepit.
2543 784 2759 839 Omnes
2786 782 2942 838 enim
2981 782 3150 838 illum
3198 787 3257 839 et
3286 780 3634 855 depositum
3672 798 3778 837 no-

2102 879 2240 929 runt
2266 880 2323 930 et
2351 872 2741 928 anathematis
2768 871 3017 929 vinculis
3047 872 3372 945 obligatum
3405 887 3478 927 ac
3522 887 3633 943 per
3659 869 3776 926 hoc

2100 964 2282 1020 totius
2307 961 2575 1019 Ecclesiae
2623 961 3036 1017 communione
3079 959 3395 1033 privatum.
3436 960 3579 1016 Jam
3631 976 3775 1014 vero

2101 1053 2146 1108 si
2180 1051 2441 1108 dixeritis
2473 1051 2611 1123 quia
2638 1050 2763 1122 ipse
2792 1050 2905 1105 sibi
2934 1049 3244 1123 Gregorius
3271 1054 3331 1105 et
3349 1049 3650 1105 honorem
3685 1065 3775 1104 re-

2099 1142 2374 1216 sumpsit,
2406 1144 2463 1197 et
2491 1138 2806 1213 pristinum
2831 1138 3090 1195 officium
3120 1138 3358 1211 recepit,
3383 1137 3597 1194 audite
3619 1138 3770 1209 quid

2096 1231 2411 1305 Apostolus
2440 1228 2597 1285 dicat
2626 1245 2639 1283 :
2674 1232 2785 1284 Nec
2810 1230 3102 1301 quisquam
3129 1236 3314 1283 sumat
3329 1229 3445 1283 sibi
3470 1228 3771 1291 honerem,

2096 1321 2189 1377 sed
2219 1322 2317 1393 qui
2345 1328 2567 1376 vocatur
2588 1336 2622 1373 a
2655 1323 2764 1374 Deo
2795 1326 3060 1390 tanquam
3094 1319 3276 1373 Aaron
3305 1335 3326 1370 :
3354 1316 3447 1372 sed
3494 1324 3553 1372 et
3601 1315 3769 1371 Chri—

2096 1420 2213 1466 stus
2250 1425 2363 1465 non
2402 1408 2752 1480 semetipsum
2793 1407 3141 1478 clariﬁcavit,
3191 1414 3254 1461 ut
3290 1407 3556 1478 pontifex
3608 1405 3773 1475 ﬁeret

2098 1498 2276 1571 (Hebr.
2303 1501 2381 1567 v).
2425 1497 2536 1553 Sed
2588 1502 2646 1552 et
2690 1494 3052 1551 venerabiles
3096 1494 3446 1550 Antiocheni
3496 1510 3770 1550 canones

2096 1587 2445 1661 praecipiunt
2472 1604 2485 1642 :
2520 1586 2581 1642 Si
2612 1586 2748 1658 quis
2775 1584 3086 1657 episcopus
3108 1585 3425 1639 damnatus
3446 1600 3483 1638 a
3503 1583 3765 1656 synodo,

2094 1676 2182 1732 vel
2214 1677 2533 1749 presbyter,
2568 1679 2669 1730 aut
2716 1674 2998 1729 diaconus
3046 1691 3081 1729 a
3120 1690 3225 1728 suo
3278 1672 3585 1745 episcopo,
3631 1674 3764 1727 ausi

2096 1766 2313 1821 fuerint
2343 1765 2577 1836 aliquod
2617 1765 2689 1819 de
2736 1779 2901 1819 sacro
2950 1761 3277 1818 ministerio
3318 1762 3496 1833 juxta
3540 1777 3765 1834 praece-

2094 1856 2327 1910 dentem
2366 1853 2849 1909 consuetudinem
2890 1852 3245 1924 contingere,
3278 1851 3401 1907 sive
3433 1850 3764 1923 cpiscopus

2093 1945 2189 2011 sit,
2225 1943 2343 1999 sive
2375 1941 2676 2015 presbyter
2706 1945 2808 1996 aut
2835 1940 3140 2006 diaconus,
3174 1938 3336 1994 nullo
3368 1930 3552 1995 modo
3586 1938 3766 1995 liceat

2092 2033 2142 2089 ei
2176 2049 2281 2088 nec
2311 2032 2371 2087 in
2404 2029 2521 2085 alia
2549 2029 2771 2102 synodo
2802 2027 3191 2085 restitutionis
3223 2044 3389 2100 spem
3416 2031 3524 2083 aut
3555 2027 3759 2083 locum

2092 2121 2305 2177 habere
2317 2118 2865 2176 satistactionis:sed
2879 2121 2937 2172 et
2949 2117 3531 2173 excommunicantes
3544 2133 3758 2172 omnes

2091 2210 2266 2283 abjici
2297 2210 2369 2264 de
2399 2207 2672 2275 Ecclesia,
2704 2211 2763 2262 et
2793 2206 3044 2262 maxime
3073 2206 3121 2261 si
3167 2209 3563 2278 posteaquam
3604 2205 3757 2261 didi-

2089 2298 2277 2353 cerint
2302 2298 2580 2354 adversus
2630 2298 2986 2351 memoratos
3031 2294 3318 2366 prolatam
3370 2294 3563 2350 fuisse
3616 2311 3756 2350 sen-

2086 2386 2353 2453 tentiam,
2381 2385 2599 2442 eisdem
2630 2383 3065 2441 communicare
3095 2383 3756 2456 praesumpserint.Car—

2086 2475 2462 2548 thaginenses
2492 2490 2725 2546 quoque
2756 2472 2968 2545 regulae
3019 2472 3605 2529 excommunicatum
3655 2471 3753 2544 qui

2087 2569 2222 2622 ante
2246 2563 2603 2620 audientiam
2634 2562 3068 2619 communicare
3092 2562 3422 2629 tentaverit,
3452 2561 3662 2634 ipsum
3693 2562 3750 2616 in

2086 2669 2150 2710 se
2178 2652 2616 2709 damnationem
2648 2649 2963 2724 protulisse
3005 2649 3312 2705 manifeste
3362 2650 3747 2705 denuntiant.

2086 2742 2145 2797 Si
2175 2758 2314 2815 ergo
2337 2741 2661 2798 secundum
2692 2737 3035 2811 Apostolum
3064 2754 3234 2793 nemo
3289 2738 3404 2792 sibi
3456 2737 3746 2794 honorem

2084 2831 2314 2903 accipit,
2342 2834 2399 2885 et
2428 2829 2695 2886 Christus
2724 2844 2838 2883 non
2870 2842 2932 2883 se
2970 2827 3309 2882 clarificavit
3360 2832 3428 2882 ut
3482 2826 3745 2899 pontifex

2085 2920 2265 2986 fieret,
2300 2919 2400 2991 qui
2430 2935 2636 2975 omnes
2662 2934 2795 2974 cum
2827 2918 2993 2973 Patre
3024 2920 3081 2971 et
3122 2916 3344 2988 Spiritu
3377 2921 3592 2971 sancto
3621 2916 3743 2989 glo-

2084 3009 2376 3064 riﬁcantes
2407 3025 2469 3064 se
2498 3007 2804 3080 gloriﬁcat,
2837 3014 2894 3062 et
2923 3006 3047 3077 ipse
3077 3008 3167 3061 est
3200 3006 3485 3077 pontifex,
3522 3005 3597 3060 de
3630 3022 3741 3077 quo

2083 3115 2289 3154 rursus
2320 3097 2475 3153 idem
2507 3097 2649 3152 dicit
2676 3093 2989 3169 Apostolus
3022 3112 3036 3150 :
3075 3095 3219 3151 Talis
3244 3094 3468 3150 decebat
3496 3102 3560 3150 ut
3586 3096 3741 3150 nobis

2081 3194 2217 3242 esset
2243 3187 2492 3258 pontifex
2532 3194 2777 3255 sanctus,
2831 3186 3112 3255 innocens,
3162 3184 3505 3255 impollutus,
3558 3200 3737 3254 segre-

329 3275 477 3331 situs
500 3256 556 3331 e—t
572 3256 1759 3347 anathematisatuserat,quemadmodum
1779 3256 1977 3348 posset
2006 3256 2048 3322 Ο
2081 3256 2305 3346 ῃαιιιδά
2328 3256 2721 3347 peccatoribus,
2751 3278 2861 3329 etc.
2895 3274 3072 3341 (Hebr.
3109 3275 3230 3342 vn).

328 3380 687 3435 quemquam
738 3362 1052 3435 provehere
1100 3361 1189 3417 vel
1227 3363 1585 3431 benedicere,
1620 3363 1765 3418 ratio
1812 3362 1975 3438 nulla

329 3453 514 3508 docet.
548 3451 734 3524 Igitur
762 3450 907 3506 nihil
940 3450 1181 3506 Photius
1212 3468 1245 3506 a
1273 3449 1545 3523 Gregorio
1577 3451 1973 3523 percepit,nisi

329 3544 615 3612 quantum
657 3539 971 3611 Gregorius
1018 3538 1261 3607 habuit;
1314 3539 1459 3594 nihil
1510 3544 1705 3595 autem
1745 3540 1970 3607 habuit,

328 3626 476 3683 nihil
507 3627 685 3682 dedit.
721 3626 827 3683 Per
864 3643 1064 3683 eorum
1115 3628 1348 3701 quippe,
1384 3635 1448 3684 ut
1493 3628 1724 3701 legitur,
1760 3646 1972 3684 manus

328 3716 763 3788 impositionem
811 3721 868 3771 et
919 3716 1339 3773 invocationem
1400 3718 1648 3774 dabatur
1718 3717 1972 3790 Spiritus

327 3803 701 3877 sanctus,qui
732 3810 1013 3860 noverant
1042 3806 1294 3861 mundas
1324 3806 1393 3862 ad
1425 3806 1737 3862 Dominum
1761 3823 1972 3863 manus

324 3893 841 3949 lzevare.Czeterum
873 3893 1208 3966 Gregorius,
1229 3895 1327 3967 qui
1362 3898 1763 3968 transgressor
1783 3895 1973 3951 factus

324 3987 415 4039 est
446 3981 609 4056 legis,
644 3983 715 4037 ad
747 3981 1113 4038 iracundiam
1140 3982 1232 4039 sui
1263 3982 1451 4057 magis
1475 4000 1650 4056 quam
1674 3985 1745 4040 ad
1770 3999 1969 4040 conse-

323 4071 640 4128 crationem
671 4070 925 4143 alicujus
964 4071 1247 4144 Spiritum
1284 4078 1554 4129 sanctum
1595 4090 1700 4145 per
1735 4072 1973 4145 imposi-

321 4161 541 4216 tionem
565 4176 683 4216 suae
713 4177 927 4215 manus
957 4160 1082 4217 sine
1104 4161 1283 4218 dubio
1309 4160 1897 4234 provocavit,etiamsi
1920 4161 1972 4219 is

324 4248 424 4320 qui
460 4247 823 4305 ordinandus
850 4252 992 4314 erat,
1029 4249 1222 4306 nullas
1251 4250 1396 4307 alias
1438 4251 1679 4307 haberet
1720 4250 1832 4306 sibi
1880 4268 1968 4307 re-

320 4335 493 4409 gulas
523 4335 841 4393 obviantes.
877 4338 1020 4394 Hinc
1049 4340 1207 4395 enim
1238 4340 1523 4412 scriptum
1554 4344 1643 4396 est
1674 4358 1686 4395 :
1722 4343 1836 4411 Qui
1881 4342 1971 4396 ob—

320 4432 472 4481 turat
515 4442 677 4482 aures
723 4443 853 4482 suas
896 4443 966 4483 ne
1010 4428 1201 4484 audiat
1249 4429 1439 4496 legem,
1480 4430 1654 4483 oratio
1700 4431 1819 4499 ejus
1865 4430 1971 4484 erit

317 4514 670 4571 exsecrabilis
701 4517 881 4584 (Prov.
913 4517 1134 4585 XXVIII).
1169 4516 1230 4571 Si
1263 4514 1654 4582 exsecrabilis,
1678 4516 1883 4588 utique
1913 4521 1971 4573 et

2152 3366 2224 3420 Et
2269 3364 2319 3420 si
2367 3363 2696 3436 episcopus,
2739 3363 2840 3434 qui
2891 3363 3212 3418 damnatus
3261 3379 3297 3418 ι
3343 3362 3569 3434 synodo
3624 3366 3732 3429 est,

2073 3454 2246 3526 juxta
2275 3470 2471 3509 sacros
2493 3469 2767 3519 canones,
2790 3450 2840 3508 si
2872 3467 3054 3507 ausus
3083 3450 3258 3507 fuerit
3286 3449 3508 3523 aliquid
3543 3451 3615 3506 de
3646 3468 3734 3507 sa-

2081 3559 2178 3598 cro
2206 3540 2531 3598 ministerio
2575 3541 2747 3612 juxta
2773 3541 3195 3613 praecedentem
3239 3539 3728 3597 consuetudinem

2081 3630 2434 3703 contingere,
2469 3634 2525 3685 et
2548 3633 2681 3685 ante
2712 3628 3074 3684 audientiam
3115 3628 3567 3696 communicare,
3601 3629 3729 3701 ipse

2080 3721 2139 3776 in
2172 3736 2234 3775 se
2263 3719 2699 3775 damnationem
2730 3717 2973 3790 protulit
2997 3736 3010 3786 ;
3042 3717 3126 3774 ita
3154 3722 3218 3773 ut
3245 3717 3404 3774 nullo
3446 3719 3625 3774 modo
3651 3717 3727 3774 li-

2081 3812 2207 3865 ceat
2235 3808 2287 3865 ei
2318 3826 2422 3864 nec
2454 3809 2513 3864 in
2546 3807 2659 3864 alia
2703 3806 2923 3880 synodo
2971 3806 3355 3863 restitutionis
3403 3823 3591 3880 spem,
3625 3810 3728 3863 aut

2079 3898 2275 3955 locum
2306 3898 2518 3953 habere
2549 3895 3103 3966 satisfactionis,sed
3131 3901 3188 3952 et
3217 3896 3724 3952 communicantes

2080 4003 2284 4044 omnes
2314 3986 2489 4058 abjici
2518 3987 2589 4042 de
2617 3985 2905 4054 Ecclesia;
2938 3990 3159 4057 quanta
3188 3989 3359 4058 putas
3408 3985 3724 4058 Gregorius

2080 4093 2251 4148 poena
2281 4075 2655 4131 mulctandus
2686 4078 2796 4141 est,
2822 4073 2924 4146 qui
2945 4077 3078 4146 post
3098 4073 3530 4129 damnationem
3550 4073 3647 4129 sui
3668 4080 3727 4130 et

2079 4165 2412 4232 anathema,
2446 4163 2503 4219 in
2537 4163 2658 4219 haec
2689 4163 2890 4219 omnia
2919 4162 3286 4219 commisisse
3332 4163 3636 4236 probatur,
3670 4163 3728 4218 id

2078 4258 2186 4320 est,
2218 4257 2274 4309 et
2303 4270 2482 4325 super
2512 4252 2809 4308 Christum
2843 4269 2905 4307 se
2934 4251 3163 4322 extulit,
3184 4255 3241 4307 et
3268 4252 3423 4324 quod
3452 4250 3577 4323 ipse
3610 4268 3730 4308 non

2078 4342 2232 4410 fecit,
2262 4341 2371 4397 iste
2401 4345 2458 4395 et
2486 4339 2768 4396 honorem
2800 4339 2913 4396 sibi
2947 4338 3358 4410 resumpsit,et
3383 4342 3447 4393 ut
3465 4339 3735 4409 pontifex

2076 4433 2249 4497 esset,
2265 4445 2327 4485 se
2352 4428 2837 4500 arrogantissime
2861 4426 3221 4493 clarificavit,
3243 4430 3301 4482 et
3328 4431 3457 4482 ante
3486 4426 3731 4482 audien-

2075 4520 2218 4575 tiam
2254 4516 2795 4574 excommunicatus
2825 4516 3261 4573 communicare
3290 4519 3347 4572 et
3370 4515 3541 4571 velita
3561 4532 3735 4572 usur-

319 4620 434 4659 non
468 4602 744 4659 audibilis
770 4621 783 4671 ;
818 4604 865 4660 si
899 4621 1015 4659 non
1063 4602 1361 4670 audibilis,
1394 4603 1532 4657 erdo
1581 4603 1887 4674 inefficax;
1921 4605 1972 4662 si
2002 4624 2049 4689 D
2079 4624 2217 4680 pare
2246 4606 2647 4679 praesumpsit,
2675 4609 2731 4661 et
2762 4606 3077 4661 damnatus
3106 4605 3177 4660 de
3206 4622 3374 4661 sacro
3403 4603 3734 4662 ministerio

317 4690 608 4759 inefﬁcax,
633 4693 889 4763 profecto
921 4690 1123 4746 Photio
1168 4688 1316 4744 nihil
1349 4693 1663 4760 praestans:
1689 4690 1968 4749 nimirum

318 4778 417 4851 qui
442 4779 814 4835 vulneratum
830 4782 1005 4849 caput
1015 4776 1291 4849 perillam
1310 4777 1968 4849 manusimpositionem

314 4868 508 4939 potius
532 4868 747 4923 habere
770 4864 1337 4937 dignoscituI-.Porro
1361 4865 1410 4919 si
1430 4867 1967 4940 praetenditinjuste

313 4956 385 5011 ab
417 4955 643 5027 Ignatio
676 4972 739 5010 se
761 4953 945 5008 fuisse
960 4952 1459 5024 depositum,quid
1480 4954 1551 5009 de
1572 4954 1847 5012 omnibus
1865 4958 1965 5029 qui

313 5043 372 5097 in
408 5044 631 5113 synodo
652 5042 751 5097 illo
771 5046 1030 5111 tempore
1059 5046 1475 5109 convenerunt,
1499 5044 1966 5118 sententiamque

309 5130 369 5186 in
384 5147 521 5186 eum
539 5128 1455 5204 protulerunt,perhibehitPQuod
1474 5132 1523 5188 si
1538 5132 1736 5189 etillos
1749 5134 1964 5207 injuste

310 5217 521 5275 fecisse
554 5219 745 5274 dicere
784 5216 1108 5288 praesumit,
1141 5233 1321 5289 quare
1346 5235 1480 5276 cum
1510 5220 1594 5277 eis
1621 5239 1775 5279 nunc
1804 5240 1963 5279 com-

310 5306 596 5374 municat,
630 5309 687 5361 et
717 5303 1006 5378 quosdam
1035 5321 1236 5361 eorum
1266 5309 1588 5371 sacerdotio
1617 5311 1826 5385 dignos
1844 5312 1961 5369 exi-

310 5392 553 5451 stimat?
584 5392 739 5455 Quos
769 5395 967 5447 tamen
997 5396 1149 5450 recte
1180 5394 1344 5467 prius
1376 5413 1491 5453 non
1528 5397 1831 5468 judicasse
1878 5415 1964 5456 re-

308 5480 639 5556 prehendit,
672 5484 730 5537 et
760 5480 1060 5537 sententiae
1099 5499 1275 5556 quam
1326 5484 1715 5558 protulerunt,
1747 5503 1845 5543 eos
1878 5504 1962 5544 se-

311 5567 572 5628 cundum
621 5586 684 5626 se
732 5568 943 5629 debere
989 5573 1372 5633 succumbere
1414 5592 1533 5632 non
1580 5575 1813 5633 nescit?
1846 5576 1957 5634 Sed

2078 4713 2194 4751 non
2227 4694 2420 4751 solum
2447 4695 2690 4768 aliquid,
2722 4712 2926 4751 verum
2952 4693 3132 4750 etiam
3165 4692 3353 4749 multa
3374 4694 3541 4764 juxta
3580 4693 3735 4765 prio-

2078 4802 2199 4841 rem
2225 4784 2712 4841 consuetudinem
2743 4783 2982 4856 tetigit?
3010 4782 3174 4845 Quod
3216 4788 3375 4837 certe
3419 4782 3733 4853 Gregorius

2077 4890 2246 4946 agere
2276 4875 2518 4930 omnino
2550 4890 2666 4929 non
2699 4872 2921 4941 debuit,
2954 4871 3189 4927 etiamsi
3220 4870 3386 4927 nulla
3413 4870 3731 4928 commissa

2076 4962 2415 5031 existerent,
2434 4980 2538 5036 pro
2570 4962 2785 5035 quibus
2814 4961 3082 5016 damnari
3115 4960 3425 5032 potuisset,
3450 4959 3727 5032 quoniam
3778 4962 3795 4974 ’

2074 5050 2299 5121 praelati
2342 5051 2638 5124 judicium
2686 5066 2919 5122 semper
2979 5049 3357 5129 inferioribus
3406 5047 3723 5105 formidan-

2074 5140 2214 5194 dum
2247 5145 2357 5207 est,
2391 5156 2463 5196 ne
2494 5140 2543 5196 si
2575 5139 2627 5195 ei
2657 5156 2771 5194 non
2814 5138 3159 5206 obedierint,
3193 5136 3330 5193 licet
3378 5136 3451 5192 ab
3494 5153 3561 5192 eo
3605 5137 3722 5194 for-

2071 5227 2249 5283 tassis
2280 5228 2501 5300 injuste
2532 5226 2807 5301 ligentur,
2831 5226 3023 5299 ipsam
3051 5225 3427 5299 obligationis
3459 5243 3576 5282 sua:
3597 5242 3721 5281 sen-

2070 5315 2316 5371 tentiam
2363 5333 2433 5373 ex
2485 5315 2601 5372 alia
2650 5314 2841 5388 culpa,
2888 5314 2947 5370 id
2999 5319 3089 5371 est
3133 5313 3553 5382 inobedientia,
3598 5331 3717 5372 me-

2071 5408 2328 5461 reantur.

2141 5492 2327 5565 lgitur
2373 5493 2646 5568 przelatos
2695 5495 2975 5551 damnare
3031 5494 3452 5560 indifferenter,
3501 5498 3719 5567 oportet

2067 5580 2425 5641 horrescere.
2477 5583 2824 5660 Quicunque
2874 5601 3010 5643 vero
3061 5582 3308 5643 minoris
3355 5583 3714 5646 auctoritatis

379 5653 450 5731 (ι)
481 5653 585 5717 Hic
611 5656 819 5738 ingens
849 5656 1062 5721 lacinia
1089 5666 1180 5724 est
1217 5680 1287 5724 ex
1314 5680 1405 5743 ep.
1440 5664 1508 5723 10
1537 5663 1800 5739 ejusdem
1839 5664 2079 5732 Nicolai.
