3898 6212
164 446 298 510 1029

1348 420 1757 489 EPISTULA?
1796 417 1898 484 ET
1940 415 2323 482 DECRETA.

3384 413 3539 477 1030

164 582 303 645 sunt,
335 574 612 628 damnare
638 562 884 625 sollicite
915 565 1173 630 caveant,
1210 578 1281 617 ne
1311 561 1602 632 majorum
1649 573 1782 614 suo-
1815 556 1867 622 Α
1967 554 2384 610 Verumtamen
2415 551 2550 607 licet
2579 553 2781 606 contra
2811 547 3177 605 Nicaanenses
3219 566 3414 605 sacros
3445 567 3540 606 ca-

166 684 279 726 rum
309 659 653 719 sententiam
686 652 1230 727 transgrediantur:
1261 649 1519 721 alioquin
1542 648 1674 701 licet
1703 647 1788 699 in-

162 760 300 831 juste
327 763 750 819 nonnunquam
784 741 1045 800 damnati
1078 744 1310 809 sunt,ex
1333 739 1460 811 ipsa
1481 735 1791 792 temeraria

167 827 632 921 pravaricatione,
667 833 858 904 culpa,
902 848 1028 902 quae
1081 829 1342 884 nondum
1391 827 1534 881 forte
1581 839 1790 896 perpe—

166 915 299 991 trata
345 930 548 992 fuerat,
580 929 637 980 et
667 922 831 987 ultio,
865 936 1042 992 quam
1089 917 1263 989 culpa
1303 915 1553 971 necdum
1603 929 1793 968 mere-

169 1027 339 1087 batur,
369 1014 569 1090 procul
601 1012 779 1068 dubio
811 1011 1272 1080 subsequuntur.
1306 1003 1462 1059 Nihil
1494 1003 1710 1074 quippe
1730 999 1798 1090 li?

171 1127 333 1187 gnum
361 1088 603 1162 vetitum
635 1102 696 1156 in
746 1117 807 1156 se
856 1097 1222 1154 mortiferum
1270 1093 1508 1160 habuit;
1545 1093 1646 1147 sed
1695 1088 1796 1160 qui

172 1178 551 1259 inobedienter
580 1209 649 1248 ex
677 1207 743 1245 eo
774 1187 1297 1251 comedit,mortem
1331 1183 1442 1238 sibi
1475 1187 1530 1237 et
1549 1178 1798 1252 posteris

175 1283 481 1366 propinavit
504 1299 517 1336 :
544 1297 658 1336 non
692 1277 832 1350 quia
852 1277 1078 1349 lignum
1103 1273 1427 1346 malignum
1450 1288 1463 1338 ;
1484 1287 1618 1325 cum
1644 1266 1798 1339 quod

177 1354 313 1436 iJeus
341 1372 690 1438 fecit,totum
725 1366 928 1423 fecerit
958 1366 1178 1420 bonum
1206 1379 1218 1417 :
1245 1362 1347 1417 sed
1370 1359 1524 1432 quod
1549 1356 1704 1412 mala
1725 1354 1804 1410 sit

178 1460 568 1536 transgressio,
598 1462 654 1514 et
683 1455 900 1512 nolenti
932 1453 1164 1524 subjici,
1199 1468 1300 1523 per
1331 1467 1457 1504 eam
1491 1447 1696 1502 merito
1730 1442 1806 1499 sit

179 1561 291 1614 orta
317 1534 634 1608 damnatio.
669 1547 843 1601 Porro
875 1543 923 1599 si
956 1542 1169 1608 dicitis,
1205 1538 1546 1610 Gregorium
1592 1536 1662 1590 ab
1694 1534 1802 1588 im—

178 1644 320 1718 perio
347 1643 558 1706 vestro,
592 1641 648 1691 et
679 1635 749 1690 ab
781 1631 1098 1690 antistibus
1133 1629 1311 1684 fuisse
1343 1631 1804 1698 receptum,per-

180 1730 380 1790 contari
411 1729 572 1792 libet,
598 1743 629 1781 o
664 1722 1098 1796 sapientissime
1122 1714 1676 1789 imperator,quibus
1699 1711 1808 1765 hoc

178 1816 548 1881 documentis,
583 1814 799 1886 quibus
830 1811 1154 1867 canonibus
1188 1806 1534 1879 jubentibus
1581 1801 1672 1875 agi
1701 1800 1811 1855 rite

178 1916 370 1985 potest,
404 1910 470 1962 ut
500 1903 559 1960 hi
594 1903 693 1975 qui
723 1900 1100 1973 abjiciuntur,
1133 1897 1205 1952 ab
1237 1896 1368 1951 aliis
1418 1888 1812 1964 recipiantur?

178 1979 228 2057 id
260 1998 431 2056 etiam
462 1992 796 2050 veneranda
845 1993 902 2044 et
946 1985 1260 2043 universali
1313 1983 1534 2054 synodo
1580 1979 1814 2035 Niczena

181 2092 245 2145 de
272 2092 518 2157 utraque
549 2080 909 2154 professione
939 2077 1068 2132 luce
1099 2074 1315 2130 clarius
1343 2067 1816 2127 inhibenteuNam

182 2195 212 2234 a
239 2155 494 2232 saeculari
523 2171 810 2243 potestate
842 2182 949 2221 nec
979 2165 1169 2236 ligari,
1205 2179 1308 2217 nec
1357 2159 1501 2216 solvi
1550 2155 1818 2212 sacerdo-

184 2272 291 2323 tem
321 2278 515 2337 posse,
546 2257 924 2314 manifestum
956 2258 1046 2309 est
1076 2269 1088 2307 :
1124 2257 1178 2308 et
1206 2251 1420 2306 idcirco
1461 2247 1680 2303 atl‘atim
1714 2260 1820 2314 ap-

185 2333 452 2430 probatur
474 2355 906 2422 Syracusanum
937 2341 1279 2415 Gregorium
1312 2355 1416 2411 per
1455 2333 1822 2408 imperialem

185 2424 582 2501 tantummodo
636 2434 985 2493 sententiam
1037 2430 1196 2487 nullo
1245 2428 1417 2484 modo
1446 2424 1699 2480 valuisse
1730 2438 1824 2476 re-

193 2530 476 2590 conciliari
507 2528 604 2600 (α).

257 2622 360 2678 Ubi
391 2619 441 2676 si
473 2616 816 2692 pontiﬁcum
842 2627 1072 2685 quoque
1095 2609 1350 2665 sociatur
1374 2618 1829 2674 assensus,quaz-

195 2713 371 2768 rimus
403 2689 602 2764 utrum
638 2701 1000 2778 prmcesserit
1030 2717 1102 2755 an
1133 2698 1311 2754 fuerit
1349 2691 1740 2751 subsecutus?
1769 2689 1827 2745 Si

195 2802 535 2857 subsecutus
563 2798 673 2859 est,
706 2790 1092 2847 nihilominus
1137 2788 1209 2842 ad
1258 2787 1310 2841 id
1356 2783 1601 2848 reditur,
1635 2784 1700 2834 ut
1729 2780 1828 2833 ab-

195 2889 394 2945 solutio
413 2905 447 2942 a
463 2882 729 2941 saeculari
757 2881 1044 2952 potestate
1076 2893 1178 2948 per
1197 2876 1485 2947 praecepta
1504 2869 1692 2925 valere
1717 2883 1831 2922 non

194 2973 859 3051 possit,pontificumque
892 2969 1126 3023 secutus
1158 2978 1456 3028 assensus,
1482 2955 1834 3014 adulationis

191 3045 271 3123 vel
303 3045 541 3123 terroris
573 3059 744 3116 fuerit
771 3056 964 3130 potius
987 3070 1161 3127 quam
1190 3051 1460 3125 legitimae
1483 3045 1831 3112 sanctionis;

194 3157 238 3212 si
269 3152 583 3227 praecessit,
617 3150 894 3204 doceatur
924 3162 957 3200 a
989 3143 1225 3215 quibus,
1252 3144 1307 3196 et
1336 3137 1435 3193 ubi
1466 3136 1561 3190 ille
1605 3135 1679 3189 sit
1708 3150 1835 3206 ges-

192 3246 321 3311 tus;
349 3243 396 3298 si
429 3238 755 3297 secundum
786 3232 1053 3290 Ecclesiae
1083 3228 1345 3302 regulam
1377 3221 1776 3289 celebratus,si
1803 3238 1836 3276 a

1899 660 2080 698 nones
2126 642 2430 713 praefatum
2475 639 2839 712 Gregorium,
2876 638 2975 710 qui
3023 639 3284 709 abjectus
3335 640 3539 707 fuerat,

1899 730 2239 803 receperint,
2275 747 2577 802 nunquam
2610 732 2802 782 tamen
2837 745 2970 782 eum
2999 743 3032 782 a
3060 727 3290 782 vinculo
3308 729 3546 783 damna-

1899 821 2077 876 tionis
2109 823 2164 874 et
2191 819 2582 874 anathematis
2625 822 2926 882 exuerunt,
2960 834 3131 888 quem
3184 816 3547 873 absolutione

1900 909 2360 983 prmvaricatoria
2392 907 2586 979 potius
2619 910 3026 972 nexuerunt,et
3058 905 3392 971 hunc,dum
3428 906 3547 962 sol-

1902 1014 2034 1053 vere
2064 997 2184 1052 nixi
2217 1001 2373 1062 sunt,
2408 995 2577 1052 nodis
2623 995 2945 1066 majoribus
2996 995 3365 1051 dediderunt.
3400 995 3548 1062 Quin

1906 1087 2023 1142 imo
2055 1087 2195 1141 dum
2230 1085 2580 1140 sententiam
2611 1083 2850 1155 majoris
2881 1087 3319 1140 contemnentes
3359 1089 3553 1141 trans-

1907 1174 2090 1248 gressi
2123 1179 2284 1238 sunt,
2314 1172 2402 1229 vel
2433 1173 2606 1228 etiam
2636 1189 2805 1228 suam
2826 1172 3290 1244 tergiversatorio
3311 1173 3554 1230 consilio

1911 1262 2144 1334 lenique
2176 1280 2354 1318 sensu
2378 1261 2611 1317 sibimet
2633 1261 2765 1316 facti
2788 1261 3063 1316 contrarii
3091 1262 3390 1318 destruere
3416 1267 3559 1318 sunt

1912 1351 2118 1418 moliti,
2151 1351 2273 1423 pari
2304 1349 2773 1422 praevaricatione
2821 1349 3111 1406 habentur
3147 1351 3362 1417 innexi,
3394 1357 3450 1407 et
3479 1352 3558 1408 si-

1913 1439 2034 1494 mili
2065 1457 2235 1512 poena
2262 1440 2586 1494 secundum
2619 1438 2968 1511 apostolicos
3001 1443 3056 1494 et
3077 1440 3394 1495 nonnullus
3416 1441 3559 1497 alios

1913 1546 2166 1584 canones
2195 1532 2469 1583 tenentur
2497 1528 2759 1584 obstricti
2791 1545 2804 1581 :
2841 1527 2920 1583 ita
2951 1532 3013 1582 ut
3060 1528 3560 1586 communicantes

1915 1617 2121 1689 expelli
2154 1618 2224 1672 de
2250 1616 2506 1673 Ecclesia
2526 1618 2941 1689 jubeantur,ac
2973 1634 3075 1688 per
3105 1617 3368 1686 hoc,reos
3398 1636 3561 1674 reum

1909 1706 2235 1779 justiﬁcare
2268 1710 2497 1762 constat
2528 1707 2768 1760 minime
2801 1707 3083 1778 potuisse,
3118 1723 3222 1762 nec
3255 1707 3464 1780 ligatos
3493 1708 3562 1762 li-

1920 1800 2119 1868 gatum
2151 1793 2372 1850 solvere
2401 1795 2572 1850 modo
2604 1795 2862 1866 quolibet
2891 1793 3165 1850 valuisse.
3198 1797 3340 1852 Ecce
3372 1815 3404 1852 a
3434 1796 3561 1868 qui-

1920 1885 2050 1951 bus,
2086 1901 2118 1939 o
2141 1883 2637 1939 Christianissime
2685 1884 2976 1956 princeps,
3012 1884 3252 1940 Photius
3282 1890 3369 1941 est
3399 1885 3565 1941 insti-

1923 1977 2106 2028 tutus.
2141 1973 2281 2026 Ecce
2313 1970 2505 2044 qualis
2536 1976 2626 2027 est
2656 1972 2990 2042 Gregorius,
3012 1973 3111 2042 qui
3143 1973 3570 2029 Dormitantius

1925 2060 2362 2117 convenientius
2392 2064 2617 2132 poterat
2646 2060 2780 2116 dici.
2815 2061 3204 2124 Quamobrem
3250 2063 3459 2135 cogita,
3489 2062 3569 2117 ﬁli

1928 2149 2484 2213 charissime,tracta
2507 2152 2563 2204 et
2593 2153 2786 2204 tecum
2816 2148 3019 2204 sedula
3051 2150 3423 2206 meditatione
3448 2168 3573 2223 per-

1931 2239 2096 2310 quire
2127 2238 2176 2293 si
2210 2242 2364 2295 stare
2379 2237 2636 2294 "Photius
2668 2237 2873 2309 possit,
2908 2238 3139 2292 etiamsi
3181 2238 3347 2294 miris
3393 2239 3574 2294 virtu-

1929 2328 2090 2382 tibus
2121 2325 2590 2399 polleat,eti.amsi
2624 2325 2784 2382 omni
2817 2326 3060 2382 scientia
3092 2326 3577 2400 fulgeat,quando

1934 2417 2034 2488 qui
2065 2415 2223 2470 hunc
2257 2416 2534 2471 statuisse
2567 2415 2826 2481 tentavit,
2859 2415 3081 2470 dudum
3110 2417 3232 2486 jam
3261 2418 3581 2484 cecidit;et

1933 2504 2133 2560 volens
2165 2503 2309 2576 erigi
2339 2521 2472 2559 cum
2505 2504 2853 2560 conantibus
2900 2521 2959 2559 se
3005 2504 3242 2577 erigere,
3276 2523 3580 2578 nunquam

1935 2598 2386 2665 recuperaturus
2413 2594 2602 2649 denuo
2633 2594 2769 2648 ruit.

2008 2683 2340 2738 Consideret
2370 2699 2505 2754 ergo
2536 2681 2815 2736 divinitus
2844 2687 3033 2737 vestes
3073 2682 3396 2756 inspiratus
3442 2702 3586 2757 apex

1940 2771 2232 2843 quomodo
2266 2771 2528 2836 Photius,
2560 2770 2789 2825 etiamsi
2821 2770 2965 2824 nihil
2999 2771 3156 2826 aliud
3185 2773 3294 2826 sibi
3319 2774 3454 2843 jure
3484 2791 3586 2829 va—

1938 2861 2054 2915 leat
2073 2858 2559 2930 impedire,queat
2577 2859 2635 2912 in
2659 2859 3002 2914 sacerdotali
3024 2861 3208 2931 gradu
3234 2862 3545 2932 persistere
3570 2879 3582 2916 :

1943 2947 2418 3020 quandoquidem
2443 2947 2743 3003 institutor
2762 2964 3067 3015 suus,cum
3086 2947 3179 3003 hic
3196 2949 3585 3018 ordinaretur,

1945 3055 2058 3093 non
2091 3037 2280 3093 solum
2329 3037 2670 3105 sacerdotio,
2700 3054 2904 3092 verum
2954 3039 3130 3092 etiam
3182 3039 3308 3110 ipso
3357 3041 3592 3095 carebat

1945 3127 2272 3182 Christiano
2303 3125 2616 3193 vocabulo;
2650 3130 2704 3181 et
2735 3126 2884 3181 sicut
2911 3128 3031 3197 jam
3063 3127 3461 3198 exposuimus,
3487 3145 3592 3184 nec

1949 3217 2261 3270 damnatus
2307 3214 2650 3286 justiﬁcare,
2692 3232 2797 3270 nec
2853 3215 3153 3287 depositus
3212 3216 3454 3289 erigere,
3487 3234 3593 3272 nec

195 3337 426 3406 paterna
456 3327 768 3384 traditione
799 3319 1171 3395 profectus,si
1202 3317 1493 3388 majorum
1525 3327 1685 3367 more
1707 3327 1834 3382 pro-
1866 3292 1908 3358 C
1946 3304 2162 3377 ligatus
2197 3308 2388 3375 potest
2417 3320 2773 3375 quemquam
2806 3321 2908 3376 per
2928 3304 3359 3376 impositionem
3383 3322 3594 3363 manus

193 3423 362 3488 latus,
399 3420 448 3474 si
480 3412 831 3488 competenti
876 3409 1304 3467 examinatione
1353 3405 1753 3475 depromptus,
1789 3398 1839 3454 si

196 3510 261 3568 ad
292 3509 538 3581 majoris
570 3501 936 3560 auctoritatis
969 3499 1166 3554 sedem
1198 3511 1375 3567 quam
1407 3491 1508 3547 illa
1539 3493 1628 3545 est
1659 3505 1692 3543 a
1723 3503 1841 3559 qua

195 3599 504 3672 Gregorius
529 3591 902 3650 damnatione
932 3587 1238 3644 tenebatur
1267 3581 1603 3645 obstrictus,
1637 3593 1840 3632 secun-

196 3663 332 3745 dum
361 3683 631 3743 Ecclesiae
674 3679 908 3752 regulas
957 3682 1044 3733 est
1087 3673 1358 3740 relatum,
1394 3671 1444 3725 si
1475 3669 1600 3741 ipse
1631 3663 1841 3739 praesul

199 3778 291 3852 qui
321 3774 546 3850 ligavit,
581 3767 846 3827 absolvit.
882 3767 940 3822 Si
983 3765 1104 3820 haec
1155 3765 1319 3834 gesta
1368 3776 1482 3814 non
1533 3760 1690 3822 sunt,
1725 3770 1841 3825 quo

196 3845 510 3937 more,'quo
542 3861 658 3916 ritu
689 3858 1094 3930 Syracusanus
1123 3848 1436 3922 Gregorius
1467 3863 1528 3902 se
1558 3845 1843 3917 gloriatur

197 3931 553 4018 absolutum,
589 3965 721 4004 cum
754 3961 859 4000 nec
886 3962 920 3999 a
950 3940 1326 4015 pontificibus
1378 3935 1579 3992 ordine
1625 3931 1841 3996 debito,

195 4063 294 4102 nec
350 4036 768 4099 ecclesiasticis
821 4033 1049 4105 legibus
1109 4028 1284 4084 fuerit
1341 4023 1648 4096 expetitus,
1677 4037 1845 4076 neca

196 4134 495 4191 mundana
525 4130 812 4202 potestate
843 4120 1096 4195 potuerit
1121 4121 1329 4190 prazter
1350 4111 1614 4169 Ecclesiae
1635 4109 1842 4164 trami-

195 4229 304 4280 tem
338 4199 586 4294 prorsus
617 4211 879 4271 absolvi?
907 4211 1034 4266 Jam
1067 4224 1201 4263 vero
1232 4204 1280 4260 si
1312 4201 1553 4258 dicatis:
1580 4199 1704 4253 Non
1739 4213 1844 4269 ego

195 4285 434 4382 absolvi,
469 4307 572 4365 sed
602 4323 635 4361 a
664 4300 1040 4376 pontiﬁcibus
1073 4301 1136 4352 ut
1166 4293 1484 4350 solveretur
1509 4285 1794 4360 postulavi
1829 4303 1841 4340 :

195 4418 223 4458 e
253 4376 457 4458 contra
486 4395 575 4452 illi
608 4392 792 4449 multo
824 4387 1013 4461 magis
1045 4404 1078 4442 a
1106 4383 1269 4439 vobis
1299 4377 1596 4454 postulare
1626 4376 1846 4432 debue-

196 4494 350 4556 runt,
382 4492 450 4544 ut
479 4486 529 4542 si
564 4499 697 4540 eum
723 4479 945 4536 velletis
990 4473 1231 4540 absolvi,
1261 4468 1522 4542 legitima
1575 4464 1847 4520 ecclesia-

195 4580 324 4636 stici
373 4575 604 4634 tenoris
651 4568 940 4627 absolutio
993 4560 1364 4638 praeveniret;
1397 4561 1450 4612 et
1482 4556 1602 4611 haec
1650 4553 1849 4610 omnia

197 4686 318 4742 qua:
352 4663 632 4739 superius
665 4660 820 4715 dicta
851 4650 1341 4722 sunt,secundum
1362 4645 1630 4701 Ecclesia:
1651 4641 1850 4697 trami-
1882 4661 1925 4724 υ

195 4730 306 4813 tem
340 4730 1040 4820 servarentur,przecipue
1072 4756 1206 4796 cum
1232 4753 1348 4792 non
1377 4735 1447 4790 ab
1473 4730 1732 4788 inferiori
1763 4730 1848 4786 vel

197 4847 341 4918 pari,
378 4844 485 4900 sed
518 4859 552 4896 a
583 4818 794 4909 majori
825 4848 1093 4906 persona,
1128 4833 1205 4894 et,
1241 4825 1394 4881 sicut
1425 4840 1492 4878 ex
1519 4818 1851 4894 apostolicis

197 4933 526 4991 canonibus
557 4919 1095 4990 edocemur,solum
1126 4917 1199 4971 ab
1229 4931 1294 4970 eo
1321 4911 1421 4984 qui
1453 4927 1585 4966 eum
1615 4925 1851 4979 seques-

197 5113 371 5169 ferior
399 5109 622 5184 quippe
650 5103 737 5159 vel
772 5116 1011 5171 compar
1037 5093 1358 5152 antelatum
1387 5087 1474 5143 vel
1497 5101 1852 5158 comparem,

196 5220 311 5258 non
363 5172 668 5256 annuente
719 5189 950 5263 majori,
982 5183 1278 5242 absolvere
1325 5195 1441 5234 non
1473 5178 1684 5248 potest.
1722 5172 1856 5229 Sola

197 5291 378 5365 igitur
408 5286 604 5361 potior
633 5262 968 5338 inferiOrem
1001 5269 1407 5330 convenienter
1437 5263 1704 5321 absolvit.
1720 5262 1854 5317 Pro-

197 5352 332 5436 inde
358 5352 665 5434 inferioris
695 5369 807 5426 loci
838 5363 1144 5440 pontiﬁces
1173 5376 1271 5415 eos
1301 5372 1449 5428 quos
1482 5352 1672 5425 potior
1711 5368 1855 5408 suus

198 5469 586 5544 obligaverat,
620 5461 746 5520 sine
779 5458 971 5531 prima
999 5452 1135 5510 sede
1160 5445 1456 5507 absolvere
1487 5459 1602 5499 non
1652 5445 1856 5514 potue-

197 5563 358 5616 runt.

266 5667 342 5739 (α)
375 5664 515 5739 Haec
539 5657 783 5739 totidem
814 5651 975 5730 legas
1007 5650 1068 5708 in
1098 5651 1256 5706 torno
1287 5637 1502 5701 Gelasii
1532 5638 1604 5698 de
1623 5635 1859 5698 anathe-

195 5731 376 5803 matis
403 5731 670 5794 vinculo.

1948 3392 2259 3465 provehere
2293 3409 2306 3446 :
2339 3391 2703 3463 impossibile
2762 3398 2852 3447 est
2909 3393 3063 3448 enim
3113 3393 3321 3448 horum
3372 3393 3594 3465 aliquid

1949 3481 2176 3553 ﬁeri.(b)
2206 3481 2472 3536 Judicate
2503 3481 3139 3552 ergo,mansuetissime
3161 3481 3598 3554 imperator.cui

1950 3571 2145 3644 potius
2177 3569 2568 3624 obediendum
2600 3574 2709 3636 est,
2745 3570 2880 3637 Deo,
2915 3587 2986 3626 an
3035 3570 3409 3638 hominibus;
3436 3570 3595 3642 judi-

1951 3665 2075 3716 cate
2107 3659 2196 3714 cui
2227 3659 2420 3730 potius
2452 3657 2846 3714 resistendum
2880 3659 2976 3725 sit,
3011 3659 3284 3732 potestati
3329 3676 3506 3731 quam
3539 3659 3595 3714 in

1950 3751 2117 3804 Petro
2155 3750 2301 3803 Deus
2334 3747 2704 3818 omnipotens
2737 3748 3045 3815 ordinavit,
3079 3765 3376 3821 quamque
3427 3765 3603 3820 super

1953 3842 2225 3893 cunctam
2252 3835 2571 3890 Ecclesiam
2603 3835 2828 3902 extulit,
2862 3853 2936 3891 an
2968 3837 3320 3893 ordinationi
3343 3837 3602 3910 Gregorii

1953 3923 2322 3999 Syracusani,
2357 3923 2450 3978 cui
2484 3923 2796 3978 dicendum
2829 3928 2918 3979 est
2950 3941 2962 3978 :
2999 3925 3091 3978 Vm
3124 3925 3348 3981 homini
3382 3925 3605 3998 illi,per

1954 4030 2128 4085 quem
2162 4012 2221 4066 in
2249 4010 2565 4066 Ecclesiam
2600 4011 2812 4066 Christi
2868 4016 2951 4066 tot
2999 4013 3276 4067 scandala
3322 4019 3605 4068 venerunt

1953 4102 2159 4171 (Matth.
2193 4101 2322 4170 xxv)
2360 4117 2371 4154 :
2409 4099 2627 4170 quique
2653 4099 2814 4166 olim,
2840 4099 2991 4154 sicut
3020 4099 3129 4171 ipsi
3163 4101 3347 4168 scitis,
3373 4119 3406 4155 a
3428 4101 3604 4157 fratre

1953 4196 2010 4248 et
2043 4188 2444 4246 comministro
2466 4191 2664 4242 nostro
2701 4187 2923 4258 Ignatio
2956 4192 3013 4242 et
3037 4205 3071 4243 a
3101 4188 3320 4261 synodo
3344 4205 3470 4260 qum
3493 4190 3603 4244 sub

1954 4296 2020 4336 eo
2052 4282 2196 4344 erat,
2229 4275 2532 4347 depositus
2561 4279 2732 4343 est,et
2765 4281 2828 4330 ut
2858 4275 3177 4346 apostolica
3208 4277 3374 4333 sedes
3396 4277 3454 4331 in
3475 4278 3604 4349 ejus

1957 4365 2331 4425 damnatione
2352 4363 2804 4431 consentiret,ab
2825 4364 2950 4436 ipso
2973 4367 3382 4421 consacerdote
3406 4370 3605 4438 nostro

1956 4455 2253 4532 postulata
2299 4458 2408 4510 est.
2443 4453 2555 4508 Sed
2588 4453 2921 4508 decessores
2953 4453 3067 4508 mei
3100 4455 3278 4509 beatae
3313 4455 3605 4509 memoriae

1959 4549 2070 4603 Leo
2107 4563 2171 4601 ac
2216 4543 2583 4607 Benedictus,
2618 4542 2772 4598 sedis
2825 4541 3152 4613 apostolicae
3205 4543 3608 4598 moderamina

1957 4637 2273 4699 servantes,
2310 4631 2620 4686 noluerunt
2660 4630 2742 4686 sic
2793 4647 2970 4684 unam
3017 4635 3240 4702 partem
3287 4631 3510 4695 audire,
3544 4633 3609 4685 ut

1959 4724 2083 4779 aliae
2115 4721 2263 4794 parti
2297 4719 2441 4774 nihil
2477 4719 2710 4790 penitus
2743 4723 3104 4774 reservarent
3131 4735 3142 4773 :
3175 4719 3360 4774 Unius
3392 4719 3608 4790 quippe

1962 4811 2251 4866 mediator
2294 4825 2408 4862 non
2460 4812 2567 4862 est.
2602 4808 2990 4873 Quamobrem
3040 4806 3272 4863 interim
3323 4806 3608 4878 depositio

1962 4901 2150 4972 ipsius
2183 4917 2216 4953 a
2245 4898 2378 4952 sede
2403 4896 2724 4968 apostolica
2755 4914 2870 4951 non
2904 4895 3485 4968 suscepta,remansit
3516 4896 3608 4950 in-

1964 4992 2151 5044 ﬁrma.
2186 4987 2446 5057 Cumque
2477 4985 2631 5040 idem
2675 4986 2987 5057 Gregorius
3036 5002 3136 5056 per
3181 4983 3441 5056 legatum
3492 5001 3608 5038 suae

1963 5077 2167 5150 partis,
2189 5074 2526 5130 Zachariam
2560 5075 2815 5141 nomine,
2851 5075 3048 5129 sedem
3079 5073 3412 5145 agnovisset
3441 5089 3610 5144 apos-

1963 5167 2197 5222 tolicam
2230 5163 2287 5217 in
2322 5180 2428 5218 sua
2459 5163 2821 5234 depositione
2854 5161 3188 5218 nullatenus
3219 5161 3608 5230 consensisse,

1963 5273 2079 5312 non
2112 5253 2332 5327 gratias
2362 5251 2498 5323 egit,
2533 5269 2645 5307 non
2679 5269 2712 5307 a
2742 5252 2946 5324 emptis
2978 5251 3037 5306 in
3060 5252 3185 5322 jam
3223 5250 3447 5306 dictum
3498 5250 3611 5306 fra-

1963 5350 2108 5402 trem
2144 5347 2411 5399 nostrum
2445 5341 2814 5396 saevientibus
2844 5339 3216 5397 contumeliis
3243 5339 3610 5413 conquievit;

1966 5436 2067 5492 sed
2094 5431 2452 5505 benignitate
2479 5429 2575 5485 Dei
2607 5433 2664 5486 et
2693 5429 2973 5502 patientia
3003 5428 3158 5484 sedis
3191 5427 3521 5501 apostolicae
3553 5428 3613 5482 in

1967 5521 2242 5597 superbia
2267 5520 2534 5586 abutens,
2564 5517 2625 5574 in
2658 5519 2855 5590 ipsum
2888 5517 3154 5574 videlicet
3185 5516 3475 5590 Ignatium
3511 5532 3612 5587 pa-

1967 5629 2248 5767 Nigglgic
2278 5628 2486 5704 ingens
2536 5643 2741 5688 rursus
2789 5624 3003 5686 lacinia
3033 5641 3101 5686 ex
3129 5641 3218 5700 ep.
3256 5625 3323 5683 10
3350 5622 3615 5697 ejusdem
