3898 6212
356 391 509 454 1031

1723 385 2028 452 NICOLAI
2073 386 2304 454 PAPE
2344 387 2395 450 Ι.

3609 388 3766 454 1032

355 522 672 579 triarcham
705 537 879 575 suum
911 517 1163 574 rediviva
1183 517 1384 588 jacula
1424 518 1740 591 impietatis
1787 520 1998 576 irreve-
2028 521 2084 588 Α
2113 519 2462 577 sententiam
2494 519 2550 574 in
2579 536 2678 576 eos
2727 518 3011 592 prolatam
3064 537 3180 576 non
3227 520 3465 578 interim
3517 525 3768 580 auctori-

352 616 544 666 renter
573 608 831 676 exacuit;
857 611 912 661 et
943 623 1008 662 eo
1041 606 1371 679 superstite,
1393 608 1747 681 neophytum
1772 608 1829 662 in
1853 608 1996 664 Con-

350 697 930 770 stantinOpolitanam
962 695 1277 752 Ecclesium
1310 698 1701 764 consecravit;
1735 697 1876 768 quin
1898 714 1995 768 po-

347 790 466 846 tius
498 793 554 843 et
579 787 856 842 adversus
888 783 1043 841 sedis
1075 784 1246 840 istius
1274 785 1504 841 decreta
1534 790 1847 842 contumax
1867 803 1994 842 esse

348 896 463 934 non
496 875 737 940 destitit,
762 873 861 946 qui
892 891 993 946 pro
1026 890 1108 938 se,
1135 890 1248 930 non
1281 879 1482 930 contra
1513 892 1572 930 se
1606 874 1791 946 ipsius
1823 876 1893 930 ab
1926 891 1994 931 ea

346 969 576 1022 decreta
605 963 778 1036 paulo
823 968 993 1018 antea
1043 963 1197 1029 data,
1225 967 1508 1035 tanquam
1558 962 1824 1035 ingratus
1875 981 1990 1019 non

346 1054 566 1122 recolit,
603 1057 658 1108 et
686 1052 864 1108 veluti
895 1051 1305 1124 tergiversator
1343 1069 1508 1108 arma
1556 1057 1839 1125 praeparat
1888 1053 1988 1108 ad-

341 1161 544 1201 versus
574 1159 738 1198 arma
767 1140 879 1197 sibi
909 1139 1152 1196 tutelam
1185 1139 1390 1196 salutis
1424 1157 1537 1196 non
1589 1141 1815 1196 modice
1854 1157 1988 1196 con-

342 1231 606 1298 ferentia,
639 1235 694 1286 et
724 1247 959 1285 murum
1009 1230 1307 1285 destruere
1358 1229 1582 1298 nititur,
1618 1230 1718 1302 qui
1765 1247 1835 1285 ne
1867 1230 1990 1303 ipse

341 1325 742 1380 destrueretur
793 1317 1113 1374 fortissime
1161 1317 1492 1374 custodivit.
1528 1319 1596 1373 Et
1643 1318 1762 1390 agit
1809 1335 1984 1387 nunc,

339 1415 627 1486 quantum
659 1408 717 1464 in
750 1425 810 1463 se
833 1411 1009 1474 est,ut
1033 1423 1102 1462 ea
1132 1411 1355 1462 statuta
1387 1423 1627 1479 prorsus
1659 1406 1989 1462 habeantur

339 1499 613 1564 invalida,
648 1514 776 1570 qua:
808 1512 941 1550 cum
975 1495 1098 1567 ipse
1130 1494 1222 1550 his
1249 1495 1712 1568 egeret,supplex
1733 1495 1985 1568 petebat,

338 1596 393 1646 et
423 1593 488 1644 ut
521 1587 758 1643 fortiora
787 1588 984 1640 essent
1011 1584 1343 1649 adamante,
1370 1584 1703 1640 submissus
1725 1584 1983 1656 optabat,

338 1683 512 1750 atque
546 1680 610 1730 ut
640 1675 750 1731 sibi
784 1672 1220 1739 auxiliarentur,
1255 1671 1557 1728 humiliter
1599 1671 1982 1744 implorabat;

338 1783 562 1823 necnon
595 1769 651 1819 et
677 1767 881 1818 contra
907 1778 975 1817 ea
1001 1764 1404 1834 repugnantur
1435 1761 1676 1817 forsitan
1705 1765 1984 1834 tyrannos

337 1859 394 1910 et
427 1853 740 1925 sacrilegos
765 1850 1090 1921 judicabat.
1124 1849 1246 1904 Nisi
1280 1850 1435 1905 enim
1467 1851 1634 1950 sedes
1666 1849 1984 1922 apostolica
2011 1890 2059 1956 Β

335 1944 385 2002 ei
417 1945 695 2016 parceret,
729 1939 825 1995 ille
866 1940 1158 2011 quomodo
1207 1938 1860 1994 correverendissimum
1895 1940 1981 2012 Ig-

334 2033 562 2089 natium
607 2033 803 2102 posset
850 2029 1168 2094 destruere,
1202 2027 1508 2082 brachium
1556 2044 1671 2082 non
1719 2027 1975 2084 haberet.

332 2123 404 2176 At
433 2120 528 2175 ille
562 2135 705 2174 usus
736 2122 824 2172 est
852 2115 1010 2171 sedis
1049 2115 1378 2186 apostolicae
1428 2115 1684 2171 bonitate
1717 2115 1774 2169 in
1810 2116 1976 2170 mali-

333 2211 572 2284 gnitate,
607 2212 662 2262 et
691 2205 1041 2261 beneﬁcium
1091 2204 1149 2260 in
1202 2203 1383 2275 patris
1427 2204 1517 2259 sui
1550 2203 1830 2259 convertit
1858 2204 1976 2259 exi-

329 2298 501 2355 tium.

402 2387 584 2443 Dicite
632 2383 834 2457 igitur,
891 2382 1220 2453 imperator,
1241 2381 1527 2464 .obsecro,
1561 2397 1694 2436 cum
1745 2381 1825 2436 ita
1876 2382 1970 2450 sit,

327 2475 621 2550 quomodo
654 2491 768 2529 non
801 2472 1120 2527 debeamus
1153 2488 1257 2525 nos
1299 2471 1589 2543 Ignatium
1640 2489 1752 2526 non
1806 2472 1972 2542 adju-

325 2565 500 2622 vare?
531 2567 632 2619 aut
661 2578 847 2633 usque
879 2561 948 2614 ad
981 2560 1362 2626 audientiam,
1395 2565 1680 2630 quantum
1713 2559 1771 2615 in
1803 2561 1972 2617 nobis

323 2659 432 2723 est,
468 2655 799 2709 indemnem
823 2667 937 2704 non
967 2649 1200 2721 penitus
1221 2664 1559 2704 conservare
1577 2649 1604 2704 ?
1621 2648 1706 2704 vel
1732 2666 1971 2721 quomo-

323 2745 396 2800 do
444 2759 560 2799 non
608 2739 904 2814 possimus
948 2737 1312 2810 Gregorium,
1347 2736 1538 2792 ethos
1569 2737 1669 2810 qui
1701 2755 1765 2793 ex
1807 2744 1970 2811 parte

319 2832 509 2905 ipsius
542 2835 699 2900 sunt,
734 2828 938 2884 merito
970 2825 1400 2882 condemnare?
1421 2827 1662 2893 Quando
1683 2827 1963 2900 Ignatius,

321 2921 431 2978 nisi
467 2938 499 2976 a
532 2919 700 2975 nobis
732 2921 886 2974 esset
919 2915 1256 2988 impeditus,
1290 2915 1374 2971 sic
1406 2915 1538 2970 illos
1560 2917 1836 2972 canonice
1859 2917 1970 2973 for-

317 3010 470 3067 sitan
501 3011 804 3073 sterneret,
839 3011 902 3060 ut
927 3010 983 3061 et
1012 3021 1146 3061 eum
1181 3003 1338 3059 nullo
1383 3005 1689 3062 conamine
1735 3006 1957 3077 potuis-

315 3103 445 3156 sent
469 3097 765 3170 impellere
797 3113 810 3150 :
842 3094 940 3149 isti
973 3093 1073 3166 qui
1106 3111 1220 3148 non
1253 3092 1421 3148 nobis
1464 3093 1779 3162 haeserunt,
1817 3113 1963 3168 quos

314 3187 372 3244 in
406 3186 764 3260 adjutorium
796 3201 970 3240 suum
1002 3183 1216 3238 habere
1247 3182 1720 3253 promptissimos
1745 3201 1965 3242 merus-

2107 613 2223 664 tate
2276 609 2432 664 sedis
2482 608 2814 681 apostolicae
2866 608 3282 676 roboraverint,
3311 611 3412 666 sed
3465 628 3655 684 usque
3703 613 3762 670 in

2105 699 2473 770 praesentiam
2505 697 2769 768 ejusdem
2793 697 3125 771 apostolica:
3149 699 3304 756 sedis
3326 698 3547 756 differri
3571 701 3766 759 decre-

2101 786 2310 842 verint.

2173 876 2583 943 Quamobrem,
2603 873 2946 932 charissima
2965 875 3044 932 [ili
3063 881 3118 932 et
3135 875 3449 933 laudabilis
3469 881 3761 952 Auguste,

2102 964 2241 1036 quia
2271 964 2438 1036 quasi
2471 982 2572 1037 per
2605 981 2709 1021 nos
2741 965 2976 1022 inventa
3015 969 3105 1022 est
3153 965 3358 1037 Ignatii
3409 967 3760 1039 dejectionis

2101 1053 2365 1121 materia,
2411 1053 2625 1110 idcirco
2685 1058 2894 1126 przeter
2933 1054 2991 1110 id
3042 1054 3196 1126 quod
3251 1054 3431 1112 frater
3486 1057 3754 1129 adjuvari

2099 1141 2270 1197 debet
2299 1159 2331 1196 a
2361 1142 2557 1211 fratre,
2591 1146 2798 1216 printer
2828 1142 2885 1198 id
2933 1141 3113 1200 ctiam
3161 1143 3313 1215 quod
3360 1143 3528 1201 Petro
3576 1149 3755 1220 cujus

2097 1227 2156 1284 in
2189 1230 2376 1298 terris,
2410 1229 2545 1287 licet
2569 1230 2814 1304 indigni,
2846 1231 3031 1287 vicem
3060 1232 3340 1305 gerimus,
3375 1233 3588 1292 Christi
3624 1254 3753 1293 ora-

2098 1318 2227 1374 culo
2259 1319 2630 1391 peculiariter
2669 1319 2881 1376 dicitur
2911 1336 2924 1375 :
2959 1323 3026 1378 Et
3069 1322 3333 1392 conﬁrma
3377 1324 3578 1394 fratre:
3626 1335 3752 1382 tuo:

2098 1407 2246 1478 (Luc.
2281 1411 2442 1476 xxu),
2475 1407 2653 1464 etiam
2685 1409 2794 1465 hoc
2824 1408 3156 1482 specialiter
3197 1411 3414 1468 dicitur
3459 1429 3591 1470 eum
3629 1432 3752 1472 non

2096 1495 2286 1552 solum
2320 1499 2596 1570 adjuvare
2626 1501 2684 1552 et
2713 1499 3080 1565 confirmare,
3111 1515 3313 1555 verum
3345 1501 3523 1558 etiam
3570 1503 3754 1562 sicuti

2094 1583 2204 1656 ipsi
2240 1586 2482 1657 potestis
2531 1585 2846 1654 advertere,
2881 1586 3019 1643 totis
3066 1603 3177 1643 nos
3223 1604 3326 1659 pro
3377 1589 3476 1646 illo
3519 1592 3752 1652 viribus

2095 1677 2317 1744 oportet
2348 1691 2449 1746 per
2474 1675 2673 1731 omnia
2702 1675 3065 1748 disceptare;
3091 1679 3154 1730 ut
3180 1676 3448 1734 videlicet
3468 1684 3661 1738 totum
3688 1684 3748 1742 in

2094 1760 2192 1818 illo
2223 1763 2488 1818 funditus
2520 1763 2841 1828 aboleatur,
2873 1763 3029 1836 quod
3061 1780 3164 1836 per
3212 1782 3319 1822 nos
3364 1766 3608 1825 ledendi
3662 1772 3746 1828 fo-

2091 1849 2295 1906 mitem
2322 1851 2668 1909 adversariis
2698 1853 2825 1923 ejus
2857 1853 3300 1925 reperientibus,
3321 1854 3370 1909 ei
3401 1856 3746 1918 violentiam

2089 1939 2290 1995 inferri
2323 1946 2720 2008 monstratur;
2753 1945 3058 2012 totumque
3085 1942 3585 2015 recipiat,Christo
3616 1967 3749 2021 pro-

2087 2027 2250 2099 pitio,
2287 2029 2461 2100 quod,
2495 2029 2636 2086 dum
2687 2045 2793 2084 nos
2835 2029 3130 2086 moderate
3161 2047 3227 2086 ac
3259 2033 3608 2104 regulariter
3639 2053 3744 2111 ge-

2088 2116 2294 2181 rimus,
2338 2118 2461 2190 ipsc
2510 2116 2980 2190 praajudicialiter
3026 2118 3296 2176 amisisse
3345 2121 3738 2195 dignoscitur.

2086 2205 2370 2270 Quoniam
2404 2211 2461 2261 et
2487 2207 2709 2279 praefati
2742 2206 3075 2264 decessores
3123 2209 3329 2275 nostri,
3363 2209 3477 2268 Leo
3509 2215 3741 2276 scilicet

2085 2297 2141 2348 et
2167 2294 2534 2363 Benedictus,
2560 2297 2740 2351 beatae
2773 2296 3189 2352 recordationis
3211 2297 3596 2370 pontiﬁces,si
3621 2307 3738 2363 tale

2084 2383 2226 2454 quid
2259 2383 2466 2441 diebus
2511 2401 2713 2440 eorum
2767 2385 3080 2456 Gregorius
3125 2385 3212 2440 vel
3258 2389 3574 2461 complices
3607 2395 3738 2466 ejus

2081 2472 2700 2542 patrassent,videlicet
2726 2478 2790 2528 ut
2821 2473 2989 2528 abusi
3021 2478 3182 2530 tanto
3216 2479 3649 2548 compassionis
3680 2491 3734 2541 et

2081 2561 2370 2633 patientia:
2429 2562 2584 2618 sedis
2639 2562 2966 2634 apostolicae
3021 2563 3175 2619 circa
3226 2581 3288 2619 se
3339 2565 3626 2626 beneﬁcio
3677 2574 3732 2628 in

2079 2650 2370 2721 Ignatium
2403 2669 2614 2706 manus
2647 2669 2785 2707 suas
2813 2651 3244 2723 injecissent,ut
3265 2653 3550 2712 adversus
3571 2675 3730 2729 eum,

2077 2738 2224 2810 ipsis
2256 2740 2474 2794 sanctis
2505 2739 2853 2811 praesulibus
2903 2739 3271 2806 inconsultis,
3305 2740 3541 2817 linguas
3591 2765 3731 2806 suas

2075 2827 2272 2883 taliter
2300 2829 2667 2884 exacuissent
2687 2846 2700 2896 ;
2721 2829 2974 2900 profecto
2994 2845 3092 2884 eos
3115 2833 3398 2902 tanquam
3422 2834 3730 2897 ministros

2073 2916 2520 2990 inquietudinis,
2555 2921 2610 2972 et
2639 2917 2797 2990 ipsos
2829 2934 2890 2973 se
2922 2917 3040 2973 sole
3073 2917 3289 2976 clarius
3318 2921 3606 2981 obnoxios
3640 2944 3727 2985 os-

2073 3007 2394 3074 tendentes,
2429 3006 2553 3062 sine
2586 3005 2789 3078 quavis
2832 3006 3218 3062 retardatione
3267 3009 3540 3080 protinus
3587 3032 3724 3072 con-

2073 3096 2468 3162 demnassent,
2491 3099 2548 3151 et
2579 3099 2807 3150 tantum
2839 3094 3131 3167 piaculum
3164 3096 3484 3169 impietatis
3515 3119 3721 3162 eorum

2071 3185 2368 3240 destruere
2406 3183 2815 3241 ardentissime
2863 3185 3248 3240 studuissent.
3283 3188 3392 3242 Sed
3446 3191 3588 3262 quia
3641 3195 3724 3251 illi

311 3281 469 3343 runt,
505 3291 610 3330 nec
640 3293 674 3330 a
705 3273 874 3329 nobis
905 3271 1210 3327 consilium
1247 3275 1613 3341 acceperunt,
1642 3278 1705 3326 ut
1736 3272 1792 3326 hi
1827 3292 1960 3330 cum
1993 3260 2035 3325 C
2074 3273 2267 3329 divina
2291 3273 2586 3329 vocatione
2619 3273 2689 3328 ab
2719 3273 2826 3329 hac
2853 3273 3111 3328 convalle
3140 3260 3534 3347 lacrymarum
3584 3284 3724 3339 sub-

311 3365 646 3438 patriarcha
675 3379 781 3418 suo
811 3360 898 3417 vel
932 3359 1207 3416 canonice
1229 3359 1481 3430 judicari
1505 3360 1959 3430 potuissent,sed

308 3453 460 3510 vires
491 3470 629 3508 suas
661 3470 695 3507 a
728 3451 897 3506 nobis
929 3466 1000 3504 ne
1035 3449 1398 3519 frangeretur
1421 3454 1840 3512 servantes,eas
1863 3453 1960 3508 ad-

307 3558 512 3598 versus
542 3558 676 3597 eum
710 3539 982 3611 protinus
1004 3535 1699 3609 praepararuntﬂndique
1721 3555 1961 3611 perpen-

307 3630 426 3686 dite
458 3633 745 3702 quantum
779 3644 885 3682 nos
917 3642 1072 3681 nunc
1117 3623 1337 3696 lgnatio
1389 3625 1678 3682 debitores
1724 3644 1957 3698 sumus,

309 3718 409 3790 qui
443 3717 555 3772 sibi
578 3715 949 3772 obstaculum
973 3720 1027 3769 et
1049 3713 1303 3768 inimicis
1328 3714 1455 3784 ejus
1479 3714 1612 3769 facti
1635 3733 1842 3772 sumus
1864 3719 1958 3773 de-

306 3806 587 3863 fensionis
619 3803 1030 3860 umbraculum
1053 3820 1066 3870 ;
1092 3803 1359 3874 quamvis
1389 3821 1495 3858 nos
1519 3820 1630 3858 non
1657 3805 1956 3877 ideojudi-

305 3895 462 3952 cium
514 3895 758 3950 istorum
808 3892 1232 3956 distulerimus,
1267 3896 1330 3946 ut
1369 3891 1418 3948 ei
1472 3894 1714 3949 nocendi
1753 3895 1954 3966 jacula

302 3987 712 4058 praepararent,
747 3983 847 4038 sed
881 3987 944 4037 ut
990 3981 1073 4037 sic
1123 3981 1415 4037 sententia
1466 3981 1524 4036 in
1575 3981 1682 4038 hos
1727 3984 1954 4055 prolata

299 4073 696 4130 valetudinem
729 4072 1059 4138 haberet,ut
1089 4088 1124 4125 a
1154 4069 1322 4126 nobis
1355 4069 1705 4127 examinatio
1737 4090 1951 4144 praece-

301 4160 493 4230 deret;
528 4167 584 4218 et
615 4179 820 4217 rursus
855 4160 936 4216 sic
967 4161 1038 4215 ab
1071 4159 1199 4215 istis
1221 4159 1279 4214 in
1308 4176 1441 4214 eum
1469 4161 1697 4232 objecta
1718 4162 1951 4234 penitus

299 4267 494 4308 coram
526 4251 695 4305 nobis
729 4250 1194 4316 admitterentur,
1228 4252 1292 4303 ut
1332 4249 1513 4321 partis
1563 4250 1770 4322 lgnatii
1819 4268 1949 4324 per-

299 4353 444 4394 sona
488 4342 691 4393 vocata
736 4337 822 4392 vel
882 4338 1142 4394 convicta
1201 4342 1410 4394 nostra
1468 4339 1786 4411 prmsentia
1833 4358 1948 4397 non

298 4425 552 4482 deesset.
623 4477 628 4480 .

367 4517 754 4582 Quamobrem
787 4517 966 4572 dilato
990 4515 1627 4588 parumperjudicio,et
1650 4517 1947 4574 inﬁrmata

2071 3363 2230 3418 ducti
2280 3363 2440 3429 sunt‘,
2472 3362 2622 3418 hanc
2669 3363 3037 3434 tyrannidem
3088 3365 3351 3420 nondum
3400 3367 3722 3440 intuentes,

2069 3469 2176 3507 nos
2207 3452 2487 3506 debemus
2517 3451 2577 3506 in
2609 3467 2808 3507 eorum
2841 3451 3037 3507 labore
3079 3454 3409 3523 succedere,
3446 3458 3549 3529 qui
3591 3477 3728 3517 suo-

2069 3541 2355 3596 cessimus
2387 3540 2446 3595 in
2474 3539 2710 3608 honore,
2744 3539 2804 3595 in
2836 3541 3122 3613 cujusque
3153 3545 3411 3614 tempore
3464 3549 3722 3605 crude!i-

2065 3634 2176 3698 tas,
2210 3647 2336 3702 qua:
2381 3629 2589 3684 diebus
2638 3628 2900 3700 ipsorum
2958 3629 3130 3702 coepit
3182 3631 3405 3688 radices
3464 3636 3717 3706 mittere,

2064 3722 2472 3774 consummata
2528 3719 2841 3789 perpatuit.
2875 3717 3124 3773 Proinde
3169 3736 3295 3789 nos,
3329 3723 3522 3793 primo
3582 3727 3719 3798 quia

2063 3809 2218 3865 sedis
2249 3805 2576 3879 apostolicae
2609 3807 2679 3861 de
2709 3810 2830 3861 tota
2860 3805 3113 3862 Ecclesia
3146 3809 3230 3864 fas
3261 3809 3534 3868 habentis
3557 3815 3714 3886 judi-

2062 3895 2624 3965 care,moderamina
2653 3895 2942 3951 retinemu
2965 3915 2976 3963 ;
3002 3898 3260 3953 secundo
3284 3901 3570 3970 quoniam
3605 3905 3712 3960 fra-

2059 3985 2248 4042 tribus
2277 3984 2554 4058 injuriam
2587 3983 2776 4054 passis
2808 3984 3114 4040 subvenire
3143 3986 3423 4044 debemus
3447 4009 3460 4058 ;
3488 3998 3710 4063 postne-

2061 4092 2155 4130 mo
2187 4075 2342 4147 quia,
2377 4073 2528 4129 sicut
2551 4073 2676 4144 jam
2707 4073 2982 4138 diximus,
3015 4078 3240 4145 oportet
3270 4093 3375 4133 nos
3409 4078 3468 4133 in
3502 4097 3705 4138 eorum

2061 4162 2255 4218 labore
2286 4160 2678 4228 succedere,in
2703 4178 2952 4234 quorum
2986 4164 3379 4220 successimus
3410 4170 3716 4240 pontiﬁca-

2060 4256 2156 4306 tus
2183 4251 2397 4306 bonore
2432 4268 2443 4306 :
2479 4250 2979 4321 quemadmodum
3012 4250 3124 4323 ipsi
3156 4252 3531 4311 decessorum
3571 4275 3712 4314 suo-

2063 4357 2188 4396 rum
2225 4338 2487 4412 exempla
2516 4338 2700 4394 secuti
2733 4343 2891 4406 sunt,
2921 4343 2978 4394 et
3007 4339 3200 4412 operis
3233 4358 3437 4399 eorum
3485 4347 3710 4402 strenui

2059 4428 2310 4485 cultores
2339 4427 2555 4483 inventi
2587 4431 2760 4496 sunt;
2797 4428 2952 4499 quod
3002 4427 3114 4500 ipsi
3165 4431 3419 4502 profecto
3471 4439 3710 4507 agerent

2058 4519 2367 4589 adjuvante
2416 4517 2682 4582 Domino,
2716 4515 3019 4585 habentes,
3055 4519 3559 4590 quemadmodum
3600 4523 3703 4591 illi,

295 4605 602 4673 sententia,
637 4607 886 4662 missum
928 4612 1017 4661 est
1050 4604 1281 4675 utrique
1315 4603 1485 4674 parti,
1521 4604 1676 4658 sedis
1707 4613 1945 4677 aposto-
1975 4625 2022 4689 D
2056 4607 2320 4679 ejusdem
2338 4603 2959 4676 zelumjustititizc,seu
2982 4605 3350 4680 privilegium
3373 4609 3703 4682 dignitatis,

294 4691 416 4748 licae
449 4693 714 4766 praesulis
750 4693 1219 4764 praescntandum
1247 4689 1644 4757 obtutibus,ac
1673 4693 1944 4763 etiam,ut

295 4798 400 4854 par
428 4781 980 4852 est,subjiciendum
1008 4777 1459 4834 difﬁnitionibus
1484 4794 1495 4832 :
1522 4778 1622 4833 sed
1647 4779 1785 4835 dum
1809 4799 1946 4854 pars

295 4869 504 4942 lgnatii
551 4869 914 4941 properando
965 4865 1223 4937 disponit
1254 4865 1384 4930 iter,
1416 4865 1486 4920 ab
1519 4865 1787 4924 hostibus
1817 4871 1944 4942 ejus

289 4958 514 5013 viribus
543 4957 882 5028 resumptis,
914 4972 1029 5011 non
1052 4955 1177 5024 jam
1211 4954 1384 5008 ﬁdem
1413 4954 1790 5024 apostolicam
1842 4976 1942 5032 pe-

291 5045 570 5114 tentibus,
605 5063 719 5101 non
754 5044 902 5100 Petri
937 5041 1280 5097 memoriam
1316 5042 1500 5097 facere
1537 5043 1939 5117 dignantibus,

291 5133 553 5208 Ignatius
586 5129 1187 5202 trahitur,impellitur
1217 5135 1274 5186 et
1303 5130 1628 5188 innumeris
1661 5133 1831 5191 malis
1855 5137 1937 5192 af-

289 5222 475 5279 fectus
506 5223 577 5278 ab
624 5220 892 5277 Ecclesiae
947 5217 1230 5290 regimine
1283 5224 1702 5291 sequestratur.
1737 5225 1805 5279 Et
1829 5225 1938 5283 hoc

287 5315 476 5368 totum
510 5313 726 5366 factum
761 5312 848 5363 est
877 5325 942 5363 eo
973 5307 1124 5378 quod
1160 5308 1413 5380 praedicti
1446 5311 1748 5381 pontifices
1789 5314 1937 5369 utri-

288 5415 402 5472 que
435 5399 583 5470 parti
616 5397 946 5469 aequitatem
979 5402 1294 5469 servantes,
1328 5402 1383 5453 et
1413 5399 1718 5472 utriusque
1739 5401 1936 5460 lateris

289 5485 647 5544 audientiam
681 5483 1062 5557 postulantes,
1097 5487 1308 5560 Ignatii
1343 5504 1457 5542 non
1490 5487 1776 5544 firmando
1807 5508 1936 5547 sen-

288 5572 676 5640 tentiam,imo
707 5591 838 5630 vero
870 5575 1102 5632 interim
1136 5576 1774 5644 inﬁrmando,inimicis
1806 5581 1933 5652 ejus

289 5661 722 5736 quodammodo
753 5680 992 5723 manum
1043 5667 1425 5742 porrexerint,
1457 5665 1599 5722 dum
1651 5667 1932 5728 nimirum

2054 4714 2160 4752 nos
2191 4695 2450 4751 studiose
2471 4695 2745 4767 perﬁcere
2767 4694 3520 4765 procuravimus,nimirum
3549 4701 3704 4772 quod

2055 4784 2320 4840 omittere
2351 4783 2552 4856 procul
2584 4782 2944 4851 dubio,sicut
2977 4800 3147 4840 nosse
3173 4786 3403 4842 cunctis
3432 4787 3590 4844 clare
3616 4788 3710 4843 tri-

2054 4873 2276 4943 buitur,
2309 4889 2423 4929 non
2455 4871 2738 4928 valemus.

2124 4962 2236 5018 Sed
2269 4961 2436 5036 dicis,
2471 4977 2503 5016 ο
2534 4959 3051 5032 imperator,etiam
3085 4962 3210 5018 sine
3239 4979 3537 5020 consensu
3571 4983 3702 5022 nos-

2051 5053 2138 5106 tro
2172 5049 2441 5106 Photium
2465 5054 2520 5105 et
2541 5049 2846 5104 ecclesiam
2871 5048 3315 5118 relenturum,et
3336 5056 3698 5111 communio-

2052 5157 2184 5194 nem
2218 5137 2484 5195 Ecclesiae
2513 5138 2876 5205 habiturum,
2914 5138 3205 5212 Ignatium
3251 5158 3386 5197 vero
3419 5142 3571 5198 nihil
3605 5162 3699 5216 per

2050 5245 2155 5283 nos
2187 5227 2610 5283 meliorationis
2640 5225 2874 5298 penitus
2913 5228 3285 5300 adepturum.
3316 5231 3389 5284 At
3418 5247 3529 5286 nos
3561 5250 3592 5288 e
3625 5232 3699 5288 di-

2046 5333 2212 5372 verso
2239 5317 2532 5372 credimus
2582 5316 2737 5388 quod
2788 5315 3045 5372 Ecclesia
3092 5317 3307 5374 Christi
3358 5336 3562 5376 sacros
3607 5339 3698 5378 ca-

2047 5422 2229 5461 nones
2261 5409 2317 5460 et
2347 5405 2633 5478 praecipue
2680 5403 2943 5460 Nicaenos
2994 5423 3109 5461 non
3158 5405 3356 5462 tradat
3398 5407 3692 5477 oblivioni,

2045 5493 2444 5566 praecipientes
2472 5492 2740 5549 videlicet
2770 5498 2835 5548 ut
2865 5493 2924 5548 hi
2959 5494 3057 5566 qui
3091 5495 3449 5567 abjicuntur,
3465 5497 3541 5552 ab
3573 5497 3692 5555 aliis

2045 5599 2159 5638 non
2192 5583 2564 5656 recipiantur.
2601 5582 2906 5640 Credimus
2937 5584 3112 5640 etiam
3154 5585 3310 5657 quod
3363 5585 3466 5642 diu
3513 5603 3687 5643 mem-

2043 5672 2214 5728 brum
2244 5671 2534 5730 incolume
2565 5688 2680 5729 non
2711 5671 2997 5732 subsistat
3025 5673 3251 5733 hmrens
3282 5674 3568 5734 membris
3599 5693 3688 5734 ca-
