3898 6212
400 350 553 413 1035

1760 347 2073 412 NICOLAI
2115 348 2345 411 PAPJE
2388 350 2437 412 Ι.

3660 347 3811 412 ιοοθ

396 483 533 551 rint,
568 488 624 538 et
655 488 740 540 tot
767 484 925 540 diras
957 485 1235 541 adversus
1265 499 1363 540 eos
1395 483 1738 540 afﬂictiones
1782 500 2042 540 commo-
2070 483 2127 552 Α
2154 482 2295 539 riter
2321 482 2588 552 irretivit,
2621 484 2970 555 contemnis,
3002 487 3062 542 et
3089 484 3259 558 quasi
3290 482 3498 542 minus
3527 479 3813 539 Christia-

393 572 598 640 verint,
624 574 970 627 sententiam
1004 578 1201 629 tamen
1231 590 1433 629 eorum
1463 576 1690 629 mutare
1718 573 1805 629 vel
1835 572 2039 630 Anthi-

394 676 557 715 mum
590 677 855 717 revocare
897 663 969 717 ad
1018 662 1334 735 pristinum
1385 667 1605 719 statum
1658 662 1819 718 nullo
1868 663 2040 719 modo

391 753 755 821 potuerunt:
791 750 890 823 qui
933 751 1069 808 licet
1118 754 1304 821 tarde,
1337 753 1692 824 quandoque
1740 756 1936 807 tamen
1986 756 2044 806 et

390 836 585 909 ipsum
616 839 1053 908 Anthimum,et
1083 858 1293 897 sensus
1324 843 1451 912 ejus
1483 858 1616 896 cum
1650 842 1787 896 sede
1818 844 2043 913 aposto-

391 925 503 982 lica
535 928 825 999 sapientes
857 929 1126 985 detestati
1159 934 1378 997 sunt,et
1399 930 1672 985 Mennam
1693 930 1882 984 virum
1907 947 2041 985 san-

394 1019 578 1082 etum,
610 1017 683 1071 ab
712 1016 841 1089 ipsa
870 1024 1225 1090 promotum,
1259 1036 1374 1075 non
1406 1019 1558 1074 sicut
1585 1023 1867 1074 vestrates
1898 1018 2042 1074 falso

397 1107 839 1173 autumant-,sed
862 1124 996 1163 eum
1018 1124 1086 1163 ea
1116 1108 1271 1164 hunc
1304 1107 1479 1180 digne
1509 1108 1854 1180 recipientes
1881 1125 2046 1163 vene-

400 1199 599 1250 ranter
628 1195 878 1268 amplexi
910 1197 1217 1263 sunt.Quis
1246 1214 1378 1253 vero
1410 1201 1550 1253 tunc
1575 1196 1778 1253 videns
1810 1197 2044 1252 Petrum

401 1283 490 1340 vel
519 1301 888 1341 successores
919 1288 1068 1358 ejus,
1091 1287 1386 1341 Simonem
1413 1287 1798 1359 praefatosque
1828 1302 2046 1358 prasva-

403 1371 679 1429 ricatores
708 1377 828 1429 tam
868 1374 1094 1430 fortiter
1143 1374 1454 1445 debellare,
1488 1391 1604 1431 non
1638 1378 1862 1447 poterat
1889 1373 2047 1429 indi-

402 1462 590 1535 gnari,
624 1467 682 1519 et
719 1480 819 1519 eos
866 1467 1150 1537 tanquam
1196 1464 1528 1521 insensatos
1575 1463 1763 1520 efferri
1811 1463 2047 1536 penitus

405 1551 697 1621 arbitrari,
729 1554 1053 1625 praesertim
1086 1570 1221 1609 cum
1253 1571 1357 1627 pro
1389 1553 1607 1609 eisdem
1631 1553 1869 1626 perfidis
1890 1556 2047 1608 totus

404 1647 611 1715 praeter
640 1642 1027 1714 paucissimos
1056 1643 1334 1699 adversus
1365 1642 1495 1698 illos
1528 1658 1661 1697 cum
1684 1640 2048 1714 principibus

403 1731 529 1787 suis
562 1731 906 1805 pugnaverit
935 1732 1138 1788 orbis?
1159 1732 1269 1787 Sed
1302 1732 1441 1804 quia
1468 1731 1682 1787 veritas
1712 1730 1827 1803 tegi
1857 1729 2049 1786 fundi-

400 1824 498 1876 tus
526 1819 809 1920 humanis
841 1837 956 1876 non
987 1824 1177 1920 potest
1206 1820 1605 1920 conatibus,et
1633 1818 1875 1920 praefati,
1906 1819 2048 1891 quin
2080 1855 2128 1920 Β

403 1913 460 1965 et
490 1908 587 1963 alii
620 1909 806 1965 sancti
852 1908 1187 1981 summique
1235 1909 1539 1982 pontifices
1588 1925 1691 1981 spe
1739 1907 1891 1974 freti,
1923 1924 2051 1980 quas

406 2014 522 2053 non
575 1998 882 2053 confundit
932 1998 1103 2070 (Rom.
1136 1998 1211 2069 v),
1246 2002 1333 2053 tot
1378 1997 1607 2053 labores
1656 1996 2049 2069 arripuerunt,

403 2087 619 2144 idcirco
652 2086 735 2142 sol
759 2086 1003 2157 justitize
1037 2087 1232 2142 radios
1263 2103 1402 2142 suos
1432 2087 1678 2141 fortasse
1728 2084 1967 2141 mittens
1996 2088 2054 2139 et

406 2175 682 2233 nebulam
713 2174 1020 2246 dissipavit
1048 2175 1346 2241 erroris,et
1373 2174 1631 2230 veritatis
1661 2172 1947 2249 paulatim
1968 2170 2052 2228 lu-

407 2281 543 2325 men
575 2262 827 2320 ostendit
858 2280 871 2318 :
906 2262 1105 2335 sicque
1138 2264 1377 2319 demum
1409 2267 1697 2334 quantum
1728 2261 1809 2317 illi
1853 2261 2051 2317 defen-

408 2369 569 2409 sores
599 2351 865 2407 Ecclesia:
897 2356 1050 2408 recte
1080 2351 1464 2424 sapuerint,et
1484 2352 1581 2407 isti
1605 2351 1872 2423 nequiter
1891 2350 2051 2406 ober-

407 2440 681 2508 raverint,
712 2441 948 2495 tandem
977 2440 1272 2496 evidenter
1301 2440 1573 2496 innotuit.
1606 2440 1690 2495 Ita
1734 2456 1965 2512 quoque
1995 2443 2052 2495 et

409 2548 536 2598 nos,
571 2533 637 2587 ut
662 2529 855 2585 verbis
886 2529 1100 2602 egregii
1132 2528 1447 2601 loquamur
1463 2528 1721 2602 Apostoli
1747 2546 1760 2584 :
1784 2529 2050 2585 Habentes

403 2619 653 2675 eumdem
678 2620 936 2690 spiritum
979 2618 1109 2689 ﬁdei
1154 2635 1312 2691 quem
1355 2627 1406 2675 et
1451 2626 1630 2689 patres
1682 2619 1878 2686 nostri,
1909 2619 2050 2673 sicut

404 2710 669 2781 scriptum
702 2716 781 2764 est
811 2726 829 2764 :
863 2707 1080 2764 Credidi
1124 2716 1343 2779 propter
1387 2707 1527 2781 quod
1572 2707 1779 2763 loeutus
1824 2724 1947 2762 sum
1977 2708 2055 2779 (ΙΙ

406 2798 527 2854 Cor.
560 2814 648 2866 Iv;
681 2797 829 2851 Psal.
863 2797 1049 2867 cxxv),
1082 2800 1139 2850 et
1177 2812 1283 2851 nos
1333 2795 1711 2865 credidimus,
1745 2800 2051 2868 propterea

404 2885 558 2958 quod
576 2888 632 2941 et
648 2884 973 2957 loquimur;
994 2888 1051 2939 et
1071 2884 1731 2957 conﬁdimus,quoniam
1755 2884 1856 2957 qui
1872 2885 2049 2941 Abra-

402 2974 541 3030 ham
573 2978 775 3031 contra
805 2991 968 3046 spem
1004 2972 1163 3028 dedit
1192 2972 1402 3041 ﬁlium,
1420 2978 1625 3045 potens
1642 2978 1731 3030 est
1750 2973 1919 3029 nobis
1944 2990 2047 3046 pro

403 3063 659 3120 Ecclesia
684 3080 793 3120 sua
812 3062 1217 3119 laborantibus
1238 3066 1295 3117 et
1318 3061 1677 3118 incrementa
1692 3061 2047 3135 spiritalium

402 3153 640 3231 frugum
670 3154 905 3221 donare,
938 3155 996 3207 et
1024 3151 1366 3207 earumdem
1398 3150 1633 3225 frugum
1666 3151 1902 3208 uberem
1925 3151 2046 3207 fru-

404 3246 563 3300 ctum
596 3241 1008 3314 multiplicare.

475 3376 640 3433 Unde
689 3374 885 3441 dicito,
937 3389 1297 3446 quaesumus,
1331 3391 1364 3429 o
1394 3374 1710 3446 imperator
1765 3374 2048 3447 piissime,

406 3466 577 3538 cujus
599 3462 947 3537 prolixitatis
979 3462 1484 3531 inobedientia,vel
1515 3462 1684 3533 cujus
1716 3462 2050 3519 multitudi-

407 3555 500 3612 nis
529 3551 862 3619 insolentia,
887 3554 988 3606 aut
1017 3551 1185 3621 cujus
1213 3551 1523 3622 potestatis
1553 3550 1909 3621 excellentia,
1943 3570 2051 3610 nos

407 3644 482 3698 ab
508 3642 617 3696 hac
643 3641 755 3695 tide
782 3638 869 3694 vel
901 3654 1004 3710 spe
1033 3639 1243 3694 debeat
1263 3645 1365 3695 aut
1382 3639 1571 3695 valeat
1590 3639 1796 3696 saltem
1821 3657 2053 3713 parum-

404 3747 509 3803 per
538 3726 833 3784 avertere?
863 3727 1193 3782 Praasertim‘
1219 3744 1352 3783 cum
1384 3728 1760 3785 beatissimus
1792 3731 1919 3801 jam
1949 3731 2049 3787 de-

404 3818 672 3891 signatus
721 3815 1004 3872 exclamet
1044 3816 1358 3888 Apostolus
1391 3834 1404 3872 :
1436 3819 1547 3886 Est,
1590 3817 1885 3890 inquiens,
1915 3819 2048 3891 ﬁdes

399 3906 797 3981 sperandan
823 3906 1127 3961 substantia
1156 3923 1360 3973 rerum,
1393 3916 1781 3977 argumentum
1809 3925 1915 3965 uon
1947 3926 2045 3982 ap-

394 3998 710 4071 parentium
744 3995 923 4067 (Hebr.
955 3995 1066 4067 x1);
1101 3998 1158 4051 et
1197 4012 1449 4051 rursus':
1483 3997 1631 4068 Spes,
1665 3996 1766 4065 ait,
1800 4013 1925 4069 quae
1968 3999 2047 4054 vi-

397 4086 556 4143 detur
581 4101 693 4141 non
721 4092 799 4140 est
826 4100 981 4155 spes;
1001 4101 1131 4140 nam
1159 4085 1298 4157 quod
1325 4084 1469 4142 videt
1496 4087 1640 4159 quis,
1671 4085 1805 4159 quid
1833 4090 2046 4158 sperat?

393 4178 446 4232 si
473 4182 654 4231 autem
685 4174 823 4246 quod
847 4190 957 4228 non
983 4174 1225 4230 videmus
1252 4190 1551 4245 speramus,
1581 4191 1681 4247 per
1715 4177 2043 4247 patientiam

395 4272 765 4335 exspectamus
794 4264 967 4331 (Rom.
1001 4262 1145 4334 vm).

468 4397 585 4454 Hac
614 4396 794 4469 igitur
823 4394 956 4451 fidei
987 4413 1103 4452 suae
1136 4414 1237 4469 spe
1272 4398 1591 4467 certificati,
1629 4398 1709 4453 [ili
1760 4398 2041 4454 charissi-

396 4503 511 4555 me,
544 4504 651 4542 nos
682 4485 916 4558 quidem
948 4484 1019 4539 de
1045 4485 1416 4557 percipienda
1458 4487 1726 4541 mercede
1774 4484 2041 4541 laborum

2150 590 2262 629 nus
2292 577 2507 630 temere
2537 573 2932 647 parvipendis.

2219 663 2381 729 Quod
2412 667 2701 735 quantum
2732 664 2809 720 sit
2840 681 2874 720 a
2898 662 2992 737 pio
3024 661 3325 720 intellectu
3356 658 3814 725 removendum,

2149 754 2207 806 et
2225 768 2259 806 a
2281 749 2542 807 fidelium
2565 752 2840 809 cordibus
2862 750 3574 820 exsecrandum,eximius
3600 748 3819 822 praesul

2150 844 2360 895 nostrae
2382 840 2537 897 sedis
2561 840 2824 898 moribus
2844 846 2903 898 et
2919 841 3157 897 nomine
3171 839 3508 914 Gregorius
3529 838 3818 904 ostendit,

2151 945 2287 985 cum
2339 929 2411 984 de
2458 929 2567 985 hoc
2611 930 2909 1000 scriberet,
2956 930 3157 987 dicens
3206 930 3326 1002 (lib.
3361 947 3439 998 1x,
3472 929 3637 1001 epist.
3671 926 3768 997 49)
3806 943 3821 980 ;

2153 1018 2212 1074 Si
2245 1022 2385 1074 sunt
2431 1019 2532 1091 qui
2578 1019 2903 1076 certissime
2949 1019 3091 1076 talia
3139 1019 3404 1075 sentiunt
3450 1016 3543 1075 vel
3588 1020 3823 1083 tenent,

2154 1106 2294 1179 quia
2317 1106 2631 1163 Christiani
2654 1125 2771 1164 non
2798 1112 2955 1177 sunt,
2986 1107 3234 1165 dubium
3263 1124 3382 1164 non
3407 1111 3497 1163 est
3526 1123 3652 1171 eos,
3684 1121 3823 1177 qua

2153 1200 2211 1251 et
2239 1211 2345 1269 ego
2376 1200 2433 1252 et
2462 1213 2665 1254 omnes
2696 1196 2963 1254 catholici
2994 1196 3275 1271 episcopi,
3308 1200 3484 1269 atque
3528 1195 3825 1252 universa

2154 1283 2409 1341 Ecclesia
2429 1285 3160 1359 anathematizamus,quia
3189 1285 3418 1342 veritati
3443 1288 3656 1340 contra
3678 1300 3824 1339 sen-

2153 1373 2330 1439 tiunt,
2358 1378 2559 1431 contra
2605 1373 2947 1448 loquuntur.
2995 1375 3061 1430 Et
3108 1390 3361 1431 rursus:
3398 1373 3538 1447 Ipsi,
3590 1372 3825 1445 inquit,

2157 1461 2267 1518 sibi
2298 1464 2477 1519 testes
2502 1463 2808 1536 sunt,quia
2836 1462 3152 1520 Christiani
3185 1479 3300 1519 non
3331 1467 3493 1529 sunt,
3507 1460 3657 1534 quia
3674 1459 3830 1534 liga-

2156 1553 2354 1607 menta
2384 1556 2597 1608 sancta:
2629 1551 2895 1608 Ecclesia
2924 1550 3243 1608 vanissime
3291 1550 3589 1608 aestimant
3638 1565 3834 1606 cona-

2155 1638 2315 1695 tibus
2346 1638 2586 1709 solvere,
2618 1656 2685 1696 ac
2712 1657 2815 1713 per
2843 1640 2952 1697 hoc
2981 1657 3087 1697 nec
3116 1639 3546 1697 absolutionem
3595 1643 3830 1696 sancta

2156 1727 2445 1796 Ecclesiae,
2479 1745 2657 1801 quam
2689 1732 2929 1802 praestat
2958 1728 3253 1797 fidelibus,
3285 1745 3482 1785 veram
3513 1730 3829 1802 putaut,si

2155 1815 2438 1889 ligaturas
2478 1818 2606 1889 ejus
2648 1817 2840 1874 valere
2888 1835 3006 1874 non
3051 1819 3363 1875 aestimant.
3397 1817 3619 1874 Contra
3667 1833 3828 1890 quos

2160 1905 2382 1962 diutius
2412 1906 2837 1979 disputandum
2865 1924 2979 1964 non
3012 1912 3121 1977 est,
3155 1907 3295 1980 quia
3323 1905 3692 1979 despiciendi
3713 1922 3825 1978 per

2159 1993 2359 2050 omnia
2387 1998 2444 2051 et
2471 1995 3004 2052 anathematizandi
3035 2000 3196 2065 sunt,
3219 2000 3285 2051 ut
3313 1995 3472 2051 unde
3499 1994 3821 2051 veritatem

2160 2081 2358 2139 fallere
2388 2101 2450 2140 se
2481 2084 2747 2155 credunt,
2780 2084 2916 2142 inde
2944 2084 3005 2141 in
3053 2085 3308 2159 peccatis
3355 2083 3481 2141 suis
3523 2084 3823 2141 veraciter

2157 2170 2432 2244 ligantur.

2231 2260 2341 2317 Sed
2373 2261 2422 2317 si
2453 2262 2597 2318 forte
2626 2260 2773 2319 dicis
2802 2279 2922 2335 npn
2951 2262 3226 2320 debuisse
3261 2278 3370 2319 nos
3416 2266 3538 2319 tam
3585 2263 3819 2320 concita

2158 2349 2361 2406 audita
2389 2350 2544 2407 dicta
2572 2352 2946 2423 credere,nec
2975 2356 3098 2408 tam
3125 2352 3198 2408 ad
3232 2351 3648 2425 proferendam
3680 2368 3818 2408 sen-

2157 2437 2400 2495 tentiam
2450 2456 2578 2496 esse
2624 2440 2927 2514 proclives,
2979 2441 3228 2510 noveris,
3260 2458 3294 2498 o
3324 2440 3670 2514 imperator,
3707 2441 3818 2497 hoc

2158 2527 2582 2585 rationabiliter
2635 2547 2807 2604 posse
2863 2530 2999 2598 dici,
3032 2530 3082 2587 si
3131 2529 3304 2603 culpa
3345 2547 3484 2586 cum
3532 2528 3813 2598 clamore,

2158 2617 2655 2687 quemadmodum
2673 2619 3056 2675 Sodomorum
3073 2624 3131 2675 et
3148 2618 3811 2683 Gomorrhmrum,non

2157 2709 2311 2760 esset
2342 2722 2355 2761 :
2390 2705 2438 2762 si
2472 2723 2600 2778 quas
2632 2707 2703 2763 de
2733 2707 3008 2780 Gregorio
3039 2711 3205 2780 gesta
3242 2707 3519 2780 superius
3565 2708 3812 2766 intima-

2152 2792 2501 2860 vimus,tam
2532 2794 2593 2851 in
2623 2795 2930 2868 propatulo
2951 2813 3067 2853 non
3088 2796 3486 2853 exstitissent:
3513 2797 3565 2853 si
3587 2798 3812 2870 scripta

2152 2886 2365 2949 vestra,
2400 2900 2526 2956 quae
2557 2884 2712 2957 apud
2743 2884 3313 2958 Constanttnopolim
3359 2889 3567 2941 contra
3597 2902 3811 2951 consa-

2154 2971 2447 3028 cerdotem
2477 2977 2747 3029 nostrum
2779 2973 3187 3047 Ignatium,vel
3209 2973 3363 3030 circa
3383 2974 3807 3045 Photium,imo

2153 3076 2285 3117 vero
2318 3076 2420 3133 per
2450 3061 2742 3132 Photium,
2761 3066 2926 3135 gesta
2950 3067 3091 3118 sunt
3117 3061 3433 3130 evidenter,
3466 3062 3808 3120 nullatenus

2154 3148 2516 3207 indicassent
2533 3167 2547 3206 :
2567 3149 2655 3207 vel
2673 3150 2722 3208 si
2739 3149 2964 3224 legatos
2985 3154 3218 3208 nostros
3236 3155 3295 3208 et
3314 3151 3599 3225 epistolas
3619 3152 3809 3226 pietas

2081 3222 2123 3290 C
2161 3241 2264 3293 tua
2291 3238 2542 3311 benigne
2569 3222 2944 3312 suscepisset,
2976 3238 3066 3295 vel
3097 3238 3148 3295 si
3176 3222 3481 3313 susceptas
3532 3222 3691 3297 ausu
3730 3245 3811 3298 te-

2161 3326 2410 3383 merario
2440 3343 2611 3384 nemo
2642 3326 2872 3384 fallacia
2898 3327 3357 3400 depravasset,et
3383 3326 3485 3384 illa
3503 3329 3581 3384 ab
3602 3345 3810 3386 suum

2159 3413 2421 3472 veritatis
2461 3420 2660 3473 tenore
2708 3415 3045 3474 nullatenus
3092 3416 3425 3473 amovisset.
3456 3418 3534 3472 At
3564 3418 3670 3473 ubi
3696 3418 3812 3491 pia-

2160 3502 2360 3559 culum
2390 3521 2506 3561 non
2538 3503 2730 3561 solum
2761 3521 2897 3560 cum
2925 3522 3085 3574 voce,
3116 3505 3220 3561 sed
3264 3509 3322 3561 et
3366 3522 3505 3561 cum
3555 3506 3811 3563 clamore

2159 3592 2542 3649 commissum
2573 3598 2682 3662 est,
2715 3598 2774 3650 et
2814 3594 3057 3667 sanguis
3105 3593 3357 3651 insontis
3403 3594 3629 3663 fratris,
3660 3595 3809 3651 sicut

2158 3680 2465 3750 hactenus,
2499 3680 2791 3739 clamabat
2818 3683 2892 3739 ad
2922 3683 3106 3739 Deum
3138 3683 3210 3739 de
3239 3686 3481 3750 terra,et
3498 3688 3806 3750 vestrates,

2148 3770 2320 3843 juxta
2348 3771 2504 3843 quod
2527 3788 2629 3844 per
2651 3770 2995 3845 prophetam
3017 3771 3087 3828 de
3107 3771 3371 3845 reprobis
3398 3773 3806 3845 exprobrantis

2157 3859 2361 3915 effectu
2395 3860 2647 3933 [affectu]
2677 3860 3078 3933 perhibentur,
3104 3869 3388 3933 peceatum
3433 3878 3603 3918 suum
3651 3863 3810 3936 quasi

2154 3947 2385 4005 Sodoma
2427 3948 2888 4022 praedicaverunt,
2935 3966 3035 4006 nec
3078 3948 3478 4007 absconderant
3520 3952 3656 4019 (Isa.
3692 3954 3806 4019 In);

2154 4041 2466 4110 postquam
2497 4037 2715 4111 scripta
2743 4054 2977 4110 quoque
3004 4042 3215 4107 vestra,
3251 4038 3309 4094 id
3353 4043 3445 4095 est
3492 4044 3804 4112 peccatum

2154 4127 2243 4198 [f.,
2272 4126 2469 4199 ipsum
2491 4131 2815 4199 peccatum,
2843 4128 3047 4199 [lnam]
3071 4128 3808 4202 consummatum,liquido

2152 4216 2651 4283 demonstrarunt,
2685 4220 2999 4289 postquam
3058 4215 3234 4272 etiam
3294 4216 3514 4273 missos
3573 4223 3808 4274 nostros

2152 4309 2447 4361 aversatos
2470 4322 2503 4360 a
2520 4304 2808 4377 colloquio
2831 4304 3381 4377 ﬁdelium,etjussis
3405 4305 3631 4363 nostris
3654 4323 3811 4362 aver-

2152 4410 2268 4462 sos,
2298 4397 2354 4450 et
2383 4392 2661 4467 epistolas
2688 4397 2921 4450 nostras
2969 4394 3290 4451 occultatas
3338 4400 3516 4468 atque
3564 4395 3811 4451 falsatas

2152 4483 2524 4555 agnovimus;
2560 4482 2699 4555 quid
2731 4481 3033 4555 potuimus
3062 4481 3390 4539 consultius
3428 4482 3519 4539 vel
3569 4484 3808 4539 cautius

395 4576 591 4646 (etiam
624 4576 673 4631 si
706 4592 808 4631 vos
847 4574 1016 4629 nobis
1064 4590 1366 4646 nunquam
1418 4572 1777 4640 obedierilis,
1809 4575 2041 4631 etiamsi
2074 4592 2118 4657 Ι)
2150 4587 2341 4645 agere,
2374 4588 2572 4643 quam,
2603 4588 2673 4627 ne
2706 4574 2771 4627 ut
2802 4571 2989 4644 magis
3019 4588 3086 4627 ac
3111 4571 3300 4645 magis
3347 4571 3546 4628 scelus
3580 4578 3649 4628 ut
3677 4589 3813 4629 cano

395 4671 681 4738 quantum
714 4664 956 4737 potestis
985 4662 1313 4733 apostolicae
1345 4660 1501 4715 sedis
1533 4661 1703 4716 reniti
1727 4665 2038 4719 contende-

2147 4677 2244 4716 cer
2265 4663 2544 4732 serperet,
2577 4660 2636 4715 id
2685 4660 2951 4716 funditus
2997 4661 3496 4733 exstirparemus;
3527 4666 3610 4728 et,
3644 4679 3721 4719 ne
3749 4667 3813 4718 ut

392 4754 543 4827 ritis)
574 4750 909 4808 nullatenus
932 4749 1294 4806 dubitamus.
1315 4748 1395 4802 De
1422 4752 1477 4803 te
1506 4750 1724 4814 tamen,
1756 4752 2038 4822 tanquam
2148 4750 2234 4822 [f.,
2269 4753 2334 4804 ut
2364 4764 2456 4820 ne,
2481 4748 2581 4820 id.]
2614 4747 2844 4804 desides
2874 4753 2933 4805 et
2963 4747 3326 4822 negligentes
3366 4749 3808 4821 judicaremur,

391 4843 462 4898 de
529 4840 909 4896 dilectissimo
974 4837 1115 4905 filio,
1164 4836 1537 4891 vehementer
1593 4837 2036 4909 ingemiscimus
2144 4855 2250 4911 pro
2281 4838 2452 4893 domo
2482 4837 2581 4893 Dei
2614 4836 2859 4893 celerem
2891 4837 3296 4910 fervidumque
3315 4837 3511 4894 zelum
3541 4840 3810 4895 ostende

389 4935 447 4987 et
478 4931 801 4994 tristamur,
834 4926 1111 5001 quoniam
1154 4940 1268 4979 non
1319 4924 1582 4994 priorum
1632 4925 1898 5000 vestigia,
1933 4929 2033 4985 sed
2144 4926 2386 4983 remus?
2418 4926 2629 4982 Praeter
2658 4925 2780 4981 haec
2810 4926 3175 4999 autem,quia
3207 4925 3353 4983 falso
3374 4926 3667 5001 divulgati
3694 4929 3807 4984 fue-

388 5034 701 5091 pra-.orum
729 5016 1061 5087 principum
1093 5010 1358 5081 exempla
1404 5016 1659 5071 sectatus
1705 5016 2033 5086 apostolica
2141 5032 2346 5071 ramus
2378 5031 2485 5071 nos
2513 5014 2602 5073 vel
2625 5014 2833 5087 Ignatii
2864 5014 3214 5088 depositioni
3243 5018 3331 5072 vel
3354 5014 3551 5072 Photii
3576 5033 3805 5089 promo.

387 5110 444 5163 et
474 5104 673 5177 primae
708 5104 765 5157 in
798 5107 919 5157 toto
966 5100 1103 5155 orbe
1149 5103 1432 5156 terrarum
1480 5101 1636 5158 sedis
1660 5103 1868 5170 edicta,
1902 5121 2033 5177 per-

384 5208 686 5249 versorum
720 5191 1030 5245 hominum
1062 5187 1439 5246 suasionibus
1468 5189 1716 5259 illectus,
1740 5196 1916 5265 atque
1940 5193 2035 5249 de-

2140 5104 2288 5159 tioni
2347 5103 2735 5174 consensisse,
2766 5103 2981 5160 idcirco
3028 5103 3208 5160 veloci
3257 5104 3629 5161 studendum
3675 5121 3799 5161 esse

2140 5192 2619 5258 satisfactione,et
2647 5191 2862 5248 Christi
2891 5191 3213 5249 Ecclesiam
3246 5193 3317 5249 de
3338 5192 3451 5249 hoc
3475 5193 3799 5250 certificaue

388 5286 547 5337 creta
577 5277 900 5349 postponis,
933 5281 990 5330 et
1019 5274 1410 5333 anathematis
1449 5278 1863 5353 obligamenta,
1896 5282 2031 5354 qui—
2131 5281 2266 5353 jure
2296 5281 2695 5354 praevidimus.

387 5372 497 5425 bus
530 5368 929 5440 persecutores
960 5363 1169 5437 Ignatii
1208 5367 1593 5424 comministri
1642 5369 1847 5437 nostri,
1882 5369 2032 5425 Pho-

2209 5369 2954 5442 Verum,quemadmodum
2985 5370 3189 5428 audita
3215 5369 3470 5427 crimina
3490 5388 3613 5427 non
3636 5370 3797 5428 facile

386 5457 535 5513 tium
566 5451 851 5519 videlicet,
886 5453 987 5525 qui
1016 5459 1147 5525 post
1176 5455 1596 5527 depositionem
1637 5458 1815 5513 nimis
1847 5458 2033 5515 multa
2139 5459 2317 5525 credi,
2346 5459 2447 5516 sed
2493 5459 2726 5533 cognita
2773 5459 2900 5516 sine
2948 5460 3223 5517 tarditate
3266 5460 3471 5533 puniri
3525 5460 3792 5525 debeant.

386 5546 459 5601 de
481 5541 804 5597 ministerio
835 5559 998 5600 sacro
1028 5544 1362 5617 contingere
1385 5547 1557 5617 juxta
1604 5547 2028 5619 praecedentem
2141 5553 2381 5605 sanctus
2402 5548 2532 5620 jam
2564 5546 2903 5605 nominatus
2923 5565 3076 5621 papa
3095 5548 3413 5623 Gregorius
3437 5553 3499 5606 et
3517 5549 3794 5624 magister

387 5631 869 5693 consuetudinem
911 5651 1092 5693 ausus
1122 5637 1229 5708 est,
1263 5637 1319 5691 et
1349 5634 1605 5693 fautores
1643 5636 1771 5709 ejus
1802 5634 2029 5709 regula-

2140 5637 2434 5713 egregius,
2495 5636 2793 5713 sapienter
2846 5637 3049 5697 edocet
3103 5638 3309 5697 dicens
3368 5639 3594 5713 (Expos.
3626 5641 3685 5697 in
3706 5654 3790 5715 ps.
