3898 6212
124 381 308 441 ,1037

1367 377 1772 441 ΕΡΙΒΤΟΙΛΕ
1817 377 1914 440 ET
1956 377 2340 441 DECRETA.

3402 382 3560 443 1038

138 515 371 586 pauit.)
405 528 419 569 :
454 511 763 569 Peccatum
794 527 928 567 cum
959 527 1117 578 voce,
1150 510 1324 584 culpa
1352 515 1441 568 est
1463 511 1520 567 in
1545 511 1800 579 actione;
1832 512 1886 579 Α
1917 511 2037 567 dita
2067 510 2223 567 mala
2271 512 2434 567 tarde
2483 512 2862 584 credidimus,
2892 515 2973 572 ita
3003 519 3087 571 tot
3113 515 3558 588 probationibus

143 607 457 675 peccatum
488 618 624 657 vero
656 599 831 656 etiam
875 616 1008 656 cum
1041 599 1315 666 clamore,
1349 604 1437 655 est
1468 600 1639 672 culpa
1665 617 1799 655 cum

143 691 437 748 libertate.
473 691 585 746 Sed
619 689 758 762 quid
795 689 904 744 hoc
933 688 1196 762 exemplo
1244 688 1358 744 nisi
1389 705 1496 745 nos
1524 690 1800 744 admone-

143 797 286 837 mur
307 797 380 837 ne
400 780 475 836 ad
497 779 906 852 proferendam
939 777 1290 834 sententiam
1324 794 1586 849 unquam
1607 775 1804 848 praeci-

143 871 298 943 pites
331 884 460 926 esse
492 867 831 934 debeamus,
865 883 936 922 ne
967 872 1181 922 temere
1213 865 1552 922 indiscussa
1573 865 1799 936 judice-

145 975 392 1025 mus,ne
414 957 688 1030 quaelibet
709 955 864 1011 mala
895 955 1094 1011 audita
1124 972 1230 1011 nos
1263 959 1552 1018 moveant,
1579 971 1648 1009 ne
1671 971 1802 1026 pas-

143 1046 263 1104 sim
286 1047 443 1102 dicta
464 1046 590 1103 sine
616 1044 960 1117 probatione
993 1045 1323 1107 credamus,
1356 1045 1511 1116 quod
1544 1043 1799 1116 profecto

143 1141 482 1208 perpetrare
509 1133 1002 1207 pertimescimus,
1036 1133 1084 1188 si
1118 1132 1372 1189 auctoris
1405 1131 1588 1188 nostri
1612 1131 1797 1187 subti-

143 1224 264 1283 lius
296 1226 451 1280 facta
478 1222 966 1296 pensamuslpse
998 1222 1214 1294 quippe
1245 1226 1310 1276 ut
1340 1237 1446 1277 nos
1477 1238 1512 1275 a
1541 1219 1801 1292 praecipi-

142 1318 270 1370 tata
300 1313 602 1369 sententia;
630 1310 954 1384 prolatione
986 1313 1399 1381 compesceret,
1427 1325 1562 1366 cum
1601 1308 1800 1364 omnia

93 1458 102 1465 ,
142 1402 310 1458 nuda
327 1406 384 1458 et
405 1404 604 1474 aperta
623 1400 742 1455 sint
763 1398 948 1455 oculis
970 1400 1118 1470 ejus,
1140 1397 1296 1454 mala
1314 1401 1512 1454 tamen
1533 1397 1796 1453 Sodoma

141 1484 338 1548 noluit
367 1490 568 1547 audita
583 1488 874 1560 judicare,
901 1486 1002 1559 qui
1034 1487 1114 1542 ait
1141 1504 1154 1541 :
1181 1487 1510 1544 Descendam
1532 1494 1584 1543 et
1608 1485 1797 1542 videbo

139 1589 336 1635 utrum
365 1579 657 1634 clamorem
681 1578 780 1649 qui
806 1578 954 1633 venit
982 1575 1053 1631 ad
1081 1592 1186 1642 me,
1205 1593 1362 1648 opere
1389 1576 1794 1648 compleverint,

141 1685 220 1724 an
267 1684 377 1724 non
419 1675 498 1724 est
547 1669 642 1734 ita,
692 1675 753 1722 ut
799 1667 972 1722 sciam
1018 1664 1171 1733 (Gen.
1203 1665 1382 1738 xvm).
1415 1664 1796 1736 Omnipotens

141 1756 347 1828 itaque
368 1756 677 1820 Dominus,
702 1758 759 1811 et
779 1755 976 1810 omnia
999 1753 1212 1822 sciens,
1239 1771 1342 1809 cur
1364 1758 1496 1809 ante
1517 1769 1794 1826 provoca-

137 1846 366 1902 tionem
389 1845 560 1918 quasi
583 1843 846 1911 dimittit,
869 1843 984 1898 nisi
1011 1848 1073 1898 ut
1093 1842 1394 1916 gravitatis
1418 1842 1586 1898 nobis
1611 1858 1797 1898 exem-

138 1934 311 2007 plum
325 1938 708 2008 proponat,ne
722 1931 878 1988 mala
899 1932 1204 1989 hominum
1219 1936 1351 1988 ante
1364 1948 1791 2004 praesumamus

138 2025 382 2080 credere
412 2040 590 2096 quam
622 2021 911 2094 probare?

213 2113 360 2169 Ecce
383 2129 487 2185 per
507 2111 744 2184 angelos
765 2111 835 2166 ad
860 2110 1261 2183 cognoscenda
1293 2109 1448 2165 mala
1470 2109 1794 2176 descendit,

139 2217 395 2273 moxque
424 2200 784 2256 facinorosos
814 2198 1089 2270 percutit,
1115 2204 1290 2270 atque
1309 2197 1406 2252 ille
1430 2196 1679 2269 patiens,
1698 2195 1795 2252 ille

138 2290 333 2361 mitis,
367 2287 464 2346 ille
496 2290 566 2345 de
597 2305 712 2361 quo
739 2287 1024 2360 scriptum
1057 2291 1182 2343 est:
1223 2289 1296 2342 Tu
1327 2287 1791 2352 autem,Domine,

135 2394 268 2434 cum
295 2379 700 2450 tranquillitate
716 2375 938 2448 judicas
969 2375 1265 2446 (Sap.xu);
1298 2374 1396 2429 ille
1427 2375 1496 2428 de
1527 2390 1642 2445 quo
1665 2390 1792 2428 rur-

138 2483 278 2522 sum
328 2466 615 2538 scriptum
666 2468 755 2520 est
789 2481 802 2518 :
835 2465 1100 2520 Dominus
1148 2464 1364 2534 patiens
1416 2471 1495 2518 est
1552 2461 1795 2517 redditor

140 2556 332 2628 (Eccli.
365 2559 444 2626 v),
476 2555 537 2610 in
595 2557 760 2610 tanto
818 2551 1062 2608 crimine
1120 2551 1411 2608 involutos
1468 2551 1792 2618 inveniens,

139 2645 314 2716 quasi
346 2644 687 2717 patientiam
721 2641 1185 2716 prastermisit,et
1201 2641 1354 2696 diem
1378 2640 1617 2695 extremi
1637 2639 1794 2711 judi-

136 2733 213 2790 cii
236 2737 575 2806 exspectare
606 2733 677 2787 ad
704 2731 1023 2786 vindictam
1054 2729 1263 2796 noluit,
1288 2733 1384 2786 sed
1413 2746 1510 2784 eos
1539 2729 1673 2800 igne
1692 2730 1792 2799 ju-

135 2823 276 2879 dicii
309 2825 445 2878 ante
469 2821 677 2892 judicii
714 2821 868 2876 diem
895 2819 1206 2892 praevenit:
1242 2823 1297 2874 et
1327 2835 1458 2874 ecce
1490 2818 1711 2874 malum
1734 2821 1793 2873 et

134 2912 314 2984 quasi
347 2927 482 2967 cum
513 2908 861 2965 difficultate
892 2907 1158 2975 credidit,
1190 2924 1324 2962 cum
1353 2906 1593 2972 audivit,
1625 2909 1682 2961 et
1709 2910 1792 2960 ta-

133 3017 274 3057 men
326 2999 453 3056 sine
501 2999 776 3055 tarditate
826 2996 1134 3070 percussit,
1168 3013 1302 3052 cum
1344 3011 1547 3051 verum
1578 3011 1791 3066 cogno—

131 3089 357 3148 scendo
392 3087 645 3161 reperit;
675 3091 739 3142 ut
770 3085 938 3142 nobis
968 3084 1236 3141 videlicet
1265 3086 1429 3140 daret
1459 3083 1790 3155 exemplum

132 3179 297 3251 quod
329 3179 554 3248 majora
584 3176 832 3232 crimina
859 3179 916 3231 et
946 3175 1110 3230 tarde
1156 3174 1444 3230 credenda
1487 3177 1626 3229 sunt
1654 3189 1789 3228 cum

1912 601 2164 672 cognita,
2199 599 2373 655 citius
2401 601 2606 672 punire
2635 603 2961 658 necessario
2989 605 3428 676 precuravimus
3455 624 3468 672 ;
3503 609 3560 660 et

1912 687 2021 743 hoc
2045 688 2152 744 rite
2176 704 2189 744 :
2214 705 2351 744 nam
2375 690 2446 743 ad
2477 693 2941 762 cognoscendam
2965 697 3019 746 et
3050 694 3554 748 condemnandam

1912 776 2274 849 impietatem
2295 777 2540 833 Nestorii
2563 783 2765 835 sancta
2785 781 3076 853 Ephesina
3097 783 3354 854 synodus
3372 781 3554 836 solam

1911 865 2217 936 epistolam
2251 867 2398 937 ejus,
2435 883 2611 939 quam
2634 868 2705 922 ad
2736 869 2973 924 beatum
2997 870 3275 942 Cyrillum
3308 870 3555 942 scripse-

1911 960 2020 1024 rat,
2054 955 2358 1010 recitatam
2411 956 2679 1012 sufﬁcere
2729 958 2992 1013 credidit.
3029 958 3241 1024 Quinta
3281 964 3557 1030 praetcrea

1910 1044 2170 1111 synodus
2203 1043 2377 1099 etiam
2400 1045 2524 1115 jam
2560 1051 2822 1102 mortuos
2844 1047 3150 1120 Origenem
3174 1053 3347 1120 atque
3370 1049 3554 1104 Thoo-

1911 1131 2119 1187 dorum
2151 1149 2255 1205 per
2283 1149 2483 1188 eorum
2517 1134 2852 1191 damnanda
2883 1135 3099 1209 scripta
3127 1154 3240 1192 non
3278 1141 3429 1193 recte
3461 1155 3553 1192 sa-

1909 1220 2108 1292 puisse
2139 1228 2417 1293 repertos,
2452 1222 2821 1280 anathemate
2852 1225 3117 1298 percutit.
3143 1227 3392 1282 Sanctus
3411 1244 3553 1299 quo-

1910 1325 2021 1381 que
2061 1327 2212 1381 papa
2259 1310 2526 1367 Gelasius
2576 1313 2646 1367 de
2695 1313 3068 1369 damnatione
3109 1315 3302 1370 Acacii
3348 1321 3551 1371 vestrae

1909 1398 2205 1470 quondam
2253 1399 2416 1456 urbis
2464 1400 2719 1473 episcopi
2755 1403 2826 1457 ad
2860 1403 3160 1459 Dardanos
3209 1404 3432 1473 scribit,
3465 1405 3550 1459 di-

1908 1503 2046 1544 cens
2074 1489 2250 1561 (epist.
2281 1489 2367 1552 11)
2401 1506 2414 1543 :
2451 1489 2574 1558 Hic,
2605 1490 2654 1546 si
2703 1491 3051 1547 examinatio
3100 1493 3398 1564 quaeritur,
3423 1495 3549 1565 jam

1898 1574 2122 1646 judicio
2173 1593 2286 1632 non
2336 1582 2460 1632 erat
2490 1595 2656 1651 Opus,
2691 1584 3001 1652 postquam
3035 1581 3242 1636 litteris
3273 1582 3396 1638 suis
3428 1583 3552 1655 ipse

1907 1665 2212 1721 confessus
2235 1670 2342 1721 est.
2366 1666 2580 1721 Christi
2604 1672 2878 1739 prasterea
2899 1670 3196 1726 confessor
3225 1688 3376 1743 papa
3405 1672 3552 1726 Mar-

1904 1753 2065 1810 tinus
2097 1753 2306 1827 Cyrum
2346 1754 2824 1825 Alexandrinum,
2858 1758 3147 1829 Sergium,
3181 1759 3464 1832 Pyrrhum
3496 1765 3553 1816 et

1907 1841 2152 1897 Paulum
2201 1843 2892 1916 Constantinopolitanos,
2926 1847 3068 1902 solis
3110 1863 3310 1903 eorum
3353 1849 3410 1904 in
3443 1867 3552 1904 sua

1905 1946 2071 1985 sacra
2092 1932 2310 2003 synodo
2334 1931 2567 2003 scriptis
2600 1934 2919 2002 recensitis,
2943 1935 3307 1992 damnationi
3326 1943 3551 1993 contra-

1905 2018 2054 2074 didit
2081 2023 2246 2084 (conc.
2280 2023 2580 2082 Lateran.).
2623 2022 2750 2077 Haec
2799 2040 2934 2095 ergo
2962 2030 3017 2079 et
3049 2028 3132 2080 tot
3163 2027 3548 2097 praedecesso-

1903 2125 2036 2163 rum
2069 2125 2331 2165 meorum
2381 2110 2646 2183 exempla
2697 2117 3008 2183 sequentes
3062 2113 3400 2170 solemniter
3441 2132 3548 2171 nos

1903 2196 2178 2254 Photium
2192 2202 2249 2254 et
2261 2198 2572 2271 complices
2585 2200 2712 2270 ejus
2726 2201 3037 2256 damnasse
3050 2203 3425 2259 manifestum
3439 2209 3547 2275 est,

1904 2286 2228 2357 prmsertim
2278 2303 2413 2342 cum
2463 2304 2531 2344 ex
2576 2288 2740 2344 vobis
2797 2289 3160 2346 audierimus
3207 2291 3264 2346 in
3316 2292 3549 2364 scriptis

1903 2373 2218 2445 Ignatium,
2239 2373 2340 2446 qui
2364 2374 2569 2430 merito
2593 2374 2849 2431 christus
2869 2375 3102 2431 Domini
3125 2377 3405 2433 dicendus
3437 2384 3545 2446 est,

1901 2479 1936 2517 a
1966 2463 2249 2532 subjectis
2280 2468 2336 2518 et
2383 2463 2761 2519 inferioribus
2823 2464 2947 2520 suis
3005 2466 3306 2522 sententiae
3356 2467 3548 2540 gladio

1899 2552 2436 2607 transverberatum
2469 2551 2672 2619 fuisse,
2704 2570 2769 2608 ac
2796 2554 3213 2610 detrimentum
3247 2555 3548 2628 dignitatis

1901 2640 2146 2711 proprias
2179 2640 2510 2712 pertulisse,
2539 2642 2693 2712 quod
2740 2646 2872 2713 apte
2920 2644 3246 2698 secundum
3280 2644 3456 2699 David
3487 2645 3546 2700 in

1902 2727 2093 2795 Saule,
2111 2744 2285 2799 quem
2301 2728 2440 2783 dicit
2460 2729 2748 2784 christum
2768 2729 2886 2797 Dei,
2903 2747 2980 2784 nu
2991 2735 3369 2802 ncupatur(a)
3390 2734 3546 2804 abje-

1902 2820 2028 2871 ctus
2044 2820 2240 2872 tamen
2255 2834 2289 2871 a
2301 2817 2678 2888 Dominojam
2693 2817 3543 2890 dignoscebaturexhorruisse,

1901 2906 2122 2979 Regum
2154 2905 2348 2976 prodit
2378 2905 2756 2978 historia,qui
2777 2907 2918 2961 dum
2950 2923 3018 2962 ex
3048 2924 3144 2962 ore
3175 2909 3340 2979 pueri
3369 2912 3544 2965 Ama-

1898 2992 2102 3061 lecitae,
2133 2993 2311 3049 etiam
2371 2993 2730 3050 mendaciter
2784 2995 3054 3063 dicentis,
3088 2996 3351 3052 audisset
3387 3000 3543 3069 quod

1899 3082 2174 3138 occiderit
2205 3082 2460 3150 Saulem,
2497 3100 2614 3138 non
2664 3083 2778 3139 alia
2822 3083 3170 3140 certitudine
3219 3087 3541 3158 requisivit,

1899 3172 1999 3226 sed
2033 3171 2301 3244 protinus
2331 3172 2488 3227 hunc
2525 3173 2834 3244 percussit,
2867 3174 3069 3230 dicens
3101 3191 3114 3231 :
3147 3174 3385 3244 Sanguis
3417 3184 3546 3232 tuus

131 3247 483 3335 audiuntur,
515 3270 572 3321 et
600 3264 774 3320 citius
817 3263 1114 3336 punienda
1145 3279 1277 3319 cum
1303 3261 1584 3317 veraciter
1613 3278 1790 3334 agno-
1824 3247 1866 3314 C
1901 3277 2066 3332 super
2100 3269 2263 3333 caput
2310 3269 2484 3329 tuum,
2516 3278 2571 3318 os
2621 3264 2770 3317 enim
2826 3271 2980 3318 tuum
3038 3265 3273 3320 locutum
3327 3274 3405 3321 est
3448 3266 3543 3321 ad-

131 3361 408 3413 scuntur.

210 3445 330 3502 Nos
361 3444 541 3518 igitur
583 3443 877 3516 quomodo
908 3442 981 3497 ad
1012 3441 1374 3514 puniendum
1407 3440 1607 3496 audita
1637 3437 1792 3494 mala

132 3533 427 3608 proclives
447 3537 548 3590 aut
568 3532 894 3605 praecipites
915 3532 1156 3599 fuimus,
1179 3531 1433 3602 quando,
1451 3529 1601 3584 sicut
1619 3528 1790 3600 longe

131 3622 412 3696 superius
444 3621 722 3691 diximus,
757 3624 1074 3692 antequam
1105 3619 1278 3691 legati
1310 3619 1504 3686 vestri,
1537 3621 1682 3673 Arsa
1701 3617 1791 3672 vir

129 3711 403 3769 videlicet
433 3709 684 3765 illustris
729 3707 1067 3782 spatharius
1098 3725 1165 3763 ac
1195 3709 1382 3763 caeteri
1416 3708 1660 3762 Romam
1693 3723 1788 3762 ve-

130 3801 384 3865 nissent,
419 3817 546 3872 quae
597 3799 751 3872 apud
800 3797 1364 3869 Constantinopolim
1397 3801 1599 3868 postea
1626 3799 1790 3868 gesta

127 3890 389 3946 fuissent
427 3889 713 3944 veraciter
761 3887 1130 3960 agnovimus,
1164 3903 1269 3941 nos
1293 3886 1420 3956 jam
1453 3885 1652 3940 audita
1683 3901 1788 3940 nec

129 3985 332 4035 tamen
366 3978 588 4034 credita
618 3977 854 4050 penitus
885 3975 1290 4032 habebamus?
1315 3975 1632 4046 Postquam
1656 3990 1786 4029 vero

130 4069 316 4124 iidem
347 4067 514 4123 missi
543 4065 722 4122 vestri
752 4066 824 4122 ad
853 4065 1048 4122 sedem
1093 4061 1472 4136 apostolicam
1506 4078 1786 4135 pervene-

130 4161 300 4224 runt,
335 4173 461 4229 qua:
492 4154 698 4211 auditu
731 4154 852 4210 solo
884 4153 1161 4226 primitus
1191 4151 1786 4223 didiceramus,pate-

131 4245 266 4304 ﬁeri
317 4261 510 4302 coram
560 4243 751 4309 nobis,
782 4246 840 4298 et
867 4247 988 4298 tota
1035 4240 1291 4297 Ecclesia
1336 4257 1463 4313 quae
1494 4241 1649 4312 apud
1681 4257 1787 4296 nos

132 4339 248 4404 est,
275 4332 582 4389 manifeste
613 4335 947 4404 coeperunt:
977 4347 1082 4386 nec
1111 4334 1307 4385 tamen
1331 4345 1437 4384 nos
1458 4328 1691 4384 interim
1714 4330 1786 4385 ad

132 4424 232 4480 sui
259 4423 702 4480 damnationem
734 4437 850 4493 quo
881 4421 1053 4476 modo
1084 4422 1507 4492 pertraxerunt.

213 4513 535 4583 Postquam
567 4525 696 4566 vero
727 4509 894 4564 missi
926 4507 1131 4577 nostri,
1162 4523 1310 4578 quos
1342 4505 1534 4561 isthuc
1565 4507 1636 4560 ad
1670 4504 1789 4560 haec

1898 3367 2087 3406 versus
2145 3359 2218 3419 te,
2262 3351 2446 3407 dicens
2486 3369 2505 3407 :
2551 3353 2663 3421 Ego
2718 3354 2966 3425 interfeci
3009 3355 3274 3410 christum
3327 3356 3550 3412 Domini

1902 3440 1975 3511 (11
2008 3441 2136 3509 Reg.
2171 3451 2232 3511 ι).

1916 3599 1921 3604 .
1970 3528 2385 3585 Verumtamen
2411 3529 2552 3601 quid
2576 3546 2724 3601 opus
2757 3533 2844 3586 est
2875 3529 3011 3585 hinc
3044 3529 3228 3586 multa
3250 3533 3541 3604 prosequi,

1898 3635 2032 3674 cum
2065 3618 2351 3690 hodieque
2383 3635 2562 3690 penes
2593 3619 2909 3674 Ecclesiam
2951 3621 3546 3693 Constantinopolita-

1897 3724 2033 3762 nam
2056 3706 2326 3779 impietas
2345 3707 2472 3780 ipsa
2486 3708 2698 3780 vigeat,
2728 3709 3125 3780 praevaricatio
3151 3715 3370 3782 regnet,
3391 3711 3543 3766 schi-

1897 3800 2087 3852 smata
2105 3796 2604 3868 multiplicentur?
2627 3797 2803 3852 Porro
2830 3798 2877 3852 si
2907 3799 3257 3854 sententiam
3282 3805 3542 3855 nostram

1895 3884 2385 3951 exhorrescitis,et
2404 3885 2554 3939 hanc
2578 3884 2830 3955 alicujus
2851 3886 3206 3942 valetudinis
3228 3905 3355 3944 esse
3381 3894 3545 3959 puta-

1893 3974 1991 4041 tis,
2021 3990 2091 4028 ne
2121 3973 2282 4029 illam
2317 3971 2642 4028 formidatis
2671 3976 2923 4044 tantum,
2949 3975 3089 4044 quia
3118 3976 3176 4029 in
3209 3977 3546 4046 pravarica-

1893 4065 2048 4117 tores
2077 4065 2135 4115 et
2163 4061 2631 4116 contaminantes
2670 4061 2896 4132 prolata
2932 4068 3038 4128 est,
3072 4068 3358 4135 quantum
3406 4065 3546 4136 quia

1895 4153 2174 4222 perpetuo
2226 4148 2574 4222 constringit
2629 4149 3049 4216 inobedientes,
3086 4155 3142 4206 et
3172 4151 3285 4208 nisi
3336 4154 3542 4225 resipi-

1896 4243 2124 4294 scentes
2155 4254 2458 4309 nunquam
2490 4239 2728 4294 omnino
2761 4239 3028 4296 resolvit:
3055 4242 3434 4313 Quapropter,
3462 4241 3546 4298 fili

1897 4325 2242 4383 charissima
2272 4331 2328 4382 et
2357 4325 2859 4383 Christianissime
2889 4329 3179 4400 princeps,
3205 4346 3379 4400 quem
3411 4347 3546 4386 cum

1897 4416 2172 4473 omnibus
2205 4415 2449 4488 imperio
2482 4419 2584 4470 tuo
2617 4416 2898 4488 subjectis
2931 4415 3305 4488 alloquimur,
3330 4421 3551 4476 auferte

1897 4503 2121 4561 malum
2153 4505 2223 4560 de
2254 4503 2445 4560 medio
2477 4507 2759 4572 vestrum,
2791 4503 2977 4561 tollite
3009 4506 3553 4574 adulterum,tollite

130 4618 243 4675 per
274 4600 540 4657 ordinem
572 4616 638 4655 ac
683 4597 977 4654 subtiliter
1022 4595 1429 4668 investiganda
1458 4599 1515 4651 et
1544 4593 1791 4667 pleniter
1822 4617 1869 4681 Β
1898 4598 2214 4667 tyrannum
2236 4597 2292 4649 et
2313 4610 2678 4665 pervasorem
2703 4593 2969 4650 Ecclesiae
2998 4611 3010 4661 ;
3044 4593 3268 4650 reddite
3300 4594 3465 4650 fratri
3498 4600 3554 4650 et

130 4689 510 4756 invenienda,
546 4705 648 4744 seu
681 4690 885 4742 vestrae
934 4684 1150 4741 notitiae
1182 4684 1465 4740 veraciter
1494 4684 1794 4740 referenda

127 4779 666 4845 destinaveramus,
699 4793 818 4832 una
867 4791 1000 4830 cum
1052 4775 1240 4830 Leone
1271 4790 1306 4828 a
1337 4773 1574 4828 secretis
1612 4773 1801 4844 impe-

129 4867 269 4925 riali
321 4867 513 4940 legato
560 4865 811 4939 regressi
864 4867 1022 4931 sunt,
1052 4867 1110 4918 et
1141 4867 1261 4917 tam
1293 4861 1603 4934 epistolam
1624 4867 1800 4923 ,tuam

129 4974 322 5030 quam
348 4962 554 5012 caetera
574 4953 790 5025 scripta
813 4954 884 5009 de
905 4952 997 5007 his
1029 4969 1158 5023 qua:
1190 4950 1691 5022 Constantinopoli
1710 4967 1803 5023 ge-

130 5052 232 5102 sta
253 5049 417 5111 sunt,
443 5045 514 5099 ab
538 5043 637 5099 illo
669 5040 1038 5114 suscepimus
1070 5045 1125 5094 et
1157 5039 1468 5110 diligenter
1496 5038 1802 5110 investiga-

129 5133 600 5198 vimus,eosdem
615 5131 831 5186 missos
844 5133 1075 5185 nostros
1090 5144 1207 5183 una
1219 5144 1351 5182 cum
1366 5131 1570 5182 sancta
1581 5127 1801 5199 synodo

132 5223 494 5297 regulariter
521 5219 1006 5286 examinavimus,
1039 5221 1249 5273 cuncta
1287 5233 1413 5288 quae
1444 5219 1608 5288 gesta
1639 5220 1795 5284 sunt,

132 5312 523 5370 euucleanter
551 5309 888 5375 didicimus,
905 5323 1078 5363 omne
1101 5321 1331 5378 quoque
1360 5304 1674 5360 dubietatis
1696 5322 1800 5359 nu-

129 5403 330 5460 bilum
363 5418 434 5458 ex
465 5401 637 5456 corde
670 5395 1110 5471 pepulimus,ac
1130 5412 1232 5467 per
1257 5394 1386 5461 hoc,
1407 5394 1649 5449 docente
1681 5411 1798 5448 ma-

130 5491 394 5566 gnisona
415 5487 636 5545 Christi
658 5487 819 5554 tuba,
837 5485 1074 5558 praafato
1099 5483 1320 5539 scilicet
1339 5499 1492 5554 papa
1521 5481 1796 5554 Gregorio

125 5583 254 5654 (tib.
281 5599 359 5649 vr,
383 5580 547 5654 epist.
574 5578 684 5647 14),
710 5575 864 5648 quod
889 5591 1070 5649 supra
1089 5571 1493 5640 meminimus,
1519 5571 1670 5628 sicut
1692 5587 1794 5627 au-

200 5673 280 5750 (a)
318 5671 514 5732 Locus
547 5665 857 5724 obscurus.

1903 4682 2244 4754 coepiscopo
2277 4686 2476 4736 nostro
2510 4681 2732 4754 Ignatio
2764 4681 3084 4738 Ecclesiam
3129 4682 3238 4738 sibi
3273 4683 3560 4740 divinitus

1909 4770 2296 4838 creditam,de
2311 4787 2427 4841 qua
2449 4787 2549 4826 vos
2580 4770 2747 4825 illum
2775 4777 2909 4827 ante
2941 4788 3174 4826 omnem
3197 4771 3557 4829 audientiam

1909 4859 2250 4916 canonicam
2311 4857 2666 4930 expulistis:
2723 4861 2944 4915 reddite
3004 4861 3160 4931 quod
3217 4859 3459 4929 tulistis,
3503 4867 3560 4917 et

1910 4949 2216 5006 emendate
2239 4964 2339 5019 pro
2364 4947 2477 5002 Deo
2501 4949 2654 5019 quod
2683 4954 2885 5003 contra
2904 4949 3086 5004 Deum
3121 4948 3356 5021 egistis;
3383 4949 3555 5005 relin-

1911 5038 2071 5110 quite
2102 5035 2346 5102 malum,
2383 5036 2787 5091 convertimini
2820 5038 2890 5092 ad
2921 5054 3026 5092 nos
3053 5041 3106 5092 et
3133 5038 3504 5110 corrigemini
3539 5055 3552 5094 :

1911 5132 1967 5183 et
1998 5125 2226 5181 liberati
2258 5142 2290 5179 a
2319 5124 2494 5190 malo,
2527 5142 2560 5179 a
2591 5125 2758 5180 nobis
2809 5125 3148 5182 nullatenus
3193 5125 3552 5194 dividemini,

1911 5215 2189 5288 quoniam
2217 5231 2322 5270 nos
2353 5231 2467 5269 non
2500 5214 2557 5267 in
2591 5213 2861 5268 Photium
2894 5214 3022 5269 ideo
3054 5215 3403 5271 sententiam
3425 5216 3559 5270 tuli-

1909 5322 2041 5360 mus
2072 5303 2210 5376 quia
2240 5303 2416 5359 homo
2449 5309 2557 5371 est,
2593 5303 2731 5374 quia
2763 5303 3002 5358 Photius
3032 5304 3268 5371 dicitur,
3291 5305 3389 5360 sed
3422 5305 3562 5376 quia

1905 5398 1993 5449 est
2014 5409 2264 5465 persona
2285 5392 2732 5464 praevaricatrix,
2751 5397 2807 5446 et
2823 5392 2960 5464 quia
2979 5391 3223 5448 viventis
3256 5393 3558 5460 antistitis,

1905 5487 1961 5538 et
1991 5498 2057 5536 ea
2086 5480 2250 5536 nulla
2296 5498 2364 5536 ex
2414 5486 2576 5554 parte
2629 5480 2888 5555 legitime
2945 5481 3223 5551 carentis,
3259 5483 3564 5556 usurpavit

1903 5569 2248 5629 Ecclesiam.
2284 5569 2486 5647 Itaque
2519 5569 2891 5629 malefactum
2925 5571 3078 5651 quod
3111 5571 3170 5630 in
3197 5587 3264 5630 ea
3295 5575 3384 5630 est
3415 5576 3470 5630 et
3498 5570 3559 5634 in
