3898 6212
383 376 540 438 t039
1728 372 2053 439 NICOLAI

2236 372 2328 435 UE
2371 374 2420 437 Ῑ.
3650 371 3797 439 1010

380 509 706 566 fautoribus
734 509 862 580 ejus
892 508 1138 580 punitur
1166 508 1516 582 irrogatione
1536 508 1867 564 sententiae:
1894 524 2020 580 quae
2052 508 2106 576 Α
2205 507 2463 580 Denique
2507 505 2728 579 opinati
2785 521 3015 573 sumus,
3047 509 3104 564 et
3151 506 3346 565 adhuc
3395 502 3793 564 nihilominus

381 597 794 670 praevaricatio,
828 598 982 670 quod
1015 597 1372 654 maleﬁcium
1404 597 1454 654 si
1485 598 1736 664 recedat,
1753 599 1878 670 jam
1907 615 2022 653 non
2095 595 2465 668 ,opinamur,
2488 596 2643 668 quod
2666 595 2850 668 pietas
2879 601 3075 653 vestra
3102 597 3340 654 tandem
3366 595 3798 670 aliquandore-

381 687 489 742 erit
511 685 609 741 illa
629 703 896 758 persona,
921 686 980 741 in
1004 704 1181 759 quam
1208 687 1497 743 sententia
1516 686 1741 759 prolata
1771 691 1877 742 est.
1915 687 2027 742 Re-
2136 685 2182 742 si
2191 684 2377 758 piscat
2393 688 2450 740 et
2478 685 2549 740 de
2574 683 2841 741 Ecclesiae
2865 685 3536 759 Constantinopolitanae
3581 688 3800 741 restau-

383 775 644 832 manebit
664 775 821 830 enim
845 775 1040 844 homo,
1065 779 1122 832 et
1145 776 1404 840 Photius,
1429 792 1605 848 quem
1630 793 1744 831 non
1767 776 2028 847 damnat,
2137 774 2321 829 rando
2342 777 2500 829 statu
2530 773 2696 830 nobis
2727 772 2989 830 salubria
3013 775 3401 832 suadentibus
3430 774 3802 848 acquiescat.

382 863 735 936 inquantum
784 864 959 921 homo
1007 870 1098 922 est
1122 870 1179 921 et
1206 864 1466 921 hominis
1494 881 1705 920 nomen
1739 868 2031 931 censetur,
2140 863 2351 934 Sicque
2372 863 2610 918 demum
2634 862 2832 918 omnia
2851 863 3090 936 scripta,
3107 880 3234 936 quae
3256 863 3410 920 male
3433 863 3565 920 sint
3589 864 3806 937 compi-

386 953 488 1011 sed
533 952 886 1024 inquantum
935 954 1344 1025 praevaricator
1373 956 1429 1008 et
1458 953 1799 1009 malefactor
1829 956 1937 1008 est.
1973 953 2032 1007 Si
2140 952 2280 1019 lata,
2313 968 2428 1007 non
2484 951 2677 1007 solum
2736 951 3047 1008 adversum
3100 970 3208 1009 nos
3240 957 3297 1009 et
3326 952 3482 1009 hanc
3544 956 3808 1009 sanctam

387 1058 524 1115 ergo
552 1042 783 1099 desinat
808 1059 935 1098 esse
970 1042 1393 1115 praevaricator,
1419 1042 1711 1098 sententia
1742 1046 1941 1097 nostra
1974 1040 2035 1096 in
2143 1039 2486 1107 Ecclesiam,
2506 1057 2708 1095 verum
2741 1040 2918 1096 etiam
2951 1044 3154 1096 contra
3184 1041 3423 1097 fratrem
3453 1044 3741 1097 nostrum
3761 1044 3813 1096 et

389 1149 456 1188 eo
476 1131 669 1187 locum
691 1132 924 1203 penitus
946 1149 1062 1187 non
1084 1131 1348 1188 habebit:
1375 1130 1520 1187 alter
1537 1130 1693 1186 enim
1720 1131 1829 1186 erit
1860 1146 2037 1202 quam

392 1220 510 1290 ille,
533 1221 627 1277 cui
649 1220 813 1277 illata
838 1221 1127 1277 sententia
1156 1226 1262 1286 est,
1291 1222 1434 1276 dum
1463 1219 1704 1293 incipiet
1730 1236 1858 1275 esse
1884 1220 2040 1292 quod

396 1328 512 1367 non
535 1310 667 1379 fuit,
689 1309 777 1366 vel
799 1327 914 1366 non
938 1327 1065 1365 esse
1084 1310 1144 1365 in
1164 1326 1339 1382 quem
1363 1309 1591 1382 prolata
1610 1307 1899 1364 sententia
1919 1311 2037 1377 est:

398 1415 536 1455 nam
561 1398 820 1471 quandiu
842 1399 902 1454 in
924 1398 1034 1454 hoc
1066 1402 1281 1465 manet,
1308 1398 1401 1453 cui
1422 1397 1587 1453 illata
1617 1396 1905 1453 sententia
1933 1399 2041 1464 est,

393 1504 528 1545 vere
556 1486 892 1543 insolubilis
922 1491 1011 1543 est
1040 1486 1140 1542 illa
1172 1486 1477 1543 sententia.
1512 1487 1582 1541 Et
1612 1484 2048 1549 quantumlibet

401 1578 567 1632 ﬂoret
612 1576 729 1643 ille,
772 1576 864 1632 cui
912 1575 1167 1649 irrogata
1216 1581 1303 1632 est
1332 1576 1632 1647 [erogata],
1668 1573 2049 1646 quantislibet

401 1665 604 1722 afﬂuat
633 1665 1319 1734 honoribus,tantislibet
1348 1665 1515 1720 miris
1545 1664 1824 1720 laudibus
1854 1665 2050 1719 effera-

400 1758 517 1822 tur,
549 1753 652 1810 illa
702 1754 991 1810 sententia
1048 1759 1325 1828 perpetuo
1387 1753 1805 1826 confringetur.
1838 1752 1907 1807 Et
1935 1751 2050 1806 nisi

404 1842 731 1916 resipiscat,
764 1844 813 1899 si
846 1860 959 1900 non
993 1844 1185 1910 modo,
1220 1847 1372 1899 certe
1400 1843 1487 1899 vel
1517 1847 1649 1915 post
1678 1858 1916 1913 paucos,
1949 1844 2052 1896 aut

406 1931 581 1987 etiam
614 1936 747 2005 post
775 1932 991 1988 multos
1017 1949 1224 1998 annos,
1250 1937 1354 1987 aut
1384 1936 1537 1988 certe
1569 1928 2057 2003 quandoque,etsi

409 2037 525 2076 non
548 2020 667 2077 vita
688 2038 795 2077 sua
816 2021 1037 2077 carebit
1056 2020 1315 2077 Ecclesia
1343 2037 1521 2093 quam
1544 2019 1846 2092 tyrannica
1871 2017 2058 2091 possi-

409 2110 525 2175 det,
550 2109 769 2165 carebit
788 2113 986 2165 tamen
1010 2114 1142 2182 post
1162 2114 1409 2164 mortem
1442 2107 1902 2164 Christianitatis
1925 2124 2062 2180 pro-

412 2198 506 2253 cul
537 2198 714 2254 dubio
747 2198 1001 2267 nomine,
1022 2199 1193 2269 cujus
1223 2197 1641 2270 professionem
1672 2196 2061 2252 inverecunde

416 2286 740 2342 conculcet.

486 2376 619 2431 Jam
648 2392 781 2432 vero
818 2375 867 2430 si
907 2376 1196 2432 sententia
1227 2379 1425 2432 nostra
1457 2392 1518 2432 se
1548 2392 1614 2431 ac
1640 2377 1896 2431 fautores
1927 2391 2065 2430 suos

408 2464 641 2535 judicat
686 2463 992 2538 obligatos,
1026 2469 1083 2519 et
1112 2465 1267 2520 idem
1299 2481 1433 2520 eum
1465 2464 1548 2520 eis
1580 2480 1749 2536 posse
1792 2461 2013 2518 absolvi
2048 2479 2061 2517 :

416 2553 527 2609 hoc
556 2553 712 2608 enim
762 2553 1092 2627 signiﬁcare
1121 2553 1419 2619 videmini,
1453 2570 1587 2609 cum
1619 2552 1868 2625 epistola
1895 2551 2067 2607 nobis

418 2642 638 2697 directa
686 2659 791 2699 nos
823 2645 1050 2697 mutare
1078 2641 1460 2707 voluntatem,
1495 2642 1809 2698 consilium
1841 2659 1907 2696 ac
1937 2658 2068 2696 sen-

420 2731 666 2786 tentiam
689 2732 903 2803 saepius
934 2731 1351 2800 exhortamini;
1380 2731 1582 2803 utique
1614 2747 1731 2785 non
1764 2728 2072 2802 praetendit

413 2819 785 2891 injustitiam,
815 2824 873 2875 et
899 2836 1026 2875 esse
1058 2819 1307 2892 alicujus
1346 2819 1627 2875 momenti
1659 2819 1914 2890 profecto
1947 2836 2067 2873 non

426 2908 677 2976 dubitat,
711 2926 838 2982 quae
869 2912 995 2964 tum
1028 2908 1216 2980 potuit
1244 2907 1524 2980 obligare,
1557 2911 1614 2963 et
1645 2924 1678 2962 a
1709 2924 1826 2979 qua
1855 2924 1916 2962 se
1938 2923 2074 2962 cum

425 2997 758 3054 fautoribus
780 2998 907 3054 suis
926 2998 1112 3070 possit
1141 2995 1383 3066 absolvi,
1408 2997 1547 3069 quia
1568 3013 1685 3052 non
1708 3000 1907 3068 posset
1928 2994 2072 3051 obli-

426 3103 566 3159 gare
597 3087 710 3142 nisi
735 3088 920 3158 justa.
955 3086 1098 3142 Cum
1123 3090 1319 3142 autem
1344 3086 1511 3157 justa
1539 3084 1636 3154 sit,
1662 3085 1895 3141 nonnisi
1919 3084 2077 3140 dam-

423 3180 563 3231 nato
594 3192 787 3232 errore
809 3176 972 3246 juste
996 3174 1328 3231 resolvitur.

2147 1128 2618 1185 comministrum
2647 1128 2960 1202 Ignatium,
2994 1145 3190 1185 coram
3238 1129 3522 1185 universa
3583 1129 3811 1201 imperii

2149 1218 2241 1275 sui
2273 1216 2650 1273 multitudine
2698 1217 2819 1291 igni
2865 1218 3153 1274 tradenda
3200 1217 3497 1274 decernat.
3535 1217 3811 1290 Alioquin

2142 1308 2270 1379 jam
2302 1306 2530 1363 cunctis
2553 1306 2819 1363 Ecclesiae
2841 1306 3134 1373 ﬁdelibus,
3151 1322 3279 1379 quae
3302 1308 3453 1363 foret
3474 1305 3815 1380 apostolica

2152 1396 2311 1452 sedis
2341 1394 2679 1464 auctoritas,
2710 1394 2800 1451 vel
2840 1412 2966 1467 quae
3015 1394 3467 1452 fabricatoribus
3521 1396 3814 1451 mendacii

2155 1502 2257 1541 seu
2280 1484 2680 1541 inventoribus
2697 1500 3103 1556 perversorum
3117 1485 3464 1558 dogmatum
3479 1483 3819 1541 immineret

2156 1573 2321 1642 ultio,
2354 1574 2607 1646 profecto
2639 1576 2978 1645 patesceret.

2229 1661 2598 1736 Impossibile
2620 1667 2709 1718 est
2724 1662 2903 1729 enim,
2927 1679 3267 1735 quanquam
3296 1667 3540 1719 nostras
3567 1679 3682 1720 nos
3703 1679 3819 1738 spe-

2159 1750 2335 1808 ciales
2364 1750 2611 1823 injurias
2639 1768 2842 1807 curare
2873 1751 3388 1824 ﬂoccipendamus,
3415 1757 3486 1808 ut
3514 1757 3817 1809 tantorum

2162 1857 2227 1896 ac
2256 1840 2463 1896 talium
2522 1845 2859 1896 sanctorum
2920 1840 3157 1896 Patrum
3205 1845 3263 1896 et
3303 1846 3814 1916 propugnatorum

2169 1929 2439 1986 Ecclesiae
2470 1928 2788 2003 [catholicae
2817 1928 3131 2001 Ecclesia],
3167 1946 3233 1985 ac
3262 1930 3715 1987 destruetorum
3744 1930 3820 1987 di-

2166 2035 2468 2075 versarum
2517 2018 2812 2074 haereseon
2862 2022 3037 2090 atque
3082 2019 3458 2075 defensorum
3493 2019 3822 2077 orthodoxae

2171 2106 2307 2162 fidei
2357 2106 2757 2178 blasphemias
2814 2105 3219 2178 aequanimiter
3272 2108 3821 2174 sustineamus,vel

2171 2196 2349 2252 etiam
2380 2199 2555 2250 tanta:
2588 2195 2767 2263 sedis,
2802 2194 2921 2251 sive
2979 2198 3102 2250 tam
3160 2194 3503 2252 excellentis
3565 2196 3821 2252 Ecclesia

2173 2286 2469 2351 Romanae,
2494 2284 2587 2339 cui
2619 2284 2735 2341 Deo
2769 2283 3132 2341 deservimus
3164 2289 3423 2352 auctore,
3440 2286 3822 2342 contumelias

2175 2373 2555 2447 perferamus.

2243 2462 2480 2528 Verum,
2497 2460 2766 2534 quamvis
2788 2465 2845 2517 et
2867 2462 2938 2518 de
2958 2461 3128 2518 nobis
3145 2460 3464 2519 humiliter
3487 2464 3818 2528 sentiamus.

2176 2568 2293 2608 non
2324 2555 2544 2618 tamen,
2576 2550 2933 2607 conscientia
2953 2550 3229 2619 dictante,
3253 2568 3390 2608 vera
3431 2570 3570 2610 esse
3594 2570 3722 2626 quae
3739 2569 3820 2608 vos

2178 2642 2248 2697 de
2278 2640 2446 2695 nobis
2477 2639 2816 2712 perhibetis,
2849 2656 3290 2710 asseveramus;
3325 2642 3428 2697 sed
3466 2645 3535 2698 ut
3559 2642 3819 2708 diximus,

2179 2747 2247 2786 ea
2274 2732 2709 2801 postponentes,
2742 2727 2844 2784 illa
2868 2729 3064 2801 potius
3116 2746 3242 2802 quae
3272 2730 3415 2786 Jesu
3448 2731 3672 2787 Christi
3704 2734 3822 2786 sunt

2180 2818 2621 2891 investigamus.
2647 2817 2768 2872 Etsi
2791 2816 2941 2873 male
2970 2823 3248 2892 congesta
3273 2820 3566 2877 adversus
3597 2822 3724 2892 ejus
3754 2819 3819 2875 fa-

2182 2906 2395 2973 mulos,
2418 2907 2695 2962 adversus
2712 2908 2840 2978 ejus
2858 2906 3568 2976 ordinationes,adversus
3580 2911 3632 2980 ej
3642 2926 3709 2965 us
3720 2909 3817 2964 dis-

2186 2996 2503 3070 positiones
2536 2996 2654 3067 [pro
2685 2994 3086 3068 dispositione,
3123 2996 3335 3072 HARD.]
3368 2997 3637 3054 stabilita
3667 2996 3817 3071 privi-

2184 3084 2335 3157 legia
2356 3084 2747 3156 reperiuntur,
2772 3083 2934 3151 nulla
2951 3084 3233 3158 patientia
3256 3085 3623 3143 toleramus:
3648 3092 3817 3142 etnon

2187 3175 2381 3232 solum
2392 3176 2513 3231 haec
2534 3177 2833 3232 destruere
2852 3175 2992 3232 totis
3012 3176 3236 3234 viribus
3257 3177 3818 3247 anhelamus,verum

494 3266 638 3338 Ergo
681 3244 933 3320 fateatur
978 3280 1234 3319 errorem
1286 3262 1525 3318 Pbotius
1575 3279 1712 3318 cum
1746 3261 2073 3318 fautoribus
2106 3244 2149 3311 Ο
2186 3265 2365 3320 etiam
2396 3264 2815 3321 conﬂatoribus
2844 3267 3018 3321 tanta
3050 3267 3451 3338 perversitatis
3483 3244 3725 3342 dignam
3750 3266 3819 3322 vi-

426 3352 572 3420 suis,
589 3354 884 3426 deponant
906 3351 1439 3424 praevaricationem
1462 3368 1665 3407 omnes
1698 3368 1844 3423 quos
1865 3349 2077 3423 ligatos

424 3443 760 3512 tenctjusta
788 3441 1111 3496 sententia:
1137 3440 1239 3495 sed
1270 3444 1332 3494 tu
1364 3439 1549 3495 multo
1582 3440 1793 3513 magis,
1826 3438 1910 3494 ﬁli
1942 3438 2077 3495 cha-

459 3530 680 3597 issime,
696 3529 796 3601 qui
822 3532 1048 3583 tantum
1066 3527 1302 3598 justitia
1323 3532 1378 3583 et
1400 3527 1614 3599 pietate
1634 3532 1876 3583 cunctos
1899 3528 2077 3584 debes

426 3635 722 3691 superare,
748 3621 1038 3689 quatenus
1062 3616 1351 3672 dissoluta
1371 3616 1841 3689 praevaricatione
1865 3616 2075 3672 dissol-

423 3711 594 3763 vatur
641 3705 891 3778 quisque
940 3711 1362 3777 consequenter
1400 3713 1457 3761 et
1486 3706 1787 3762 sententiae
1836 3704 2075 3778 prolata:

425 3796 857 3867 censura;quia
878 3799 933 3850 et
950 3794 1179 3851 Nathan
1203 3795 1487 3867 propheta
1509 3795 1700 3867 palam
1726 3794 2075 3867 publiceque

427 3885 487 3940 in
521 3884 667 3940 facie
716 3884 870 3957 regis
919 3884 1097 3939 David
1137 3887 1192 3940 et
1234 3883 1619 3940 commissum
1679 3882 2076 3955 pronuntiavit

424 3991 701 4044 errorem,
735 3979 792 4030 et
823 3974 959 4047 quia
990 3973 1096 4030 hoc
1128 3973 1252 4047 ipse
1283 3972 1660 4042 commiserit,
1686 3972 1925 4029 omnino
1956 3988 2071 4027 non

422 4064 624 4133 tacuit,
645 4065 746 4120 sed
778 4063 1141 4119 confessione
1172 4066 1497 4119 correctum
1524 4066 1950 4135 consequenter
1971 4061 2072 4116 ab-

426 4153 614 4210 solvit.
651 4154 931 4209 Praaterea
975 4169 1091 4208 non
1137 4151 1525 4208 omittendum
1558 4168 1686 4207 esse
1716 4150 2073 4206 credidimus

425 4260 533 4298 nos
563 4259 1021 4298 commemorare
1051 4241 1340 4314 praeterito
1368 4258 1521 4297 anno
1560 4258 1663 4314 per
1691 4239 2071 4295 indictionem

425 4330 693 4387 videlicet
738 4331 971 4386 tertiam
1016 4330 1304 4387 decimam
1355 4330 1661 4402 epistolam
1694 4330 1805 4386 sub
1835 4328 2073 4385 nomine

424 4423 615 4477 vestro
633 4421 1044 4493 conscriptam,
1060 4419 1513 4492 perMichaelem
1536 4418 1871 4491 protospath
1881 4418 2070 4473 arium

427 4509 795 4582 suscepisse;
829 4526 955 4582 qua
986 4510 1165 4564 tantis
1196 4513 1322 4564 erat
1370 4506 1562 4562 verbis
1607 4505 2068 4573 contumeliosis,
2116 4520 2119 4521 '

2186 3353 2594 3410 cissitudinem
2625 3353 2865 3409 reddere
2896 3355 3225 3411 necessario
3257 3356 3640 3414 meditamur.
3661 3355 3819 3411 Nimi-

2186 3459 2318 3498 rum
2350 3459 2422 3497 ne
2454 3442 2563 3498 hos
2595 3441 2727 3515 quis
2754 3441 3079 3515 impunitos
3110 3443 3369 3513 intuens,
3403 3448 3511 3500 aut
3556 3461 3713 3500 nunc
3738 3450 3817 3500 aut

2184 3530 2380 3587 futuro
2411 3534 2674 3602 tempore
2716 3530 2991 3603 deinceps
3020 3530 3159 3587 talia
3187 3537 3513 3604 prasumat
3545 3532 3818 3607 praestigia

2183 3619 2457 3675 falsitatis
2488 3636 2853 3691 componere,
2869 3618 2957 3676 vel
2974 3624 3308 3676 commenta
3328 3619 3815 3694 blasphemiarum

2183 3708 2524 3779 hujusmodi
2556 3708 2852 3782 ﬁgmentis
2884 3708 3703 3784 contradicere.0uapropter,
3730 3710 3816 3765 im-

2183 3801 2415 3869 perator
2444 3796 2888 3861 sublimissime,
2913 3797 3219 3871 diligenter
3248 3802 3489 3872 propter
3525 3799 3811 3856 Dominum

2182 3885 2550 3959 inquirentes
2596 3889 2771 3958 atque
2828 3890 3178 3956 scrutantes,
3213 3887 3263 3942 si
3292 3892 3494 3943 vestra
3522 3888 3686 3943 illam
3715 3902 3812 3942 non

2181 3975 2364 4031 fuisse
2385 3974 2768 4048 praeceptione
2798 3979 2921 4031 tam
2952 3992 3244 4032 ccsnosam
3273 3975 3622 4033 inveneritis
3644 3976 3813 4033 confe-

2180 4067 2358 4132 ctam,
2384 4064 2501 4119 imo
2531 4063 2801 4119 toxicatis
2830 4062 3073 4137 syllabis
3101 4063 3378 4120 infectam
3410 4064 3745 4138 epistolam,
3763 4068 3815 4118 ut

2180 4153 2414 4209 interim
2436 4153 2507 4208 de
2525 4156 2611 4208 tot
2631 4151 2926 4225 praestigia
2955 4153 3275 4209 texentium
3306 4171 3479 4225 paena
3509 4159 3810 4219 taceamus,

2181 4228 2363 4313 quam
2384 4241 2469 4297 illi
2490 4241 2654 4296 vobis
2676 4241 2796 4297 zelo
2817 4241 3077 4298 veritatis
3109 4242 3497 4315 ﬂagrantibus
3526 4242 3810 4309 involvere,

2179 4334 2256 4401 (α)
2288 4330 2555 4386 convenit
2583 4330 2791 4385 saltem
2823 4330 3003 4402 hujus
3052 4331 3211 4387 socia
3257 4336 3519 4404 accepta,
3556 4337 3615 4388 et
3644 4330 3813 4406 palam

2179 4419 2405 4474 cunctis
2456 4418 2592 4491 igne
2641 4435 2926 4475 succensa
2959 4435 3061 4491 per
3088 4418 3428 4494 augustales
3459 4425 3687 4477 vestros
3714 4423 3813 4475 tam

2178 4507 2349 4563 nobis
2379 4524 2557 4579 quam
2580 4506 2855 4563 omnibus
2877 4507 2949 4562 ad
2972 4524 3224 4580 quorum
3248 4508 3520 4565 notitiam
3549 4508 3811 4581 pervenit,

425 4600 546 4655 imo
578 4597 961 4672 blasphemiis
992 4613 1279 4669 respersa,
1303 4600 1369 4650 ut
1399 4594 1648 4664 scriptor
1677 4595 1805 4665 ejus
1836 4594 2070 4651 nonnisi
2099 4618 2146 4682 D
2180 4595 2503 4651 destinatos
2562 4595 2756 4668 apices
2806 4596 3158 4668 competenti
3212 4597 3617 4654 satisfactione
3648 4615 3683 4653 a
3710 4602 3812 4653 tam

424 4689 484 4744 in
514 4693 750 4761 gutture
781 4686 1002 4743 colubri
1031 4686 1323 4741 calamum
1353 4682 1599 4737 tinxisse
1629 4686 1886 4753 putetur,
1910 4689 1968 4739 et
1988 4683 2070 4739 di-

423 4778 663 4833 ctatoris
683 4776 837 4831 labia
858 4792 959 4847 pro
982 4771 1338 4828 dictionibus
1358 4787 1579 4825 venena
1602 4770 1823 4826 fudisse
1843 4771 2070 4827 videan-

425 4870 559 4931 tur;
585 4866 749 4930 adeo,
787 4868 851 4918 ut
882 4862 931 4917 si
963 4859 1294 4932 eujuspiam
1325 4857 1749 4930 simpliciorum
1773 4876 1870 4914 cor
1901 4877 2070 4932 pene-

423 4958 731 5023 trent,non
762 4951 916 5006 enim
950 4949 1071 5003 haec
1101 4965 1272 5003 aures
1305 4946 1683 5019 prudentium
1716 4948 2066 5021 suscipiunt,

423 5042 581 5097 hunc
603 5041 878 5095 continuo
898 5040 1124 5101 necent,
1150 5035 1429 5090 nimirum
1460 5040 1622 5092 tanto
1654 5036 2067 5104 miserabilius,

426 5135 643 5201 quanto
666 5144 824 5182 mors
845 5126 1054 5179 animis
1076 5125 1262 5196 magis
1295 5142 1471 5196 quam
1503 5126 1758 5198 corporis
1780 5143 1883 5199 per
1900 5126 2069 5183 illum

422 5218 778 5273 virulentum
803 5214 1077 5268 haustum
1113 5213 1459 5269 admittitur.
1494 5214 1573 5270 De
1603 5219 1772 5283 cuius
1802 5216 2071 5272 immani-

423 5311 539 5362 tate
566 5302 803 5377 piaculi,
834 5300 967 5355 licet
995 5301 1157 5358 vobis
1185 5303 1306 5373 jam
1341 5320 1447 5358 nos
1493 5304 1799 5377 scripsisse
1851 5305 2066 5362 recola-

424 5390 798 5463 mus,eadem
823 5394 1019 5444 tamen
1048 5392 1299 5447 scribere
1328 5397 1533 5448 vestrae
1566 5392 1866 5465 sapientiae
1886 5411 2064 5463 nunc,

422 5483 567 5539 mihi
600 5478 836 5552 quidem
871 5496 985 5534 non
1004 5479 1432 5555 pigrum,vobis
1456 5488 1651 5537 autem
1674 5487 1731 5539 et
1752 5481 1955 5538 multis
1974 5500 2069 5539 ne-

420 5568 769 5627 eessarium.

492 5659 568 5735 (a)
601 5658 812 5718 Deesse
840 5659 936 5719 hic
961 5661 1243 5737 quiddam
1270 5661 1519 5719 videtur.

2178 4701 2447 4758 perverso
2462 4701 2637 4740 sensu
2655 4689 2710 4739 et
2722 4688 2840 4740 tam
2859 4685 3116 4757 profanis
3131 4685 3813 4759 adinventionibus,quod

2179 4791 2407 4831 asensu
2436 4778 2626 4830 vestro
2658 4791 2773 4829 non
2807 4774 3024 4830 fuerint
3072 4775 3422 4831 commentis
3467 4776 3704 4842 tradita,
3729 4789 3811 4829 vos

2178 4863 2447 4919 exhibere
2467 4880 2708 4935 prorsus
2732 4861 3049 4919 immunes.
3066 4862 3198 4919 Jam
3216 4880 3347 4920 vero
3362 4864 3593 4921 sivobis
3606 4865 3664 4919 in
3681 4862 3811 4919 mulo

2177 4951 2253 5006 tis
2274 4951 2452 5023 hujus
2481 4951 2685 5006 mundi
2725 4951 3222 5008 sollicitudinibus
3259 4953 3565 5026 occupatis
3591 4953 3810 5025 subrep-

2177 5043 2304 5095 tum
2317 5046 2423 5110 est,
2438 5045 2502 5095 ut
2514 5040 2655 5096 talia
2680 5040 2931 5097 scribere
2953 5042 3331 5111 mandaretis,
3347 5058 3420 5097 ne
3443 5042 3499 5114 pi
3506 5044 3806 5115 geatclem-

2179 5129 2397 5185 entiam
2419 5132 2670 5185 vestram
2684 5128 2793 5185 hoc
2814 5129 2988 5185 etiam
3009 5129 3206 5202 ipsum
3224 5128 3533 5186 humiliter
3547 5126 3803 5195 conﬁteri,

2177 5217 2473 5291 etlegibus
2485 5219 2693 5274 vestris
2708 5218 3125 5290 uthujusmodi
3159 5218 3378 5292 scripta
3402 5218 3632 5276 nullius
3656 5219 3804 5275 habe-

2177 5309 2350 5362 antur
2361 5308 2664 5376 momenti,
2681 5307 3017 5364 decernere:
3035 5307 3115 5363 ita
3129 5312 3194 5364 ut
3205 5323 3384 5381 penes
3406 5325 3589 5381 quem
3611 5310 3803 5381 reperta

2177 5395 2416 5462 fuerint,
2438 5394 2732 5468 impunito
2754 5412 2871 5451 non
2894 5396 3192 5465 evadente,
3219 5395 3409 5469 ipsius
3431 5413 3668 5470 quoque
3683 5409 3803 5467 srpe

2175 5488 2509 5541 memoratae
2527 5502 2593 5541 ac
2612 5501 2844 5557 semper
2861 5486 3227 5542 exsecranda;
3245 5485 3509 5558 epistolae
3531 5486 3621 5544 vel
3644 5500 3801 5542 exem-

2174 5573 2351 5647 plaris
2365 5575 2492 5648 ejus
2507 5573 2699 5651 apices
2720 5574 3086 5632 tntemeratis
3102 5591 3208 5649 pro
3228 5576 3560 5633 reverentia
3603 5590 3802 5634 manen-
