3898 6212
303 391 459 454 1043

1672 387 1984 452 NICOLAI
2023 387 2253 450 ΡΑΡΑΞ
2293 388 2344 450 Ι.

3561 383 3721 447 1044

301 524 508 596 Ignatii
541 529 677 579 sunt
707 522 990 593 dignitate
1039 522 1353 587 destructa,
1389 528 1444 576 et
1486 523 1555 576 de
1587 522 1677 576 his
1711 539 1837 594 qua:
1870 523 1938 576 ad
1972 523 2026 588 Α
2057 521 2235 586 cium,
2271 522 2328 575 in
2362 538 2476 593 quo
2510 527 2642 576 ante
2675 521 3001 593 pavendum
3033 519 3246 576 Christi
3269 518 3374 576 Dei
3407 520 3596 574 nostri
3625 520 3720 574 tri-

301 615 558 669 ofﬁcium
589 611 976 684 patriarchale
1007 611 1320 682 pertinent,
1347 628 1380 666 a
1409 627 1660 684 persona
1689 611 1948 683 qualibet

301 703 684 757 irreverenter
713 701 932 756 evulsa.

374 790 506 845 Jam
539 806 672 844 vero
703 789 751 844 si
782 788 869 844 vel
904 787 1152 860 peccatis
1191 787 1667 861 impedientibus,
1698 788 1787 843 vel
1820 806 1947 860 per-

304 881 488 934 versis
511 878 848 933 hominibus
863 877 1476 944 suadentibus,missis
1503 878 1950 932 imminentibus

307 969 545 1032 nostris,
575 968 728 1039 quod
762 967 1005 1022 suadere
1035 967 1200 1022 vobis
1231 968 1408 1022 etiam
1433 966 1504 1020 ad
1529 965 1951 1038 imperiivestri

309 1058 643 1113 felicitatem
676 1056 942 1121 nitimur,
975 1072 1091 1112 non
1123 1056 1519 1127 ducitis,quod
1553 1054 1953 1128 gementesdi-

311 1148 521 1212 cimus,
555 1145 1017 1217 adimplendum,
1053 1149 1110 1200 et
1138 1144 1540 1209 dilationibus,
1575 1145 1717 1216 proh
1751 1143 1950 1199 dolor!

311 1235 504 1292 solum
536 1234 849 1290 decernitis
890 1235 1008 1290 fore
1059 1235 1454 1302 studendum;
1488 1235 1637 1289 seire
1683 1233 1954 1289 volumus

311 1323 710 1380 excellentiam
741 1329 993 1377 vestram
1027 1323 1305 1394 quoniam
1355 1324 1425 1378 de
1465 1340 1714 1394 persona
1745 1323 1955 1395 lgnatii

313 1418 488 1484 atque
517 1412 727 1478 Photii,
761 1413 830 1467 de
863 1429 1111 1483 quorum
1147 1412 1342 1483 agitur
1371 1411 1782 1480 controversia,
1813 1410 1957 1466 nihil

315 1503 625 1557 discretius
654 1506 827 1573 atque
859 1502 1085 1565 mitius,
1121 1517 1344 1555 necnon
1393 1505 1450 1555 et
1477 1501 1772 1556 salubrius
1803 1501 1958 1555 arbi-

314 1597 541 1647 tramur
569 1608 746 1663 quam
768 1595 832 1645 ut
858 1596 1102 1662 uterque
1121 1591 1192 1644 ad
1207 1591 1450 1645 Romam
1467 1589 1537 1645 ad
1561 1591 1958 1645 renovandum

315 1698 578 1748 examen,
611 1681 764 1753 quod
794 1684 989 1734 tamen
1023 1680 1347 1735 secundum
1379 1679 1806 1752 indulgentiam
1827 1695 1960 1750 pro-

317 1769 630 1836 mittimus,
663 1773 860 1823 tenore
891 1784 955 1822 ac
986 1766 1188 1822 ordine
1221 1784 1334 1839 quo
1366 1768 1494 1838 jam
1525 1767 1689 1822 vobis
1721 1785 1823 1839 per
1855 1767 1960 1822 Mi-

2058 611 2238 666 bunal
2271 628 2476 666 omnes
2506 611 2917 677 astabimus,et
2947 609 3277 666 districtam
3307 609 3601 665 reddituri
3619 627 3719 665 su-

2059 717 2192 756 mns
2225 717 2328 771 pro
2360 700 2588 755 meritis
2620 699 2927 767 rationem,
2955 715 3059 754 vos
3091 699 3468 769 adiuramus,
3492 703 3552 754 et
3581 698 3719 754 totis

2058 790 2391 861 praecordiis
2431 789 2833 854 obsecramus,
2862 793 2927 843 ut
2972 787 3192 843 eisdem
3247 787 3450 843 missis
3501 787 3721 844 nostris

2060 879 2215 950 apud
2247 894 2348 932 vos
2377 877 2585 950 positis
2615 876 2838 932 nullam
2870 877 3195 945 laesionem,
3219 876 3306 931 vel
3339 893 3476 932 cum
3511 877 3718 932 reverti

2059 967 2194 1021 inde
2223 965 2529 1032 voluerint,
2554 965 2924 1022 obstaculum
2946 965 3236 1034 inferatis,
3269 982 3462 1037 neque
3505 965 3721 1021 inferre

2063 1054 2244 1110 alium
2276 1055 2604 1127 quemlibet
2635 1054 2986 1127 permittatis
3010 1055 3174 1126 :quin
3205 1054 3401 1127 potius
3429 1072 3464 1110 a
3490 1055 3721 1110 cunctis

2064 1144 2477 1200 insidiatorum
2512 1143 2916 1199 molitionibus
2936 1159 3036 1199 eos
3057 1144 3380 1216 intrepidos
3403 1148 3461 1200 et
3479 1160 3723 1198 securos

2065 1233 2339 1289 reddatis.
2375 1235 2672 1299 Quatenus
2703 1231 2819 1288 illis
2849 1233 2920 1287 ad
2953 1249 3080 1297 nos,
3113 1233 3221 1288 etsi
3269 1237 3526 1288 vestram
3557 1232 3726 1288 vobis

2065 1323 2313 1378 salutem
2348 1322 2593 1376 suadere
2625 1327 2891 1392 possunt,
2925 1320 3262 1377 efficacibus
3311 1322 3724 1385 redeuntibus,

2067 1411 2294 1468 cunctis
2311 1411 2585 1484 gentibus
2605 1415 2797 1482 pateat
2813 1415 3098 1482 quantum
3112 1410 3296 1466 Deum
3314 1414 3727 1466 coronatorem

2066 1505 2348 1568 vestrum,
2370 1516 2473 1571 pro
2504 1501 2676 1570 cujus
2708 1499 2972 1554 Ecclesia:
2999 1516 3139 1572 pace
3159 1504 3335 1571 atque
3365 1500 3730 1554 correctione

2069 1589 2358 1662 legatione
2389 1588 2679 1660 perfuncti
2710 1592 2866 1655 sunt,
2901 1588 3196 1644 honoretis
3221 1593 3300 1644 :et
3320 1593 3611 1660 quantam
3649 1605 3733 1644 re-

2069 1677 2386 1733 verentiam
2420 1677 2750 1748 principum
2781 1676 3200 1748 apostolorum,
3233 1694 3268 1732 a
3299 1694 3557 1750 quorum
3589 1678 3731 1733 sede

2076 1767 2317 1839 profecti
2347 1771 2508 1833 sunt,
2543 1784 2659 1838 pra:
2689 1765 2874 1820 oculis
2920 1765 3205 1821 habeatis.
3255 1767 3565 1839 Siquidem
3597 1783 3728 1832 nos,

316 1857 575 1913 chaelem
608 1856 1142 1930 protospatharium
1175 1856 1852 1929 significavimus,vestro
1884 1857 1963 1912 fa-
1993 1893 2042 1958 Β
2073 1873 2105 1911 o
2137 1854 2624 1927 tranquillissime
2650 1855 2986 1926 imperator,
3011 1855 3144 1910 illos
3175 1873 3288 1911 non
3323 1856 3396 1910 ad
3428 1857 3729 1929 synodum

315 1964 448 2002 vere
478 1948 689 2014 veniat,
721 1947 801 2000 ita
833 1951 896 2000 ut
930 1946 1213 2019 lgnatius,
1247 1945 1350 2017 qui
1381 1945 1542 2001 omni
1583 1950 1674 2001 est
1704 1946 1961 2001 humano

315 2037 631 2092 destitutus
663 2034 898 2101 auxilio,
932 2035 1429 2105 quemadmodum
1458 2035 1655 2090 venire
1673 2035 1857 2090 valeat
1871 2052 1962 2091 ve-

317 2130 436 2181 stro
469 2142 571 2196 pro
603 2123 815 2179 Christi
838 2140 1034 2178 amore
1055 2122 1264 2178 collato
1288 2122 1399 2178 sibi
1421 2122 1962 2194 fulciatjuvamine.

317 2215 345 2269 J
354 2232 448 2268 am
482 2231 612 2268 vero
646 2213 693 2268 si
713 2212 968 2283 epistolae
987 2229 1089 2283 per
1109 2215 1380 2267 eumdem
1405 2211 1659 2284 legatum
1681 2219 1962 2279 vestrum,

319 2321 354 2358 a
383 2319 498 2374 quo
527 2302 691 2357 vobis
721 2301 893 2356 modo
921 2300 1112 2355 delata
1133 2318 1247 2355 non
1279 2305 1387 2367 est,
1409 2306 1668 2356 tenorem
1699 2301 1787 2356 vel
1809 2303 1966 2357 ordi-

319 2407 453 2445 nem
487 2406 603 2461 quo
636 2389 890 2443 diximus
921 2386 1372 2458 prenominatas
1402 2403 1682 2458 personas
1722 2388 1965 2443 Romam

329 2482 448 2536 fore
478 2484 753 2533 venturas
784 2477 928 2532 scire
980 2475 1214 2547 cupitis,
1247 2493 1282 2530 a
1335 2476 1720 2547 praesentibus
1770 2477 1969 2532 missis

327 2569 542 2624 nostris
573 2567 867 2638 exigite,et
899 2565 1054 2620 hunc
1086 2581 1256 2619 nosse
1283 2564 1450 2635 plene
1478 2564 1968 2638 valebitis.Siqui-

327 2661 458 2714 dem
489 2657 606 2712 illis
629 2655 980 2726 exemplaria
999 2654 1379 2726 epistolarum
1404 2671 1551 2726 quas
1574 2655 1970 2727 magnitudini

323 2752 546 2811 vestrm,
579 2762 800 2800 necnon
847 2743 1048 2799 Photio
1081 2761 1182 2815 per
1231 2742 1634 2798 Rhadoaldum
1667 2748 1725 2798 et
1753 2744 1968 2799 Zacha-

323 2838 468 2892 riam
504 2841 641 2891 tunc
673 2834 974 2906 episcopos
1025 2832 1365 2897 direximus,
1417 2833 1634 2903 scripta
1663 2851 1766 2905 pro
1793 2832 1969 2888 colla-

323 2928 478 2982 tione
509 2943 642 2980 cum
694 2921 1045 2978 authenticis
1091 2921 1357 2976 facienda
1410 2921 1800 2976 tradidimus:
1834 2939 1968 2976 cum

321 3016 537 3087 quibus
567 3014 742 3069 etiam
775 3009 1131 3082 exemplaria
1149 3009 1710 3082 epistolarum,quas
1729 3011 1892 3066 vobis
1915 3015 1972 3065 et

323 3105 524 3161 Photio
557 3120 658 3174 per
687 3102 936 3156 Leonem
972 3117 1006 3154 a
1049 3098 1288 3154 secretis
1335 3097 1629 3165 misimus,
1663 3103 1718 3154 et
1766 3099 1966 3170 hujus,

323 3209 500 3265 quam
533 3208 634 3263 per
664 3187 1005 3244 Michaelem
1049 3186 1585 3258 protospatharium
1648 3205 1754 3244 nos
1784 3189 1967 3244 desti-

2072 1943 2481 1999 celebrandam
2511 1942 2954 2008 destinavimus,
2982 1960 3097 1999 non
3128 1945 3198 1999 ad
3231 1943 3363 2000 lites
3391 1949 3450 2000 et
3478 1951 3733 2001 conten-

2072 2034 2261 2088 tiones
2315 2033 2654 2088 excitandas
2695 2032 3038 2088 direximus.
3095 2033 3327 2088 Scimus
3375 2035 3539 2090 enim
3572 2035 3728 2107 quod

2074 2123 2314 2178 docente
2345 2122 2638 2194 Apostolo,
2669 2138 2887 2177 servum
2916 2123 3136 2177 Domini
3179 2139 3286 2179 non
3333 2132 3585 2195 oporteat
3613 2125 3730 2179 liti-

2073 2228 2205 2282 gare
2237 2213 2308 2280 (lI
2336 2213 2468 2266 Tim.
2504 2217 2567 2279 ιι)
2595 2229 2608 2278 ;
2643 2211 2744 2266 sed
2778 2211 2886 2266 hoc
2916 2216 3106 2266 totum
3138 2216 3228 2267 est
3258 2229 3363 2285 pro
3411 2229 3532 2285 quo
3557 2214 3730 2268 misi-

2076 2317 2229 2367 mus,
2262 2299 2529 2355 videlicet
2561 2303 2643 2363 ut,
2679 2305 2908 2354 servata
2927 2299 3254 2372 apostolicae
3286 2302 3446 2357 sedis
3478 2304 3733 2358 auctori-

2076 2390 2214 2444 tatis
2246 2387 2586 2454 reverentia,
2612 2389 3095 2444 restaurationem
3129 2390 3385 2446 Ecclesia
3405 2393 3733 2448 Constanti-

2078 2477 2417 2549 nopolitana
2457 2482 2648 2532 status
2692 2477 2953 2550 recipiat,
2987 2482 3044 2532 et
3091 2495 3201 2550 pax
3256 2485 3315 2534 et
3367 2480 3731 2537 unanimitas

2079 2566 2300 2622 sanctis
2330 2565 2602 2621 Ecclesiis
2632 2571 2689 2621 et
2719 2566 2962 2638 imperio
2983 2572 3172 2623 vestro
3215 2569 3520 2633 reddatur.
3555 2576 3732 2642 atque

2079 2655 2398 2727 perpetuis.
2430 2654 2545 2710 Deo
2584 2655 2854 2726 prepitia,
2904 2657 3270 2728 temporibus
3317 2659 3728 2726 custodiatur;

2079 2760 2302 2800 necnon
2335 2748 2393 2798 et
2431 2759 2643 2798 nomen
2699 2748 2958 2798 vestrum
3013 2744 3258 2802 diutinis
3305 2763 3371 2801 ac
3433 2748 3732 2820 prosperis

2079 2837 2300 2888 crescat
2329 2831 2793 2888 successibus.Et
2813 2834 3310 2904 quemadmodum
3336 2835 3572 2907 piorum
3597 2854 3732 2908 pra.

2077 2922 2410 2977 cedentium
2441 2923 2837 2994 Augustorum
2854 2922 3020 2978 miris
3034 2923 3128 2978 hic
3161 2930 3291 2996 post
3313 2926 3499 2981 funus
3522 2943 3732 2997 praeco-

2079 3011 2194 3065 niis
2219 3010 2540 3075 attollatur,
2573 3015 2631 3064 et
2660 3010 2717 3064 in
2751 3010 2909 3064 caelis
2940 3012 3138 3067 aeterni
3172 3014 3336 3085 regni
3363 3014 3732 3070 beatitudine

2077 3100 2428 3172 perfruatur.
2461 3098 2732 3170 Alioquin
2766 3101 3089 3155 secundum
3119 3101 3730 3173 Apostolum,verbum

2079 3190 2174 3244 Dei
2200 3204 2311 3243 non
2339 3196 2418 3244 est
2465 3189 2757 3256 alligatum
2789 3188 2859 3256 (Il
2905 3190 3039 3245 Tim.
3083 3192 3144 3260 ιι)
3171 3208 3185 3258 ;
3218 3191 3319 3263 qui
3367 3209 3584 3248 rursus
3615 3193 3726 3248 ait:

323 3249 493 3337 uasse
527 3277 920 3352 praediximus,
947 3293 1146 3331 secum
1170 3273 1554 3330 nihilominus
1585 3277 1965 3332 deferendum
1997 3249 2040 3316 Ο
2081 3278 2238 3333 Vivus
2267 3279 2412 3332 enim
2444 3286 2522 3332 est
2544 3279 2647 3332 Dei
2692 3293 2869 3333 sermo
2915 3285 2966 3332 et
3001 3277 3223 3350 efficax,
3256 3289 3308 3335 et
3332 3282 3735 3352 penetrabilior

324 3369 702 3427 contulimus.

393 3461 569 3515 Juxta
598 3472 734 3527 ergo
767 3459 1027 3509 tenorem
1061 3457 1116 3507 et
1137 3452 1400 3507 ordinem
1424 3469 1540 3524 quo
1553 3453 1822 3524 prmfatas
1843 3471 1968 3526 per-

323 3565 498 3604 sonas
528 3546 599 3600 ad
632 3541 1275 3612 iterandumjudicium
1326 3541 1439 3596 huc
1487 3541 1683 3597 venire
1711 3543 1965 3598 decrevi-

322 3654 476 3702 mus,
505 3634 684 3689 latius
712 3647 889 3701 sagax
932 3629 1222 3684 industria
1263 3635 1453 3684 vestra
1491 3631 1755 3702 reperiet,
1791 3649 1965 3704 quem

321 3742 428 3780 nos
457 3725 513 3777 in
545 3723 654 3776 hac
686 3719 987 3774 fastidium
1021 3716 1368 3790 prolixitatis
1397 3719 1776 3786 declinantes,
1796 3721 1965 3793 repli-

319 3830 451 3869 care
483 3809 824 3882 refugimus.
860 3807 958 3862 His
990 3807 1188 3879 igitur,
1222 3806 1545 3878 inspirante
1593 3809 1728 3875 Deo,
1761 3809 1842 3864 ita
1870 3828 1963 3866 ve-

320 3908 452 3956 strae
485 3897 814 3955 serenitatis
847 3897 1089 3951 auribus
1146 3896 1452 3961 intimatis,
1484 3897 1628 3951 sciat
1659 3914 1693 3952 a
1723 3898 1966 3955 Domino

319 3990 657 4046 redimitum
691 3985 1000 4058 imperium
1032 3989 1289 4040 vestrum
1315 3985 1528 4041 missos
1552 3986 1664 4042 sibi
1696 4005 1728 4042 a
1747 4005 1966 4060 praesu-

319 4082 438 4135 latu
473 4081 691 4140 nostro,
725 4075 842 4130 Deo
871 4079 1107 4128 auctore
1138 4073 1779 4141 destinatos,Donatum
1803 4077 1965 4133 vide-

319 4169 451 4224 licet
482 4163 1031 4222 reverendissimum
1063 4166 1119 4217 et
1149 4162 1586 4218 sanctissimum
1633 4171 1843 4220 sanctae
1868 4167 1968 4221 Ec-

320 4257 506 4311 clesiaa
533 4252 817 4309 Ostiensis
848 4253 1214 4322 episcopum,
1253 4256 1311 4306 et
1355 4251 1660 4325 religiosos
1699 4272 1764 4310 ac
1796 4272 1964 4312 vene-

323 4344 535 4400 rabiles
566 4347 777 4397 sanctae
802 4341 1072 4395 Romanae
1101 4339 1366 4396 Ecclesiae
1390 4341 1639 4399 Leonem
1660 4343 1812 4399 tituli
1838 4361 1968 4400 san-

320 4434 395 4489 cti
428 4431 640 4488 Christi
674 4430 946 4502 martyris
998 4429 1312 4495 Laurentii,
1345 4429 1446 4502 qui
1495 4431 1824 4502 appellatur
1853 4435 1967 4491 Da-

323 4521 492 4590 masi,
527 4519 950 4594 presbyterum,
984 4523 1160 4590 atque
1183 4518 1473 4572 Marinum
1507 4519 1836 4588 apostolicae
1870 4541 1964 4579 no-

2073 3369 2227 3423 omni
2251 3365 2435 3435 gladio
2465 3368 2774 3437 ancipiti,et
2782 3368 3096 3438 pertingens
3107 3385 3276 3440 usque
3302 3370 3375 3424 ad
3403 3370 3734 3427 divisionem

2073 3459 2282 3512 anim
2308 3471 2374 3510 ac
2401 3457 2663 3526 spiritus;
2683 3471 3004 3527 compagum
3021 3473 3308 3528 quoqueac
3332 3459 3730 3525 medullarum,

2074 3553 2125 3600 et
2153 3545 2412 3599 discretor
2431 3546 2824 3613 cogitationum
2853 3553 2904 3600 et
2933 3547 3297 3601 intentionum
3335 3549 3520 3604 cordi:
3541 3552 3729 3618 (Hebr.

2073 3639 2294 3705 1v);quo
2312 3633 2400 3687 usi
2420 3651 2523 3688 nec
2538 3633 3068 3700 inobedientes,nec
3081 3636 3732 3696 adversantesEcclesia

2073 3723 2195 3788 Dei,
2229 3738 2333 3777 nec
2368 3721 2701 3777 molestiam
2734 3722 3050 3780 inferentes
3095 3724 3330 3780 famulis
3374 3727 3510 3798 ejus
3531 3729 3728 3783 dimit-

2075 3817 2195 3867 tere
2226 3828 2462 3883 quoquo
2497 3811 2669 3866 modo
2704 3811 3027 3882 poterimus
3059 3812 3404 3885 impunitos.
3427 3819 3546 3886 Qui
3577 3817 3730 3873 habet

2073 3917 2233 3956 aures
2264 3899 2527 3955 audiendi
2555 3899 2750 3954 audiat
2783 3901 2990 3967 (Matth.
3042 3905 3142 3968 xx).
3178 3904 3312 3967 Qua:
3362 3921 3474 3960 nos
3506 3908 3723 3973 omnia,

2073 3990 2208 4045 licet
2241 3987 2734 4058 strictim,idcirco
2766 3988 3020 4045 dicimus
3052 3993 3108 4046 et
3139 3992 3725 4064 satagimus,necnon

2073 4085 2131 4134 et
2159 4078 2469 4150 diligenter
2497 4078 2964 4148 exsequimur,ut
2987 4077 3240 4150 plurima
3261 4097 3724 4140 commemorare

2074 4166 2608 4240 pratermittamus.
2645 4166 2854 4232 Primo,
2877 4172 2942 4221 ut
2972 4185 3051 4238 ne
3083 4186 3192 4224 nos
3221 4170 3292 4225 de
3321 4169 3532 4227 talenti
3565 4190 3723 4229 acce-

2075 4257 2292 4329 ptione,
2327 4272 2503 4327 quam
2537 4255 2595 4308 in
2629 4253 3059 4327 privilegiorum
3093 4258 3425 4329 quantitate
3455 4264 3723 4335 percepi-

2075 4363 2209 4400 mus
2239 4344 2584 4409 districtam,
2617 4344 2666 4399 si
2698 4343 2849 4416 pigri
2880 4345 3464 4417 reperiamur,ooram
3490 4367 3722 4408 summo

2065 4435 2268 4506 judice
2297 4449 2596 4505 cogamur,
2628 4433 2868 4489 reddere
2898 4435 3205 4490 rationem.
3230 4436 3524 4505 Secundo,
3563 4459 3636 4497 ne
3667 4444 3721 4498 in

2076 4521 2383 4595 irregulari
2415 4520 2736 4592 dejectione
2786 4521 3016 4594 lgnatii,
3061 4527 3501 4583 consacerdotis
3542 4533 3721 4587 nostri

323 4617 453 4665 strae
479 4609 635 4665 sedis
664 4607 1145 4677 diaconem,quos
1177 4605 1428 4676 benigne
1449 4604 1756 4662 clementia
1776 4616 1966 4667 vestra
1994 4617 2040 4683 Ι)
2071 4618 2127 4668 et
2160 4611 2378 4678 fratris,
2411 4609 2500 4665 vel
2531 4610 2591 4664 in
2636 4611 3000 4680 promotione
3048 4612 3238 4668 Photii
3283 4631 3522 4688 quoquo
3552 4621 3722 4676 modo

322 4698 673 4770 suscipiens,
710 4700 909 4765 utpote
943 4693 1284 4750 Christianae
1319 4691 1618 4763 religionis
1641 4694 1873 4764 cultrix,
1908 4701 1964 4756 in

322 4787 599 4842 omnibue
630 4783 721 4856 pie
752 4786 978 4846 tractet,
1011 4786 1067 4835 et
1096 4782 1346 4834 intactos
1368 4781 1627 4850 quandiu
1658 4800 1759 4839 vos
1788 4803 1965 4857 penes

323 4874 774 4936 remorantur,et
796 4870 1100 4924 indemnes
1130 4884 1374 4939 prorsus
1407 4884 1641 4925 manere
1661 4871 1961 4932 decernat:

325 4963 466 5033 quin
500 4966 555 5016 et
579 4959 802 5014 aditum
835 4955 1131 5025 simulque
1158 4954 1352 5009 locum
1373 4972 1499 5026 quae
1531 4956 1795 5028 injuncta
1825 4971 1965 5022 sunt

323 5047 626 5114 sibi,vobis
657 5045 897 5100 licenter
925 5041 1245 5113 exponendi
1271 5058 1592 5114 congruum
1617 5047 1699 5104 eis
1721 5067 1788 5105 ac
1808 5054 1968 5108 suffi-

323 5138 572 5192 cientem
603 5131 889 5204 impartiri
923 5130 1215 5201 dignetur.
1249 5129 1458 5202 Sicque
1479 5133 1717 5192 demum
1750 5139 1808 5194 in
1841 5142 1965 5212 qui-

323 5225 434 5280 bus
467 5223 622 5278 Deus
651 5219 942 5283 annuerit,
967 5223 1023 5272 et
1053 5217 1210 5271 cordi
1235 5224 1422 5274 vestro
1451 5221 1962 5296 impetraverit,or-

323 5311 562 5377 dinatis,
597 5309 808 5364 illaesos
837 5307 910 5361 ad
945 5321 1049 5360 nos
1075 5305 1339 5375 protinus
1364 5325 1462 5365 eos
1483 5315 1539 5366 et
1565 5313 1785 5387 absque
1817 5333 1966 5389 qua-

323 5400 466 5456 libet
497 5395 847 5470 impediente
881 5393 1149 5450 molestia
1179 5395 1363 5453 redire
1393 5399 1566 5456 sinat.

393 5487 502 5542 Sed
536 5482 814 5556 quoniam
848 5483 904 5538 in
952 5483 1052 5539 Dei
1104 5485 1522 5558 omnipotentis
1554 5491 1787 5547 servitio
1817 5493 1957 5548 diri-

320 5581 561 5643 guntur,
595 5589 697 5642 per
728 5572 912 5643 ipsius
935 5573 1188 5630 terribile
1247 5593 1482 5644 nomen,
1514 5581 1666 5648 quod
1702 5580 1956 5638 Trinitas

320 5665 407 5712 est
437 5658 840 5729 inseparabilis
865 5688 880 5732 ς
910 5668 966 5719 et
996 5679 1098 5734 per
1127 5664 1480 5720 horrendum
1513 5665 1774 5722 divinum
1799 5669 1960 5737 judi-

2077 4698 2444 4757 consensisse
2475 4701 2768 4769 putemur.
2819 4699 3034 4766 Tertio,
3068 4718 3139 4756 ne
3167 4704 3552 4761 sacerdotalis
3585 4710 3720 4764 ordo

2075 4795 2194 4844 tam
2225 4785 2614 4860 ignominiose
2643 4785 2903 4855 vilescat,
2937 4793 3003 4844 ut
3050 4789 3283 4846 Domini
3328 4793 3518 4850 nostri
3552 4801 3612 4852 et
3633 4815 3722 4854 sa-

2075 4893 2239 4933 crum
2253 4875 2602 4947 corpusejus
2615 4879 3132 4951 tractantes,atque
3154 4881 3350 4936 Sancti
3374 4889 3720 4942 sanctorum

2073 4968 2202 5037 ejus
2230 4962 2518 5020 velamina
2546 4969 3002 5036 penetrantes,et
3017 4968 3305 5040 praecipue
3335 4987 3648 5029 summum
3666 4975 3719 5030 in

2073 5052 2308 5109 dioecesi
2339 5069 2448 5108 sua
2476 5051 2668 5108 locum
2692 5053 3029 5122 retinentes,
3061 5060 3183 5112 tam
3216 5058 3383 5114 facile
3413 5061 3487 5116 de
3520 5068 3720 5120 caetero

2075 5141 2540 5213 impellantur,et
2569 5159 2603 5197 a
2619 5141 2957 5214 vulgaribus
2981 5146 3314 5219 quibusque
3336 5165 3404 5204 ac
3432 5150 3720 5208 inferiori-

2073 5231 2185 5286 bus
2210 5229 2587 5296 suis,necnon
2618 5235 2676 5285 et
2707 5230 2873 5287 laicis
2902 5239 3368 5304 prosternantur,
3402 5242 3460 5293 et
3499 5241 3720 5314 absque

2071 5319 2188 5374 ullo
2218 5317 2482 5374 examine
2513 5323 2615 5374 aut
2628 5321 3004 5392 comprobato
3017 5323 3262 5380 crimine
3275 5327 3461 5398 gradu
3486 5331 3718 5402 proprio

2071 5412 2128 5461 et
2157 5406 2410 5462 Ecclesia
2441 5424 2549 5462 sua
2579 5407 3440 5485 priventur.Quarto,quoniam
3472 5419 3719 5474 manife-

2068 5499 2226 5550 stum
2258 5498 2347 5550 est
2377 5495 2648 5566 qualiter,
2686 5498 2822 5553 sede
2853 5499 3172 5571 apostolica
3200 5501 3260 5557 in
3301 5505 3566 5576 Gregorii
3617 5507 3714 5579 Sy-

2067 5584 2337 5638 racusani
2370 5589 2427 5638 et
2456 5585 2750 5641 sociorum
2769 5589 2899 5659 ejus
2925 5589 3304 5648 damnatione
3326 5610 3444 5649 non
3474 5611 3713 5651 consen-

2068 5670 2263 5739 tiente,
2297 5671 2407 5742 ipsi
2441 5673 2615 5728 modo
2647 5690 2822 5745 quem
2856 5677 3229 5748 praediximus
3259 5680 3333 5737 ad
3383 5680 3508 5737 haec
3560 5682 3706 5738 exci-
