3898 6212
99 413 253 479 ιοιδ

1306 413 1714 479 EPISTOLzE
1755 413 1858 478 ET
1898 412 2287 479 DEGRE'I‘A.

3344 412 3502 479 104-6
3529 398 3533 402 ’

96 552 274 608 tanda
293 548 652 607 surrexerint
677 565 691 605 :
715 551 772 606 et
791 564 948 605 nunc
970 546 1083 605 nisi
1111 565 1217 605 nos
1237 548 1359 605 haec
1382 549 1744 623 corrigamus
1774 548 1827 615 Α
1856 549 1992 605 bilis
2014 550 2193 606 frater
2213 555 2270 606 et
2291 549 2667 625 coepiscopus
2690 554 2887 609 noster
2901 550 3164 626 Ignatius
3178 551 3503 608 Constanti—

96 641 180 699 vel
211 640 554 714 puniamus,
569 655 836 695 veremur
864 655 936 694 ne
966 638 1134 695 nobis
1181 639 1491 711 deputetur
1527 639 1589 695 in
1619 638 1742 695 cul-

96 748 245 807 pam.
270 729 563 787 Nimirum
596 729 697 801 qui
727 744 1095 786 successores
1124 745 1333 785 sumus
1364 746 1567 786 eorum
1599 746 1742 802 quo-

96 839 222 879 rum
251 818 368 893 ipsi
396 817 759 892 benignitate
789 817 982 887 abusi,
1006 817 1144 874 licet
1173 817 1342 875 nobis
1373 817 1742 887 inconsultis,

99 912 166 968 ad
194 911 309 966 ista
340 906 599 982 prolapsi
621 910 780 964 sunt.
806 906 1038 974 Quinto,
1063 923 1135 963 ne
1155 907 1353 981 ipsum
1374 924 1607 981 quoque
1638 908 1746 964 im-

97 1000 319 1073 perium
350 995 744 1066 vestrum,vel
794 1013 1202 1053 successorum
1250 1001 1575 1054 vestrorum
1620 1001 1743 1054 tam

96 1089 295 1146 leviter
324 1088 606 1143 adversus
645 1084 933 1142 Ecclesiae
969 1085 1071 1141 Dei
1099 1085 1187 1142 vel
1229 1086 1507 1159 praesules
1540 1104 1744 1144 eorum

97 1192 361 1252 perverse
392 1174 789 1249 suggestionis
820 1174 1059 1231 ﬂatibus
1090 1178 1585 1231 commoveantur.

163 1265 328 1323 Unde
377 1264 655 1338 pietatem
684 1267 939 1321 vestram
996 1264 1394 1333 obsecramus,
1445 1268 1502 1321 et
1548 1281 1745 1320 coram

97 1357 209 1414 Deo
230 1360 289 1411 et
303 1354 529 1411 sanctis
552 1352 774 1426 angelis
796 1353 924 1425 ejus
941 1356 1359 1425 contestamur,
1374 1356 1439 1409 ut
1458 1353 1747 1411 obediatis

97 1445 284 1514 nobis,
310 1447 370 1500 et
398 1459 506 1500 nos
535 1442 597 1498 in
627 1441 737 1499 hac
765 1441 885 1498 vita
910 1442 1110 1517 potius
1133 1442 1335 1498 audire
1367 1442 1582 1499 curetis
1612 1442 1746 1499 hor-

95 1538 283 1592 tantes
315 1538 491 1605 atque
516 1534 808 1605 rogantes,
834 1546 1014 1604 quam
1035 1528 1273 1587 beatum
1297 1531 1531 1589 Petrum
1554 1532 1750 1589 cccles-

92 1624 167 1680 tis
196 1621 364 1695 regni
384 1619 737 1694 clavigerum
758 1619 819 1675 in
842 1619 1039 1675 futuro
1062 1618 1329 1676 sentiatis
1350 1625 1750 1690 accusantem,

95 1716 264 1785 atque
293 1711 696 1767 damnantem.
730 1708 877 1764 Nam
919 1708 969 1764 si
1003 1709 1174 1764 nobis
1223 1726 1339 1765 non
1389 1711 1748 1779 obedieritis,

92 1803 213 1875 ipse
241 1797 665 1864 contemnitur,
696 1798 868 1870 cujus
894 1797 1050 1854 vices
1081 1801 1386 1871 gestamus
1408 1803 1474 1859 et
1509 1799 1757 1859 auctori-

94 1897 207 1950 tate
237 1889 588 1947 clamamus.
614 1886 788 1943 Porro
809 1886 860 1987 si
878 1886 1048 1987 illum
1079 1888 1475 1988 contemnitis,
1496 1888 1606 1961 ipsi
1621 1890 1746 1988 jam
1779 1924 1825 1988 Β

96 1980 457 2040 considerate
486 1976 587 2048 qui
619 1976 689 2031 de
727 1975 892 2032 vobis
924 1975 1052 2045 erit,
1074 1974 1162 2032 vel
1195 1993 1373 2050 quam
1404 1976 1465 2032 in
1498 1976 1745 2033 terribili

89 2068 309 2145 judicio
339 2067 442 2123 Dei
475 2064 759 2121 rationem
791 2063 1144 2138 dabitis,qui
1184 2065 1244 2120 in
1282 2069 1447 2122 tanta
1476 2066 1746 2123 sublimi-

96 2165 211 2217 tate
235 2156 437 2231 positi,
454 2171 559 2227 per
578 2153 908 2226 exemplum
931 2159 1189 2211 vestrum
1212 2155 1441 2211 cunctis
1464 2156 1748 2227 subiectis

96 2246 298 2306 vestris
319 2242 518 2313 ultimi
540 2242 730 2299 exitus
749 2240 1137 2315 pracipitium
1164 2243 1609 2300 demonstretis:
1631 2260 1747 2298 non

98 2337 282 2396 solum
312 2338 513 2392 autem
542 2331 602 2387 in
636 2330 909 2404 praesenti
939 2335 1225 2403 tempore,
1254 2347 1457 2387 verum
1482 2331 1658 2387 etiam
1688 2331 1748 2386 in

96 2427 306 2493 futuro,
339 2419 802 2495 imperatoribus
843 2417 1114 2475 videlicet
1160 2424 1217 2475 et
1266 2419 1493 2476 cunctis
1539 2416 1748 2493 mundi

97 2513 476 2589 principibus,
512 2524 738 2566 necnon
770 2511 827 2563 et
867 2508 1147 2564 omnibus
1181 2508 1423 2565 omnino
1455 2507 1746 2566 ﬁdelibus.

159 2600 561 2661 Exhorrescite
591 2598 771 2673 igitur
796 2600 883 2653 tot
916 2596 1233 2653 hominum
1266 2598 1528 2671 exemplo
1557 2604 1748 2656 vestro

97 2695 364 2768 pietatem
388 2691 716 2757 destruere;
751 2686 1062 2744 formidata
1086 2691 1384 2743 tantarum
1415 2688 1748 2744 animarum

100 2780 317 2856 operari
349 2776 711 2852 periculum;
746 2775 1142 2848 pertimescite
1172 2775 1465 2845 fidelibus,
1491 2777 1562 2832 ad
1595 2777 1749 2833 salu-

101 2876 213 2929 tem
233 2870 380 2926 forte
399 2866 1039 2931 tendentibus,tantam
1061 2865 1377 2937 perniciem
1399 2883 1745 2939 praeparare,

102 2965 155 3017 et
197 2974 298 3033 pro
360 2955 457 3012 his
515 2954 791 3011 omnibus
821 2970 1019 3010 coram
1052 2953 1313 3010 districto
1362 2954 1565 3025 judice
1622 2954 1749 3011 sine

105 3046 460 3123 quibuslibet
481 3042 873 3100 excusationis
894 3042 1242 3116 ambagibus
1264 3043 1334 3098 de
1354 3042 1629 3102 omnibus
1651 3062 1748 3101 ra-

103 3138 313 3194 tionem
345 3133 747 3191 omnimodam
797 3132 954 3187 dare.
977 3132 1263 3198 Quoniam
1303 3136 1446 3205 quot
1483 3133 1747 3207 exemplo

105 3231 285 3283 vestro
318 3223 395 3279 ad
426 3221 565 3279 talia
603 3221 821 3277 fuerint
865 3218 1139 3288 devoluti,
1165 3220 1236 3276 de
1281 3224 1367 3276 tot
1414 3221 1744 3278 animarum

1855 639 2253 711 nopolitanam
2279 641 2848 713 regeretEcclesiam,
2866 660 2899 697 a
2915 645 3127 698 sanctae
3145 641 3503 698 communio-

1853 728 1947 785 nis
1978 728 2419 803 participatione
2440 734 2644 787 contra
2673 730 2907 804 regulas
2934 730 3317 787 avertentium
3340 734 3504 803 parte

1854 817 2035 874 fuisse
2065 819 2446 892 dignosceris,
2478 824 2536 875 et
2568 837 2636 875 ex
2679 820 2944 876 saeculari
2995 820 3503 876 administratione

1853 911 2030 979 atque
2052 907 2278 977 militia,
2302 912 2358 964 et
2383 925 2451 964 ex
2474 909 2595 965 foro
2628 908 2822 965 subito
2853 913 3255 977 tonsuratus,a
3285 909 3507 984 Grego-_

1853 997 1940 1052 rio
1963 997 2326 1069 Syracusano
2348 998 2572 1053 dudum
2604 999 2876 1071 episcopo
2909 1016 2943 1054 a
2974 1000 3194 1071 synodo
3228 999 3503 1054 damnato

1854 1089 1911 1142 et
1931 1086 2005 1141 ab
2028 1086 2348 1159 apostolica
2370 1088 2504 1143 sede
2535 1088 2797 1143 convicto
2829 1088 3138 1160 episcopus
3158 1087 3415 1143 ordinari
3450 1091 3507 1143 et

1854 1175 2183 1248 nuncupari
2216 1193 2449 1248 passus,
2470 1175 2643 1231 etiam
2675 1177 2900 1232 vivente
2921 1194 2986 1233 ac
3009 1176 3319 1249 superstite
3341 1177 3507 1249 Igna-

1854 1263 1935 1319 tio
1966 1264 2299 1336 patriarcha
2328 1265 2523 1320 sedem
2554 1263 2741 1337 ipsius
2787 1264 3081 1333 invasisti;
3115 1270 3171 1321 et
3200 1281 3500 1337 sponsam,

1856 1369 2034 1425 quam
2054 1351 2328 1409 aChristo
2345 1369 2559 1424 sponso
2578 1352 3016 1410 immaculatam
3035 1354 3499 1421 custodiendam,

1855 1440 2034 1497 veluti
2066 1441 2290 1497 amicus
2321 1442 2521 1515 sponsi
2567 1446 2922 1515 perceperat,
2958 1460 3075 1499 non
3120 1460 3222 1515 per
3259 1443 3501 1512 ostium,

1859 1532 2015 1603 quod
2046 1530 2312 1587 Christus
2340 1534 2451 1598 est,
2483 1531 2583 1586 sed
2632 1531 2871 1587 aliunde
2900 1548 2968 1587 ex
2998 1534 3238 1588 adverso
3268 1531 3328 1587 in
3357 1530 3505 1588 ovile

1858 1618 2231 1676 Dominicum
2263 1636 2424 1676 more
2465 1620 2632 1692 furis,
2652 1620 2739 1677 vel
2770 1620 3016 1677 latronis
3058 1621 3411 1694 irrumpens,
3437 1637 3504 1677 ac

1858 1707 2167 1777 violentus,
2199 1726 2379 1781 rapax
2409 1714 2466 1765 et
2494 1709 2777 1766 scelestus
2807 1710 3036 1766 adulter
3065 1710 3506 1782 subripuisti.Et

1862 1803 2087 1869 praeter,
2109 1798 2226 1853 imo
2253 1799 2534 1855 adversus
2556 1799 2905 1872 apostolicos
2928 1816 3200 1871 canones,
3220 1798 3506 1855 saeculari-

1863 1888 1972 1941 bus
1994 1886 2379 1958 potestatibus
2404 1904 2568 1955 usus,
2592 1887 2897 1944 ecclesiam
2924 1905 3028 1960 per
3050 1905 3148 1945 eos
3174 1887 3502 1945 obtinuisti.

1854 1976 2072 2032 Deinde
2089 1992 2223 2031 cum
2240 1975 2534 2031 damnatis
2553 1980 2608 2031 et
2625 1976 3159 2046 anathematizatis;
3180 1981 3352 2049 atque
3369 1994 3503 2033 cum

1855 2063 1967 2133 his,
2002 2064 2102 2136 qui
2152 2082 2224 2120 ne
2266 2064 2622 2121 sacerdotale
2651 2065 2910 2120 officium
2957 2071 3092 2122 ante
3142 2066 3504 2123 audientiam

1855 2156 2294 2224 praesumerent,
2318 2155 2375 2207 et
2404 2169 2438 2206 a
2468 2152 2770 2209 decessore
2800 2170 2928 2209 meo
2977 2158 3192 2208 sancta
3239 2154 3505 2209 recorda-

1856 2240 2035 2297 tionis
2064 2241 2373 2297 Benedicto
2405 2258 2558 2314 papa
2596 2243 2825 2298 fuerant
2862 2241 3123 2315 obligati,
3149 2242 3411 2315 quotidie
3440 2259 3507 2298 ac

1855 2330 2253 2388 indifferenter
2282 2330 2747 2397 communicans,
2762 2336 2819 2386 et
2844 2348 3193 2387 conversans
3218 2336 3417 2386 contra
3446 2330 3510 2386 ﬁ-

1857 2420 1990 2476 dem
2022 2419 2396 2492 promissam,
2413 2424 2730 2492 contraque
2754 2423 2918 2475 tuam
2942 2420 3509 2493 professionem,qua

1856 2508 2150 2582 pollicitus
2180 2526 2263 2575 es,
2294 2513 2351 2564 te
2380 2509 2662 2565 adversus
2699 2511 2825 2581 jam
2875 2510 3062 2566 fatum
3112 2510 3505 2582 patriarcham

1857 2597 2087 2653 nullum
2119 2597 2426 2654 sinistrum
2450 2597 2760 2654 consilium
2782 2615 2911 2653 esse
2934 2599 3247 2667 facturum,
3272 2616 3509 2673 congre-

1856 2687 2008 2761 gasti
2031 2685 2365 2755 concilium,
2381 2689 2585 2742 etcum
2609 2687 2992 2758 sequentibus
3012 2687 3129 2743 tuis
3146 2689 3430 2761 depositis
3450 2692 3511 2745 et

1856 2775 2150 2832 damnatis
2173 2779 2229 2831 et
2258 2775 2797 2841 excommunicatis,
2813 2780 2870 2830 et
2888 2775 3416 2846 anathematizatis,
3452 2781 3510 2834 et

1857 2864 1987 2921 aliis
2018 2864 2144 2920 sine
2174 2862 2469 2934 Ecclesiis,
2489 2868 2664 2936 atque
2703 2880 2838 2919 cum
2866 2863 2980 2933 his,
3015 2881 3049 2920 a
3077 2864 3294 2936 quibus
3322 2865 3410 2922 vel
3441 2869 3507 2922 tu

1855 2952 2253 3026 irregulariter
2281 2969 2347 3008 ac
2388 2951 2587 3008 illicite
2634 2955 2941 3024 provectus
2989 2954 3206 3021 fueras,
3236 2953 3325 3010 vel
3358 2971 3507 3027 quos

1854 3042 1980 3115 ipse
2001 3046 2219 3097 temere
2241 3058 2306 3097 ac
2326 3040 2584 3097 indebite
2612 3058 2983 3113 promoveras
3005 3046 3211 3098 contra
3231 3044 3506 3100 eumdem

1856 3132 2092 3187 fratrem
2115 3134 2172 3185 et
2193 3130 2668 3186 comministrum
2690 3135 2955 3186 nostrum
2979 3130 3403 3204 depositionem
3427 3133 3509 3188 fa-

1856 3222 2069 3286 cere,et
2093 3218 2405 3274 anathema
2421 3219 2611 3274 dicere
2632 3236 2813 3275 ausus
2834 3236 2916 3276 es.
2936 3220 3155 3276 Deinde
3176 3221 3508 3293 apostolica:

106 3313 408 3388 dispendio
432 3310 594 3368 eritis
631 3325 872 3382 prorsus
893 3308 1156 3376 obnoxii;
1190 3314 1248 3365 et
1276 3313 1363 3365 tot
1410 3311 1612 3382 procul
1644 3312 1749 3367 du-
1776 3293 1819 3360 (ἶ
1857 3309 2015 3366 sedis
2047 3308 2281 3376 missos,
2303 3325 2450 3380 quos
2485 3325 2589 3381 pro
2621 3325 2799 3363 causa
2827 3325 3126 3364 sacrarum
3156 3309 3504 3382 imaginum,

106 3404 216 3471 bio,
237 3402 397 3476 quod
430 3417 546 3456 non
589 3403 882 3471 optamus,
917 3414 1119 3470 poenas
1166 3397 1519 3471 luetis,quot
1565 3400 1748 3457 noxias

106 3492 344 3550 actionis
363 3493 568 3545 vestras
589 3488 779 3544 forma
800 3487 859 3542 in
893 3485 1297 3542 inobedientias
1319 3486 1497 3544 chaos
1524 3489 1752 3544 demer-

108 3581 257 3657 gitis.
282 3582 421 3646 Quae
471 3576 689 3643 omnia,
718 3575 933 3648 pietate
962 3580 1158 3632 vestra
1206 3577 1375 3633 nobis
1423 3577 1752 3646 obediente,

110 3673 318 3727 avertat
346 3666 659 3734 Dominus,
687 3681 826 3720 nam
857 3665 975 3721 ista
1018 3681 1125 3721 nos
1172 3682 1277 3738 pro
1328 3665 1519 3722 salute
1565 3671 1760 3724 vestra

110 3755 519 3833 prosequimur
546 3758 605 3810 et
649 3753 959 3826 exigimus.
994 3753 1098 3826 (Ex
1125 3770 1210 3825 ep.
1252 3754 1456 3811 Gelasii
1486 3771 1653 3829 papae
1682 3757 1761 3813 ad

110 3850 290 3905 Anan.
330 3843 495 3916 imp.)
527 3842 691 3899 Unde
737 3858 810 3898 ne
857 3842 1133 3898 irascaris
1164 3842 1215 3899 si
1245 3846 1303 3901 te
1354 3846 1587 3900 tantum
1635 3842 1767 3901 dili-

112 3936 299 4012 gimus
331 3938 400 3989 ut
439 3931 761 4005 temporale
789 3948 1035 4005 regnum
1079 3932 1236 4004 quod
1267 3936 1576 3989 assecutus
1596 3950 1679 4001 es,
1703 3938 1763 3991 te

109 4025 350 4083 velimus
381 4021 600 4078 habere
630 4037 919 4094 perenne;
955 4026 1012 4076 et
1038 4020 1139 4093 qui
1179 4021 1435 4093 imperas
1475 4038 1632 4077 nunc
1664 4022 1770 4082 ho-

113 4113 388 4178 minibus,
413 4126 622 4183 regnes
664 4126 799 4166 cum
831 4108 1092 4179 Christo;
1126 4113 1183 4165 et
1220 4109 1320 4181 qui
1364 4126 1493 4166 cras
1524 4110 1768 4166 moritu-

114 4221 209 4260 rus
237 4218 322 4267 es,
357 4200 541 4256 vitam
587 4196 877 4272 percipias
924 4201 982 4254 et
1028 4197 1275 4269 gloriam
1326 4202 1597 4254 internum
1631 4200 1769 4269 [cod.

118 4292 300 4358 Vatia,
344 4287 815 4361 sempiternam].
841 4286 989 4343 Data
1037 4286 1240 4343 Idibus
1288 4287 1653 4360 Novembris,
1686 4288 1772 4343 in-

120 4379 362 4437 dictione
391 4394 489 4433 xv.

852 4490 1036 4547 XCIX.

746 4596 820 4635 AD
859 4595 1139 4636 PHOTIUM.

758 4678 945 4751 (Anno
977 4677 1127 4749 866.)

120 4779 425 4849 Exprobrat
458 4778 652 4834 Photio
679 4776 859 4832 multa
893 4777 1311 4849 crimina,rquae
1358 4779 1420 4833 in
1461 4777 1773 4849 occupanda.

209 4848 391 4922 ῇηαιίί
418 4849 542 4907 sede
570 4849 873 4922 commisit,-
907 4849 1106 4919 probat
1134 4848 1297 4922 illum
1343 4856 1395 4903 ει
1442 4848 1694 4922 divinum
1722 4856 1774 4904 et

187 4920 498 5003 I‘iupmnum
526 4923 623 5003 jus
670 4920 933 5003 violasse;
982 4920 1203 5003 {nuntiat
1253 4921 1431 5003 ipsum
1476 4920 1778 5003 depositum

185 4996 379 5066 fuisse,
407 4996 463 5049 ei
491 4992 541 5047 si
568 4998 863 5066 mpure!
891 4992 1194 5057 sementim,
1227 4992 1476 5066 minatur
1521 4992 1613 5047 illi
1648 5008 1776 5064 per-

180 5061 407 5138 petuam
437 5078 609 5136 usque
637 5061 719 5118 ad‘
737 5062 948 5118 obitum
973 5063 1608 5119 excommunicationem.

188 5181 484 5237 NICOLAUS
525 5178 837 5252 episcopus
885 5193 1088 5234 servus
1143 5193 1444 5233 servorum
1502 5177 1623 5248 Dei,
1656 5179 1779 5235 viro

126 5268 355 5327 Pnono.

193 5356 723 5415 Innumerabilium
747 5354 1022 5428 reperiris
1042 5353 1584 5429 praevaricationum
1607 5355 1784 5411 obno-

125 5445 270 5513 xius,
285 5451 345 5503 et
364 5444 837 5501 venerandorum
866 5459 1179 5509 canonum,
1205 5446 1378 5515 atque
1405 5447 1782 5516 paternarum

127 5533 573 5598 diffinitionum,
607 5530 872 5604 quinimo
903 5535 962 5587 et
1000 5530 1330 5586 divinorum
1372 5530 1783 5586 mandatorum

128 5620 525 5679 contumeliiis
558 5618 965 5692 multipliciter
986 5636 1052 5675 ac
1075 5620 1446 5693 impudenter
1464 5619 1653 5676 elatus
1676 5638 1688 5676 :
1715 5620 1788 5675 si-

128 5711 364 5783 quidem
393 5714 457 5767 et
484 5728 554 5768 ex
581 5708 1125 5778 schismaticorum;
1167 5710 1269 5766 sed
1299 5713 1356 5766 et
1385 5727 1519 5766 cum
1550 5726 1785 5767 venera-

1857 3403 1916 3454 et
1948 3415 2051 3471 pro
2101 3396 2473 3470 inquirenda,
2499 3401 2557 3452 et
2586 3396 2757 3453 nobis
2799 3398 3186 3453 renuntianda
3228 3400 3355 3471 jam
3403 3399 3507 3454 fati

1860 3484 2204 3560 patriarchas
2248 3485 2587 3556 dejectione,
2621 3488 2679 3540 et
2716 3485 2789 3540 ob
2821 3485 3233 3542 inveniendum
3266 3487 3508 3544 modum

1865 3573 2251 3649 promotionis
2289 3578 2401 3630 tute
2442 3574 2943 3630 destinaveramus
2973 3592 2986 3630 :
3020 3575 3237 3647 quibus
3267 3576 3512 3649 potuisti

1868 3663 2231 3737 argumentis
2252 3680 2286 3718 a
2306 3662 2523 3719 nostris
2554 3663 2846 3719 mandatis
2880 3668 3157 3733 avertere,
3181 3682 3342 3721 more
3369 3667 3515 3721 Aca-

1870 3752 1945 3807 cii
1975 3752 2271 3825 quondam
2311 3752 2941 3823 Constantinopolitani
2979 3753 3233 3810 haeretici
3272 3753 3517 3826 patriar-

1872 3840 2014 3909 chas,
2065 3838 2514 3911 praesumpsisti,
2547 3843 2605 3894 et
2642 3839 2714 3893 ad
2755 3841 3210 3912 processionem,
3241 3857 3369 3913 quae
3414 3839 3524 3897 tibi

1874 3944 2010 3984 cum
2036 3927 2410 3999 comparibus
2440 3927 2558 3982 tuis
2590 3927 2954 3984 habebatur:
2978 3928 3152 3985 sicuti
3173 3945 3375 3985 eorum
3398 3946 3527 4001 pro—

1875 4016 2130 4073 fessione
2159 4015 2514 4086 patefactum
2540 4020 2649 4083 est,
2674 4020 2731 4071 et
2759 4021 2962 4072 sancto
2985 4017 3204 4089 Spiritu
3236 4016 3528 4089 revelante

1875 4104 2215 4161 veneranda
2249 4103 2489 4176 synodo,
2514 4120 2642 4174 quae
2684 4120 2719 4158 a
2755 4104 2924 4159 nobis
2973 4105 3213 4160 collecta
3264 4108 3373 4173 est,
3406 4103 3532 4161 cla-

1879 4194 2015 4264 ruit,
2044 4195 2117 4250 ad
2156 4194 2568 4249 damnatorum
2598 4197 2654 4248 et
2683 4193 3217 4263 schismaticorum,
3249 4199 3532 4268 tuamque

1880 4284 2283 4341 confusionem
2300 4281 3093 4356 contemptalegatione,quze
3113 4284 3200 4341 vel
3221 4284 3532 4359 gentilium

1880 4389 2043 4430 more
2088 4371 2303 4427 servari
2354 4369 2575 4439 debuit,
2604 4372 2974 4443 pertransisti
3018 4374 3138 4445 [pro
3176 4373 3530 4446 pertraxisti.

1881 4462 2115 4533 Hann],
2139 4464 2195 4517 et
2220 4462 2279 4515 in
2311 4459 2644 4516 illusionem
2668 4461 2819 4517 beati
2845 4461 2994 4517 Petri
3016 4462 3281 4533 aspstoli,
3306 4463 3476 4534 cujus
3497 4479 3533 4518 a

1882 4551 2017 4608 sede
2047 4548 2291 4623 profecti
2321 4549 2577 4618 fuerunt,
2615 4566 2730 4605 non
2763 4549 2953 4606 solum
2983 4549 3311 4607 inefficaces
3342 4550 3531 4607 redire

1796 4649 1845 4715 1)
1878 4639 2085 4705 fecisti,
2115 4639 2215 4694 sed
2258 4638 2434 4694 etiam
2474 4638 2916 4712 impugnatores
2947 4638 3233 4707 omnium,
3258 4655 3385 4710 quae
3418 4636 3567 4709 sibi,

1881 4731 2114 4785 fuerant
2144 4728 2447 4800 imperata,
2491 4727 2851 4784 monstrasti.
2875 4729 3173 4784 Postremo
3203 4727 3530 4799 episcopos,

1882 4819 1984 4891 qui
2014 4816 2119 4873 tibi
2163 4820 2442 4889 tanquam
2473 4816 2757 4882 adultero,
2779 4821 2836 4872 et
2864 4818 3156 4889 pervasori
3196 4815 3534 4872 communi-

1885 4924 2015 4964 care
2037 4905 2374 4973 noluerunt,
2390 4904 2593 4961 exsilio
2623 4906 2911 4980 relegasti,
2931 4911 2987 4962 et
3017 4906 3163 4979 ipsis
3184 4904 3536 4977 jubentibus

1886 4999 2088 5053 contra
2108 5010 2359 5050 canones
2384 4994 2468 5049 tui
2501 4994 2737 5051 sceleris
2758 4994 3069 5067 complices
3098 4994 3156 5048 in
3180 5009 3382 5050 eorum
3405 4993 3540 5049 sub-

1887 5101 2090 5159 rogare
2122 5083 2266 5139 locis
2295 5100 2411 5138 non
2442 5082 2715 5138 timuisti.
2739 5085 2809 5138 Et
2838 5100 3025 5156 usque
3056 5084 3113 5139 in
3145 5100 3402 5156 praesens
3433 5083 3538 5138 Ec-

1888 5174 2125 5231 clesiam
2144 5170 2244 5228 Dei
2262 5170 2506 5226 diversis
2528 5172 3037 5243 persecutionibus
3058 5173 3405 5245 impugnare
3424 5187 3542 5226 non

1890 5262 2133 5319 desinis.
2156 5261 2239 5317 Ita
2256 5264 2321 5315 ut
2343 5259 2581 5315 fratrem
2599 5264 2655 5315 et
2667 5261 3076 5332 coepiscopum
3093 5265 3361 5317 nostrum
3381 5260 3545 5333 Igna-

1890 5355 2039 5409 tium
2073 5349 2511 5407 sanctissimum
2547 5349 2939 5421 patriarcham
2975 5348 3255 5405 inauditis
3282 5349 3468 5422 pomis
3489 5352 3547 5404 et

1893 5440 2273 5498 horribilibus
2302 5439 2611 5494 tormentis
2642 5439 2870 5493 afﬁcere
2902 5456 3016 5494 non
3050 5439 3341 5511 quiescis:
3365 5438 3467 5494 sed
3490 5441 3549 5494 et

1895 5548 2100 5588 omnes
2131 5532 2415 5602 quotquot
2444 5544 2547 5599 pro
2574 5527 2833 5594 veritate,
2857 5532 2914 5583 et
2943 5528 3054 5583 ﬁde
3085 5528 3388 5583 commode
3418 5543 3546 5598 per-

1896 5621 2104 5676 sistere
2136 5617 2545 5691 deprchendis,
2563 5618 2778 5689 quibus
2802 5617 3078 5690 praevalcs
3098 5616 3289 5673 modis
3310 5617 3551 5689 perdere

1895 5707 2375 5782 impraatcrmisse
2406 5705 2651 5763 moliris.
