3894 6218
366 350 525 415 1047

1736 352 2045 421 NICOLAI
2086 351 2314 417 PAPE
2352 352 2401 417 Ῑ.

3627 352 3797 417 ίῦω

440 485 827 552 Quamobrem
861 483 919 539 in
950 484 1043 541 his
1067 489 1122 541 ct
1150 485 1555 557 hujuscemodi
1587 490 1639 542 te
1666 503 2011 559 cognoscen-
2042 486 2095 552 Α
2125 485 2359 557 quidem
2390 504 2421 539 a
2450 501 2581 541 vero
2614 484 2976 542 discedimus
3011 502 3024 543 :
3056 503 3196 542 nam
3242 484 3370 559 ipse
3418 502 3540 544 non
3588 485 3793 543 solum

366 579 454 629 tes
499 580 699 628 contra
739 576 1120 645 evangelica“,
1154 576 1597 646 apo.:lolieas,et.
1628 576 2011 648 propheticus,

368 666 542 734 atque
583 663 893 719 canonicas
941 664 1339 719 institutiones
1390 666 1590 720 elfcrrc
1641 664 1928 731 dolemus,
1962 669 2018 718 et

368 751 570 805 nimiis
604 752 944 807 maeroribus
969 753 1178 820 allecti,
1203 753 1530 808 necessario
1553 758 1605 808 te
1631 753 2017 825 praesentibus

369 839 635 912 apicibus
668 841 1072 909 admonemus,
1108 842 1411 897 hortamur
1441 847 1497 897 et
1538 843 1935 909 obsecramus,
1956 846 2021 897 ut

370 930 429 985 in
454 935 617 984 tanta
632 930 816 1001 gloria
837 948 951 985 non
974 931 1303 1003 decipiaris,
1319 936 1373 987 et
1391 937 1605 987 aeterna
1625 933 1777 987 bona
1802 948 1902 1004 pro
1925 930 2019 987 his

372 1019 644 1074 brevibus
676 1036 789 1074 non
822 1019 1077 1074 amittas.
1106 1020 1289 1074 Pensa
1311 1037 1487 1092 quam
1519 1038 1705 1093 pauca
1724 1025 1865 1077 sunt
1895 1037 2017 1075 om-

374 1107 492 1173 nia,
517 1123 641 1178 quze
676 1106 769 1162 hic
811 1106 1091 1162 mulctcnt
1116 1108 1441 1182 [mulcent],
1468 1109 1791 1180 quamlibet
1833 1110 2021 1165 multa

373 1213 502 1251 esse
542 1196 867 1251 vidcantur.
903 1198 1220 1268 Perpende,
1250 1215 1465 1269 qumso,
1492 1215 1667 1269 quam
1717 1198 2023 1271 multiplex

372 1286 468 1351 sit,
488 1290 545 1341 et
565 1303 739 1359 quam
766 1285 984 1357 prolixa
1012 1304 1179 1357 pinna
1204 1286 1501 1359 gehennae,
1517 1291 1572 1341 et
1593 1287 1743 1343 hanc
1769 1288 2022 1343 incidere

370 1374 737 1446 pertimesce,
764 1374 914 1429 hanc
962 1375 1066 1429 tibi
1100 1375 1399 1445 acquirere
1444 1375 1787 1431 medullitus
1817 1376 2022 1432 exhor-

372 1479 553 1519 resce.
595 1463 762 1530 Nam,
806 1463 1131 1518 secundum
1192 1462 1589 1536 Evangelium,
1625 1465 1767 1533 Quid
1806 1464 2025 1537 prodest

372 1553 587 1607 homini
612 1553 661 1606 si
690 1552 933 1606 lueretur
972 1559 1140 1607 totum
1181 1552 1469 1621 mundum,
1499 1556 1707 1611 animae
1735 1570 1858 1610 vero
1904 1569 2026 1612 sua!

372 1642 753 1696 detrimentum
780 1643 1065 1712 patiatnr?
1093 1646 1287 1710 (.llarc.
1313 1642 1452 1715 vui.)
1478 1643 1708 1697 Scimus
1745 1642 2023 1715 quoniam

374 1730 662 1801 sapientia
718 1730 1024 1801 praeditus,
1078 1734 1134 1785 et
1191 1729 1434 1787 scientia
1487 1732 1708 1787 ditatus
1766 1732 2021 1788 haberis.

375 1820 483 1875 Sed
517 1818 653 1873 audi
686 1818 822 1891 quid
858 1820 1139 1892 propheta
1170 1820 1241 1875 de
1276 1820 1629 1892 quibusdam
1663 1821 2025 1894 sapientibus

375 1908 530 1962 dicat
562 1924 574 1961 :
608 1909 909 1979 Sapientes,
942 1907 1152 1980 inquit,
1174 1917 1321 1975 sunt,
1356 1916 1416 1964 ut
1443 1912 1653 1981 [amant
1694 1912 1864 1978 mula,
1897 1910 2026 1965 bene

375 2006 558 2053 autem
612 2000 791 2068 facere
848 1999 1098 2052 nesciunt
1138 2000 1265 2067 (Jer.
1301 2002 1399 2066 ιν).
1426 1999 1600 2054 Porro
1657 2000 1727 2054 de
1782 1999 2027 2055 scientia

377 2086 646 2157 egregius
666 2085 978 2157 Apostolus
1022 2086 1137 2141 ait:
1166 2088 1408 2143 Seientia
1434 2089 1611 2158 inﬂat,
1636 2090 1874 2145 Charitas
1904 2104 2026 2144 vero

376 2176 616 2245 aediﬁcat
644 2176 689 2244 (Ι
718 2176 837 2230 Cor.
865 2175 1007 2245 vui),
1033 2176 1180 2247 Ergo
1211 2179 1498 2246 quantum
1530 2194 1644 2232 non
1676 2177 1877 2249 prosit,
1906 2178 2025 2232 imo

379 2267 665 2334 quantum
697 2263 869 2323 obsit.
899 2280 1011 2317 non
1043 2264 1114 2318 ad
1162 2264 1314 2318 bona
1343 2265 1443 2319 sed
1476 2265 1545 2319 ad
1580 2264 1734 2321 mala
1762 2265 2027 2321 facienda

378 2351 735 2406 habentibus
775 2351 1123 2422 sapientiam
1169 2352 1567 2407 animadverte
1600 2370 1613 2408 :
1648 2358 1705 2409 et
1752 2354 1867 2408 noli
1901 2353 2023 2427 glo-

379 2440 516 2495 riari
549 2440 598 2495 si
629 2439 809 2494 habes
853 2439 1157 2495 scientiam
1210 2440 1335 2496 sine
1382 2440 1682 2511 charitate,
1725 2443 2024 2514 quoniam,

377 2534 524 2584 teste
554 2528 845 2600 Apostolo,
892 2528 991 2583 illa
1036 2529 1218 2597 inflat,
1252 2529 1363 2584 ista
1397 2530 1663 2597 mdificat,
1697 2532 1742 2599 (Ι
1775 2534 1893 2589 Cor.
1927 2533 2023 2606 Iv).

376 2618 446 2671 Et
476 2622 629 2672 certe
660 2617 984 2673 absurdum
1026 2634 1092 2672 ac
1148 2618 1420 2673 indecens
1468 2622 1575 2686 est,
1605 2624 1670 2674 ut
1717 2637 1867 2687 eam,
1900 2638 2025 2694 quae

374 2705 559 2775 inflat,
582 2706 855 2761 virtutem
898 2705 1136 2772 habeas,
1165 2706 1265 2761 illa
1296 2724 1427 2761 vero
1469 2725 1595 2780 qua:
1633 2708 1898 2777 aedificat,
1933 2727 2027 2765 ca-

376 2811 524 2849 reas.
553 2797 737 2860 Quam
771 2798 965 2850 autem
1011 2793 1270 2850 habuisti
1306 2794 1923 2869 charitatem,quando
1943 2798 2028 2853 vi-

374 2884 552 2937 debas
586 2884 821 2938 fratrem
854 2887 909 2937 et
939 2882 1409 2939 comministrum
1443 2890 1709 2940 nostrum
1734 2882 2051 2958 lgnatium'

379 2971 451 3027 ab
482 2972 725 3027 ecclesia
754 2989 861 3028 sua
890 2972 1048 3044 pelli,
1076 2971 1300 3045 impcti,
1328 2978 1384 3026 et
1414 2974 1692 3028 adversus
1724 2992 1858 3030 eum
1892 2990 2026 3030 con-

374 3060 702 3132 jurationes
727 3065 782 3115 et
816 3061 1274 3133 conspirationes
1306 3062 1655 3133 praeparari?
1685 3063 1754 3117 Et
1784 3081 1899 3119 non
1931 3082 2028 3120 so-

380 3148 503 3205 lum
538 3150 780 3205 minime
801 3148 992 3215 illum,
1017 3167 1148 3205 cum
1174 3167 1396 3221 posses,
1423 3155 1622 3223 utpote
1648 3153 1717 3207 ad
1748 3152 2027 3209 saeculum

2126 592 2301 645 super
2334 576 2678 645 magistrum
2716 581 2879 629 tuum
2928 579 3127 629 contra
3176 574 3559 648 Evangelium
3598 576 3796 630 factus

2126 681 2422 731 es,verum
2446 664 2621 719 etiam
2650 664 2999 720 ordinationi
3033 664 3135 720 Dei
3176 666 3457 721 resistens
3500 666 3795 723 adversus

2127 768 2262 806 eum
2294 753 2498 807 dentes
2526 754 2633 821 tui,
2668 769 2833 808 arma
2861 758 2917 809 et
2943 753 3190 826 sagittae,
3210 758 3267 809 et
3296 754 3506 827 lingua
3534 758 3640 809 tua
3671 772 3798 810 ma-

2128 839 2319 895 chzera
2348 845 2519 896 acuta
2560 842 2763 897 ell‘ccta
2805 846 2911 898 est.
2937 843 3423 914 Quandoquidem
3456 860 3599 909 non,
3633 843 3795 899 sicut

2129 935 2369 985 sanctus
2403 930 2603 998 David,
2632 930 2860 985 mittere
2888 948 3129 987 manum
3152 931 3209 987 in
3233 930 3521 988 christum
3551 931 3793 988 Domini

2129 1017 2480 1084 formidasti,
2507 1020 2607 1075 sed
2654 1020 2808 1075 sicut
2856 1018 3149 1093 principes
3198 1019 3499 1076 latronum
3532 1038 3653 1077 non
3685 1021 3787 1077 ha-

2130 1107 2332 1163 bentes
2365 1108 2515 1163 bona
2574 1126 2767 1181 regem
2809 1126 2985 1165 suum
3042 1109 3425 1178 trucidantes,
3479 1110 3790 1182 insurgere

2131 1202 2333 1251 contra
2364 1201 2643 1253 rectorem
2678 1202 2846 1253 tuum
2878 1198 3128 1254 versutis
3160 1198 3393 1255 insidiis
3428 1216 3790 1272 magnopere

2129 1286 2647 1359 procurasti.Quos
2681 1286 2834 1342 idem
2867 1291 3105 1342 sanctus
3134 1287 3503 1354 David,sicut
3534 1293 3594 1343 et
3619 1288 3791 1343 illum

2132 1374 2232 1446 qui
2257 1392 2317 1429 se
2344 1373 2628 1430 christum
2649 1375 2878 1430 Domini
2901 1375 3153 1444 (Saulcm
3176 1375 3445 1433 videlicet
3466 1378 3793 1450 peremisse

2132 1463 2520 1532 nuntiaverat,
2537 1469 2817 1537 tanquam
2841 1463 3109 1522 homines
3132 1464 3366 1537 impios,
3382 1470 3439 1522 et
3460 1466 3795 1539 principem

2134 1569 2307 1608 suum
2342 1553 2722 1619 trucidantes,
2746 1554 2974 1609 tradere
3005 1553 3179 1610 morti
3207 1552 3589 1611 laudabiliter
3611 1555 3797 1626 jussit

2132 1641 2206 1711 (II
2238 1642 2360 1714 Reg.
2386 1641 2444 1714 ι).
2468 1643 2813 1715 Quanquam
2854 1642 3032 1699 etiam
3063 1642 3113 1699 si
3144 1641 3293 1699 nihil
3342 1642 3402 1699 in
3451 1643 3549 1700 his
3598 1661 3796 1716 repre-

2134 1728 2434 1785 hensionis
2466 1731 2828 1799 admitteres,
2856 1748 2992 1787 cum
3042 1731 3231 1805 pridie
3277 1731 3466 1789 laicus
3518 1732 3709 1788 fueris
3738 1738 3792 1789 et

2058 1860 2104 1923 B
2135 1818 2346 1874 saeculo
2379 1818 2740 1887 militaveris,
2764 1837 3135 1893 nequaquam
3168 1826 3290 1877 tam
3320 1826 3562 1894 repente
3583 1822 3797 1879 debue-

2135 1925 2230 1963 ras
2254 1907 2325 1963 ad
2353 1908 2569 1964 summi
2593 1908 2901 1964 sacerdotii
2928 1910 3228 1982 pervenire
3252 1910 3590 1984 fastigium:
3613 1929 3796 1985 quan-

2135 1996 2447 2068 doquidem
2479 2014 2582 2053 nec
2622 1997 3045 2054 monachorum
3078 2004 3310 2070 poteras
3341 2000 3539 2057 subito
3584 2017 3791 2057 secun-

2135 2085 2273 2140 dum
2293 2084 2686 2158 probabilium
2705 2087 2941 2143 Patrum
2961 2087 3355 2154 traditionem,
3369 2089 3791 2162 perfectionem

2135 2174 2434 2246 consequi,
2482 2174 2730 2239 Gelasio,
2776 2175 3052 2248 Gregorio
3109 2181 3167 2233 et
3223 2177 3474 2234 Adriano
3534 2180 3789 2252 magnis,

2135 2267 2193 2317 et
2222 2278 2353 2318 vere
2385 2264 2604 2320 sanctis
2633 2264 2791 2320 sedis
2813 2265 3086 2321 Romanis
3112 2266 3465 2337 praesulibus
3487 2266 3549 2323 id
3574 2268 3787 2341 ipsum,

2135 2351 2288 2423 quod
2324 2351 2699 2408 serenissima
2742 2354 3222 2426 Augusto,atque
3248 2355 3355 2410 tibi
3387 2357 3519 2427 jam
3560 2357 3789 2430 scripsi-

2136 2457 2291 2506 mus,
2317 2439 2717 2514 multipliciter
2736 2441 3159 2499 inhibentibus.
3185 2444 3334 2501 Sane
3356 2444 3407 2500 si
3432 2443 3652 2501 horum
3676 2450 3789 2502 tan-

2137 2545 2313 2601 quam
2346 2528 2702 2602 ignotorum,
2728 2530 3057 2588 sanctitatis
3087 2530 3342 2605 insignia
3370 2550 3489 2589 non
3518 2550 3785 2606 agnosce-

2136 2618 2242 2673 bas
2258 2616 2416 2687 (licet
2434 2619 2604 2690 cujus
2628 2619 2782 2687 ﬁdei,
2813 2621 2984 2692 cujus
3005 2620 3184 2676 studii
3209 2622 3570 2695 fuerint,per
3589 2640 3784 2683 eorum

2137 2723 2310 2762 nosse
2328 2707 2545 2779 scripta
2561 2708 2875 2777 sufﬁceret)
2892 2708 3103 2766 saltem
3121 2708 3437 2780 Ccelestini,
3453 2717 3637 2784 atque
3661 2713 3783 2768 Leo-

2137 2794 2249 2864 nis,
2274 2796 2655 2869 ejusdemque
2686 2796 2841 2852 sedis
2882 2796 3223 2869 pontiﬁcum
3257 2801 3647 2855 reverentiam
3680 2818 3782 2874 pra:

2138 2883 2323 2940 oculis
2352 2883 2660 2941 habuisses
2685 2904 2696 2939 :
2723 2904 2974 2958 quorum
3007 2887 3308 2942 sententiae
3330 2891 3451 2943 tota
3476 2905 3584 2960 per
3623 2906 3781 2944 mun-

2137 2973 2276 3028 dum
2297 2974 2509 3029 diffusa
2532 2974 2849 3030 inclinatur
2870 2975 3128 3032 Ecclesia
3151 2992 3164 3031 :
3190 2992 3567 3049 quorumque
3587 2978 3784 3034 doctri-

2137 3079 2272 3117 nam
2297 3063 2472 3135 (sicut
2504 3064 2561 3118 in
2586 3064 3001 3121 sacratissimis
3022 3064 3196 3122 tertia
3224 3068 3283 3121 et
3311 3071 3525 3139 quarta
3554 3068 3782 3139 synodis

2134 3150 2330 3207 videre
2361 3156 2471 3221 est)
2502 3152 2831 3209 Christiana
2882 3157 3194 3210 veneratur
3240 3154 3508 3227 apprime
3567 3155 3777 3229 religio.

377 3238 568 3294 clarus
609 3243 660 3294 et
703 3238 1067 3294 honorabilis
1098 3239 1394 3311 adjuvisti,
1417 3257 1619 3295 verum
1668 3242 1843 3297 etiam
1891 3260 2025 3299 cum
2057 3219 2099 3287 C
2137 3240 2409 3304 Quinimo
2439 3245 2495 3296 et
2525 3258 2776 3314 quorum
2815 3242 3097 3301 virtutum
3140 3243 3340 3310 decus,
3363 3248 3421 3300 et
3445 3242 3778 3317 eloquentia

378 3328 637 3382 factiosis
668 3328 1107 3393 concurristi,et
1137 3344 1269 3381 cum
1313 3328 1789 3385 machinantibus
1818 3332 2025 3388 adver-

380 3433 481 3471 sus
503 3434 657 3482 eum,
681 3421 739 3471 et
758 3416 949 3471 varias
971 3415 1354 3487 malignitatis
1379 3419 1911 3489 argumentationes
1934 3438 2025 3476 ex-

376 3504 697 3561 citantibus
727 3503 1094 3559 concertasti.
1119 3503 1266 3567 Quin
1299 3504 1493 3576 potius
1522 3505 1730 3561 horum
1758 3508 2021 3564 omnium

375 3592 871 3664 peccatum,qund
894 3596 1131 3661 generat
1160 3596 1426 3660 mortem,
1454 3592 1511 3648 in
1535 3598 1590 3649 te
1622 3596 1852 3668 proprie
1885 3614 2020 3653 con-

375 3684 739 3735 summatum
769 3684 877 3747 est,
898 3680 1176 3735 nimirum
1201 3681 1298 3752 qui
1324 3686 1665 3738 cunctarum
1690 3686 2022 3757 pravarica-

371 3768 601 3823 tionum
632 3768 690 3823 in
720 3767 884 3823 illum
914 3769 1362 3825 commissarum
1396 3776 1459 3826 tu
1491 3778 1695 3827 auctor
1715 3774 1902 3829 factus
1933 3793 2017 3831 es.

369 3856 516 3911 Nam
549 3861 605 3912 et
634 3857 684 3912 si
725 3862 779 3913 te
810 3857 1163 3913 homicidam
1218 3858 1489 3927 dicimus,
1519 3878 1633 3915 non
1679 3863 2016 3920 mentimur.

367 3945 590 4001 Joanne
621 3945 881 4019 apostolo
922 3946 1228 4012 clamante,
1256 3948 1356 4020 qui
1388 3948 1468 4003 ait
1501 3966 1513 4005 :
1548 3950 1736 4006 Omnis
1782 3954 1879 4024 qui
1906 3953 2019 4010 odit

363 4037 595 4106 fratrem
632 4053 812 4105 suum,
846 4037 1118 4091 homicida
1149 4045 1228 4093 est
1258 4037 1304 4107 (I
1327 4039 1483 4093 Joun.
1521 4040 1584 4111 Il)
1623 4056 1635 4094 :
1670 4039 1717 4094 si
1750 4058 1884 4113 ergo
1916 4042 2017 4114 qui

365 4124 489 4179 odit
528 4125 764 4179 fratrem
820 4124 1116 4179 homicida
1173 4129 1281 4195 est,
1306 4131 1525 4197 quanto
1582 4128 1781 4200 potius
1811 4128 1882 4199 is,
1917 4130 2017 4202 qui

365 4216 590 4284 patrem
626 4230 741 4267 non
774 4212 965 4268 solum
998 4214 1142 4281 odit,
1168 4214 1269 4270 sed
1301 4220 1357 4269 et
1402 4221 1690 4288 quantum
1722 4217 1781 4273 in
1813 4235 1875 4273 sc
1905 4224 2014 4292 est,

366 4301 885 4373 mactat?insuper
904 4302 1077 4357 etiam
1102 4301 1171 4370 si,
1197 4307 1262 4358 ut
1291 4304 1503 4373 Achab,
1529 4323 1657 4378 qua:
1687 4305 1849 4362 illius
1878 4312 2017 4364 sunt

365 4387 536 4459 rapit,
553 4393 609 4443 et
632 4390 909 4461 possidet,
938 4390 1231 4447 homicida
1255 4392 1539 4448 dicendus
1562 4399 1671 4460 est,
1695 4400 1751 4451 et
1780 4413 1894 4451 non
1926 4415 2016 4453 so-

364 4477 487 4531 lum
522 4478 947 4550 qualiscunque
978 4479 1291 4546 homicida,
1312 4497 1515 4535 verum
1542 4482 1720 4537 etiam
1744 4489 1798 4539 et
1835 4487 2015 4556 parri-

2137 3329 2407 3398 nitcrem,
2433 3347 2657 3387 necnon
2688 3336 2744 3386 et
2776 3348 3006 3389 morum
3039 3331 3391 3405 probitatem
3421 3350 3491 3389 ac
3524 3333 3777 3390 exhorta-

2135 3419 2361 3474 tionum
2393 3420 2740 3476 suavitatem
2774 3437 2888 3477 non
2917 3418 3109 3478 solum
3141 3420 3343 3479 ﬁdeles
3373 3438 3565 3495 reges,
3590 3441 3774 3480 verum

2134 3507 2312 3563 etiam
2352 3506 2618 3565 infideles
2663 3526 2729 3565 ac
2783 3510 3037 3582 tyranni,
3071 3509 3423 3583 barbarique
3468 3511 3775 3585 principes,

2133 3596 2571 3665 reverentia,vel
2593 3616 2802 3671 pavore
2825 3616 2940 3656 non
2962 3599 3192 3656 modico
3215 3600 3604 3656 mansuefacti
3629 3601 3774 3656 vehe-

2133 3690 2360 3741 menter
2393 3685 2703 3759 amplexati
2734 3692 2875 3744 sunt
2918 3692 2977 3743 et
3016 3687 3239 3744 sectati.
3263 3689 3428 3754 Quod
3459 3688 3513 3745 si
3545 3706 3771 3763 magnos

2132 3780 2480 3848 sanctosque
2515 3774 2696 3831 fuisse
2728 3794 2842 3832 non
2877 3794 3054 3851 negas
3082 3776 3243 3850 (quia
3273 3794 3376 3833 nec
3406 3777 3568 3834 vales
3600 3796 3613 3833 :
3646 3777 3769 3834 alio-

2130 3863 2274 3935 quin
2298 3864 2584 3937 pugnabit
2605 3882 2709 3937 pro
2733 3865 2815 3921 eis
2837 3865 2994 3923 orbis
3020 3870 3185 3922 terra:
3209 3871 3412 3922 contra
3432 3866 3769 3937 insensatos)

2129 3955 2356 4023 oportet
2382 3958 2446 4007 ut
2471 3952 2529 4007 in
2552 3953 2779 4009 cunctis
2810 3954 3079 4011 Ecclesiae
3110 3954 3512 4027 dogmatibus,
3533 3960 3592 4011 et
3614 3954 3772 4011 disci-

2128 4039 2306 4111 plinis
2326 4057 2425 4095 eos
2447 4039 2690 4097 solerter
2710 4042 2996 4115 attendas,
3021 4046 3078 4098 et
3105 4047 3454 4099 veneranter
3487 4042 3769 4101 admittas.

2127 4129 2271 4185 Nam
2307 4128 2357 4184 si
2389 4128 2447 4183 in
2478 4129 2700 4186 caeteris
2732 4135 2940 4186 nostrae
2964 4130 3265 4205 religionis
3298 4131 3554 4205 negotiis
3585 4148 3770 4187 eorum

2128 4218 2552 4274 assertionibus
2583 4218 2848 4287 cesseris,
2873 4224 2929 4275 et
2960 4220 3016 4276 in
3051 4219 3147 4276 his
3177 4237 3299 4287 eos,
3326 4219 3384 4276 in
3423 4220 3644 4293 quibus
3672 4226 3771 4277 tua:

2126 4305 2478 4379 promotioni
2519 4308 2947 4375 contradicunt,
2982 4308 3418 4381 contempleris,
3458 4314 3698 4382 apparet
3725 4315 3771 4365 te

2126 4395 2322 4451 minus
2354 4394 2529 4451 saluti
2572 4397 2893 4465 communi,
2919 4414 3091 4472 quam
3136 4398 3278 4453 sorti
3319 4398 3563 4470 privata;
3596 4398 3770 4453 inten-

2124 4484 2279 4550 dere,
2310 4500 2375 4539 ac
2397 4501 2499 4556 per
2528 4485 2656 4554 hoc,
2683 4502 2798 4541 non
2827 4502 2955 4558 qua:
2975 4485 3113 4542 Jesu
3144 4485 3384 4553 Christi,
3406 4485 3509 4541 sed
3534 4502 3661 4558 qua:
3681 4492 3770 4541 tua

367 4564 529 4621 cida?
562 4566 727 4623 Pater
763 4568 921 4623 enim
952 4572 1092 4623 tuus
1140 4573 1266 4623 erat
1314 4568 1597 4638 Ignatius,
1623 4575 1681 4624 et
1735 4576 1798 4627 tu
1856 4573 2014 4631 filius
2049 4588 2091 4651 υ
2125 4577 2282 4643 sunt,
2318 4590 2593 4646 quaerere.
2621 4575 2733 4629 Aut
2782 4573 2893 4629 illis
2940 4574 3104 4630 bona:
3164 4575 3403 4631 arbores
3435 4574 3692 4641 fuerunt,
3722 4580 3769 4630 et

366 4654 513 4724 ejus,
541 4655 638 4725 qui
673 4660 905 4710 tantum
938 4673 971 4710 a
1000 4660 1054 4710 te
1087 4673 1201 4727 prae
1246 4655 1498 4709 naturali
1548 4661 1710 4728 patre
1739 4659 2017 4717 debuerat

363 4742 946 4815 venerari,quantum
970 4743 1231 4814 spiritus,
1262 4758 1378 4812 quo
1400 4742 1638 4799 relative
1668 4746 1789 4802 haec
1820 4751 2011 4805 nomi-

367 4847 441 4884 na
471 4834 675 4885 mutuo
707 4830 1040 4901 possidetis,
1064 4830 1457 4901 praeferendus
1489 4836 1576 4886 est
1606 4835 1786 4889 carni.

435 4917 608 4971 Porro
640 4919 687 4973 si
730 4924 783 4973 te
831 4918 1087 4989 viperam
1141 4915 1528 4987 appellamus,
1561 4938 1677 4977 non
1730 4923 2009 4995 fallimur,

363 5005 721 5076 siquitudem
745 5010 830 5072 tu,
857 5005 1089 5059 nonnisi
1124 5009 1361 5076 parente
1391 5014 1714 5083 perempto,
1736 5015 2012 5085 proficere

362 5092 680 5148 credidisti.
714 5094 846 5148 Jam
898 5109 1030 5146 vero
1082 5093 1129 5147 si
1189 5099 1243 5147 te
1299 5097 1417 5149 tam
1452 5097 1575 5169 [leg.
1610 5099 1791 5158 Cham
1826 5119 1839 5156 :
1873 5105 2013 5176 quod

360 5190 412 5236 et
450 5184 728 5253 sequentia
772 5183 898 5252 plus
928 5182 1102 5236 nimio
1132 5183 1467 5253 conﬁnnent]
1498 5187 1749 5246 similem
1800 5194 2010 5248 asseri-

362 5287 517 5335 mus,
550 5286 653 5324 nec
685 5269 767 5321 sic
798 5285 1063 5324 erramus
1091 5287 1103 5325 :
1131 5271 1255 5343 ipse
1286 5273 1500 5347 quippe
1524 5277 1664 5334 adeo
1695 5279 1754 5335 in
1786 5281 2013 5337 irrisio-

361 5376 493 5413 nem
529 5362 583 5411 et
616 5356 1029 5413 contumeliam
1064 5362 1245 5432 patris
1277 5366 1613 5436 prorupisti,
1639 5372 1704 5423 ut
1723 5369 1794 5424 de
1820 5370 2013 5427 cathe-

360 5448 465 5499 dra
496 5444 839 5500 sacerdotali
888 5463 1021 5502 eum
1056 5450 1385 5522 projicercs,
1418 5457 1474 5507 et
1522 5456 1593 5510 ad
1642 5455 2007 5515 illudendum

360 5533 579 5594 mimis,
610 5535 666 5585 et
696 5536 941 5593 scenicis
970 5538 1354 5596 inverecunde
1387 5544 1681 5613 proderes.
1715 5547 2005 5617 Extremo,

360 5620 406 5670 si
442 5623 494 5671 te
527 5620 742 5678 Judzeis
788 5642 1217 5698 comparamus,
1253 5631 1497 5685 fortasse
1545 5648 1660 5686 non
1711 5636 2006 5691 modicum

2128 4664 2311 4718 bonos
2362 4663 2588 4718 fructus
2637 4661 2915 4732 fecerunt,
2950 4668 3051 4719 aut
3106 4663 3273 4719 male:
3305 4663 3485 4735 (qued
3518 4663 3692 4731 absit)
3720 4668 3770 4719 et

2124 4751 2351 4809 fructus
2381 4768 2583 4808 eorum
2615 4752 2751 4808 mali
2782 4769 2795 4808 :
2824 4758 2880 4808 et
2910 4753 2960 4809 si
2993 4752 3229 4824 quidem
3269 4752 3410 4807 boni
3454 4752 3696 4807 fuerunt
3719 4756 3769 4807 et

2122 4838 2349 4893 fructus
2370 4854 2572 4893 eorum
2599 4838 2757 4901 boni.
2774 4839 3032 4912 Oportuit
3052 4857 3151 4895 eos
3174 4844 3460 4912 tanquam
3482 4839 3670 4895 bonos
3689 4856 3766 4895 sc-

2122 4926 2260 4998 qui:
2293 4928 2413 4983 Non
2441 4929 2589 4983 enim
2633 4936 2805 4999 potest
2834 4927 3166 5003 (Evangelia
3199 4928 3473 4999 testante)
3518 4927 3659 4984 bona
3686 4946 3765 4984 ar-

2122 5016 2218 5071 bor
2244 5017 2417 5072 malos
2443 5019 2657 5088 fructus
2683 5019 2864 5089 facere
2888 5019 3101 5087 (Matth.
3130 5017 3256 5090 vn).
3276 5016 3454 5074 Porro
3487 5017 3541 5073 si
3572 5018 3644 5074 de
3672 5017 3766 5073 eis-

2121 5104 2253 5159 dem
2285 5122 2401 5160 non
2435 5122 2570 5161 cum
2613 5109 2736 5160 tota
2783 5106 3000 5163 Christi
3047 5105 3304 5163 Ecclesia
3328 5105 3518 5180 sapis,
3545 5122 3763 5163 necesse

2119 5197 2208 5249 est
2238 5193 2490 5265 qualiter
2509 5193 2594 5250 vel
2625 5194 2759 5266 ipsi,
2783 5194 2871 5251 vel
2896 5196 3123 5251 fructus
3139 5211 3340 5251 eorum
3365 5193 3509 5250 mali
3543 5195 3762 5263 fuerint,

2118 5281 2392 5354 plurimis
2411 5282 2689 5340 adhibitis
2706 5301 2775 5339 ex
2796 5284 2954 5339 omni
2974 5284 3228 5341 Ecclesia
3246 5282 3502 5341 testibus
3519 5300 3760 5358 compro-

2119 5370 2221 5425 bes
2246 5374 2301 5424 et
2328 5371 2586 5427 affirmes
2610 5390 2622 5427 :
2647 5373 2923 5444 quoniam
2949 5372 3055 5429 tibi
3080 5372 3186 5429 soli
3210 5389 3388 5444 super
3409 5372 3524 5428 hoc
3545 5373 3758 5448 negotio

2118 5458 2411 5514 contraria
2442 5460 2711 5515 suadenti
2743 5478 2856 5517 non
2884 5461 3161 5518 creditur.

2186 5547 2318 5602 Jam
2349 5564 2482 5603 vero
2537 5548 2585 5603 si
2642 5550 2877 5619 dixeris,
2904 5550 3065 5608 Bona
3094 5555 3151 5607 et
3178 5554 3345 5624 grata
3402 5554 3569 5618 sunt,
3601 5553 3754 5623 atque

2117 5634 2396 5703 salubria,
2442 5653 2570 5708 quae
2610 5640 3094 5711 praedicaverunt,
3142 5639 3229 5697 vel
3280 5642 3638 5708 statuerunt,
3668 5638 3751 5698 sed
