3894 6218
37 401 47 438 ί
134 401 263 466 1053

1451 396 1767 461 NICOLAI
1807 394 2042 460 PAP/E
2084 396 2132 459 Ι.

3337 401 3494 466 1054

131 554 222 595 non
272 528 517 604 repellat.
553 530 857 604 Siquidem
907 549 1061 588 nunc
1121 549 1224 605 pro
1274 532 1566 600 omnibus,
1602 549 1727 604 quae
1758 532 1814 599 Α
1844 535 1900 586 et
1930 532 2081 604 apud
2117 532 2348 588 aurium
2382 537 2716 590 nostrarum
2749 533 2985 591 auditur
3027 534 3316 593 odorifera
3367 554 3494 594 cre-

130 621 338 700 sparsim
369 636 471 692 per
501 619 682 692 hujus
705 619 964 694 epistolae
986 625 1210 678 textum
1233 626 1289 678 te
1315 628 1517 678 contra
1538 621 1736 678 omnia

33 709 44 732 ”
124 717 264 788 jussa
279 709 469 766 divina
488 713 856 782 perpetrasse
878 711 1595 777 commemoravimus,Dei
1618 729 1739 768 om-

30 798 40 832 ῖ
129 798 398 874 nipotentis
418 801 476 853 et
495 798 800 855 beatorum
824 800 1217 871 apostolorum
1241 800 1570 873 principum
1586 801 1736 856 Petri

129 908 179 948 ac
205 887 363 956 Pauli,
397 903 464 942 ac
496 888 763 943 omnium
798 887 973 944 simul
1007 894 1552 962 sanctorum,atque
1573 907 1738 946 vene-

128 979 399 1037 randorum
424 993 524 1032 sex
536 976 956 1033 universalium
979 979 1358 1035 conciliorum
1373 979 1732 1048 auctoritate,

30 1081 38 1100 ι
129 1082 314 1124 necnon
342 1069 398 1120 et
420 1064 673 1137 Spiritus
695 1067 881 1122 sancti
903 1084 1006 1139 per
1025 1085 1130 1124 nos
1161 1069 1386 1140 judicio
1411 1072 1618 1124 cuncto
1643 1086 1736 1124 sa-

30 1155 34 1191 ί
127 1153 358 1214 cerdotali
383 1153 697 1221 honore,ac
711 1156 1135 1229 nomine(quod
1151 1161 1448 1230 gementes
1462 1157 1736 1228 dicimus)

30 1245 34 1276 3'
125 1247 392 1308 alienus,et
415 1243 575 1299 omni
598 1242 908 1301 clericatus
929 1262 997 1300 ex
1018 1246 1206 1301 ofﬁcio
1230 1263 1470 1318 prorsus
1493 1251 1734 1304 exutus:

124 1336 188 1390 ita
205 1337 260 1388 ut
283 1334 324 1388 si
347 1335 480 1404 post
501 1333 770 1388 notitiam
796 1333 974 1405 hujus
996 1335 1520 1408 sanctionis.quam
1544 1336 1740 1392 divina

123 1419 469 1494 inspiratione
490 1420 894 1492 depromptam
929 1439 1056 1478 esse
1087 1424 1558 1491 credimus,dum
1587 1442 1738 1480 una-

122 1511 356 1568 nimitate
372 1513 433 1564 et
449 1510 759 1565 concordia
774 1515 988 1566 sanctae
1011 1512 1217 1584 synodi
1241 1513 1318 1568 sit
1339 1513 1537 1584 procul
1560 1515 1738 1570 dubio

121 1599 476 1674 promulgata,
509 1599 749 1654 tentasti
784 1600 840 1654 in
875 1600 1512 1676 Constantinopolitano
1531 1603 1740 1658 throno

120 1687 414 1762 praesidere,
439 1703 507 1743 ac
534 1704 686 1760 saepe
710 1689 826 1744 fato
843 1689 1155 1745 venerabili
1175 1691 1516 1764 coepiscopo
1542 1697 1739 1749 nostro

120 1777 336 1849 Ignatio,
371 1776 692 1848 quominus
721 1777 1027 1833 ecclesiam
1058 1778 1169 1834 sibi
1201 1780 1579 1836 commissam
1613 1781 1740 1837 sine

118 1866 294 1938 quavis
323 1865 730 1937 inquietudine
764 1882 963 1939 regere
993 1873 1188 1939 posset
1213 1869 1506 1941 impedisti
1533 1888 1546 1925 :
1570 1870 1658 1925 vel
1690 1870 1738 1926 si

117 1957 176 2010 de
197 1953 507 2009 ministerio
520 1970 683 2010 sacro
706 1954 950 2010 ulterius
965 1956 1319 2012 aususfuisti
1341 1958 1562 2030 aliquid
1583 1976 1742 2014 more

115 2039 403 2099 sacerdotis
424 2042 783 2114 contingere,
795 2043 968 2114 juxta
989 2047 1412 2116 praacedentem
1437 2053 1743 2103 consuetu-

114 2131 284 2187 dinem
315 2131 487 2202 (quod
521 2135 724 2186 contra
753 2147 1005 2188 canones
1037 2133 1143 2205 est)
1177 2134 1337 2190 nullo
1371 2136 1542 2191 modo
1573 2136 1743 2192 liceat

113 2220 200 2275 tibi
226 2219 652 2276 communionis
681 2237 866 2292 spem,
903 2225 1003 2276 aut
1042 2221 1232 2278 locum
1267 2223 1480 2280 habere
1511 2225 1740 2280 satisfa-

112 2307 420 2376 ctionis,sed
443 2307 840 2364 anathematis
860 2309 1108 2366 vinculis
1129 2311 1446 2368 innodatus
1468 2331 1583 2368 una
1607 2331 1739 2369 cum

115 2396 691 2453 communicatoribus
723 2399 868 2470 tuis,
903 2404 1077 2471 atque
1100 2400 1427 2456 fautoribus
1458 2408 1740 2474 perpetuo

113 2485 198 2541 Dei
211 2485 446 2556 judicio,
464 2503 532 2541 ac
550 2487 843 2542 sententia
864 2505 966 2560 per
997 2489 1453 2546 mediocritatem
1478 2496 1740 2548 nostram

113 2580 361 2641 existens,
378 2592 613 2630 sacrum
646 2593 858 2648 corpus
889 2581 944 2633 et
973 2579 1320 2650 sanguinem
1353 2580 1577 2634 Domini
1601 2581 1740 2636 Jesu

112 2664 299 2719 Christi
332 2664 566 2721 nonnisi
596 2663 784 2720 vicino
818 2666 1024 2722 mortis
1047 2667 1303 2739 periculo
1336 2675 1738 2740 percepturus.

113 2753 384 2818 Quatenus
415 2752 536 2807 haec
565 2754 975 2828 unusquisque
1006 2756 1206 2812 dicens
1232 2773 1243 2812 :
1271 2775 1643 2830 nequaquam
1672 2760 1743 2814 de

111 2845 295 2896 czetero
325 2842 638 2897 temeraria
668 2845 1122 2916 praesumptione
1152 2863 1218 2901 ex
1257 2845 1422 2903 laicis
1461 2847 1654 2905 subito
1681 2851 1740 2905 in

110 2929 397 2987 dominicis
458 2932 668 2986 castris
715 2931 1010 3004 insperato
1057 2936 1490 3006 quodammodo
1522 2937 1740 3010 impetu

108 3017 338 3089 irrepere
370 3020 602 3087 audeat,
619 3025 678 3076 et
709 3020 1072 3094 principatus
1105 3041 1299 3080 amore
1322 3028 1454 3081 ante
1476 3027 1593 3082 dux
1614 3045 1742 3084 esse

106 3106 248 3175 velit,
282 3125 460 3179 quam
509 3108 718 3164 tironis
767 3117 1136 3166 consummet
1181 3113 1460 3182 ofﬁcium,
1495 3120 1552 3171 et
1608 3122 1742 3174 ante

108 3199 272 3252 tentet
300 3198 528 3260 docere,
561 3215 739 3270 quam
772 3199 1014 3268 discere,
1049 3200 1202 3257 sicut
1246 3201 1304 3257 in
1351 3205 1554 3261 eadem
1595 3211 1739 3261 Con-

107 3285 611 3358 stantinopalitana
640 3287 896 3344 Ecclesia
945 3306 1094 3361 saepe
1145 3298 1570 3364 praesumptum
1613 3311 1740 3352 esse

107 3373 505 3445 comperimus.
529 3375 595 3430 Et
616 3393 822 3432 rursus
854 3394 925 3432 ne
956 3379 1308 3451 contemptis
1329 3381 1556 3438 clericis
1578 3387 1740 3456 (quo-

105 3478 223 3516 rum
254 3467 456 3535 utpote
481 3463 540 3518 in
572 3469 692 3519 tam
725 3481 939 3538 magna
968 3467 1111 3523 urbe
1140 3467 1376 3540 cepiosa
1426 3471 1740 3530 multitudo

105 3553 203 3618 est)
230 3550 481 3624 quisque
513 3553 584 3608 ab
615 3552 761 3625 ipsis
795 3557 882 3624 (ut
911 3554 992 3610 ita
1034 3556 1376 3626 dixerimus)
1408 3562 1738 3628 cunabulis,

103 3637 564 3710 imprzetermisso
595 3641 792 3698 labore
824 3644 884 3698 in
907 3645 1164 3701 Ecclesia
1179 3646 1393 3702 Christi
1418 3650 1735 3720 dcsudant;

103 3732 152 3782 et
167 3727 552 3786 indesinentia
572 3732 816 3790 Domino
835 3735 1109 3791 exhibent
1126 3737 1422 3794 servitutis
1435 3740 1735 3812 obsequia,

101 3816 146 3870 is
197 3819 291 3889 qui
347 3819 567 3876 deforis
624 3827 732 3887 est,
765 3822 1005 3879 alterius
1055 3824 1220 3881 ovilis
1259 3826 1471 3882 Christi
1505 3835 1740 3901 repente

98 3905 482 3980 principatum
509 3909 772 3981 arripiat,
789 3916 846 3967 et
876 3912 1096 3968 nitatur
1127 3931 1273 3986 quos
1301 3932 1429 3970 esse
1462 3934 1600 3972 suos
1621 3935 1736 3974 non

94 3997 470 4068 recognoscit,
500 3997 847 4071 discerpere,
881 4005 939 4056 et
969 4018 1107 4074 grex
1138 4003 1476 4059 Dominicus
1498 4005 1739 4077 incipiat

94 4095 216 4138 eum
247 4088 453 4156 utpote
483 4091 914 4155 extraneum,et
939 4090 1322 4163 improvisum
1345 4091 1583 4147 omnino
1605 4110 1736 4149 con-

91 4171 695 4246 temnere,praasertim
719 4193 852 4232 cum
878 4179 1193 4252 perspiciat
1215 4179 1358 4234 nihil
1384 4179 1492 4236 sibi
1517 4181 1738 4254 stipen-

92 4259 180 4314 dia
198 4262 517 4333 profecisse
543 4265 971 4334 meritorum,et
991 4268 1250 4324 alienum
1275 4285 1516 4325 suorum
1539 4275 1740 4327 cernat

89 4361 426 4407 consumere
449 4352 678 4409 fructus
693 4352 982 4410 laborum.
999 4356 1143 4411 Data
1160 4355 1360 4412 Idibus
1372 4357 1736 4427 Novembris,

90 4434 399 4496 indictione
429 4458 528 4497 xv.

575 4662 648 4702 AD
689 4663 924 4704 BARDAM
964 4665 1238 4705 CAESARE)!
1247 4691 1259 4704 .

728 4738 912 4809 (Anno
949 4739 1102 4806 866.)

81 4829 224 4888 Dolet
248 4847 308 4915 se
335 4831 630 4917 depulsam
655 4837 828 4917 fuisse
948 4852 1060 4908 spe,
1083 4853 1257 4917 quam
1303 4837 1368 4917 ob
1403 4839 1578 4917 multa
1621 4857 1740 4917 qua:

143 4920 178 4958 a
201 4905 494 4982 principio
523 4905 586 4961 de
612 4905 730 4978 ejus
757 4909 958 4979 pietate
973 4905 1258 4982 audierat,
1294 4910 1354 4963 in
1404 4911 1520 4982 ipso
1568 4905 1738 4968 cotto-

143 4985 395 5051 θανῇ-αξη
417 4977 674 5033 hortatur
692 4977 817 5034 eam
836 4987 896 5034 ut
915 4981 1278 5050 resipiscat,et
1292 4977 1517 5036 causam
1535 4983 1743 5051 Ignatz'i

144 5046 289 5126 apud
321 5049 714 5126 imperatorem
742 5058 888 5119 agat,
923 5046 1160 5124 ipsisque
1191 5053 1382 5122 legatis
1411 5046 1739 5126 sedis'apos-

143 5117 327 5176 tolicae
354 5117 568 5188 faveat.

604 5217 788 5290 [Apud
822 5218 1030 5286 Mansi,
1064 5218 1225 5290 ibid.]

139 5328 441 5387 Nxcouus
504 5332 834 5405 episcopus,
891 5351 1093 5391 servus
1143 5351 1442 5390 servorum
1508 5335 1623 5403 Dei,
1678 5337 1737 5393 in

73 5414 300 5474 Christo
335 5418 645 5490 diligendo
672 5421 792 5478 filio
824 5424 1034 5479 ΒΑΕ.οῶ
1064 5422 1281 5496 inclyto
1311 5423 1542 5478 Caesari.

138 5505 470 5579 Postquam
499 5508 598 5564 Dei
630 5512 1048 5583 omnipotentis
1078 5513 1134 5566 in
1168 5517 1223 5566 te
1254 5517 1554 5584 coeperunt
1583 5513 1736 5570 dona

66 5593 230 5651 miris
259 5596 650 5654 successibus
678 5601 1324 5671 abundare,eorumque
1343 5601 1734 5659 donorumin-

63 5683 256 5757 signia
274 5684 461 5759 longe
488 5684 720 5759 lateque
739 5689 1161 5762 gtoriosissime
1173 5704 1732 5760 coruscare,necnon

1844 621 2144 678 brescente
2168 622 2323 677 fama
2346 620 2717 680 laudabiliter
2739 623 3415 698 frequentare,ccepimus
3438 630 3494 683 et

1845 727 1950 766 nos
1981 711 2186 767 exinde
2216 712 2536 769 immensas
2566 713 2754 769 eidem
2778 714 3044 768 omnium
3074 715 3358 771 donarum
3380 715 3490 772 lar-

1844 799 2015 873 gitori
2045 799 2289 856 Domino
2322 802 2542 873 gratias
2573 819 2741 874 agere
2775 807 2869 858 :et
2899 807 2965 858 ut
3012 802 3134 858 haec
3178 804 3236 858 in
3284 808 3339 859 te
3369 821 3491 860 cre-

1845 905 2001 944 scere
2051 889 2283 955 faceret,
2313 889 2538 944 enixius
2601 890 2934 962 implorare,
2969 892 3068 962 qui
3118 909 3220 963 pro
3267 908 3492 964 magnae

1847 975 2076 1048 pietatis
2108 993 2319 1044 suae,ac
2343 976 2658 1034 ineﬂ‘abllis
2682 977 3091 1032 misericordiae
3118 977 3494 1034 multitudine

1845 1070 2006 1121 tanto
2023 1065 2247 1138 apicem
2270 1065 2618 1121 excellentiae
2647 1071 2756 1121 tuae
2780 1071 2912 1138 post
2935 1066 3248 1122 sublimius
3271 1067 3492 1136 extulit,

1846 1161 2064 1228 quanto
2097 1172 2200 1228 per
2230 1161 2286 1211 te
2317 1172 2628 1228 oppressos
2656 1155 2820 1228 erigi,
2841 1160 2897 1209 et
2927 1155 3323 1228 opprimentes
3346 1173 3498 1212 com-

1846 1245 2042 1317 primi,
2076 1251 2133 1301 et
2177 1245 2494 1300 exaltantes
2553 1243 2870 1300 Ecclesiam
2930 1261 3097 1299 suam
3147 1245 3408 1314 exaltari,
3443 1251 3499 1302 et

1847 1334 2230 1390 humiliantes
2261 1335 2409 1390 hanc
2439 1334 2623 1389 voluit
2653 1334 2970 1389 humiliari.
2990 1335 3188 1390 Posuit
3207 1335 3422 1407 quippe
3445 1340 3498 1392 te

1847 1424 1907 1479 in
1940 1423 2197 1479 Ecclesia
2227 1441 2335 1482 sua
2363 1424 2517 1479 sicut
2547 1423 2880 1488 cedrum,ut
2912 1422 3023 1478 sub
3047 1424 3254 1478 umbra
3285 1429 3388 1480 tua
3417 1443 3500 1482 re-

1849 1514 2152 1587 frigerium
2185 1512 2448 1579 cruciati,
2479 1516 2537 1567 et
2569 1512 2982 1585 profectionem
3015 1513 3313 1568 inveniant
3339 1515 3500 1570 deso-

1849 1602 1972 1668 lati,
2008 1619 2074 1658 ac
2123 1601 2368 1658 diversis
2416 1601 2856 1674 fatigationibus
2905 1600 3166 1656 lacerati.
3201 1603 3336 1658 Post
3379 1603 3500 1659 haec

1850 1697 2045 1747 autem
2079 1691 2411 1746 audivimus
2444 1690 2501 1744 in
2535 1689 3178 1763 Constantinopolitana
3208 1691 3351 1746 urbe
3373 1692 3498 1748 dis-

1851 1779 2175 1846 sensiones,
2226 1779 2650 1846 contentiones,
2701 1779 3008 1846 clamores,
3041 1780 3497 1851 conjurationes,

1770 1904 1820 1970 B
1853 1868 2334 1941 conspirationes,
2364 1868 2664 1934 factiones,
2699 1868 3120 1936 animositates,
3148 1869 3496 1939 simultates,

1852 1964 1908 2014 et
1937 1963 2142 2014 caetera
2190 1957 2579 2022 incommoda,
2614 1973 2716 2011 seu
2773 1956 3135 2024 discrimina,
3167 1957 3249 2013 ita
3287 1963 3351 2013 ut
3372 1960 3499 2030 jam

1851 2047 2158 2103 imminere
2186 2047 2494 2102 credamus
2525 2044 2624 2100 illa
2670 2049 2954 2116 tempora,
2979 2063 3104 2117 quae
3137 2046 3208 2101 ab
3240 2047 3500 2120 apostolo

1853 2134 2188 2193 novissimis
2216 2135 2423 2190 diebus
2454 2133 2745 2189 instatura
2775 2133 2894 2189 fore
2937 2134 3212 2206 praedicta
3259 2139 3414 2205 sunt,
3445 2140 3502 2192 et

1852 2242 2060 2299 urgere
2109 2229 2458 2297 putarentur
2500 2223 2700 2278 omnia
2747 2222 2938 2295 signa,
2970 2240 3096 2294 quae
3150 2225 3504 2297 Redemptor

1851 2321 2050 2372 noster
2082 2316 2256 2369 finem
2281 2313 2485 2368 mundi
2521 2317 2884 2386 przeventura
2914 2329 3041 2367 esse
3084 2313 3500 2384 pronuntiavit.

1851 2405 1999 2472 Quid
2033 2409 2225 2459 autem
2261 2403 2532 2474 nequius,
2559 2402 2676 2456 imo
2709 2400 3120 2474 periculosius,
3154 2419 3331 2474 quam
3372 2407 3504 2458 ante

1843 2489 2556 2565 justam,canonicamque
2580 2488 2938 2544 audientiam
2963 2488 3086 2544 sola
3109 2489 3370 2545 seculari
3401 2507 3502 2562 po-

1850 2581 2034 2638 tentia
2064 2579 2371 2654 praesulem
2403 2596 2436 2634 a
2467 2596 2574 2633 sua
2604 2579 2741 2634 sede
2773 2577 3231 2650 propelli,atque
3261 2579 3505 2635 ecclesia

1851 2671 1961 2727 sibi
1996 2669 2275 2725 divinitus
2297 2667 3048 2738 commissa,consensuque
3070 2684 3136 2722 ac
3158 2668 3503 2741 subcriptio-

1852 2777 1923 2816 ne
1955 2757 2397 2832 provincialium
2423 2757 2884 2823 sacerdotum,et
2899 2756 3500 2827 compatriarcharum

1851 2847 2261 2905 communione
2313 2847 2582 2901 roborata
2628 2844 2880 2917 privari?
2911 2848 2968 2898 et
3015 2860 3150 2900 eum
3200 2844 3299 2918 qui
3351 2846 3501 2900 inter

1851 2939 2034 2994 Deum
2066 2941 2122 2992 et
2151 2935 2445 2990 hominem
2469 2933 2855 3006 interpres,ab
2882 2933 3296 2989 intercessione
3324 2950 3502 3005 popu~

1849 3025 2239 3094 lorum,nulla
2268 3027 2591 3080 monstrata
2621 3040 2787 3089 noxa,
2821 3021 2944 3078 solo
2975 3039 3077 3094 pro
3097 3021 3265 3076 libitu
3294 3021 3499 3078 unius-

1849 3118 2136 3188 cujusque
2167 3113 2487 3170 removeri?
2516 3111 2683 3179 Quid,
2719 3112 2980 3183 inquam,
2999 3109 3379 3182 nequius,aut
3399 3127 3499 3184 pe-

1850 3205 2184 3269 riculosius,
2217 3219 2393 3275 quam
2428 3206 2491 3256 ut
2521 3199 2793 3273 discipuli
2829 3217 3008 3255 manu
3055 3199 3116 3254 in
3149 3199 3498 3272 magistrum

1851 3295 2158 3366 injiciant?
2180 3291 2282 3348 filii
2305 3293 2534 3364 viperas
2558 3290 2856 3346 imitantes
2877 3293 3175 3362 parentem
3203 3289 3498 3360 propriam

1850 3385 2162 3456 (quantum
2187 3383 2245 3436 in
2262 3381 2405 3453 ipsis
2422 3380 2530 3451 est)
2547 3378 3114 3450 interﬁciant?eique
3132 3375 3497 3442 maledicere,

1851 3491 1884 3529 a
1914 3491 2028 3546 quo
2051 3471 2340 3528 benedicti
2364 3470 2540 3524 sunt?
2561 3485 2693 3523 eum
2729 3467 3028 3540 projicere,
3062 3484 3097 3521 a
3128 3483 3242 3538 quo
3274 3467 3344 3521 ad
3378 3465 3497 3521 sin-

1849 3561 2424 3636 gulorumgraduum
2449 3557 2728 3613 honorem
2753 3555 2992 3628 profecti
3017 3556 3191 3610 sunt?
3205 3555 3350 3621 Quid
3363 3571 3496 3611 vero

1850 3649 2398 3724 praesumptuosius,
2433 3663 2609 3718 quam
2642 3647 2689 3701 si
2725 3645 2932 3718 pulsus
2979 3644 3234 3717 aliquem
3265 3643 3498 3718 pellere,

1849 3743 1950 3796 aut
1972 3743 2230 3794 remotus
2244 3738 2665 3801 removere,aut
2686 3733 2903 3807 ligatus
2925 3733 3104 3806 ligare
3129 3731 3499 3797 tentet?Quid

1849 3833 2126 3900 praeterea
2183 3822 2708 3888 inconvenientius,
2744 3825 2828 3878 vel
2879 3823 3294 3890 inordinatius,
3325 3828 3502 3895 atque

1848 3915 2149 3973 confusius
2171 3913 2262 3984 agi
2290 3916 2494 3984 potest,
2512 3927 2690 3982 quam
2721 3914 2884 3966 tanta
2915 3912 3335 3967 numerositate
3354 3914 3500 3967 Con-

1847 4000 2503 4074 stantinopolitanorum
2531 3997 2897 4067 clericorum,
2932 4004 3220 4076 tanquam
3246 4005 3365 4055 tota
3410 3999 3498 4055 vel

1848 4093 1980 4149 ﬁdei
2010 4091 2318 4147 violatione
2352 4085 2686 4159 polluta,vel
2715 4087 2959 4142 inscitia:
2982 4087 3322 4161 insipientia
3341 4104 3500 4142 ener-

1845 4187 1996 4248 vata,
2022 4180 2110 4236 vel
2141 4176 2386 4233 diversis
2416 4172 2764 4230 criminibus
2796 4175 2990 4242 irreta,
3014 4182 3210 4249 spreta
3241 4175 3494 4248 penitus,

1848 4288 1912 4327 ac
1944 4269 2271 4342 reprobate,
2304 4265 2518 4320 laicum
2549 4279 2725 4334 super
2755 4263 2906 4319 hanc
2937 4265 3180 4338 erigere,
3215 4270 3272 4321 et
3309 4269 3496 4322 extra-

1849 4377 2025 4418 neum
2057 4373 2233 4430 super
2263 4371 2391 4410 eam
2425 4353 2720 4418 inducere,
2750 4357 2806 4406 et
2835 4351 2893 4406 in
2935 4369 3003 4407 ea
3051 4357 3252 4409 contra
3299 4370 3496 4411 sacros

1847 4465 2122 4510 canones,
2155 4447 2272 4502 imo
2302 4461 2434 4500 vero
2465 4442 2744 4498 adversus
2775 4440 3104 4512 apostolum
3138 4442 3496 4515 neophytum

1849 4537 2156 4597 ordinare?
2186 4537 2318 4592 Jam
2365 4550 2497 4590 vero
2548 4532 2596 4588 si
2651 4531 3010 4605 neophytum
3064 4531 3296 4586 nonnisi
3329 4533 3497 4587 novi-

1771 4639 1819 4704 D
1849 4634 1938 4684 ter
1977 4627 2037 4682 in
2092 4626 2205 4680 fide
2255 4622 2586 4695 plantatum
2630 4619 2824 4676 dicitis
2857 4636 2870 4676 :
2902 4619 3344 4692 respondemus,
3379 4637 3496 4676 non

1850 4719 1959 4773 hoc
2025 4714 2168 4770 illud
2237 4712 2407 4768 nobis
2473 4725 2687 4765 nomen
2753 4709 3085 4782 significare
3136 4725 3150 4762 :
3202 4707 3495 4781 siquidem

1849 4807 1909 4862 in
1956 4804 2055 4860 illo
2105 4801 2360 4867 nomine,
2385 4797 2541 4871 quod
2591 4802 2679 4854 est
2726 4798 3072 4871 neophytus,
3104 4796 3250 4852 nihil
3282 4799 3352 4853 de
3382 4798 3495 4854 fide

1848 4898 2038 4952 sonat.

1920 4983 2031 5040 Sed
2064 4979 2258 5036 dicitis
2292 4994 2304 5032 :
2339 4981 2426 5031 Ita
2455 4976 2564 5031 hoc
2595 4976 2780 5032 sancti
2835 4977 3034 5032 Patres
3081 4973 3266 5031 nostri
3314 4973 3494 5030 inter-

1847 5075 2173 5147 pretantur,
2204 5064 2471 5121 videlicet
2518 5069 2583 5119 ut
2636 5065 2964 5137 neophytus
3008 5064 3234 5120 noviter
3275 5063 3335 5118 in
3379 5064 3493 5119 fide

1847 5162 2144 5235 plantatus
2172 5151 2568 5225 intelligatur?
2595 5154 2668 5208 At
2711 5169 2817 5209 nos
2866 5153 3312 5226 respondemus,
3336 5153 3490 5224 quod

1849 5255 2159 5323 postquam
2180 5244 2240 5299 in
2263 5241 2681 5313 compositione
2703 5243 2960 5298 nominis
2982 5242 3163 5314 hujus
3184 5240 3265 5296 nil
3289 5243 3359 5297 de
3381 5242 3494 5296 {ide

1847 5355 2054 5396 sonare
2086 5335 2214 5394 scit.
2231 5349 2344 5388 non
2375 5329 2562 5388 solum
2591 5329 2649 5385 in
2680 5331 2812 5398 fide,
2831 5348 3031 5386 verum
3073 5330 3248 5385 etiam
3281 5330 3340 5385 in
3373 5328 3492 5385 cle-

1847 5428 2008 5485 ricali
2032 5423 2243 5481 militia
2274 5421 2496 5477 noviter
2526 5421 2776 5476 insertus
2800 5419 3126 5493 neophytus
3164 5418 3353 5475 valeat
3383 5436 3488 5491 ap-

1845 5510 2572 5592 pellari,quemadmodum
2597 5513 2654 5564 et
2675 5515 2914 5564 sanctus
2937 5507 3492 5581 papaGregorius,et

1841 5606 2160 5680 Anglorum
2186 5598 2375 5675 gentis
2407 5597 2706 5670 apostolus
2737 5599 3086 5655 intercessor
3113 5601 3304 5653 vester
3331 5597 3487 5668 apud

1845 5699 2048 5766 Deum,
2062 5693 2163 5765 qui
2185 5694 2242 5747 et
2262 5687 2378 5744 vim
2411 5685 2666 5744 nominis
2685 5687 2854 5745 istius
2884 5685 3293 5760 perspicaciter
3311 5683 3488 5742 intel-
