3894 6218
342 364 500 430 1065

1703 353 2018 420 NICOLAI
2060 354 2156 420 ΡΑ
2167 355 2292 420 PIE
2333 356 2384 420 Ι.

3598 354 3766 421 1056

339 498 500 565 lexit,
533 502 587 554 et
620 501 811 569 patres
845 495 974 551 illos
1009 496 1223 560 forsan,
1259 510 1405 567 quos
1445 493 1657 558 dicitis,
1693 492 1988 547 subtiliter
2018 493 2069 556 Α
2101 496 2214 546 tem
2238 493 2490 548 extensis
2513 491 2894 565 benignitatis
2913 491 3170 549 brachiis
3196 491 3522 574 clementer
3541 492 3736 563 ample

341 587 726 658 investigavit,
764 587 915 639 inter
970 590 1174 640 cmlcra
1234 583 1455 647 scribit,
1515 584 1713 637 dicens
1770 597 1781 635 :
1831 581 1986 634 Sicut

342 681 537 733 autem
561 679 699 730 tunc
729 674 1055 746 neopbytus
1078 673 1399 737 dicebatur,
1425 671 1524 743 qui
1558 669 1725 726 initio
1759 670 1818 723 in
1853 687 1986 724 san-

341 769 443 820 ctae
476 765 609 820 ﬁdei
657 766 781 818 erat
825 763 1260 818 conversatione
1309 761 1645 833 plantatus:
1682 759 1764 814 sic
1817 757 1988 812 modo

343 853 671 925 neophytus
698 852 1003 907 habendus
1035 855 1142 916 est,
1179 851 1278 923 qui
1313 855 1546 920 repente
1599 848 1656 902 in
1691 845 1988 918 religionis

340 943 545 998 habitu
579 941 874 1013 plantatus
900 941 968 996 ad
1002 939 1343 995 ambiendos
1372 938 1621 993 honores
1668 953 1865 992 sacros
1912 935 1988 988 ir-

341 1031 606 1104 repserit.
649 1030 796 1092 Quid
828 1046 1036 1084 rursus
1086 1027 1469 1099 perniciosius
1515 1031 1621 1088 est,
1657 1041 1833 1096 quam
1866 1022 1989 1078 cui-

342 1137 520 1192 quam
551 1136 619 1174 ex
649 1118 1040 1174 schismaticis
1063 1116 1217 1171 intra
1242 1120 1405 1188 septa
1434 1113 1734 1170 Doniinica
1773 1112 1988 1184 princi-

342 1213 544 1281 patum
576 1208 851 1273 tribuere,
872 1212 927 1262 et
950 1225 1050 1278 per
1079 1207 1387 1260 damnatos
1420 1203 1868 1266 sanctificare,et
1890 1219 1990 1273 per

341 1296 636 1370 depositos
683 1297 755 1350 ad
806 1294 1195 1350 sacerdotium
1246 1293 1584 1357 sublimare,
1634 1296 1691 1346 et
1745 1291 1990 1346 viventis

340 1385 533 1440 locum
566 1383 887 1454 subripere,
920 1387 978 1436 et
1025 1381 1190 1437 alteri
1243 1381 1456 1435 Christi
1511 1396 1789 1452 sponsam
1836 1395 1990 1433 com-

341 1474 584 1529 missam
618 1476 920 1532 temcrare,
955 1476 1011 1525 et
1043 1471 1103 1524 in
1136 1469 1492 1542 apostasiam
1527 1468 1741 1523 multos
1769 1468 1990 1521 demer-

341 1579 496 1635 gere,
528 1567 582 1616 et
613 1560 670 1615 in
707 1560 1106 1614 infidelitatem
1130 1557 1512 1630 impellere,et
1543 1574 1576 1612 θ.
1606 1556 1984 1628 professione,

338 1651 426 1707 vel
462 1650 889 1720 subscriptione
921 1666 1027 1704 sua
1060 1665 1174 1702 non
1208 1664 1426 1719 paucos
1458 1650 1796 1710 avertere,et
1817 1643 1992 1700 eccle-

341 1741 489 1797 siam
526 1756 627 1811 per
659 1743 883 1794 exteras
914 1741 1226 1809 potestates
1258 1736 1538 1806 accipere,
1563 1751 1628 1789 ac
1663 1751 1763 1805 per
1792 1733 1899 1789 hoc
1932 1733 1989 1787 in

341 1828 486 1886 ovile
513 1827 905 1891 Dominicum,
938 1843 1052 1881 non
1083 1842 1183 1897 per
1214 1825 1450 1891 ostium,
1486 1825 1586 1879 sed
1619 1841 1686 1878 ex
1726 1824 1989 1893 adverso,

341 1935 407 1974 ac
437 1917 672 1972 aliunde
702 1915 1110 1981 conscendere,
1141 1919 1196 1969 et
1225 1913 1282 1969 in
1315 1912 1373 1968 id
1418 1929 1576 1968 more
1624 1912 1771 1966 furis
1820 1917 1994 1982 atque

340 2005 606 2070 latronis,
640 2022 742 2060 seu
776 2003 899 2076 lupi
931 2002 1159 2074 rapacis
1188 2003 1462 2073 irrepere,
1495 2007 1547 2056 et
1582 2002 1838 2073 primum
1873 1999 1995 2072 qui-

341 2097 474 2150 dem
506 2097 799 2164 pastorem
833 2092 1285 2158 necare,deinde
1316 2108 1448 2146 vero
1479 2090 1672 2146 ovium
1705 2089 1850 2144 alias
1873 2088 1995 2160 qui-

341 2184 475 2238 dem
505 2181 818 2246 trucidare,
843 2180 986 2236 alias
1030 2185 1222 2235 autem
1275 2179 1628 2251 dispergere,
1676 2183 1990 2245 conterere,

343 2271 584 2337 nudare,
621 2269 895 2333 lacerare,
930 2286 994 2322 ac
1026 2267 1270 2323 diversis
1300 2269 1488 2323 modis
1521 2272 1578 2322 et
1612 2266 1994 2322 machinatio-

343 2359 520 2414 nibus
553 2357 927 2430 disperdere?
959 2356 1104 2422 Quid
1140 2360 1452 2428 postremo,
1484 2373 1845 2428 quaasumus,
1869 2355 1997 2410 bor-

344 2432 636 2514 ribilibus,
658 2451 716 2502 et
740 2445 1175 2512 exsecrabilius,
1206 2462 1383 2517 quam
1416 2445 1845 2508 Dominica,seu
1866 2462 1995 2500 san-

344 2540 572 2592 ctorum
606 2537 865 2604 Patrum,
887 2551 1110 2589 necnon
1143 2538 1199 2588 et
1229 2533 1559 2605 apostolicae
1592 2533 1746 2588 sedis
1777 2533 1995 2603 scripta

342 2642 450 2697 pro
481 2624 778 2698 religione,
814 2641 917 2696 pro
950 2622 1278 2696 disciplina,
1300 2640 1403 2695 pro
1438 2623 1790 2677 correctione
1813 2623 1995 2676 missa

341 2713 582 2780 violare,
605 2717 662 2768 et
701 2713 969 2784 quaedam
1005 2712 1241 2783 quidem
1275 2729 1475 2766 eorum
1503 2709 1772 2766 ﬁdelibus
1802 2710 1992 2766 occul-

342 2806 486 2870 tare,
523 2802 790 2874 quaedam
821 2818 953 2856 vero
985 2801 1352 2866 defraudare,
1383 2805 1440 2855 et
1479 2801 1894 2868 subtractione,
1930 2817 1994 2854 ac

341 2891 1052 2957 commutatione,necnon
1084 2895 1141 2945 et
1170 2890 1467 2945 additione
1499 2890 1763 2961 quaadam
1789 2889 1995 2944 callide

341 2980 697 3053 depravare?
722 2979 933 3034 Missos
967 2996 1198 3051 quoque
1229 2977 1380 3032 beati
1413 2978 1566 3033 Petri
1599 2978 1992 3050 apostolorum

343 3068 624 3141 principis
653 3068 830 3124 variis
863 3067 1228 3140 argumentis
1258 3085 1291 3122 a
1319 3066 1428 3123 sibi
1461 3066 1794 3122 commissis
1834 3082 1995 3121 aver-

343 3162 484 3227 tere,
499 3163 556 3213 et
585 3157 654 3212 ad
689 3157 1134 3229 praecessionem
1167 3154 1780 3228 [al.,processionem],
1814 3173 1939 3228 qua:
1963 3171 1997 3210 a

2098 585 2303 635 ctctnr.
2340 582 2404 636 Et
2437 600 2552 638 non
2587 588 2813 638 tantum
2846 582 3186 654 indignatus
3235 588 3324 638 cst
3357 601 3460 657 pro
3496 581 3759 646 laesione,

2097 687 2274 742 quam
2303 671 2567 727 Ecclesiae
2600 671 2758 727 illius
2791 677 3065 743 operatus
3097 688 3180 741 es,
3215 675 3509 743 quantum
3541 670 3766 726 laetabi-

2096 764 2212 825 tur,
2246 760 2294 815 si
2327 777 2499 832 quem
2531 759 2734 816 laesisti
2765 761 3044 816 adversus
3099 759 3444 822 Ecclesiam,
3477 760 3766 831 adjuvare

2098 849 2486 905 contenderis.
2511 848 2775 921 Porrigat
2804 847 2982 921 igitur
3011 847 3197 921 pietas
3224 852 3328 903 tua
3349 847 3769 904 Constantino-

2097 937 2365 1008 politanae
2397 937 2664 994 Ecclesiae
2697 954 2960 1003 manum,
2996 954 3100 993 nec
3133 937 3394 1009 patiatur
3427 936 3579 992 hanc
3633 954 3767 992 am-

2097 1025 2254 1098 plius
2289 1026 2534 1095 suojam
2558 1026 2898 1082 destitutam
2923 1030 3140 1082 rectore
3163 1026 3526 1082 subsistere:
3550 1031 3605 1080 et
3621 1042 3768 1080 mo:—

2098 1119 2321 1170 rentem
2341 1132 2406 1170 ac
2429 1114 2725 1186 lugentem
2748 1114 3033 1170 incedere.
3049 1114 3350 1170 Virtutum
3372 1113 3767 1178 charismata,

2099 1221 2226 1275 qna:
2243 1203 2346 1258 tibi
2363 1203 2647 1259 Dominus
2663 1208 2858 1258 noster
2877 1201 3049 1258 Jesus
3063 1202 3336 1258 Christus
3354 1201 3622 1269 contulit,
3642 1219 3766 1257 non

2098 1297 2298 1347 contra
2330 1308 2410 1356 se,
2445 1292 2542 1348 sed
2574 1309 2675 1364 pro
2708 1308 2790 1356 se,
2823 1307 3045 1363 proque
3097 1298 3300 1346 sancta
3346 1290 3604 1346 Ecclesia
3652 1308 3770 1346 sua

2099 1384 2422 1452 praeparata
2441 1397 2674 1451 semper
2695 1379 2952 1434 inveniat
2976 1397 2988 1434 :
3020 1384 3191 1453 teque
3213 1381 3285 1435 de
3308 1380 3609 1436 beneﬁciis
3635 1381 3769 1436 suis

2098 1487 2229 1526 esse
2258 1468 2631 1524 melioratum
2662 1469 2998 1541 gaudeat,et
3028 1468 3246 1540 gratias
3269 1484 3441 1542 agere
3463 1469 3768 1524 continuis

2099 1558 2279 1626 boris,
2312 1562 2488 1629 atque
2517 1557 2832 1613 momentis
2863 1557 3131 1629 reperiat.

2173 1649 2419 1721 Legatos
2452 1651 2726 1716 praeterea
2752 1647 3068 1716 (Donatum
3097 1645 3366 1702 videlicet
3391 1647 3767 1704 reverendis-

2100 1737 2341 1803 simum,
2366 1739 2422 1793 et
2451 1735 2896 1792 sanctissimum
2931 1739 3144 1790 sancte
3168 1734 3439 1791 Ecclesiae
3467 1735 3770 1792 Ostiensis

2025 1860 2071 1923 Β
2101 1825 2463 1896 episcopum,
2489 1830 2544 1879 et
2575 1823 2899 1896 religiosos,
2923 1841 2989 1880 ac
3018 1824 3378 1890 venerabiles
3411 1829 3633 1880 sancte
3655 1825 3768 1880 Ro-

2103 1932 2288 1970 manae
2320 1913 2589 1969 Ecclesia:
2610 1913 2858 1969 Leonem
2892 1912 3047 1969 tituli
3081 1913 3268 1968 sancti
3301 1914 3578 1986 martyris
3601 1914 3766 1970 Chri-

2103 2003 2178 2059 sti
2211 2002 2528 2072 Laurentii,
2551 2002 2652 2075 qui
2684 2001 3014 2074 appellatur
3046 2002 3303 2070 Damasi,
3330 2003 3765 2076 presbyterum,

2103 2098 2278 2164 atque
2309 2092 2598 2146 Marinum
2632 2090 2958 2162 apostolica
2991 2096 3202 2147 nostra:
3234 2091 3392 2147 sedis
3435 2092 3768 2164 diaconern}

2104 2197 2252 2253 quos
2273 2179 2836 2251 Constantinopolim
2853 2179 2915 2234 in
2937 2179 3170 2236 nomine
3194 2180 3424 2236 Domini
3449 2181 3769 2237 destinavi-

2104 2270 2346 2338 mus,ita
2365 2268 2721 2335 libenter,ita
2749 2269 3000 2341 benigne
3031 2269 3333 2340 suscipite,
3350 2275 3527 2342 atque
3551 2275 3766 2326 tracta-

2103 2364 2179 2425 te,
2215 2357 2714 2430 quemadmodum
2746 2357 3051 2415 orthodoxi
3081 2358 3380 2432 principes
3411 2359 3570 2414 beati
3613 2360 3766 2416 Petri

2103 2447 2353 2520 apostoli
2413 2447 2628 2502 missos
2685 2446 3004 2518 suscipere,
3037 2463 3262 2502 necnon
3309 2450 3566 2503 tractare
3605 2447 3763 2503 soliti

2103 2537 2283 2592 fuisse
2315 2536 2516 2591 multis
2548 2535 2818 2608 apicibus
2851 2535 3200 2590 referuntur.
3235 2535 3381 2591 Nam
3410 2541 3468 2592 et
3496 2537 3763 2608 impieta-

2104 2631 2220 2682 tem
2252 2642 2615 2697 paganorum
2660 2624 3074 2681 transcendere
3112 2625 3597 2696 comprobantur,
3633 2626 3766 2700 qui—

2103 2732 2334 2787 cunque
2366 2715 2588 2787 legatos
2618 2713 3000 2770 ecclesiarum
3034 2713 3398 2786 quibuslibet
3429 2716 3767 2788 putaverint

2104 2803 2476 2860 contumeliis
2509 2804 2902 2875 impetendos.
2936 2803 3100 2875 Apud
3133 2802 3293 2875 ipsos
3313 2803 3473 2860 enim
3504 2810 3562 2859 et
3582 2805 3766 2860 sinon

2104 2893 2352 2948 habetur
2399 2892 2611 2964 legatio
2661 2891 2930 2948 fortassis
2977 2898 3239 2964 accepta,
3271 2909 3524 2964 persona
3566 2899 3765 2950 tamen

2101 2982 2278 3054 legati
2309 2999 2541 3053 semper
2561 2981 2864 3051 judicatur
2915 2981 3220 3051 immunis,
3253 2982 3580 3053 praesertim
3631 2999 3764 3037 cum

2103 3071 2317 3142 legatio
2339 3072 2710 3144 praefatorum
2733 3069 2879 3125 nihil
2898 3069 3012 3125 nisi
3034 3087 3160 3142 quas
3185 3069 3348 3142 pacis
3369 3075 3766 3143 sunt,satagat

2105 3165 2162 3216 et
2192 3165 2422 3216 tantum
2458 3177 2585 3232 quae
2603 3157 2839 3230 justitia
2869 3158 3079 3231 diligit,
3110 3158 3239 3231 ipsa
3267 3161 3600 3216 verecunde
3629 3177 3762 3214 sua-

341 3225 1285 3311 schismaticis,excommunicatis
1302 3225 1667 3300 etdamnatis
1693 3225 1991 3316 agebatur,
2024 3225 2067 3292 (ἶ
2106 3253 2243 3307 dere
2274 3225 2623 3306 conten-dat:
2641 3247 2871 3305 Scilicet
2897 3225 3183 3303 ut.ablato
3215 3248 3444 3304 mmcbo
3494 3249 3764 3304 Ecclesiae

344 3335 699 3408 pertrahere,
735 3333 982 3405 illosque
1015 3337 1349 3402 contempta
1397 3331 1706 3404 legatione,
1740 3351 1865 3405 quae
1905 3332 1992 3388 vel

341 3423 650 3496 gentilium
685 3439 844 3478 more
871 3421 1106 3476 tractari
1130 3421 1657 3488 debuit,nonnullis
1677 3421 1996 3477 incommo-

341 3513 434 3568 dis
467 3513 798 3579 subdere,et
819 3511 890 3566 ad
917 3514 1241 3565 extremum
1275 3509 1333 3563 in
1364 3508 1697 3565 illusionem
1730 3511 1994 3566 beatissi-

344 3601 424 3655 mi
459 3600 632 3665 Petri,
668 3617 702 3654 a
730 3601 899 3670 cujus
932 3599 1069 3653 sede
1104 3598 1345 3670 profecti
1379 3599 1628 3666 fuerant,
1655 3616 1768 3654 non
1803 3599 1992 3654 solum

341 3689 670 3744 inefﬁcaces
703 3686 888 3742 redire
920 3688 1337 3754 facere,verum
1360 3687 1534 3742 etiam
1557 3687 1994 3759 impugnatores

342 3777 633 3842 omnium,
668 3793 794 3848 qua:
827 3776 1104 3831 mandata
1135 3776 1384 3842 fuerant,
1409 3776 1846 3832 demonstrare?
1861 3777 1993 3840 Quae

342 3871 401 3922 et
430 3865 521 3921 his
554 3865 791 3930 similia,
820 3882 1044 3921 necnon
1078 3870 1132 3921 et
1164 3865 1258 3920 his
1290 3864 1550 3937 pluriora
1581 3865 1639 3922 in
1671 3866 1996 3921 Constanti-

343 3954 680 4028 nopolitana
709 3955 963 4023 urbe,vel
997 3955 1052 4008 in
1089 3953 1493 4026 adjacentibus
1524 3954 1636 4011 sibi
1659 3955 1994 4010 civitatibus

340 4044 557 4117 patrari
589 4045 914 4110 audientes,
937 4043 1225 4100 immenso
1258 4061 1468 4100 sumus
1500 4061 1745 4100 mmrore
1766 4043 1991 4115 repleti,

341 4138 398 4189 et
428 4134 716 4188 anxietate
747 4133 932 4188 nimia
963 4132 1309 4204 perturbati.
1346 4133 1455 4189 Sed
1489 4133 1628 4205 quia
1647 4132 1858 4188 horum
1877 4151 1995 4188 om-

344 4223 509 4278 nium
544 4227 745 4278 auctor
774 4227 836 4277 tu
887 4222 1132 4278 existere
1179 4222 1335 4277 fama
1383 4221 1717 4295 divulgante
1760 4221 1991 4289 diceris,

341 4310 694 4368 intolerabili
724 4311 984 4367 cruciatu
1017 4311 1232 4367 mentis
1263 4311 1572 4379 afficimnr,
1604 4316 1660 4366 et
1694 4310 1994 4366 doloribus

342 4398 602 4470 undique
621 4402 1095 4470 coaugustamur.
1116 4398 1278 4454 Unde
1298 4398 1562 4454 videlicet
1587 4415 1722 4453 cum
1741 4398 1994 4454 Jeremia

341 4487 401 4542 in
433 4503 632 4542 vocem
666 4504 1148 4560 prorumpere,ac
1178 4487 1318 4542 libet
1348 4487 1804 4543 lamentabiliter
1859 4505 1995 4543 mna-

2105 3324 2780 3408 Constantinopolitanae,
2796 3335 3028 3409 proprio
3061 3336 3341 3392 reddatur
3370 3335 3647 3412 episcopo
3671 3355 3685 3393 :
3710 3344 3763 3394 et

2105 3429 2154 3484 si
2187 3428 2328 3500 quid
2352 3426 2487 3481 huic
2510 3425 2778 3482 restituto
2794 3427 2919 3496 jam
2941 3425 3210 3482 fortassis
3232 3424 3762 3496 objicitur,servato

2105 3516 2306 3573 ordine
2337 3516 2694 3579 audiatur,et
2713 3512 3042 3584 judicetur;
3075 3511 3344 3572 videlicet
3374 3519 3440 3568 ut
3471 3513 3710 3570 inferior
3730 3531 3762 3570 a

2105 3605 2311 3678 potiori
2364 3603 2673 3676 iudicetur,
2706 3607 2762 3657 et
2818 3619 2934 3657 non
2991 3601 3286 3658 minorum
3321 3603 3503 3672 (quod
3561 3608 3763 3658 contra

2103 3710 2276 3750 omne
2308 3693 2395 3748 fas
2425 3693 2532 3763 est)
2551 3690 2852 3747 sententiae
2885 3690 3250 3761 subjiciatur.
3275 3690 3465 3756 Quam
3488 3697 3762 3762 praeterea

2104 3782 2505 3840 fortitudinem
2537 3780 2874 3848 ostendetis,
2909 3779 2958 3838 si
2992 3784 3150 3836 totus
3183 3779 3614 3852 indignationis
3636 3798 3756 3837 ves-

2102 3877 2204 3927 tra:
2234 3871 2467 3943 pondus
2490 3886 2667 3942 super
2687 3867 2946 3938 duas,vel
2976 3873 3094 3924 tres
3119 3885 3402 3940 personas
3426 3869 3754 3938 inflectitis;

2102 3965 2161 4018 et
2188 3961 2364 4032 pedes
2409 3957 2935 4031 evangelizantium
2978 3974 3202 4029 pacem,
3233 3957 3759 4031 evangelizantium

2103 4050 2257 4105 bona
2286 4048 2478 4103 solum
2509 4047 2817 4103 calcandos
2847 4047 2934 4103 vel
2966 4048 3350 4102 conterendos
3373 4047 3759 4106 existimatis?

2101 4139 2211 4195 Sed
2245 4137 2430 4193 videte
2463 4137 2626 4208 (quia
2655 4137 2783 4207 ejus
2815 4135 3021 4207 capitis
3053 4136 3229 4207 pedes
3261 4135 3585 4202 calcantur,
3607 4137 3758 4210 quod

2103 4227 2264 4296 olim,
2299 4231 2363 4281 ut
2393 4225 2534 4298 quid
2565 4225 2676 4280 sibi
2708 4224 3034 4297 persecutio
3061 4225 3459 4298 ingerebatur,
3482 4243 3586 4299 pro
3619 4227 3760 4298 ipsis

2103 4333 2133 4372 e
2165 4316 2306 4374 c0310
2338 4313 2714 4382 clamavit)ne
2737 4315 2981 4370 verbum
3014 4313 3488 4388 alligetis,neque
3517 4315 3762 4371 occulte-

2102 4405 2177 4461 tis
2194 4404 2543 4477 legationem
2564 4408 2826 4458 nostram
2849 4419 2862 4457 :
2889 4402 3426 4474 quoniam,dicente
3444 4403 3756 4477 Apostolo:

2101 4495 2206 4550 Nec
2235 4495 2460 4549 verbum
2487 4493 2584 4547 Dei
2614 4500 2691 4548 est
2721 4492 3036 4562 alligatum,
3066 4508 3164 4547 nec
3194 4495 3395 4548 veritus
3444 4493 3560 4548 ullo
3605 4502 3759 4565 pacto

344 4575 514 4632 stitia;
546 4593 780 4648 operam
832 4577 991 4642 dare,
1026 4575 1410 4647 flebiliterque
1459 4574 1782 4631 exclamare
1815 4595 1827 4631 2
1865 4577 1992 4645 Quis
2023 4598 2069 4662 Ι)
2097 4585 2296 4657 poterit
2339 4583 2604 4638 occultari
2632 4582 2678 4650 (I
2712 4583 2844 4636 Tim.
2873 4581 2963 4653 Ir),-
2995 4597 3123 4652 quae
3167 4581 3345 4637 etiam
3397 4581 3539 4637 dicit
3569 4599 3582 4635 :
3609 4583 3760 4638 Nihil

343 4666 494 4721 dabit
521 4667 692 4737 capiti
715 4681 830 4721 meo
860 4682 1082 4736 aquam,
1101 4673 1198 4718 aut
1227 4664 1400 4717 oculis
1430 4664 1566 4716 meis
1594 4664 1798 4732 fontem
1818 4666 1995 4738 lacry-

342 4771 561 4809 marum
594 4755 721 4826 (Jer.
749 4758 847 4822 ιχ),
882 4759 946 4808 ut
977 4753 1273 4824 plangam,
1305 4754 1360 4804 et
1389 4750 1623 4820 lugeam
1663 4756 1885 4808 tantam
1938 4759 1995 4809 et

343 4843 520 4898 talem
543 4843 878 4914 perniciem,
914 4845 1144 4896 tantum
1177 4844 1233 4894 et
1263 4837 1376 4893 tale
1407 4838 1822 4908 dispendium?
1854 4843 1992 4897 Fru-

344 4936 498 4987 trata
526 4935 614 4988 est
643 4932 800 4986 enim
833 4946 968 5002 spes
999 4933 1198 4984 nostra
1231 4943 1243 4980 :
1280 4927 1630 4981 confidentia
1666 4933 1864 4984 nostra
1894 4933 1994 4986 de-

347 5019 500 5091 cepit
530 5021 712 5075 nos.0
744 5020 1028 5074 damnum
1055 5014 1566 5086 incomparabile,o
1596 5016 1831 5073 exitium
1857 5037 1998 5075 non-

348 5108 459 5163 nisi
494 5125 594 5180 per
619 5113 695 5170 te,
719 5106 962 5163 Domine
994 5107 1155 5171 Jesu,
1189 5120 1421 5175 quoquo
1473 5107 1643 5161 modo
1691 5107 1995 5163 destruen.

347 5195 519 5251 dum!
555 5195 735 5251 Versa
759 5197 898 5250 sunt
927 5194 1079 5248 dona
1108 5192 1232 5258 Dei,
1270 5209 1394 5265 quae
1427 5193 1566 5249 olim
1612 5196 1843 5252 fuerant
1887 5199 1994 5253 tibi

349 5284 581 5350 collata,
615 5285 671 5337 in
707 5287 1066 5338 armaturam
1099 5281 1375 5337 adversus
1401 5282 1720 5341 Ecclesiam
1760 5287 1906 5356 ejus,
1941 5292 1997 5342 et

352 5390 479 5444 quae
503 5372 595 5426 ille
615 5389 717 5444 pro
737 5369 923 5425 salute
945 5369 1332 5442 plurimorum
1366 5371 1655 5440 tribuit,in
1680 5375 1994 5447 perniciem

351 5461 674 5516 evidentem
703 5463 841 5514 sunt
871 5465 1228 5518 commutata
1269 5461 1612 5518 multorum.
1647 5464 1757 5518 Sed
1808 5480 1994 5520 rever-

353 5554 493 5613 tere,
528 5547 608 5600 tili
642 5547 742 5619 mi,
777 5554 1074 5614 revertere.
1108 5552 1371 5626 piissime
1425 5551 1635 5618 Cazsar,
1668 5559 1949 5610 revertere
1979 5573 1992 5610 :

354 5633 492 5704 quia
513 5637 794 5696 Dominus
825 5645 1018 5702 noster
1038 5641 1369 5706 misericors
1401 5643 1583 5705 est,et
1612 5644 1667 5696 te
1709 5648 1996 5699 reverten-

2101 4681 2347 4744 opertum
2371 4671 2512 4742 quod
2556 4686 2666 4726 non
2716 4670 3000 4738 reveletur,
3035 4677 3086 4725 et
3135 4671 3427 4736 occultum,
3459 4670 3605 4744 quod
3650 4688 3757 4727 non

2101 4764 2310 4816 sciatur
2336 4765 2488 4830 (Luc.
2519 4762 2643 4828 x11).
2678 4759 2736 4814 Si
2766 4762 2962 4814 autem
3009 4759 3297 4815 talentum
3349 4765 3658 4830 acceptum
3701 4760 3754 4814 in

2104 4855 2258 4906 terra
2286 4848 2643 4905 abscondere
2673 4852 2940 4905 extremae
2972 4848 3366 4905 damnationis
3397 4852 3506 4917 est,
3543 4853 3760 4922 quanta

2104 4957 2274 5011 poma
2295 4936 2670 4994 mulctandus
2701 4937 2917 5011 est,qui
2939 4937 3180 4994 alterius
3203 4937 3495 4994 talentum
3513 4937 3754 4994 volentis

2103 5028 2212 5083 hoc
2242 5027 2315 5082 ad
2347 5026 2577 5085 lucrum
2618 5025 2850 5082 Domini
2903 5025 2997 5082 sui
3047 5025 3464 5098 multiplicare,
3499 5025 3675 5093 tollit,
3706 5031 3756 5082 et

2105 5115 2428 5183 abscondit,
2459 5113 2549 5170 vel
2581 5115 2761 5171 etiam
2792 5115 3063 5170 fraudare
3111 5131 3229 5170 non
3258 5115 3561 5186 pavescit?
3591 5115 3754 5171 Porro

2105 5205 2176 5260 de
2205 5204 2408 5260 talenti
2440 5203 2774 5276 acceptione
2805 5203 3026 5260 nullam
3059 5201 3276 5276 poteris
3306 5203 3551 5259 omnino
3593 5220 3754 5259 excu-

2104 5293 2389 5349 sationem
2404 5292 3068 5365 przetendereAccepisti
3085 5291 3300 5366 quippe
3313 5309 3427 5348 non
3449 5292 3754 5350 minimum

2105 5382 2307 5437 talenti
2339 5383 2584 5454 donum,
2609 5381 2785 5436 etiam
2815 5385 2871 5436 et
2902 5386 3219 5453 antequam
3251 5382 3324 5437 ad
3353 5381 3653 5438 Caesareas
3683 5382 3758 5438 in-

2105 5471 2258 5526 fulas
2290 5471 2644 5542 pervenires,
2671 5469 3088 5526 familiaritatis
3119 5469 3338 5528 scilicet
3367 5468 3567 5526 locum
3612 5471 3754 5542 apud

2104 5562 2462 5632 Augustum,
2493 5565 2549 5615 et
2577 5559 2929 5632 impetrandi
2960 5560 3115 5634 quod
3147 5558 3406 5627 volebas,
3424 5559 3755 5618 facillimam

2107 5649 2376 5720 gratiam.
2391 5649 2453 5711 Si
2473 5665 2609 5726 ergo
2631 5647 2779 5708 nihil
2801 5648 2853 5708 ei
2874 5666 2978 5722 pro
3000 5647 3258 5710 ecclesia.
3276 5647 3516 5724 proprio
3550 5653 3762 5712 rectiora
