3894 6218
120 354 277 419 ξοδδ

1353 354 1757 419 EPIBTOLIE
1778 378 1783 391 '
1804 350 1902 417 ΕΤ
1928 348 2330 419 ~DEOB‘E‘I‘A.

3389 344 3544 424 mss

124 489 400 546 nolumus
418 505 525 546 vos
544 507 579 546 a
599 488 882 545 eharitate
910 488 1135 544 Christi
1162 489 1523 561 quibuslibet
1539 489 1793 546 subverti
1822 491 1875 557 Α
1909 490 2197 558 νθιὶηΐ,εκ
2228 488 2474 561 epistola
2502 488 2678 545 Gallae
2709 487 3189 563 Placidim,quam
3221 492 3549 551 Theodosio

122 578 398 634 versutiis
420 594 432 631 :
458 577 737 633 nolumus
758 594 1054 649 quorumv
1069 578 1122 633 is
1144 577 1391 650 vipereis
1408 578 1795 634 adversusEc-

124 665 363 722 clesiam
375 666 477 722 Dei
501 666 851 722 commoveri
877 666 1044 722 suasi
1063 665 1401 738 onibus,qui
1425 667 1615 738 magis
1633 666 1793 722 volu-

1908 581 2170 651 Augusto
2203 578 2457 649 scripsit,
2479 577 2722 649 potestis
2753 595 3063 651 agnoscere
3089 598 3101 634 :
3126 598 3303 652 quam
3336 582 3549 640 idcirco

1908 666 2089 723 solam
2124 683 2675 736 commemoramus,
2701 669 2974 740 quoniam
3008 669 3377 741 epistolarem
3397 688 3556 729 exce-

127 758 654 827 musetoptamus,
679 760 737 809 et
758 755 920 826 pium
948 754 1257 827 fastigium
1281 758 1539 810 vestrum
1561 754 1788 811 enixius
1898 756 2031 811 dere
2066 755 2415 811 locutionem
2446 755 2721 812 vitamus.
2756 757 2849 812 Ait
2880 774 3016 830 ergo
3045 776 3058 812 :
3098 757 3223 813 Non
3256 760 3550 816 modicum

118 842 540 916 imploramus,
563 848 630 898 ut
646 860 748 899 vos
771 843 829 897 in
857 843 1191 916 integritate
1214 843 1367 908 fidei,
1392 843 1526 899 etin
1550 847 1787 899 tramite
1896 844 2319 900 detrimentum
2352 849 2442 900 est
2470 862 2539 900 ex
2569 845 2662 900 his
2709 862 2834 917 qua:
2886 850 3048 916 gesta
3098 852 3255 913 sunt,
3289 852 3352 903 ut
3382 850 3549 919 ﬁdes,

114 931 483 988 rectitudinis
539 931 754 1004 populo
813 932 937 997 Dei,
990 933 1090 1004 qui
1150 936 1240 987 est
1296 930 1577 998 Ecclesia,
1614 948 1771 987 more

114 1026 329 1076 sanctas
374 1020 534 1076 illius
581 1021 792 1075 Esther
836 1022 1048 1093 reginae
1095 1025 1548 1093 perseverantes,
1582 1021 1772 1075 virum

116 1125 354 1182 quoque
368 1113 627 1165 vestrum
646 1109 801 1164 circa
816 1110 915 1164 Dei
936 1109 977 1164 ti
988 1125 1207 1164 morem
1218 1152 1230 1175 ,
1248 1126 1626 1181 amoremque
1638 1126 1770 1165 suc-

117 1197 382 1254 cendatis
404 1214 419 1253 :
442 1202 501 1253 et
530 1213 668 1270 erga
699 1202 910 1253 sancta
945 1197 1215 1253 Ecclesiae
1248 1197 1779 1270 Constantinopoli-

114 1292 263 1341 tanae
298 1286 822 1359 recuperationem,
854 1286 1174 1358 prudenter
1206 1285 1777 1358 iuﬂammetiszqua-

116 1380 289 1430 tenus
313 1392 348 1431 a
368 1374 555 1430 Photii
580 1374 810 1442 moechi,
835 1375 1130 1447 neophyti,
1155 1391 1220 1430 ac
1245 1374 1552 1441 invaseris,
1579 1392 1645 1431 ac
1672 1392 1775 1448 per

118 1464 223 1519 hoc
243 1464 536 1529 damnati,
560 1467 618 1519 et
638 1462 1377 1532 anathematizati,commu
1389 1464 1560 1519 nione
1572 1480 1635 1519 se
1648 1482 1774 1519 mu-

117 1552 307 1617 aiens,
334 1551 624 1624 quidquid
648 1551 706 1606 in
730 1552 969 1607 fratrem
990 1556 1047 1607 et
1068 1552 1479 1623 coepiscopum
1503 1556 1771 1608 nostrum

116 1639 413 1712 lgnatium
432 1638 708 1696 molestiis
730 1638 950 1708 intulit,
969 1644 1027 1695 et
1048 1640 1158 1696 sibi
1182 1640 1560 1696 commissam
1575 1657 1771 1714 regere

113 1729 462 1801 permittens
482 1728 800 1785 Ecclesiam
820 1728 1071 1800 corrigat
1098 1746 1110 1783 :
1136 1728 1429 1801 salutique
1451 1735 1772 1802 summque

110 1816 348 1890 imperii
405 1816 499 1874 sui
558 1816 845 1885 consulat,
887 1820 945 1871 et
992 1816 1308 1872 Dominum
1349 1816 1484 1883 sibi,
1529 1817 1770 1889 suisque

110 1906 392 1963 omnibus
442 1904 764 1978 prepitium
818 1904 1010 1960 faciat.
1044 1906 1205 1971 Quod
1256 1922 1359 1962 vos
1389 1922 1524 1961 cum
1555 1906 1771 1962 virtute

108 1995 335 2051 summi
370 1994 543 2067 regis,
571 1994 629 2049 in
653 1995 825 2064 cujus
848 2010 1026 2049 manu
1060 1994 1235 2049 corda
1266 2011 1469 2067 regum
1502 1995 1767 2062 sunt,ob-

108 2083 301 2140 tiuere
312 2098 485 2156 posse
496 2082 701 2155 procul
715 2082 893 2138 dubio
910 2082 1234 2138 credimus:
1251 2087 1308 2138 et
1328 2084 1766 2139 excusationem

111 2172 178 2226 de
199 2170 683 2243 impossibilitate
703 2169 926 2226 nullam
958 2171 1247 2243 habere(si
1278 2170 1553 2227 voluntas
1582 2171 1766 2226 affue-

108 2260 205 2331 rit)
238 2260 603 2316 omnimodis
634 2260 1011 2315 arbitramur.
1043 2260 1326 2331 Siquidem
1352 2276 1452 2331 ρει·
1477 2261 1768 2315 mulierem

112 2348 349 2418 ﬁdelem,
380 2349 708 2404 secundum
733 2347 1097 2420 Apostolum,
1115 2350 1287 2404 etiam
1306 2349 1543 2420 inﬁdelis
1556 2349 1767 2403 virsal-

108 2439 338 2493 trahitur
376 2439 428 2501 (Ι
465 2439 594 2493 Cor.
645 2441 766 2505 vn).
816 2438 1058 2503 Quando
1092 2438 1330 2492 Photius
1361 2437 1489 2511 [leg].
1523 2438 1766 2503 Quando

111 2527 332 2597 potius,
350 2535 449 2582 etc.
470 2526 894 2599 diguoscitur?]
917 2542 1021 2597 per
1050 2524 1452 2582 fidelissimam
1488 2525 1763 2581 feminam

110 2615 194 2670 vir
214 2615 482 2687 potuerit
502 2614 733 2683 salvari,
758 2614 881 2687 qui,
906 2615 1020 2670 Deo
1042 2615 1285 2688 gratias,
1311 2631 1425 2670 non
1449 2614 1638 2671 solum
1669 2614 1764 2669 in-

110 2704 308 2760 ﬁdelis
328 2720 447 2759 non
471 2707 580 2772 est,
606 2704 779 2771 absit,
803 2720 1006 2760 verum
1026 2704 1201 2759 etiam
1226 2703 1766 2759 Christianissimus

110 2797 166 2847 et
192 2791 685 2865 religiosissimus
712 2808 841 2848 esse
871 2791 1255 2865 dignoscitur.

180 2880 470 2952 Deponite
490 2894 628 2954 ergo
654 2885 928 2936 cunctam
960 2880 1306 2936 muliebrem
1338 2880 1764 2949 infirmitatem,

112 2974 171 3024 et
198 2985 342 3042 ergo
376 2985 535 3037 eum,
575 2986 663 3037 ea,
691 2985 822 3041 quas
852 2969 949 3042 pia
978 2973 1136 3037 sunt,
1170 2987 1297 3041 quae
1329 2974 1542 3025 sanctae
1572 2968 1766 3025 Eccle-

111 3057 208 3114 siae
241 3062 608 3131 congruunt,
638 3058 952 3132 impetrare
1000 3059 1249 3131 satagite
1278 3076 1291 3113 :
1330 3075 1436 3114 nec
1462 3058 1767 3126 deﬁciatis,

1894 949 2019 1004 quae
2054 932 2233 988 tantis
2278 933 2648 1005 temporibus
2684 932 3031 1005 regulariter
3060 936 3351 991 custodita
3376 942 3483 1004 est,
3518 956 3553 993 a

1894 1020 2293 1077 sacratissimo
2327 1026 2492 1093 patre
2530 1027 2728 1077 nostro
2762 1022 3164 1090 Constantino,
3186 1024 3285 1095 qui
3320 1025 3549 1097 primus

1888 1109 1947 1163 in
1980 1110 2227 1181 imperio
2269 1109 2396 1183 [189.
2431 1110 2730 1182 splenduit
2778 1110 3149 1167 Christianus
3198 1130 3403 1185 nuper,
3445 1123 3543 1171 etc.

1888 1198 2096 1270 Hann.)
2122 1198 2443 1270 splenduit,
2463 1199 2874 1255 Christianitas
2898 1216 3084 1272 nuper
3102 1200 3336 1257 turbata
3357 1202 3543 1259 sit.Ad

1885 1286 2190 1341 arbitrium
2216 1287 2391 1342 unius
2413 1286 2670 1342 hominis
2689 1304 2771 1354 es,
2788 1288 2961 1359 quiin
2988 1289 3206 1361 synodo
3230 1290 3539 1362 Ephesiuaa

1884 1374 2135 1431 civitatis
2181 1376 2378 1431 odium
2411 1379 2468 1431 et
2511 1376 2913 1432 contentiones
2963 1377 3158 1448 potius
3206 1379 3539 1435 exercuisse

1884 1466 2174 1532 narratur,
2202 1463 2457 1519 militum
2489 1465 2815 1536 pi'wsentia,
2840 1469 2897 1520 et
2919 1470 3080 1520 metu
3102 1470 3382 1539 appetens
3397 1468 3537 1523 Gon-

1881 1552 2410 1624 stantinopolitanae
2433 1552 2685 1608 civitatis
2703 1552 3043 1626 episcopum
3072 1555 3442 1611 Flavianum:
3469 1574 3535 1612 eo

1882 1641 2035 1712 quod
2059 1640 2321 1696 libellum
2347 1642 2417 1696 ad
2441 1641 2820 1714 apostolicam
2850 1643 3047 1698 sedem
3073 1644 3355 1711 emiserit,
3384 1650 3439 1701 et
3462 1646 3535 1701 ad

1880 1745 2082 1785 omnes
2104 1730 2408 1802 episcopos
2432 1730 2641 1786 harum
2667 1732 2924 1804 partium
2946 1749 3049 1804 per
3060 1749 3179 1801 eos,
3206 1733 3305 1805 qui
3329 1733 3535 1789 directi

1878 1817 2179 1873 fuerautin
2195 1819 2439 1874 concilio
2462 1837 2490 1875 a
2518 1820 3004 1877 reverendissimo
3022 1821 3295 1895 episcopo
3313 1823 3529 1889 Romae,

1878 1906 1975 1979 qui
2002 1908 2325 1963 secundum
2357 1907 2740 1965 difﬁnitiones
2758 1908 2974 1965 Nicmni
3005 1910 3234 1966 concilii
3268 1911 3532 1967 consueti

1878 1999 2018 2050 sunt
2047 1995 2350 2064 interesse,
2376 1996 2613 2053 domine
2639 1996 3036 2054 sacratissime
3070 1996 3150 2053 fili
3180 2000 3547 2065 venerabilis

1878 2084 2210 2155 imperator.
2226 2084 2344 2139 Hac
2368 2084 2565 2157 itaque
2586 2084 2792 2157 gratia,
2817 2090 2920 2141 tua
2945 2088 3529 2146 mansuetudotantis

1876 2171 2069 2227 turbis
2090 2171 2697 2240 resistens,veritatem
2720 2173 3163 2231 immaculatam
3187 2175 3320 2232 fidei
3335 2177 3530 2233 catho-

1876 2258 1998 2314 lica:
2030 2259 2328 2332 religionis
2360 2259 2571 2315 salvari
2603 2260 2919 2333 praecipiat,
2955 2265 3019 2317 ut
3044 2263 3373 2319 secundum
3408 2265 3527 2320 for-

1876 2365 2035 2403 mam
2067 2352 2122 2405 et
2151 2348 2563 2404 diffinitionem
2592 2349 2923 2421 apostolicae
2951 2350 3126 2418 sedis,
3147 2367 3325 2423 quam
3350 2352 3524 2408 etiam

1875 2453 1983 2493 nos
2007 2442 2289 2508 tanquam
2310 2437 2737 2509 praecellentem
2771 2438 3041 2494 similiter
3067 2457 3433 2509 veneramur,
3463 2442 3526 2497 in

1876 2528 2030 2581 statu
2056 2526 2365 2582 sacerdotii
2388 2525 2504 2593 ille,
2532 2532 2868 2583 remanente
2885 2544 2989 2599 per
3005 2529 3204 2585 omnia
3235 2529 3527 2600 Flaviano,

1875 2615 1945 2670 ad
1971 2614 2197 2670 concilii
2222 2618 2279 2670 et
2301 2615 2630 2687 apostolicae
2661 2615 2819 2671 sedis
2841 2616 3135 2687 judicium
3170 2620 3531 2675 transmitta-

1874 2706 2007 2772 tur;
2043 2703 2100 2757 in
2133 2719 2249 2774 qua
2278 2704 2508 2774 primus
2535 2703 2770 2776 ille,qui
2800 2704 3063 2761 ccclestes
3094 2706 3284 2762 claves
3314 2707 3531 2781 dignus

1874 2792 1987 2846 fuit
2016 2790 2296 2863 accipere,
2329 2792 2722 2863 principatum
2768 2792 3143 2865 episcopatus
3193 2796 3481 2852 ordinavit
3511 2813 3527 2853 :

1878 2880 2114 2953 quando
2135 2880 2354 2936 scilicet
2375 2880 2540 2935 decet
2562 2897 2667 2935 nos
2690 2880 2829 2936 huic
2851 2881 3119 2937 maximas
3140 2882 3383 2952 civitati,
3402 2898 3530 2957 qua

1876 2969 2117 3024 domina
2145 2967 2409 3024 omnium
2441 2972 2548 3036 est,
2568 2972 2731 3024 tuam
2755 2969 2813 3023 in
2834 2969 3112 3026 omnibus
3143 2972 3527 3029 reverentiam

1879 3074 2239 3114 conservare.
2273 3057 2623 3130 Diligentius
2668 3060 2861 3113 autem
2894 3059 3074 3114 etiam
3106 3059 3165 3114 in
3196 3059 3306 3116 hoc
3338 3062 3529 3134 provi-

110 3164 302 3219 ueque
329 3146 597 3217 tardetis,
633 3152 699 3203 ut
730 3147 945 3204 nostris
975 3147 1209 3203 obediat
1238 3147 1769 3219 preeihus,nostras
1832 3220 1835 3221 ν
1879 3146 2030 3212 dete,
2065 3163 2136 3201 ne
2163 3147 2315 3219 quod
2352 3145 2561 3219 priscis
2604 3146 2968 3219 temporibus
3000 3153 3203 3204 nostra
3232 3150 3527 3221 generatio

112 3235 390 3292 exaudiat
407 3240 694 3308 tanquam
716 3235 999 3308 spiritalis
1025 3236 1208 3308 patris
1230 3236 1321 3292 sui
1347 3236 1767 3308 petitiones,in-
1795 3220 1842 3292 Β
1882 3235 2220 3301 custodivit,
2246 3236 2356 3290 sub
2390 3234 2560 3290 nobis
2583 3234 2855 3291 imminui
2880 3234 3165 3305 videatur,
3191 3220 3371 3311 etper
3391 3255 3528 3311 prm-

113 3324 525 3381 desiuentibus
542 3326 693 3397 apud
707 3341 841 3380 eum
856 3324 1537 3397 suggestiouibus,atque
1549 3325 1769 3397 suppli-

110 3413 450 3469 cationibus
475 3429 674 3485 agere;
706 3428 930 3469 necnon
959 3417 1016 3469 et
1046 3413 1214 3485 quasi
1246 3412 1396 3467 virili
1431 3414 1767 3469 fortitudine

112 3500 545 3557 circumcincte
571 3500 634 3556 in
650 3502 980 3557 constantia
997 3501 1277 3557 continua
1298 3501 1769 3568 decertare.Quo-

115 3590 275 3645 niam
297 3594 391 3659 (ut
410 3589 796 3662 praetulimus)
819 3606 934 3645 non
956 3607 1056 3646 vos
1087 3588 1373 3645 Dominus
1404 3590 1622 3646 frustra
1654 3591 1767 3646 im-
1817 3618 1825 3626 -

115 3679 258 3750 perii
283 3678 558 3751 conjugis
579 3676 755 3734 vestri
777 3678 913 3734 fecit
932 3693 1060 3734 esse
1083 3682 1435 3744 consortem,
1451 3683 1507 3733 et
1528 3679 1640 3735 nisi
1666 3695 1768 3751 pro

116 3765 333 3839 populo
356 3766 486 3837 ejus
503 3765 762 3839 legitime
779 3765 1265 3832 laboraveritis,in
1286 3766 1550 3822 districto
1573 3768 1768 3823 divino

108 3855 338 3926 judicio
369 3853 695 3910 districtam
730 3854 931 3926 procul
983 3855 1163 3910 dubio
1211 3854 1427 3910 dabitis
1459 3856 1766 3911 rationem.

116 3943 523 4016 Aggredimini
562 3959 722 4017 ergo,
756 3948 814 3999 et
840 3943 1154 3998 induimini
1186 3943 1545 4011 fortitudine,
1578 3948 1635 3999 et
1664 3961 1768 4015 pro

114 4036 294 4099 statu,
330 4048 400 4087 ac
430 4031 635 4087 ordine
679 4031 946 4088 Ecclesiae
978 4031 1077 4086 Dei
1110 4034 1167 4087 et
1205 4032 1493 4087 erectione
1523 4031 1766 4087 afflictos

114 4124 351 4186 rum,et
377 4135 791 4193 oppressorum
822 4124 1118 4177 certamen
1149 4119 1768 4189 assumite,imitantes

112 4209 386 4266 videlicet
446 4208 719 4281 superius
777 4212 1161 4265 memoratam
1216 4209 1444 4264 beatam
1502 4208 1765 4283 reginam

114 4298 346 4367 Esther,
371 4314 503 4370 qua
523 4314 625 4371 pro
659 4297 876 4371 pepulo
906 4297 1007 4354 Dei
1028 4298 1207 4354 etiam
1235 4297 1293 4352 in
1328 4301 1576 4355 mortem
1609 4298 1768 4353 dedit

116 4388 379 4442 animam
396 4402 598 4455 suam,
620 4391 676 4442 et
697 4401 1005 4459 quousque
1034 4386 1191 4441 hunc
1222 4384 1489 4442 liberavit
1508 4386 1683 4458 {forte},
1704 4385 1769 4441 li-

116 4478 338 4533 beravit
368 4494 404 4532 a
434 4476 627 4532 ruina.
657 4476 887 4548 Hann],
921 4476 1118 4532 anima
1176 4476 1349 4532 ferias
1407 4475 1600 4533 nullas
1659 4493 1765 4533 suo

1875 3341 2012 3381 sens
2043 3323 2373 3397 exemplum
2420 3323 2636 3379 similia
2674 3329 2951 3397 gerantur
2980 3324 3324 3396 [schismata
3351 3343 3524 3399 gene-

1875 3414 2097 3485 rentur]
2130 3414 2189 3468 in
2233 3414 2557 3485 episcopos,
2592 3430 2658 3468 ac
2708 3418 2943 3469 sanctas
2993 3413 3287 3472 ecclesias.
3321 3415 3524 3473 Videte

1874 3501 2073 3575 igitur,
2107 3501 2457 3558 charissima
2508 3501 2647 3569 ﬁlia,
2682 3501 2935 3574 qualiter
2990 3502 3113 3559 haec
3170 3504 3271 3560 Dei
3316 3503 3527 3561 cultrix

1875 3593 2160 3664 Augusta,
2186 3595 2251 3646 ut
2271 3591 2523 3663 priscam
2555 3591 2733 3647 fidem
2763 3594 2972 3660 servet,
3005 3596 3263 3665 satagat:
3283 3597 3341 3649 et
3370 3592 3526 3667 quod

1876 3678 2560 3751 Constantiuopolitanus
2606 3678 2918 3752 episcopus
2962 3679 3331 3737 saecularium
3364 3685 3526 3739 metu

1876 3767 2052 3822 fuerit
2085 3769 2400 3840 appetitus,
2434 3767 2626 3823 doleat
2662 3784 2676 3821 :
2712 3767 2964 3839 qualiter
2993 3785 3129 3825 eum
3160 3768 3425 3826 libellum
3457 3768 3530 3826 ad

1877 3857 2074 3912 sedem
2106 3854 2485 3927 apostolicam
2517 3853 2750 3911 misisse
2782 3862 3238 3926 commemoret;
3276 3857 3533 3930 qualiter

1876 3944 2075 4000 sedem
2101 3943 2502 4015 apostolicam,
2525 3946 2807 4016 tanquam
2843 3944 3268 4015 praecellentem
3300 3962 3536 4004 venere-

1875 4037 1974 4089 tur
2005 4050 2018 4087 :
2053 4030 2308 4103 qualiter
2356 4031 2681 4087 secundum
2732 4031 2981 4087 formam
3022 4036 3079 4088 et
3111 4033 3526 4091 diffiuitionem

1875 4122 2004 4192 ejus
2045 4119 2352 4176 Flavianus
2400 4119 2670 4175 submitti
2717 4120 2790 4175 ad
2826 4119 3120 4191 judicium
3151 4121 3310 4177 sedis
3339 4121 3531 4195 ipsius

1876 4208 2396 4283 (quemadmodum
2424 4212 2481 4263 et
2511 4224 2618 4261 nos
2649 4207 2720 4263 de
2752 4208 2976 4280 lgnatio
3007 4212 3065 4264 et
3092 4208 3296 4266 Photio
3327 4211 3532 4267 statui-

1875 4302 2032 4367 mus)
2062 4297 2359 4352 hortetur:
2395 4295 2644 4368 qualiter
2676 4296 2732 4350 in
2765 4296 2901 4351 sede
2933 4296 3196 4354 Romana
3225 4298 3391 4354 illum
3416 4300 3530 4373 pri-

1876 4404 2039 4443 mum
2064 4386 2163 4459 qui
2186 4383 2447 4441 cmlestes
2478 4384 2668 4440 claves
2698 4384 2913 4457 dignus
2937 4386 3047 4441 fuit
3076 4387 3526 4461 accipere,priu~

1876 4476 2136 4549 cipatum
2188 4474 2560 4546 episcopatus
2619 4472 2922 4530 ordinasse
2976 4474 3196 4530 recolat
3228 4493 3242 4531 :
3272 4476 3527 4548 qualiter

116 4564 428 4621 certamini
460 4563 665 4619 tribuit
696 4581 710 4619 :
741 4564 838 4620 cui
869 4564 1271 4621 Mardochaaus
1312 4563 1410 4619 ille
1454 4563 1768 4621 laudabilis
1797 4580 1847 4652 Β
1877 4566 2052 4622 etiam
2076 4563 2387 4636 diligenter
2405 4562 2828 4652 providendum
2850 4579 2979 4619 esse
3006 4567 3260 4652 censeat,
3276 4580 3348 4619 ne
3366 4566 3522 4635 quod

115 4658 368 4727 patruus
397 4653 1066 4725 ejus(quemadmodum
1096 4670 1207 4709 nos
1237 4669 1394 4709 nunc
1421 4652 1771 4722 vobis)inter
1880 4653 2088 4727 priscis
2122 4652 2488 4725 temporibus
2519 4651 2876 4708 custoditum
2907 4652 3117 4721 fuerat,
3142 4651 3414 4707 imminui
3447 4653 3528 4708 vi-

116 4746 325 4799 caetera
373 4742 460 4797 ita
506 4746 879 4815 suggesserat
911 4759 925 4798 :
960 4746 1039 4800 Ne
1075 4750 1250 4814 putes,
1302 4742 1598 4815 inquiens,
1632 4743 1774 4815 quod

114 4835 368 4888 animum
406 4838 561 4886 tuam
606 4839 820 4887 tantum
867 4831 1080 4899 liberes,
1123 4833 1252 4903 quia
1280 4834 1334 4887 in
1363 4832 1519 4888 domo
1547 4834 1692 4902 regis
1719 4844 1776 4889 es

115 4936 236 4993 prae
260 4922 484 4976 cunctis
509 4919 751 4977 Iudaeis:
777 4921 843 4975 Si
867 4923 1017 4976 enim
1045 4937 1194 4977 nunc
1220 4922 1465 4986 siliwris,
1479 4938 1577 4993 per
1605 4922 1778 4976 aliam

116 5012 467 5066 occasionem
498 5010 884 5065 liberabuntur
910 5009 1120 5076 Judwi,
1148 5017 1200 5065 et
1227 5018 1286 5064 tu
1315 5018 1366 5065 et
1394 5009 1586 5065 domus
1604 5012 1781 5081 patris

116 5100 202 5154 tui
222 5099 510 5171 peribitis.
542 5099 609 5152 Et
638 5099 761 5169 quis
786 5100 958 5164 novit,
990 5105 1178 5153 utrum
1219 5097 1421 5154 idcirco
1449 5098 1520 5153 ad
1549 5114 1779 5167 regnum

117 5190 359 5253 veneris,
411 5194 473 5241 ut
526 5188 588 5241 in
644 5194 877 5258 tempore
932 5188 1033 5243 tali
1084 5186 1412 5258 parareris‘?
1444 5188 1631 5257 ,(Esth.
1682 5187 1781 5259 ιν.)

120 5278 426 5342 Quantum
449 5277 646 5329 autem
670 5274 778 5346 pia:
800 5274 1224 5347 imperatrices,
1250 5291 1501 5346 quarum
1523 5292 1625 5331 vos
1656 5275 1782 5329 imi-

119 5365 363 5421 tatrices
395 5379 525 5419 esse
553 5364 849 5431 volumus,
872 5364 994 5420 sedi
1018 5364 1173 5420 beati
1196 5362 1478 5436 principis
1500 5364 1785 5435 apostolo-

118 5470 253 5509 rum
286 5451 446 5508 Petri
478 5452 696 5508 devotae
727 5451 946 5508 fuerint
979 5468 991 5507 :
1025 5456 1082 5509 et
1112 5452 1263 5509 hanc
1295 5468 1410 5524 prie
1438 5451 1668 5508 cunctis
1699 5469 1785 5508 se-

116 5544 298 5599 dibus
323 5540 761 5610 honoraverint,
776 5540 1143 5616 qualiterque
1157 5539 1616 5596 sublimissimos
1631 5540 1787 5613 prin-

117 5633 279 5707 cipes
303 5630 467 5688 circa
488 5628 869 5686 reverentiam
884 5629 1129 5688 Romani
1147 5628 1789 5707 pontiﬁcisinﬂamma-

449 5754 723 5818 ΡΑτιιοῐ..
770 5754 969 5819 CXIX.

1884 4744 2107 4808 deatur,
2136 4746 2194 4799 et
2222 4759 2325 4814 per
2352 4759 2608 4813 praesens
2637 4739 2965 4813 exemplum
3000 4738 3219 4795 similia
3250 4746 3531 4812 gerantur

1883 4832 1943 4887 in
1966 4831 2288 4903 episc0pos,
2316 4847 2382 4885 ac
2406 4835 2643 4886 sanctas
2664 4828 2968 4885 Ecclesiae.
2991 4829 3123 4893 Quae
3145 4833 3374 4898 cuncta,
3412 4828 3534 4885 filia

1886 4920 2256 4988 charissima,
2280 4918 2590 4991 diligenter
2610 4918 2994 4986 attendentes,
3020 4922 3076 4973 et
3097 4934 3201 4988 per
3220 4917 3401 4991 hujus
3424 4918 3533 4991 pias

1885 5012 2158 5081 Augustae
2205 5007 2451 5080 vestigia
2500 5006 2853 5080 gradientes,
2886 5006 3226 5079 hujusmodi
3272 5023 3537 5063 reveren-

1887 5099 2031 5154 tiam
2039 5097 2162 5169 ,huj
2173 5095 2400 5151 usmodi
2417 5095 2640 5150 cultum
2657 5094 2809 5149 circa
2821 5096 3017 5151 sedem
3032 5096 3184 5151 beati
3199 5095 3437 5166 Petri,et
3448 5111 3541 5151 ex-

1892 5187 2108 5255 hibete,
2133 5189 2189 5241 et
2210 5183 2465 5240 exhiberi
2490 5201 2524 5239 a
2546 5182 3047 5240 Christianissimo
3070 5186 3316 5257 conjuge
3347 5189 3539 5241 vestro

1894 5280 2131 5331 strenue
2164 5273 2425 5330 suadete.
2451 5273 2750 5335 Quatenus
2781 5271 3289 5344 imperium,quod
3315 5277 3539 5345 tempo-

1895 5362 2093 5419 raliter
2122 5352 2403 5417 assecuta
2436 5359 2597 5427 estis,
2630 5375 2765 5415 cum
2812 5358 2928 5416 illis
2959 5360 3061 5417 Dei
3094 5360 3453 5431 cultricibus,
3487 5362 3545 5417 et

1897 5452 2177 5508 honorem
2203 5451 2386 5507 sancti
2411 5449 2562 5505 Petri
2586 5449 2709 5505 sedi
2730 5448 3141 5506 exhibentibus
3171 5449 3550 5523 imperatrici-

1897 5542 2031 5608 bus,
2062 5539 2399 5614 percipiatis
2431 5542 2732 5607 aeternum,
2766 5541 2825 5593 et
2851 5536 3101 5610 gloriam
3131 5539 3547 5612 incorruptibi-

1897 5630 2012 5689 lem
2037 5630 2240 5689 eodem
2264 5628 2662 5688 intercedente
2681 5626 3077 5703 apostolorum
3099 5628 3329 5698 eximio,
3344 5627 3552 5691 cuivos

3155 5756 3234 5830 34
