3894 6218
379 316 538 377 1067

1736 311 2051 375 NICOLAI
2100 312 2327 373 ΡΑΡᾹΞ
2368 313 2418 374 Ι.

3636 311 3794 372 1068

380 449 440 504 in
472 448 701 520 legatis,
737 452 792 501 et
824 448 881 500 in
914 445 1203 517 legatione
1257 444 1446 516 ipsius
1496 446 1876 500 reverentiam
1924 461 2027 518 per
2053 445 2109 511 Α
2138 444 2209 498 ad
2260 445 2459 500 sedem
2509 444 2888 516 apostolicam
2940 450 3347 517 pervenerunt,
3382 444 3793 500 accusationes

380 537 771 593 obedientiam
803 534 1138 606 impendere
1169 534 1565 598 cohortamur,
1600 534 1658 588 in
1690 534 1903 589 ccelesti
1928 551 2025 604 pa-

379 626 519 681 latio
550 623 1056 695 incorruptibilem
1080 628 1136 678 et
1166 623 1711 679 immarcessibilem
1743 622 2028 695 largiente

381 731 515 787 rege
546 729 749 785 regum
781 712 1024 767 Domino
1056 712 1684 784 consequamini.Data
1705 712 1904 767 Idibus
1920 712 2028 765 No-

379 819 507 858 vem
517 802 661 870 bris,
697 801 1014 857 indictione
1045 818 1136 856 xv.

646 979 719 1017 AD
758 978 987 1017 CLERUM
1028 978 1763 1017 CONSTANTINOPOLITANUM.

1027 1034 1214 1104 (Anno
1244 1035 1392 1103 866.)

385 1110 668 1163 Percenset
696 1107 879 1160 omnia
900 1120 1026 1176 qua?
1041 1122 1073 1159 a
1090 1104 1178 1159 die
1198 1121 1301 1176 quo
1333 1105 1855 1175 Constantinopolim
1872 1104 2032 1157 missi

456 1186 586 1234 sunt
636 1176 979 1232 Rhadoaldus
1016 1185 1067 1230 et
1095 1178 1426 1241 Zacharias,
1456 1179 1679 1246 [uerunt
1726 1184 1866 1229 acta.
1901 1176 2029 1229 Item

455 1257 836 1304 commemorat
890 1249 1116 1302 concilii
1172 1249 1401 1303 Romani
1456 1247 1689 1315 decreta,
1734 1248 2031 1316 repetitque

457 1321 643 1375 omnia
675 1334 801 1390 qua?
830 1320 886 1371 in
918 1320 1194 1390 superiori
1230 1319 1455 1390 epistola
1486 1319 1627 1371 dicta
1658 1326 1785 1370 sunt
1811 1318 1875 1371 de
1902 1333 2029 1390 pro:

453 1388 698 1446 motione
736 1390 940 1453 Photii,
990 1397 1041 1444 et
1087 1389 1156 1443 de
1214 1389 1466 1458 Gregorio
1512 1394 1882 1458 Syracusano,
1934 1388 2033 1457 qui

454 1463 712 1517 Photium
765 1462 1116 1527 consecravit,
1170 1468 1221 1516 et
1267 1460 1331 1515 de
1379 1460 1603 1532 epistola
1662 1461 2028 1531 imperatoris,

456 1549 622 1604 quam
651 1533 912 1604 comburi;
919 1532 1095 1604 jubet.

899 1602 1087 1674 [Apud
1121 1602 1330 1668 Mansi,
1364 1602 1478 1657 ibid
1485 1605 1521 1668 .]

455 1692 741 1747 Nicouws
770 1691 1102 1763 episcopus,
1139 1708 1342 1746 servus
1372 1707 1672 1747 servorum
1722 1689 1846 1754 Dei,
1876 1706 2032 1743 reve-

2136 535 2423 604 quasdam
2448 534 2506 588 in
2540 533 2774 605 scriptis
2804 534 3087 589 adversus
3108 536 3237 605 jam
3268 535 3461 589 fatum
3493 550 3795 589 consacer-

2137 623 2331 678 dotem
2362 628 2630 678 nostrum
2661 622 3048 694 Ignatium,et
3078 623 3138 677 in
3158 623 3351 679 verbis
3380 623 3793 678 excusationes

2137 728 2240 783 pro
2258 712 2462 767 Photio
2483 712 2828 779 deferentes,
2852 716 2909 767 et
2928 716 2993 767 ut
3014 729 3048 767 a
3068 712 3203 767 sede
3223 711 3549 784 apostolica
3579 710 3795 766 missos

2138 802 2435 866 daremus,
2469 800 2568 873 qui
2604 799 2885 856 scandala
2932 799 3037 855 illa
3078 801 3352 856 sedarent
3379 805 3437 856 et
3469 799 3797 855 schismata

2138 890 2512 961 dissiparent,
2560 905 2913 962 magnOpere
2965 888 3353 962 postulantes.
3400 889 3628 952 Quibus
3689 888 3797 943 rite

2137 979 2518 1049 susceptis,et
2535 977 2923 1049 legationibus
2946 978 3221 1050 injunctze
3251 977 3364 1033 sibi
3394 995 3501 1032 seu
3530 975 3795 1049 epistola:

2138 1068 2339 1121 delata:
2360 1066 2681 1139 imperialis
2713 1067 2974 1138 inspecto
2997 1072 3221 1132 tenore,
3245 1067 3591 1122 maestitiam
3613 1082 3797 1137 quam

2139 1156 2301 1227 prius
2319 1172 2520 1211 rumor
2535 1154 2698 1211 solus
2716 1154 2775 1210 in
2793 1173 2880 1211 co:
2894 1157 2965 1211 de
2983 1161 3182 1211 nostro
3204 1161 3531 1227 pepererat,
3544 1171 3795 1209 casuum

2138 1244 2432 1299 evidenter
2460 1250 2831 1300 ostensorum
2855 1245 3067 1300 certior
3084 1245 3394 1301 confestim
3414 1243 3622 1299 relatio
3646 1244 3800 1298 mul—

2138 1334 2180 1387 ti
2187 1332 2440 1404 plicavit.
2466 1338 2541 1400 (a)
2563 1333 2930 1405 Quapropter
2949 1332 3109 1404 quia,
3129 1334 3283 1388 sicut
3301 1332 3591 1388 divinitus
3617 1332 3803 1403 inspi-

2139 1427 2268 1477 rata
2287 1421 2575 1493 sapicntia
2595 1427 2786 1477 vestra
2812 1423 3343 1489 novit,cunctarum
3364 1420 3581 1476 Christi
3594 1422 3799 1477 ovium

2139 1527 2281 1565 cura
2310 1510 2789 1583 constringimur,
2816 1528 2953 1567 cum
2983 1512 3139 1567 vices
3169 1510 3330 1566 illius
3361 1527 3465 1583 per
3491 1511 3805 1566 abundan-

2140 1599 2284 1654 tiam
2316 1598 2568 1654 cmlestis
2598 1600 2794 1671 gratia:
2826 1615 3122 1672 geramus,
3148 1600 3244 1655 cui
3269 1598 3601 1672 specialiter
3621 1616 3658 1655 a
3678 1600 3802 1655 Deo

2140 1687 2355 1742 dicitur
2387 1704 2401 1743 :
2433 1688 2602 1743 Pasce
2656 1705 2777 1743 oves
2831 1703 2981 1744 mea:
3032 1689 3207 1759 (Joan.
3238 1689 3392 1757 nl);
3434 1692 3493 1744 et
3534 1705 3746 1743 rursus
3783 1707 3798 1743 :

384 1780 755 1838 rendissimis
784 1786 841 1835 et
869 1779 1259 1835 sanctissimis
1291 1779 1682 1834 confratribus
1713 1778 1928 1833 nostris
1948 1794 2035 1830 ar-
2062 1812 2112 1876 B
2142 1779 2203 1831 Et
2225 1785 2281 1830 tu
2301 1776 2601 1846 aliquando
2633 1793 2922 1831 conversus
2951 1779 3215 1847 conﬁrma
3250 1780 3456 1848 fratres
3484 1785 3607 1832 tuos
3641 1780 3799 1847 (Luc.

384 1869 771 1940 chiepiscopis
802 1868 1287 1939 metropolitanis,
1305 1874 1361 1923 et
1391 1867 1680 1940 episcopis
1710 1866 2034 1921 Constanti-

385 1957 734 2030 nopolitanae
760 1957 883 2012 sedi
907 1957 1375 2027 subjacentibus,
1395 1963 1566 2027 atque
1586 1956 1853 2010 universo
1871 1972 2034 2009 vene-

385 2047 553 2104 rabili
584 2047 737 2101 clero
768 2044 1551 2115 Constantinopolitanorum
1585 2046 1875 2100 Ecclesize.

459 2136 541 2189 Ea
571 2153 698 2206 qua:
731 2150 918 2205 nuper
946 2134 1101 2204 apud
1132 2132 1693 2206 Constantinopolim
1711 2138 1875 2205 gesta
1897 2136 2037 2199 sunt

387 2224 789 2293 hactenusque
810 2222 1492 2293 geruntur,sanctitatem
1515 2227 1767 2277 vestram
1790 2239 1902 2275 non
1918 2238 2038 2275 cre-

387 2311 587 2366 dimus
619 2311 884 2382 ignorare
910 2329 922 2378 ;
958 2311 1060 2364 sed
1096 2310 1348 2381 qualiter
1376 2310 1497 2365 zelo
1527 2310 1695 2365 zelati
1727 2326 1830 2381 pro
1862 2310 2035 2364 domo

388 2399 644 2466 Domini,
678 2416 806 2470 qua:
838 2404 928 2454 est
958 2398 1216 2454 Ecclesia
1243 2399 1345 2453 Dei
1376 2400 1508 2465 vivi,
1544 2398 1816 2454 columna
1847 2402 1903 2453 et
1933 2399 2035 2452 ﬁr-

387 2492 751 2544 mamentum
763 2487 1044 2551 veritatis,
1062 2504 1222 2543 more
1238 2488 1612 2542 decessorum
1632 2504 1893 2542 meorum
1919 2486 2037 2541 sol-

384 2575 749 2632 licitudinem
782 2575 1046 2630 omnium
1072 2574 1460 2631 Ecclesiarum
1498 2575 1592 2630 Dei
1624 2575 2036 2630 circumferen-

383 2668 609 2731 tes,nos
627 2665 698 2719 de
712 2663 803 2719 his
814 2664 1105 2736 egerimus
1124 2663 1209 2718 vel
1229 2663 1554 2735 disposueri
1565 2680 1717 2730 mus,
1732 2663 1897 2718 vobis
1920 2680 2034 2718 non

383 2757 505 2808 tam
530 2753 777 2808 breviter
800 2770 979 2824 quam
999 2752 1663 2808 veraciterintimamus.
1684 2753 1865 2824 Igitur
1887 2756 2036 2823 post-

385 2858 564 2913 quam
597 2841 929 2897 audivimus
961 2842 1115 2911 quod
1149 2842 1391 2913 quidam
1424 2846 1685 2897 vestrum
1709 2840 1935 2895 invidia:
1960 2840 2038 2894 fa-

384 2931 557 2986 cibus
589 2931 839 2998 accensi,
874 2935 930 2986 et
964 2931 1248 3002 superbiae
1301 2932 1454 2986 fastu
1502 2934 1841 3002 arroganter
1877 2928 2034 2995 elati,

391 3035 556 3076 more
599 3020 937 3075 Judmorum
996 3026 1200 3075 contra
1258 3025 1551 3092 pastorem
1590 3023 1647 3074 et
1688 3018 2037 3091 magistrum

387 3125 590 3179 suum,
622 3108 859 3163 fratrem
914 3108 1183 3163 videlicet
1237 3108 1706 3163 comministrum
1768 3111 2033 3161 nostrum

388 3173 702 3269 Ignati'um,
727 3197 990 3252 Ecclesia:
1024 3198 1268 3267 praefatae
1305 3196 1745 3251 sanctissimum
1784 3195 2035 3267 patriar-

389 3285 582 3353 cham,
605 3285 1056 3341 insurrexerint:
1083 3285 1322 3355 quidam
1346 3302 1478 3338 vero
1501 3284 1688 3338 instar
1705 3284 2035 3355 viperarum

388 3391 457 3430 ac
488 3374 912 3446 parricidarum
945 3377 1244 3445 parentem
1277 3373 1599 3443 proprium,
1627 3373 1899 3427 eumdem
1931 3372 2038 3428 sci-

387 3461 524 3517 licet
555 3461 961 3518 beatissimum
993 3462 1205 3527 virum,
1239 3459 1440 3515 ferinis
1472 3460 1746 3516 dentibus
1774 3460 2036 3532 impetie—

387 3549 527 3615 rint,
554 3554 613 3604 et
631 3550 704 3603 ab
729 3548 984 3603 Ecclesia
1006 3546 1154 3619 ipsa,
1179 3547 1271 3601 cui
1285 3548 1422 3619 jure
1442 3548 1811 3619 praesidebat,
1831 3554 2032 3621 tyran-
2056 3538 2059 3543 ’

388 3637 545 3692 nidis
599 3653 719 3691 suae
776 3653 958 3691 cornu
1018 3637 1252 3708 penitus
1311 3638 1684 3704 removerint,
1732 3638 2033 3693 acerrimis

385 3724 685 3780 doloribus
700 3724 1018 3797 augustiati
1032 3729 1209 3796 atque
1229 3724 1577 3781 mmroribus
1590 3726 2032 3781 vehementibus

384 3812 649 3879 cruciati,
664 3815 948 3886 ccepimus
964 3814 1214 3887 qualiter
1230 3831 1369 3886 erga
1386 3831 1520 3869 eum
1534 3815 1753 3871 viscera
1767 3814 2030 3886 benigni-

382 3901 543 3967 tatis,
582 3905 778 3973 utpote
826 3903 983 3958 circa
1029 3903 1290 3968 fratrem,
1325 3904 1785 3970 ostenderemus,
1828 3902 2034 3958 sedula

378 3989 755 4045 meditatione
786 3995 1053 4047 tractare.
1083 3991 1378 4063 Scriptum
1410 3992 1630 4064 quippe
1660 3996 1749 4047 est
1771 4009 1785 4046 :
1807 3992 1919 4062 Qui
1948 3994 2030 4046 vi-

375 4078 519 4134 derit
543 4081 777 4150 fratrem
808 4082 1181 4135 necessitatem
1209 4080 1426 4146 habere,
1459 4090 1510 4135 et
1537 4082 1795 4135 clauserit
1826 4083 2031 4135 viscera

374 4183 479 4222 sua
533 4167 602 4223 ab
656 4184 737 4234 eo,
798 4169 1060 4240 quomodo
1115 4169 1356 4224 charitas
1412 4171 1510 4224 Dei
1561 4177 1747 4225 manet
1803 4171 1863 4224 in
1918 4169 2030 4224 eo?

378 4255 606 4326 (lJoan.
641 4258 746 4327 In.)
775 4257 1027 4313 Maxime
1083 4274 1219 4312 cum
1277 4256 1537 4313 schisma
1598 4258 1656 4313 in
1693 4259 1822 4329 jam
1872 4257 2029 4313 dicta

379 4344 545 4409 urbe,
578 4344 724 4399 etin
771 4346 1180 4417 adjacentibus
1238 4345 1349 4401 sibi
1407 4346 1763 4414 civitatibus,
1792 4351 2028 4419 propter

380 4433 696 4505 quemdam
745 4433 1041 4502 Photium,
1074 4452 1144 4490 ex
1190 4435 1314 4489 foro
1345 4439 1402 4489 et
1432 4436 1698 4491 saeculari
1731 4434 1943 4491 militia
1970 4439 2028 4491 et

2140 1866 2433 1933 xxn),non
2466 1866 2770 1936 potuimus
2800 1864 3179 1922 dissimulare
3209 1870 3311 1920 aut
3341 1864 3635 1939 negligere
3657 1883 3803 1938 quo-

2142 1955 2341 2009 minus
2370 1954 2743 2009 visitaremus
2774 1971 2909 2009 oves
2940 1955 3237 2025 dispersas
3265 1960 3325 2009 et
3353 1955 3799 2027 dissipatas,vel

2143 2044 2463 2114 quominus
2492 2044 2978 2098 conﬁrmaremus
3006 2042 3065 2097 in
3093 2044 3204 2097 ﬁde
3237 2048 3295 2097 et
3326 2044 3591 2099 moribus
3622 2044 3800 2098 bonis

2144 2132 2351 2186 fratres
2383 2136 2615 2186 nostros
2642 2136 2699 2186 et
2724 2131 3040 2203 proximos.

2215 2222 2285 2275 Et
2318 2221 2458 2294 quia
2485 2220 2640 2275 inter
2669 2226 2875 2275 caetera
2904 2238 3031 2293 qum
3061 2222 3133 2276 de
3164 2222 3486 2277 schismate
3505 2223 3637 2293 jam
3664 2222 3796 2277 fate

2143 2307 2797 2381 Constantinopolitanae
2830 2309 3194 2378 Ecclesiae,hi
3225 2311 3324 2382 qui
3360 2310 3529 2367 missi
3564 2312 3799 2367 fuerant

2144 2399 2534 2463 testabantur,
2563 2398 2814 2454 maxime
2843 2399 3110 2454 eamdem
3142 2399 3461 2455 Ecclesiam
3492 2400 3566 2455 ab
3599 2399 3797 2455 Iceno-

2145 2487 2395 2557 macbis,
2456 2487 2767 2543 recidivam
2822 2487 3315 2560 contemptionem
3377 2488 3789 2554 excitantibus,

2145 2576 2487 2631 asserebant
2531 2576 2744 2642 vexari,
2779 2576 3192 2648 Christumque
3242 2592 3346 2647 per
3384 2576 3623 2648 singula
3652 2594 3794 2632 con-

2144 2664 2437 2719 venticula
2466 2664 2860 2736 blasphemari
2895 2682 2909 2720 :
2944 2664 3157 2721 idcirco
3186 2666 3336 2720 duos
3366 2665 3674 2737 episcopos
3692 2667 3793 2737 qui

2146 2752 2452 2807 nobiscum
2467 2752 2879 2824 erant,quique
2895 2754 2965 2809 ad
2988 2753 3097 2809 hoc
3118 2758 3351 2810 tantum
3374 2753 3794 2826 perficiendum

2145 2858 2293 2912 Opus
2342 2842 2533 2897 idonei
2586 2842 2757 2897 nobis
2803 2858 2934 2897 esse
2982 2842 3350 2908 videbantur,
3386 2842 3790 2898 Rhadoaldum

2144 2929 2367 2985 scilicet
2397 2935 2453 2986 et
2480 2930 2839 2997 Zachariam,
2872 2948 2991 2986 una
3019 2948 3154 2986 cum
3186 2931 3448 2988 Ecclesia
3476 2949 3605 3003 qua:
3639 2934 3788 3005 apud

2146 3035 2254 3073 nos
2284 3024 2391 3086 est,
2422 3019 2575 3075 datis
2626 3018 2837 3074 litteris
2884 3023 3003 3074 tam
3036 3020 3110 3075 ad
3142 3022 3480 3091 Augustum
3511 3037 3695 3091 quam
3724 3021 3791 3075 ad

2149 3107 2421 3163 Photium
2452 3107 2706 3179 scriptis,
2722 3107 3484 3180 Constantinopolim,idem
3513 3109 3790 3164 nimirum

2145 3196 2442 3268 piaculum
2488 3201 2876 3265 exsecrantes,
2909 3214 2939 3252 c
2972 3196 3149 3252 latere
3198 3201 3401 3253 nostro
3448 3197 3788 3263 direximus,

2144 3285 2291 3340 nihil
2321 3285 2406 3341 eis
2436 3285 2668 3357 penitus
2716 3284 3093 3357 injungcntes
3142 3285 3255 3340 nisi
3288 3291 3354 3340 ut
3380 3291 3788 3342 tantummodo

2144 3391 2352 3430 causas
2396 3374 2603 3446 Ignatii
2645 3373 3011 3445 patriarchae,
3040 3374 3140 3446 qui
3200 3379 3374 3430 antea
3418 3376 3493 3430 de
3542 3375 3792 3432 Ecclesia

2143 3461 2352 3533 pulsus
2373 3478 2551 3532 quam
2575 3461 2648 3515 ab
2670 3459 2867 3532 aliquo
2888 3465 3199 3516 accusatus
3218 3461 3789 3533 exstiterat,diligen-

2142 3555 2231 3605 ter
2260 3550 2696 3622 investigarent,
2727 3553 2784 3604 et
2812 3549 2937 3604 sedi
2966 3548 3298 3621 apostolica:
3328 3548 3521 3621 plenis
3556 3554 3615 3604 et
3629 3567 3788 3606 vera-

2143 3639 2311 3693 cibus
2342 3638 2619 3693 referrent
2648 3637 2902 3702 indiciis,
2918 3638 3423 3710 quemadmodum
3442 3637 3557 3693 Job
3578 3638 3787 3694 beatis-

2142 3727 2333 3782 simus
2362 3727 2611 3782 edocens
2646 3745 2659 3782 :
2691 3728 2955 3792 Causam,
2990 3727 3204 3798 inquit,
3250 3743 3419 3798 quam
3461 3728 3789 3791 nesciebam,

2140 3814 2559 3886 diligentissime
2610 3815 2999 3885 inuestigabam
3029 3816 3152 3881 (Job
3181 3817 3337 3882 xxix)
3376 3830 3389 3867 :
3425 3813 3617 3868 Photii
3660 3830 3789 3868 vero

2142 3904 2641 3958 consecrationem
2673 3919 2789 3975 non
2821 3901 3015 3957 solum
3046 3901 3290 3956 minime
3312 3902 3559 3957 interim
3591 3902 3793 3956 admit-

2141 3992 2379 4047 tendam
2409 4008 2537 4046 esse
2567 3992 2949 4061 credidimus,
2965 4007 3169 4046 verum
3199 3989 3376 4046 etiam
3411 3990 3562 4061 ipsis
3589 3988 3795 4062 legatis

2140 4080 2379 4146 nostris,
2412 4097 2483 4135 ne
2513 4097 2647 4135 cum
2678 4078 2777 4136 illo
2826 4079 2939 4135 nisi
2990 4097 3118 4151 qua:
3151 4096 3287 4133 cum
3316 4078 3469 4133 laico
3501 4096 3691 4151 usque
3720 4079 3791 4133 ad

2139 4170 2408 4225 notitiam
2438 4174 2699 4224 nostram
2722 4168 3246 4235 communicarent,
3262 4166 3557 4240 frequenti
3580 4183 3645 4222 ac
3675 4184 3791 4222 om-

2137 4258 2653 4330 nimodajussione
2666 4258 3074 4330 praecepimus.
3091 4256 3379 4320 Quoniam
3397 4255 3553 4312 sicut
3575 4256 3794 4329 magni-

2134 4346 2351 4419 loquus
2381 4351 2490 4402 Leo
2517 4358 2668 4419 papa
2696 4346 2957 4401 scribens
3007 4346 3079 4400 ad
3125 4349 3398 4401 sanctum
3447 4344 3789 4402 Flavianum

2134 4435 2277 4490 dicit
2298 4434 2623 4491 antistitem
2648 4436 2820 4505 (epist.
2850 4435 2934 4506 10)
2961 4451 2974 4489 :
2999 4434 3117 4489 Nos
3146 4434 3247 4505 qui
3280 4433 3659 4489 sacerdotum
3687 4432 3793 4488 Do-

378 4519 584 4577 habitu
605 4525 779 4594 atque
800 4539 833 4577 a
856 4522 1131 4594 palatinis
1160 4522 1387 4577 aedibus
1415 4523 1717 4589 eductum,
1741 4540 1807 4579 ac
1829 4524 2023 4580 subito
2052 4543 2102 4607 D
2135 4523 2531 4579 minimatura
2558 4522 2832 4578 volumus
2861 4539 2989 4579 esse
3011 4522 3263 4594 judicia,
3283 4520 3433 4577 nihil
3467 4538 3789 4593 possumus

379 4612 772 4677 tonsuratum,
794 4617 851 4666 et
874 4612 931 4666 in
956 4611 1161 4667 eadem
1191 4608 1439 4663 ecclesia
1467 4614 1674 4665 contra
1702 4628 1900 4669 sacros
1929 4630 2022 4669 ca-

380 4716 563 4755 nones
576 4704 1053 4771 promotum,non
1069 4696 1368 4751 modicum
1382 4696 1723 4753 audiremus
1734 4700 2024 4759 obortum.

378 4788 518 4844 Aliis
547 4788 815 4842 videlicet
846 4787 1031 4842 Photii
1084 4784 1509 4856 promotiouem
1559 4787 2023 4859 defendentibus,

378 4874 511 4929 aliis
541 4879 737 4929 autem
770 4874 1240 4942 lianc,tanquam
1272 4869 1595 4928 inconvicto
1627 4880 1683 4929 et
1714 4880 2025 4948 superstite

378 4962 601 5035 Ignatio
630 4964 864 5027 factam,
898 4959 1105 5015 merito
1136 4959 1582 5016 detestantibus.

448 5051 559 5106 Sed
582 5051 723 5105 dum
750 5047 905 5121 quod
930 5047 1065 5102 hinc
1087 5063 1122 5101 a
1144 5045 1310 5100 nobis
1337 5047 1457 5102 ﬁeri
1490 5051 1746 5119 deberet,
1768 5054 1854 5109 vel
1878 5074 2021 5128 qua-

374 5138 508 5194 liter
533 5138 680 5193 tanti
714 5136 969 5193 rumoris
1007 5133 1417 5191 certitudinem
1468 5156 1641 5196 nosse
1689 5159 2016 5213 possemus,

373 5225 737 5281 incessanter
755 5230 812 5280 et
833 5223 1000 5279 anxie
1032 5222 1440 5296 cogitaremus.
1465 5243 1596 5283 ecce
1628 5236 1863 5301 repente
1882 5249 2018 5288 cum

374 5312 623 5387 epistola
652 5313 812 5384 regia
842 5312 1082 5383 quidam
1120 5312 1548 5384 episc0porum,
1579 5336 1833 5390 quorum
1866 5338 2019 5376 unus

374 5405 499 5458 erat
525 5400 952 5472 Gangrensium
1003 5401 1507 5473 metropolitanus,
1540 5424 1675 5462 cum
1703 5409 1869 5475 Arsa,
1898 5408 2018 5465 viro

372 5487 627 5565 glorioso
645 5488 962 5562 spathario,
978 5491 1355 5566 Augustalem
1380 5495 1628 5551 ferentes
1642 5496 2016 5569 legationem,

446 5579 523 5649 (a)
555 5574 655 5632 Hic
682 5577 888 5655 ingens
916 5578 1127 5640 lacinia
1153 5598 1221 5640 ex
1250 5597 1341 5656 ep.
1380 5583 1403 5637 1
1440 5583 1681 5640 Nicolai.

2134 4611 2449 4684 incognitis
2475 4612 2651 4667 rebus
2682 4611 2742 4666 in
2771 4612 3123 4683 cujusquam
3158 4609 3345 4683 partis
3376 4610 3791 4682 praejudicium

2136 4702 2258 4757 difﬁ
2270 4700 2411 4767 nire,
2434 4700 2780 4772 priusquam
2812 4700 3087 4755 universa
3111 4716 3239 4771 qua;
3270 4705 3438 4771 gesta
3464 4702 3607 4753 sunt
3634 4715 3793 4753 vera-

2135 4789 2280 4845 citer
2299 4789 2895 4844 audiamus.Tantum
2918 4787 3003 4844 eis
3016 4786 3533 4843 devcnerabilibus
3556 4786 3787 4841 Domini

2135 4878 2319 4933 nostri
2349 4878 2487 4932 Jesu
2519 4877 2755 4947 Christi,
2787 4878 3176 4948 ejusdemque
3207 4874 3513 4947 genitricis
3558 4892 3789 4947 semper

2130 4965 2375 5037 virginis
2407 4965 2621 5032 Mariae,
2653 4981 2719 5019 ac
2771 4969 3114 5020 sanctorum
3168 4963 3357 5036 ipsius
3404 4962 3782 5035 imaginibus,

2130 5055 2416 5127 quidquid
2432 5054 2676 5126 quaestio
2697 5054 3125 5125 atferret,juste
3142 5069 3207 5108 ac
3228 5052 3322 5124 pie
3344 5051 3784 5106 difﬁnirelicen-

2128 5143 2273 5198 tiam
2299 5143 2529 5209 dantes,
2553 5159 2682 5213 qua:
2703 5146 2916 5198 cuncta
2945 5142 3027 5197 ita
3052 5158 3183 5198 esse
3212 5144 3279 5196 ut
3306 5140 3565 5196 dicimus
3580 5138 3777 5194 littere

2129 5236 2363 5297 nostrae,
2412 5248 2561 5303 quas
2616 5232 2893 5305 Augusta:
2948 5228 3392 5288 mansuetudini
3451 5245 3677 5284 necnon
3724 5233 3776 5282 et

2129 5319 2331 5375 Photio
2353 5337 2456 5391 per
2473 5320 2712 5376 eosdem
2746 5319 2958 5375 missos
2989 5324 3222 5376 nostros
3251 5317 3776 5379 destinaveramus,

2128 5409 2177 5463 si
2212 5408 2293 5462 ita
2325 5413 2465 5463 sunt
2495 5409 2652 5480 apud
2682 5426 2784 5464 vos
2822 5408 3322 5481 quemadmodum
3354 5424 3391 5462 a
3419 5405 3591 5462 nobis
3620 5405 3775 5460 fuere

2126 5498 2510 5565 transmissae,
2537 5501 2804 5573 patenter
2831 5496 3570 5573 poteruntindicare.Nam
3592 5495 3641 5550 si
3675 5509 3777 5549 nos
