3894 6218
116 324 274 392 1085

1335 322 1745 389 EPISTOLIE
1784 321 1886 387 ΕΤ
1927 321 2312 386 DECRETA.

3369 324 3527 390 1086

114 477 436 531 moremus,
457 459 560 534 qui
593 458 673 517 ait
702 477 715 517 :
751 458 913 517 Sicut
941 463 1137 516 autem
1167 461 1309 515 tunc
1334 459 1661 531 neophytus
1682 459 1765 513 di-
1793 459 1842 525 Α
1879 475 2110 530 mopere
2124 458 2419 514 convenit:
2440 460 2730 531 quatenus
2752 456 3334 534 diligenterinquirat
3351 467 3527 534 atque

110 552 375 617 cebatur,
411 550 512 623 qui
549 549 715 604 initio
748 549 807 603 in
848 554 1062 604 sancta
1111 549 1245 603 fidei
1296 553 1419 601 erat
1458 565 1761 603 conversa-

107 640 269 695 tione
298 638 722 712 plantatus,sic
744 639 928 693 ‘modo
960 637 1286 709 neophytus
1318 636 1622 692 habendus
1651 641 1761 704 est,

110 727 209 800 qui
242 730 487 801 repente
516 727 576 781 in
608 726 908 799 religionis
951 725 1154 781 habitu
1206 725 1509 798 plantatus
1554 729 1610 781 et
1640 741 1763 780 am-

110 816 360 873 biendos
386 817 640 872 honores
671 832 868 872 sacros
898 814 1216 887 irrepserit.

182 905 472 961 Praterea
521 922 637 960 non
686 904 1075 960 omittendum
1119 920 1248 959 esse
1301 903 1615 971 credimus,
1658 920 1765 958 nos

113 1009 579 1050 commemorare
610 992 901 1065 praeterito
934 1008 1087 1047 anno
1119 1008 1222 1063 per
1267 991 1646 1047 indictionem
1675 991 1768 1045 vi»

115 1080 330 1136 delicet
375 1080 608 1137 tertiam
658 1081 970 1147 decimam,
1014 1079 1320 1153 epistolam
1368 1081 1477 1136 sub
1529 1080 1767 1135 nomine

113 1168 402 1242 principis
433 1169 845 1241 conscriptam,
881 1186 984 1241 per
1012 1168 1354 1224 Michaelem
1402 1168 1766 1241 imperialem

114 1257 657 1331 protospatharium
687 1258 1037 1330 suscepisse,
1072 1275 1198 1329 qua
1228 1258 1411 1314 tantis
1427 1262 1550 1313 erat
1575 1257 1767 1313 verbis

113 1346 582 1415 contumeliosis,
618 1347 735 1402 imo
765 1345 1152 1418 blasphemiis‘
1191 1363 1476 1417 respersa,
1508 1351 1575 1402 ut
1624 1346 1767 1402 scri-

113 1440 244 1508 ptor
284 1437 419 1506 ejus
468 1452 585 1490 non
639 1435 754 1490 nisi
805 1434 864 1489 in
915 1439 1152 1507 gutture
1202 1434 1425 1490 colubri
1472 1434 1766 1491 calamum

112 1523 361 1579 tinxisse
393 1526 649 1595 putetur,
684 1527 741 1578 et
763 1522 1065 1579 dictatoris
1094 1522 1247 1579 labia
1275 1540 1379 1595 pro
1412 1522 1768 1579 dictionibus

110 1627 335 1666 venena
363 1609 590 1666 fudisse
619 1610 1095 1677 videantur,adeo
1117 1614 1182 1665 ut
1202 1610 1251 1665 si
1274 1612 1601 1683 cujuspiam
1627 1611 1766 1666 sim-

112 1698 357 1771 plicium
391 1715 492 1754 cor
516 1702 819 1771 penetrent
838 1700 977 1762 (non
1008 1698 1164 1754 enim
1185 1699 1308 1755 hac
1329 1716 1500 1755 aures
1522 1701 1771 1772 pruden-

109 1788 258 1843 tium
292 1786 652 1860 suscipiunt)
681 1792 739 1843 et
768 1788 876 1843 hos
907 1788 1184 1843 continuo
1206 1792 1452 1857 necent;
1485 1789 1768 1844 nimirum
1798 1827 1846 1891 Β

110 1879 275 1932 tanto
336 1875 754 1944 miserabilius,
805 1881 1024 1949 quanto
1081 1894 1239 1932 mors
1288 1877 1496 1932 anima
1556 1877 1763 1950 magis,

113 1982 291 2037 quam
306 1964 571 2037 corporis
584 1982 685 2037 per
698 1964 865 2020 illum
890 1964 1244 2021 virulentum
1258 1966 1535 2021 haustum
1562 1967 1632 2021 ad
1642 1966 1769 2021 mit:

110 2053 369 2109 titur.De
401 2055 572 2125 cujus
601 2053 967 2109 immanitate
999 2052 1364 2126 piaculilicet
1385 2056 1649 2128 Augusto
1666 2072 1768 2126 per

102 2143 228 2214 jam
261 2142 455 2198 fatum
502 2141 759 2216 legatum
781 2144 909 2215 jam
940 2160 1047 2199 nos
1086 2143 1392 2216 scripsisse
1418 2144 1765 2211 recolamus,

112 2231 315 2287 eadem
328 2235 530 2287 tamen
559 2248 712 2287 nunc
733 2232 1200 2288 scriberevestra
1216 2233 1558 2288 beatitudini
1575 2237 1767 2289 ratum

110 2320 412 2375 duximus.
446 2319 705 2392 Denique
739 2320 958 2393 Opinati
989 2338 1217 2388 sumus,
1250 2326 1307 2378 et
1335 2322 1526 2377 adhuc
1556 2321 1766 2377 nihilo-

111 2408 308 2464 minus
325 2407 824 2481 Opinamur,quod
845 2410 1032 2481 pietas
1045 2410 1173 2481 ejus
1194 2411 1430 2466 tandem
1455 2410 1768 2482 aliquando

113 2496 445 2569 resipiscat,
477 2501 536 2552 et
586 2498 656 2554 de
699 2498 968 2554 Ecclesia
999 2499 1647 2572 Constantinopolitanae
1680 2517 1768 2555 re-

114 2586 438 2642 staurando
488 2589 648 2642 statu
692 2587 860 2643 nobis
891 2586 1154 2643 salubria
1190 2588 1539 2644 sudentibus
1567 2589 1767 2660 acqui-

112 2679 269 2731 escat
299 2692 313 2730 :
351 2675 554 2747 sicque
584 2676 822 2731 demum
845 2676 1042 2731 omnia
1062 2676 1435 2749 scripta,qua
1459 2676 1609 2731 male
1630 2680 1770 2732 sunt

115 2763 577 2836 compilata,non
608 2763 799 2820 solum
826 2765 1104 2821 adversus
1129 2782 1235 2821 nos
1256 2770 1311 2821 et
1333 2766 1482 2821 hanc
1503 2769 1767 2821 sanctam

115 2852 459 2918 Ecclesiam,
477 2870 678 2909 verum
708 2853 883 2909 etiam
916 2858 1119 2910 contra
1144 2855 1382 2910 fratrem
1414 2859 1680 2910 nostrum
1711 2858 1770 2911 et

117 2942 597 2998 comministrum
628 2942 942 3016 Ignatium,
978 2960 1172 2999 coram
1224 2942 1493 2999 universa
1537 2943 1770 3016 imperii

115 3029 204 3085 sui
240 3029 622 3086 multitudine
671 3030 791 3104 igni
840 3032 1127 3087 tradenda
1155 3032 1445 3087 decernat.
1498 3030 1769 3104 Alioquin

110 3120 232 3190 jam
263 3120 497 3174 cunctis
528 3119 795 3176 Ecclesia
821 3120 1091 3176 fidelibus
1109 3138 1233 3192 qua
1260 3121 1406 3176 foret
1436 3120 1767 3192 apostolica

1873 550 2143 601 scrutans
2194 548 2241 601 si
2295 564 2401 601 sua
2427 546 2586 602 illam
2621 566 2734 603 non
2777 549 2958 604 fuisse
2990 551 3373 621 praeceptione
3404 556 3521 606 tam

1874 652 2166 690 canosam
2199 636 2479 692 invenerit
2499 638 2966 704 confectam,imo
2990 639 3259 695 toxicatis
3282 640 3527 712 syllabis

1872 722 2146 778 infectam
2206 724 2536 796 epistolam,
2570 731 2635 781 ut
2689 726 2921 783 interim
2980 727 3052 783 de
3109 731 3194 783 tot
3234 729 3529 802 prastigia

1874 812 2195 868 texentium
2228 830 2398 885 pana
2426 818 2879 888 taceamus,qua
2914 816 3046 872 illos
3077 834 3138 872 se
3168 817 3288 873 zelo
3316 819 3524 874 verita-

1874 901 1951 955 tis
1984 901 2296 974 ﬂagrantes
2314 902 2598 959 involvere
2619 898 2886 959 convenit
2909 923 2921 972 ;
2948 905 3153 961 saltem
3177 905 3356 979 hujus
3371 909 3528 965 socia

1875 994 2111 1061 accepta
2142 995 2198 1046 et
2228 990 2421 1063 palam
2473 992 2699 1049 cunctis
2730 993 2863 1064 igne
2893 1011 3177 1051 succensa
3207 1013 3309 1068 per
3336 998 3528 1070 Augu-

1878 1078 2053 1133 stales
2083 1095 2223 1134 suos
2253 1083 2371 1134 tam
2403 1080 2574 1135 nobis
2615 1098 2792 1153 quam
2825 1084 3119 1151 omnibus,
3152 1086 3222 1140 ad
3275 1103 3526 1158 quorum

1875 1166 2144 1221 notitiam
2194 1168 2476 1238 pervenit,
2535 1169 2856 1227 destinatos
2914 1171 3108 1243 apices
3174 1178 3524 1247 competenti

1877 1254 2271 1310 satisfactione
2301 1272 2333 1310 a
2364 1260 2484 1311 tam
2515 1274 2784 1329 perverso
2815 1265 3082 1327 sensu,et
3112 1266 3230 1317 tam
3267 1264 3527 1335 profanis

1877 1341 2578 1417 adinventionibus,quod
2608 1364 2641 1402 a
2671 1364 2847 1402 sensu
2880 1366 2986 1404 suo
3017 1367 3131 1405 non
3166 1351 3339 1407 fuerit
3368 1370 3524 1409 com-

1878 1430 2092 1487 mentis
2120 1432 2424 1501 tradita,se
2455 1434 2721 1491 exhibeat
2750 1454 2990 1508 prorsus
3020 1437 3364 1496 immunem.
3393 1443 3526 1499 Jam

1875 1537 2008 1576 vero
2040 1521 2088 1575 si
2123 1521 2235 1577 sibi
2288 1522 2345 1577 in
2395 1524 2596 1580 multis
2644 1525 2985 1595 hujusmodi
3030 1527 3527 1589 sollicitudinibus

1877 1615 2156 1682 occupato
2186 1612 2530 1684 subreptum
2563 1617 2745 1680 est,ut
2760 1614 2900 1670 talia
2921 1615 3173 1673 scribere
3200 1621 3523 1690 mandaret,

1877 1714 1949 1752 ne
1980 1697 2173 1771 pigeat
2198 1698 2565 1757 clementiam
2600 1703 2727 1774 ejus
2750 1704 2923 1759 etiam
2947 1704 3053 1759 hoc
3076 1705 3270 1778 ipsum
3293 1708 3530 1765 humili-

1876 1787 1965 1840 ter
1993 1788 2275 1855 confiteri,
2310 1793 2367 1844 et
2396 1788 2627 1863 legibus
2668 1791 2813 1859 suis,
2845 1796 2910 1847 ut
2938 1792 3277 1864 hujusmodi
3310 1799 3528 1871 scripta

1877 1873 2099 1930 nullius
2120 1875 2445 1932 habeantur
2466 1880 3083 1947 momenti,deeernere
3113 1901 3126 1939 :
3153 1884 3234 1940 ita
3267 1889 3329 1940 ut
3348 1903 3527 1958 penes

1877 1978 2050 2032 quem
2109 1969 2338 2037 reperta
2403 1968 2639 2035 fuerint,
2702 1969 2993 2042 impunito
3052 1989 3167 2027 non
3228 1976 3526 2044 evadenle,

1877 2048 2064 2121 ipsius
2108 2069 2340 2124 quoque
2386 2072 2535 2127 sape
2584 2061 2935 2126 memorata,
2993 2076 3059 2115 ac
3106 2076 3338 2133 semper
3366 2080 3525 2120 exse-

1877 2140 2105 2194 cranda
2131 2141 2386 2213 epistola
2412 2144 2497 2199 vel
2527 2145 2877 2217 exemplaris
2908 2148 3036 2218 ejus
3068 2148 3530 2221 apices,inteme-

1878 2228 2022 2283 ratis
2054 2247 2158 2301 pro
2190 2233 2512 2287 reverentia
2543 2234 2917 2290 manentibus
2943 2236 3127 2293 sacris
3148 2238 3526 2309 dictionibus,

1879 2315 2149 2401 ﬂammeo
2182 2319 2469 2375 dedantur
2496 2320 2618 2394 igni
2649 2323 3007 2378 voranda.Et
3037 2329 3102 2379 ut
3132 2325 3382 2382 sinistra
3415 2328 3534 2401 opi-

1878 2400 2073 2461 nionis
2102 2410 2445 2480 navo,quod
2472 2426 2539 2464 ex
2562 2409 2923 2483 blasphemis
2943 2400 3528 2487 scriptisincurreret,

1878 2510 2073 2551 carere
2103 2496 2374 2565 valeat,e‘.
2403 2498 2668 2572 ingratus
2700 2499 2857 2555 ﬁlius
2887 2500 3040 2556 circa
3068 2508 3316 2559 matrem
3339 2522 3530 2573 suam,

1878 2597 1946 2635 ex
1976 2599 2091 2653 qua
2122 2583 2447 2655 imperandi
2496 2585 2792 2657 fastigium
2824 2586 2948 2659 ipse
2986 2595 3043 2643 et
3072 2594 3266 2660 patres
3297 2593 3388 2647 sui
3438 2610 3532 2649 or~

1880 2669 2014 2725 dine
2035 2670 2578 2744 calitusdispositio
2592 2674 3131 2746 percepit,nuilaten
3142 2696 3211 2733 us
3233 2685 3529 2752 appareat.

1877 2759 1976 2813 Sin
2008 2764 2225 2826 autem,
2260 2760 2482 2827 scitote,
2516 2763 2794 2833 quoniam
2828 2768 3138 2836 postquam
3173 2767 3231 2821 in
3263 2768 3373 2824 hac
3393 2786 3530 2825 eum

1878 2848 2198 2920 pertinacia
2228 2848 2536 2921 persistere
2567 2849 2680 2906 ﬁne
2709 2855 2882 2907 tenus
2910 2852 3054 2908 velle
3083 2856 3478 2928 comperimus
3514 2874 3528 2913 :

1879 2937 2133 3009 primum
2166 2938 2403 3010 quidem
2436 2938 2803 3010 congregatis
2833 2945 3177 2999 cunctarum
3201 2944 3530 3001 occidenta-

1878 3025 2022 3082 lium
2037 3026 2342 3101 regionum
2356 3029 2789 3084 venerabilibus
2803 3031 3202 3087 sacerdotibus
3217 3033 3531 3091 dictatores

1879 3121 1937 3171 et
1966 3116 2371 3188 dispositores,
2406 3120 2583 3188 atque
2628 3122 3012 3189 praeceptores
3060 3123 3235 3175 tanta
3267 3120 3528 3195 fallacia,

114 3207 269 3263 sedis
298 3208 639 3277 auctmitas,
673 3208 763 3264 vel
813 3226 938 3280 qua
978 3190 1427 3265 fabricator-ibus
1459 3190 1768 3277 mendacii,
1800 3190 1844 3258 C
1882 3221 1982 3260 seu
2018 3204 2433 3260 crudelissima
2489 3206 2880 3277 derogationis
2908 3212 3263 3277 sanctarum,
3304 3210 3391 3265 vel
3425 3190 3531 3283 pa;

114 3312 212 3351 seu
237 3296 643 3352 inventoribus
655 3314 1061 3369 perversorum
1075 3298 1416 3370 dogmatum
1438 3298 1773 3354 immineret

112 3384 541 3459 ultio,profecto
563 3387 996 3458 patesceret.lm
1004 3386 1283 3459 possibile
1296 3392 1383 3443 est
1399 3387 1554 3442 enim
1569 3388 1771 3460 (quan-

114 3490 285 3546 quam
303 3478 539 3530 nostras
557 3491 665 3530 nos
680 3473 962 3546 speciales
978 3474 1225 3546 injurias
1238 3492 1440 3531 curare
1462 3476 1769 3548 ﬂoccipen-

114 3562 346 3635 damus)
360 3565 734 3618 uttantorum
765 3579 832 3618 ac
866 3562 1072 3618 talium
1086 3567 1422 3619 sanctorum
1445 3564 1682 3619 Patrum
1714 3568 1771 3620 et

116 3654 617 3723 propugnatorum
652 3651 946 3707 catholica
960 3651 1320 3719 Ecclesia,ac
1336 3653 1768 3708 destructorum

116 3738 478 3795 diversarum
498 3740 795 3796 hareseon
827 3744 1001 3812 atque
1032 3742 1403 3796 defensorum
1437 3741 1767 3797 orthodoxa

116 3828 245 3885 ﬁdei
260 3828 662 3901 blasphemias
675 3829 1079 3901 aquanimiter
1089 3830 1580 3886 sustineamusvel
1592 3831 1769 3887 etiam

115 3920 286 3973 tanta
299 3915 606 3985 sedis,sive
616 3921 736 3972 tam
750 3917 1083 3974 excellentis
1096 3917 1362 3974 Ecclesia
1375 3919 1769 3987 Romana,cui

112 4005 227 4061 Deo
239 4005 607 4061 deservimus
620 4010 873 4075 auctore,
907 4011 1080 4062 contu
1091 4006 1292 4062 melias
1310 4007 1693 4078 perferamus.

179 4093 424 4162 Verum,
457 4095 725 4166 quamvis
772 4099 830 4150 et
879 4096 951 4151 de
1000 4094 1168 4151 nobis
1216 4094 1515 4151 humiliter
1547 4094 1768 4151 sentia-

116 4199 272 4250 mus,
308 4200 428 4238 non
473 4188 690 4251 tamen,
725 4183 1084 4240 conscientia
1128 4184 1405 4251 dictante,
1458 4200 1594 4239 vera
1640 4200 1767 4240 esse

112 4287 238 4342 qua
269 4272 344 4327 de
376 4271 548 4327 nobis
594 4272 914 4344 perhibuit,
944 4289 1348 4329 asseveramus
1381 4288 1394 4327 :
1430 4273 1530 4328 sed
1560 4272 1651 4335 (ut
1680 4272 1766 4326 di-

110 4359 326 4433 ximus)
359 4378 430 4416 ea
460 4361 1008 4434 postponentes,illa
1038 4361 1232 4434 potius
1258 4379 1384 4434 qua
1397 4362 1534 4418 Jesu
1554 4361 1769 4417 Christi

114 4453 268 4517 sunt,
289 4449 738 4522 investigamus,
760 4456 818 4506 et
847 4449 896 4506 si
927 4468 1045 4523 qua
1072 4450 1224 4506 male
1256 4454 1533 4524 congesta
1561 4451 1769 4506 adver—

1879 3298 2178 3349 ternarum
2209 3294 2593 3349 traditionum
2625 3296 2697 3350 ab
2720 3295 2877 3350 omni
2901 3296 3230 3353 Christiana
3250 3314 3530 3372 compage

1879 3387 2152 3450 remotos,
2178 3382 2499 3455 apostolica
2528 3384 2655 3438 freti
2688 3383 3056 3451 auctoritate,
3087 3385 3251 3441 duris
3285 3388 3531 3444 anathe-

1878 3473 2057 3528 matis
2103 3472 2353 3527 vinculis
2401 3471 2818 3528 innodabimus
2852 3489 2864 3527 :
2898 3490 3117 3529 necnon
3170 3478 3227 3530 et
3267 3475 3527 3544 Patrum,

1878 3579 1945 3617 ac
2006 3562 2497 3634 pradecessorum
2558 3577 2823 3617 meorum
2874 3562 3058 3617 secuti
3114 3563 3378 3637 vestigia,
3428 3565 3531 3637 qui

1878 3650 2032 3707 soliti
2056 3655 2197 3705 sunt
2215 3650 2392 3705 etiam
2420 3668 2867 3707 numerosorum
2883 3650 3131 3707 concilia
3160 3651 3426 3725 nequiter
3445 3671 3534 3710 ce-

1877 3738 2103 3795 lebrata
2132 3756 2365 3794 cassare
2395 3739 2812 3810 pontificum,si
2833 3757 2951 3811 qua
2982 3741 3141 3797 socia
3165 3746 3303 3797 sunt
3333 3743 3533 3799 crebro

1877 3827 2044 3883 dicta
2075 3826 2164 3881 vel
2196 3827 2550 3899 exemplaria
2571 3826 2836 3883 fortassis
2858 3828 3141 3900 epistola:
3175 3829 3315 3902 quin
3338 3831 3534 3903 potius

1877 3933 1991 3971 non
2019 3916 2209 3971 solum
2242 3915 2385 3981 hac,
2418 3915 2519 3969 sed
2552 3920 2609 3969 et
2647 3915 2846 3970 omnia
2876 3917 3116 3988 scripta,
3158 3934 3284 3989 qua
3310 3919 3397 3974 vel
3433 3921 3533 3975 ad-

1875 4021 2079 4060 versus
2112 4006 2345 4059 fratrem
2380 4009 2437 4059 et
2489 4004 2897 4076 coepiscopum
2940 4009 3205 4060 nostrum
3240 4006 3530 4079 lgnatium

1875 4092 2076 4165 inique
2107 4092 2480 4160 confecta,vel
2513 4093 2792 4147 adversus
2822 4109 2937 4147 non
2972 4109 3211 4147 causam
3243 4092 3403 4149 illius
3434 4110 3529 4150 ca-

1876 4181 2082 4237 nonice
2107 4185 2547 4253 prosequentes,
2574 4180 2792 4236 furiose
2841 4180 3185 4252 depromota
3228 4186 3386 4251 sunt,
3438 4200 3532 4256 pe-

1876 4269 2042 4326 renni
2073 4260 2437 4325 damnationi
2471 4268 2907 4324 mandabimus.

1947 4359 2168 4414 Deinde
2197 4374 2330 4413 vero
2379 4357 2830 4413 decernentibus
2879 4358 3210 4428 nobiscum,
3253 4364 3310 4415 et
3352 4360 3530 4417 simul

1876 4446 2385 4511 considerantibus
2437 4445 2657 4502 eisdem
2712 4446 3104 4502 sanctissimis
3156 4448 3435 4505 fratribus
3474 4455 3532 4506 et

114 4554 213 4593 sus
239 4539 371 4610 ejus
403 4537 966 4608 famulos,adversus
987 4540 1036 4610 ej
1049 4557 1115 4595 us
1147 4540 1768 4605 ordinationes,adver—
1798 4557 1845 4622 D
1876 4536 2237 4608 coepiscopis
2268 4534 2700 4607 nostris,ipsam
2714 4535 3097 4607 epistolamin
3121 4535 3318 4608 stipite
3335 4536 3531 4594 viden-

110 4643 211 4682 sus
223 4629 355 4699 ejus
368 4626 783 4698 dispositiones
796 4627 1056 4684 stabilita
1081 4627 1384 4700 privilegia
1397 4629 1768 4699 reperiuntur

110 4714 271 4770 nulla
314 4714 604 4787 patientia
629 4715 970 4784 toleramus,
1003 4720 1060 4772 et
1108 4733 1224 4771 non
1273 4715 1463 4772 solum
1514 4716 1636 4772 hac
1666 4718 1763 4773 de-

108 4807 333 4860 struere
358 4803 499 4858 totis
526 4803 749 4861 viribus
766 4804 1343 4872 anhelamus,vcrum
1363 4805 1539 4860 etiam
1554 4806 1766 4861 conﬂa-

106 4891 332 4948 toribus
376 4895 552 4948 tanta
596 4893 993 4966 perversitatis
1024 4894 1264 4967 dignam
1294 4893 1764 4950 vicissitudinem

105 4981 348 5037 reddere
380 4982 706 5038 necessario
738 4983 1413 5039 meditamur.Nimirum
1439 4999 1510 5038 ne
1527 4981 1633 5037 hos
1664 4982 1763 5055 qui

106 5068 435 5142 impunitos
462 5068 720 5139 intuens,
753 5076 857 5127 aut
904 5088 1082 5142 nunc,
1115 5074 1217 5126 aut
1265 5071 1461 5126 futuro
1506 5075 1766 5142 tempore

107 5157 384 5230 deinceps
414 5157 558 5214 talia
587 5163 905 5231 prasumat
919 5160 1213 5233 prastigia
1236 5159 1510 5215 falsitatis
1532 5176 1766 5232 compo-

107 5262 261 5314 nere,
293 5246 386 5304 vel
436 5252 769 5305 commenta
814 5248 1314 5321 blasphemiarum
1355 5248 1766 5319 hujuscemodi

108 5335 407 5409 figmentis
437 5336 800 5393 contrahere.

176 5426 548 5498 Quapropter
589 5425 778 5481 eidem
826 5425 1163 5499 imperatori
1209 5424 1635 5480 sublimissimo
1666 5441 1768 5497 per

105 5513 419 5584 epistolam
450 5514 802 5585 prasulatus
831 5514 1015 5570 nostri
1039 5513 1396 5571 cohortando
1422 5513 1764 5581 direximus,

104 5600 163 5655 in
194 5617 314 5674 qua
342 5602 524 5658 etiam
553 5618 657 5659 vos
687 5604 756 5681 ad
789 5608 989 5659 votum
1021 5607 1286 5659 nostrum
1318 5600 1583 5658 laborare
1608 5618 1766 5658 sum-

1875 4625 2033 4680 tibus
2064 4624 2290 4680 cunctis
2321 4641 2694 4697 suspensam,
2727 4628 2890 4680 vasto
2934 4625 3241 4697 supposito
3276 4626 3420 4692 foco,
3456 4629 3524 4682 ad

1874 4713 2117 4786 vituperi
2129 4730 2226 4768 um
2252 4713 2455 4785 imperi
2464 4713 2573 4769 alis
2587 4713 2770 4786 apicis
2783 4730 2977 4769 coram
2995 4713 3270 4769 omnibus
3285 4713 3530 4769 nationi-

1874 4803 2004 4870 bus,
2033 4819 2160 4874 qua
2190 4818 2368 4874 penes
2398 4801 2742 4858 memoriam
2773 4802 2958 4858 sancti
2990 4802 3140 4858 Petri
3173 4801 3530 4876 multiplices

1874 4891 2271 4956 inveniuntur,
2303 4896 2574 4947 extrema
2605 4890 2914 4963 perditioni
2946 4889 3298 4946 donabimus
3333 4909 3346 4947 :
3382 4908 3533 4964 qua-

1872 4984 2045 5035 tenus
2074 4979 2168 5035 his
2218 4978 2325 5034 rite
2359 4978 2601 5051 paratis,
2634 4980 2821 5035 discat
2873 4978 3008 5051 pius
3058 4979 3211 5052 quod
3264 4984 3441 5044 amet,
3472 4985 3530 5036 et

1874 5067 2127 5124 crudelis
2154 5067 2305 5139 quod
2340 5067 2562 5121 timeat.
2586 5066 2730 5122 Nam
2765 5071 2851 5122 tot
2878 5072 2937 5122 et
2964 5067 3104 5123 talia
3134 5066 3529 5139 blasphemia-

1876 5173 2006 5212 rum
2040 5155 2540 5227 commenta,quin
2567 5154 2764 5226 potius
2780 5156 3073 5211 veracium
3094 5155 3417 5211 litterarum
3437 5156 3532 5211 de-

1874 5244 2505 5318 pravationes,audisse
2534 5249 2592 5299 et
2620 5244 3234 5312 tacuisse,connivisse
3264 5249 3372 5300 est.

1945 5335 2352 5403 Quamobrem,
2423 5332 2784 5388 venerabiles
2851 5333 3079 5400 fratres,
3146 5333 3314 5388 valde
3382 5332 3528 5388 mihi

1876 5423 2049 5497 (sicut
2071 5422 2183 5495 ipsi
2220 5421 2712 5493 comprehendere
2763 5421 3052 5493 poteritis)
3080 5422 3402 5477 cavendum
3437 5426 3528 5477 est

1876 5513 2023 5580 ne,si
2055 5529 2161 5567 nos
2192 5509 2619 5583 prastigiorum
2669 5508 2965 5581 figmentis
3014 5509 3212 5565 minus
3260 5508 3528 5565 celeriter

1873 5600 2320 5665 obviaverimus,
2346 5603 2628 5670 tanquam
2657 5616 2794 5655 vera
2824 5598 3119 5671 recognita
3145 5598 3233 5655 vel
3266 5614 3529 5671 compro-
