3894 6218
1297 356 1702 435 Εριετρωε
1746 358 1844 435 ΕΤ
1876 358 2270 423 ΒΕΟΗΕΤΑ.

3312 376 3467 442 1090

74 490 123 544 in
150 486 320 545 altam
360 486 577 544 mentis
616 504 809 544 arcem
840 489 1233 557 conscendite,
1266 494 1323 546 et
1363 492 1423 545 in
1463 508 1697 565 gregem
1722 495 1783 575 Α
1815 492 2000 548 clcsize
2032 496 2384 566 compati,et
2405 500 2531 569 ejus
2553 502 3265 579 perturbationem,atque
3296 510 3457 568 detri-

68 574 418 651 Dominicum
461 576 645 631 feram
690 576 1009 651 pessimam
1041 578 1259 635 irruere
1307 580 1637 652 cupientem
1669 598 1704 636 a

73 665 222 740 longe
252 664 752 737 contemplamini.
778 666 945 734 Quasi
975 669 1106 722 tuba
1143 669 1380 724 exaltate
1407 685 1586 724 vocem
1614 687 1700 725 ve-

70 763 240 820 stram,
261 761 311 809 et
339 756 670 827 annuntiate
696 757 893 831 populo
923 757 1023 812 Dei
1049 757 1249 812 scelera
1280 774 1468 813 eorum
1499 778 1517 813 :
1544 775 1707 830 super

72 852 284 917 montem
311 843 608 910 excelsum,
639 842 697 899 id
740 848 829 899 est
867 842 1242 900 altitudinem
1273 846 1582 913 virtutum,
1612 863 1707 903 as-

73 932 274 988 cendite.
307 933 419 1002 Qui
463 933 856 1002 euangelizatis
884 932 1039 1001 Sion,
1066 941 1204 990 state
1253 936 1314 990 in
1359 936 1703 1007 fortitudine,

68 1022 398 1095 potestatibus
428 1021 593 1091 hujus
622 1022 818 1078 arenti
845 1039 915 1077 ex
945 1022 1169 1079 adverso
1200 1024 1489 1093 ascendite,
1514 1034 1566 1081 et
1590 1042 1710 1080 mu-

74 1127 179 1164 rum
201 1125 297 1181 pro
344 1108 501 1165 domo
547 1110 646 1164 Dei
692 1112 968 1182 opponite,
993 1128 1057 1165 ac
1105 1112 1433 1183 quibuslibet
1472 1120 1708 1184 potesta—

72 1200 197 1254 tibus
250 1199 439 1271 inique
496 1199 784 1268 agent-ibus
840 1202 1111 1256 contraite
1151 1201 1275 1273 (Isa.
1327 1203 1426 1270 L11)
1460 1218 1472 1255 :
1508 1202 1709 1274 sicque

71 1289 174 1351 fiet,
197 1291 259 1342 ut
288 1303 396 1355 nec
428 1286 580 1342 sicut
609 1304 785 1344 canes
820 1288 969 1343 muti
1001 1290 1073 1344 de
1115 1289 1515 1346 taciturnitate
1543 1289 1709 1364 argui

70 1375 309 1442 valeatis,
343 1391 452 1431 nec
482 1376 554 1432 de
583 1375 786 1432 talenti
823 1377 1216 1434 occultatione
1246 1378 1566 1435 districtam
1600 1380 1709 1435 Do-

71 1465 211 1520 mino
238 1464 524 1520 rationem
566 1464 811 1521 reddere
852 1465 1309 1539 compellamini,
1343 1485 1561 1540 vosque
1591 1468 1712 1541 epi-

72 1570 257 1626 scopos
312 1557 372 1609 et
417 1555 864 1610 consacerdotes
917 1559 1171 1621 nostros,
1216 1555 1336 1611 imo
1394 1556 1712 1613 Ecclesiam

70 1641 261 1696 Christi
289 1640 408 1696 illis
440 1642 500 1699 in
529 1642 794 1714 partibus
818 1644 1204 1698 constitutam
1235 1645 1306 1699 ab
1335 1645 1556 1718 ingenti
1590 1664 1714 1719 per-

72 1730 220 1799 nicie,
245 1746 309 1785 ac
340 1730 517 1785 noxia
545 1728 677 1786 labe
709 1731 837 1804 ipso
865 1732 1103 1803 juvante
1136 1732 1517 1789 laudabiliter
1546 1751 1714 1789 erua-

71 1820 151 1883 tis,
178 1818 638 1890 mirabiliterque
668 1819 906 1892 regatis.

131 1907 335 1963 Verum
363 1924 473 1963 nos
495 1908 566 1967 de
596 1907 745 1980 ipsis
768 1908 890 1964 haec
916 1908 1080 1964 vobis
1110 1910 1423 1983 scripsisse
1444 1911 1702 1967 sufﬁciat

75 1997 175 2051 Pax
198 2000 389 2051 autem
412 1995 537 2062 Dei,
556 2011 683 2069 quae
698 2005 992 2070 exsuperat
1009 2013 1219 2054 omnem
1240 2015 1458 2055 sensum
1476 1999 1709 2073 (Philip-

73 2087 159 2154 ιγ),
190 2084 640 2155 praecordiorum
692 2091 1023 2141 vestrorum
1071 2086 1279 2142 intima
1322 2092 1623 2160 penetret:
1657 2096 1714 2180 ei

68 2191 231 2246 quam
254 2174 324 2230 de
347 2172 542 2230 salute
562 2174 827 2229 omnium
848 2177 1108 2230 vestrum
1132 2175 1366 2231 solliciti
1394 2172 1715 2243 simus,vo:

69 2262 97 2316 b
111 2262 155 2317 is
176 2261 325 2318 Deus
341 2260 719 2334 omnipotens
743 2261 1059 2320 clementer
1079 2264 1327 2336 aperiat;
1349 2267 1405 2320 et
1421 2266 1715 2344 quomodo

73 2368 161 2405 vos
184 2349 492 2423 cupiamus
525 2350 583 2405 in
617 2350 942 2407 visceribus
986 2351 1223 2419 Christi,
1247 2356 1304 2407 et
1336 2353 1394 2407 in
1446 2354 1714 2410 Ecclesia:

72 2440 273 2513 gremio
293 2439 616 2517 continere,
633 2457 760 2513 quae
780 2440 995 2497 diffusa
1016 2441 1075 2496 in
1096 2445 1219 2497 toto
1239 2442 1378 2498 orbe
1400 2447 1712 2513 terrarum,

75 2529 225 2600 quasi
256 2526 435 2584 unius
481 2528 697 2584 Christi
749 2528 1045 2585 thalamus
1078 2535 1188 2599 est,
1215 2535 1391 2603 atque
1423 2531 1479 2586 in
1512 2536 1717 2589 sancta

77 2618 475 2673 communione
503 2635 621 2672 una
638 2618 940 2675 vobiscum
975 2619 1392 2692 persistere,ut
1419 2638 1602 2676 unum
1625 2638 1714 2676 sa-

65 2707 277 2778 piamus
299 2710 594 2777 omnes,et
611 2724 728 2762 non
745 2708 864 2763 sint
882 2708 939 2763 in
960 2707 1128 2764 nobis
1144 2709 1710 2780 schismataUCom),

73 2793 512 2851 illuminationis
545 2813 663 2851 suae
693 2796 882 2868 gratia
914 2796 1168 2853 revelare
1189 2797 1507 2870 dignetur:
1536 2799 1618 2854 ita
1649 2805 1716 2856 ut

70 2883 132 2938 de
152 2884 518 2956 corruptione
548 2882 810 2940 ﬁdelium
843 2886 1296 2958 congaudentes,
1322 2891 1379 2941 et
1402 2892 1683 2961 congratu

71 2971 394 3039 lantes,uno
418 2972 636 3040 animo,
653 2977 708 3028 et
731 2990 846 3029 uno
877 2990 975 3029 ore
1000 2973 1397 3048 gloriﬁcemus
1417 2980 1473 3032 et
1495 2976 1683 3033 collau

68 3059 257 3116 demus
286 3061 476 3117 Deum
509 3061 736 3121 Patrem
766 3061 1058 3128 videlicet,
1086 3066 1144 3119 et
1175 3061 1409 3134 Filium,
1435 3069 1492 3122 et
1534 3065 1688 3138 Spiri

63 3154 175 3203 tum
204 3153 473 3209 sanetum
497 3166 598 3223 per
616 3148 848 3206 infinita
867 3150 1079 3207 saecula
1099 3151 1468 3209 saeculorum.
1483 3155 1688 3209 Amen.

1737 1864 1785 1937 B

1813 585 2077 637 mentum
2111 583 2525 643 molestissime
2557 590 2703 647 ferre
2726 608 2738 645 :
2761 592 2843 648 ita
2888 598 2953 649 ut
2992 595 3155 652 fratri
3187 601 3245 652 et
3273 599 3463 671 coepi-

1813 686 1988 742 scopo
2021 676 2220 728 nostro
2253 674 2472 746 Ignatio
2506 678 2769 747 ejusdem
2796 681 3063 738 Ecclesiae
3094 687 3460 756 patriarchae,

1813 759 2060 830 ejusque
2085 760 2425 831 dejectionis
2452 767 2763 823 condoleas
2787 773 2843 825 et
2865 774 3265 842 congemiscas
3290 792 3302 829 :
3333 775 3467 831 licet

1815 846 1992 918 (sicut
2022 851 2342 923 oportebat)
2373 851 2553 910 libere
2600 873 2747 927 pene
2796 859 3025 916 nullum
3075 862 3126 917 ei
3176 864 3461 921 auxilium

1815 941 2072 1006 praestes.
2098 938 2240 993 Nam
2273 942 2663 1011 perfectorum
2696 948 2953 1003 virorum
2986 955 3094 1017 est,
3124 969 3239 1007 non
3271 952 3462 1009 solum

1808 1024 2104 1094 justitiam
2164 1030 2220 1082 et
2264 1029 2568 1087 veritatem
2629 1050 2754 1106 quae
2799 1036 3068 1094 Christus
3127 1045 3234 1109 est,
3269 1058 3465 1099 coram

1818 1114 2046 1167 cunctis
2078 1117 2283 1171 mundi
2327 1119 2693 1193 principibus
2733 1126 3232 1203 confiteri,verum
3265 1132 3463 1199 etiam,

1819 1200 1867 1254 si
1893 1218 2130 1258 necesse
2158 1204 2255 1273 sit,
2280 1223 2466 1278 usque
2497 1210 2567 1264 ad
2600 1218 2847 1268 mortem
2880 1218 3001 1271 tota
3026 1200 3238 1275 virtute
3271 1221 3468 1276 defen-

1820 1289 1975 1346 dere.
2000 1291 2140 1356 Quis
2173 1294 2328 1350 enim
2349 1296 2624 1366 ﬁliorum,
2646 1300 2758 1355 nisi
2783 1302 3069 1375 ingratus,
3093 1306 3202 1363 nisi
3226 1308 3468 1381 impius,

1820 1379 2180 1471 non-doleat,
2204 1400 2320 1438 non
2355 1402 2542 1457 usque
2572 1389 2642 1443 ad
2678 1396 2923 1447 mortem
2957 1400 3185 1467 satagat
3214 1379 3329 1469 pro
3349 1398 3468 1471 spi-

1820 1465 1975 1521 ritali
2007 1472 2171 1539 patre
2201 1488 2308 1527 suo
2339 1476 2457 1528 tam
2490 1475 2706 1533 furiose
2745 1478 3061 1551 dejecto,et
3089 1465 3121 1538 a
3153 1465 3471 1547 commissa

1822 1555 1929 1610 sibi
1956 1556 2236 1615 divinitus
2255 1578 2396 1617 cura
2410 1565 2687 1635 pastorali
2708 1570 2828 1623 tam
2850 1572 3065 1627 temere
3083 1579 3467 1646 sequestrate,

1821 1643 1966 1736 etin
1994 1644 2187 1703 locum
2210 1650 2337 1720 ejus
2361 1652 2624 1709 adultero
2642 1656 2996 1731 subrogato?
3016 1643 3181 1728 Quis,
3201 1643 3466 1736 inquam,

1823 1732 2101 1803 filiorum,
2127 1737 2241 1792 nisi
2266 1739 2551 1812 ingratus,
2578 1743 2691 1799 nisi
2719 1745 2959 1817 impius,
2981 1766 3095 1805 non
3118 1732 3329 1821 doleat,
3354 1732 3469 1811 non

1823 1838 2010 1894 usque
2032 1825 2104 1879 ad
2131 1832 2375 1883 mortem
2399 1834 2626 1903 satagat
2657 1851 2760 1906 pro
2782 1840 2985 1893 sancta
3010 1839 3266 1898 Ecclesia
3286 1847 3471 1899 matre

1823 1926 1949 1978 sua,
1981 1929 2159 1984 quam
2190 1914 2371 1971 tantis
2401 1919 2612 1975 viderit
2640 1923 2898 1992 quotidie
2930 1930 3471 1998 perturbationibus

1822 1999 2054 2071 agitari,
2081 2006 2137 2057 et
2163 2006 2283 2059 tam
2317 2005 2715 2080 irregulariter
2752 2029 2859 2069 suo
2899 2020 3121 2074 rectore
3150 2020 3382 2091 privari,
3415 2024 3474 2077 et

1822 2086 2077 2143 invasori
2102 2106 2167 2145 ac
2199 2093 2489 2166 neopbyto
2520 2113 2623 2168 pro
2655 2098 2825 2157 libitu
2847 2086 3317 2180 uniuscujusque
3341 2086 3473 2166 con-

1822 2176 2219 2268 tradi‘I‘Curre
2248 2180 2447 2253 igitur,
2471 2185 2871 2256 dilectissime,
2895 2196 2951 2247 et
2981 2192 3030 2248 si
3062 2176 3151 2250 est
3180 2176 3472 2268 perfectus

1821 2263 1882 2319 in
1913 2268 1967 2321 te
1998 2266 2228 2323 Domini
2276 2271 2475 2341 timor,
2509 2274 2654 2331 nulli
2703 2281 2975 2349 potestati
3026 2263 3326 2341 veritatem
3378 2287 3474 2342 ab-

1822 2354 2059 2421 sconde,
2111 2356 2559 2430 Redemptorem
2609 2366 2853 2422 audiens
2904 2369 3193 2431 dicentem
3236 2390 3248 2428 :
3298 2376 3475 2436 Nolite

1822 2444 2015 2498 timere
2032 2461 2121 2500 eos
2143 2448 2241 2517 qui
2259 2463 2455 2520 corpus
2477 2453 2746 2523 occidunt,
2767 2459 3014 2514 animam
3028 2475 3209 2517 autem
3228 2480 3339 2520 non
3354 2480 3474 2535 pos-

1820 2540 1948 2587 sunt
1977 2533 2215 2589 occidere
2245 2553 2265 2590 :
2293 2537 2386 2591 sed
2411 2542 2603 2609 potius
2652 2560 2777 2598 eum
2823 2548 3022 2615 timete,
3046 2551 3160 2620 qui,
3178 2533 3474 2624 postquam

1821 2620 2104 2709 occiderit,
2132 2708 2141 2709 ί
2166 2622 2325 2679 habet
2380 2635 2692 2697 potestatem
2753 2636 2968 2690 mittere
3041 2639 3101 2692 in
3172 2620 3475 2709 qehennam

1820 2704 2006 2761 Matth.
2030 2708 2106 2777 ι).
2127 2708 2302 2766 Porro
2332 2711 2382 2766 si
2426 2716 2589 2770 tanta
2634 2716 2874 2783 libertas
2904 2722 2963 2777 in
2997 2728 3050 2779 te
3080 2704 3323 2797 spiritus
3355 2747 3471 2789 non

1822 2802 1927 2861 est,
1945 2811 2049 2849 nec
2078 2799 2131 2851 te
2154 2801 2384 2855 tantum
2410 2818 2575 2858 amor
2599 2805 2810 2863 Christi
2835 2813 3156 2881 succendit,
3175 2820 3239 2868 ut
3264 2817 3470 2877 mundi

1823 2883 2229 2976 potestatibus,
2263 2889 2416 2958 quod
2456 2907 2629 2962 prave
2670 2894 2947 2965 fecerunt,
2981 2916 3097 2955 non
3129 2904 3469 2976 corrigenti-

1822 2971 1933 3029 bus
1963 2971 2142 3069 libere
2173 2977 2538 3035 contradicas
2573 2996 2585 3034 :
2619 2981 2823 3039 saltem
2876 3003 2911 3049 a
2954 2989 3172 3057 fratris,
3196 2996 3254 3047 et
3283 2971 3470 3069 coepi-

1822 3060 1980 3137 scopi
2008 3062 2191 3117 nostri
2219 3065 2518 3135 Ignatii,et
2548 3074 3114 3133 communicatorum
3141 3080 3270 3151 ejus
3292 3060 3469 3153 (quod

1821 3152 2018 3205 tamen
2050 3154 2373 3241 secundum
2394 3154 2816 3230 indulgentiam
2840 3163 3114 3239 dicimus)
3136 3171 3191 3224 te
3211 3152 3470 3241 quacun—

126 3237 393 3310 Quisquis
417 3242 612 3294 autem
635 3237 786 3296 hanc
807 3239 1118 3312 epistolam
1145 3245 1410 3297 nostram
1430 3242 1682 3298 Constan
1743 3226 1785 3301 C
1818 3254 1931 3309 que
1977 3238 2211 3297 laesione
2267 3258 2463 3300 coerce
2499 3262 2512 3300 :
2545 3251 2601 3300 et
2629 3264 2663 3302 a
2694 3254 3108 3311 communione
3155 3256 3465 3331 invaseris,

66 3325 289 3398 tinopoli
310 3326 615 3399 legerit,et
631 3344 833 3384 eorum
857 3328 1082 3385 notioni
1102 3328 1251 3401 [ϐοά.
1272 3330 1463 3399 Vatic.,
1480 3332 1691 3387 notitio

68 3414 246 3483 nibus,
264 3415 638 3488 qui],quibus
658 3416 900 3473 missam
920 3417 1619 3492 intellexerit,quidquam
1643 3438 1711 3477 ex

66 3502 165 3570 his,
181 3520 305 3575 quae
335 3504 396 3558 in
425 3521 493 3563 ea
523 3509 663 3561 sunt
689 3504 1082 3573 occultaverit,
1108 3506 1157 3561 si
1181 3506 1377 3563 locum
1401 3513 1592 3580 potest
1612 3510 1706 3564 in-

63 3591 239 3647 venire
254 3592 669 3662 sufﬁcientem,
686 3594 997 3650 anathema
1020 3594 1401 3669 sit.Quisquis
1421 3598 1596 3654 etiam
1620 3598 1707 3654 in-

65 3683 395 3752 terpretatus
417 3698 546 3736 eam
570 3681 829 3749 fuerit,et
845 3698 913 3737 ex
934 3700 1001 3738 ea
1023 3683 1346 3756 quidquam
1370 3686 1702 3756 mutaverit,

65 3766 140 3823 vel
158 3768 634 3837 subtraxerit,aut
654 3770 1123 3842 superaddiderit
1145 3776 1351 3844 praeter
1370 3773 1705 3847 illud,quod

62 3856 260 3913 idioma
309 3863 521 3915 Graecae
578 3859 853 3915 dictionis
908 3860 1106 3934 exigit,
1149 3860 1237 3916 vel
1295 3862 1705 3935 interpretanti

62 3945 351 4003 scientiam
383 3946 748 4021 intelligendi
777 3966 893 4005 non
924 3949 1152 4019 tribuit,
1187 3951 1501 4007 anathema
1532 3952 1629 4008 sit.

817 4054 928 4110 CV.

236 4143 308 4215 (a)
328 4160 403 4199 AD
433 4160 755 4203 ssnaronss
787 4161 1511 4203 consrsurmorourmos.

656 4296 661 4301 ,
688 4233 876 4305 (Anno
911 4234 1063 4302 866.)

67 4319 123 4375 Ut
146 4322 358 4392 faveant
386 4336 576 4381 causa:
603 4322 911 4450 Ignatilz;,hett
925 4322 1233 4407 abstineant
1263 4341 1297 4378 a
1324 4326 1703 4382 communione

858 4410 887 4448 ο
917 4411 979 4453 zz.

561 4482 747 4555 [Apud
782 4482 991 4551 Mansi,
1027 4483 1215 4561 ibid]-

125 4566 407 4645 Nicouius
427 4568 972 4643 episcopus,servus
995 4587 1294 4637 servorum
1312 4572 1434 4642 Dei,
1452 4573 1703 4647 singulis
1740 4594 1787 4663 Π

60 4655 405 4734 quibusdam
420 4658 1387 4735 senatoribusConstantinopoleos
1401 4679 1433 4717 a
1445 4662 1706 4734 paribus.

124 4744 406 4822 Fidelium
454 4746 756 4817 relatione,
790 4747 894 4822 qui
933 4748 1006 4803 ad
1048 4753 1384 4805 sanctorum
1416 4752 1708 4824 apostolo-

56 4848 177 4887 rum
202 4832 412 4911 limina
433 4834 715 4891 orationis
737 4836 926 4909 gratia
947 4837 1208 4919 veniunt,
1225 4837 1569 4910 agnovimus
1590 4839 1709 4913 glo-

56 4919 192 4977 riam
218 4920 383 4987 tuam
407 4924 471 4981 in
496 4924 597 4980 Dei
618 4941 748 4981 esse
779 4925 990 4981 timore
1016 4926 1235 4999 pariter
1254 4931 1311 4982 et
1331 4944 1529 4995 amore
1553 4946 1709 4985 sem-

55 5025 151 5079 per
178 5010 488 5087 intentam,
514 5016 574 5068 et
597 5011 657 5068 in
684 5013 814 5085 ejus
854 5014 1142 5070 famulatu
1175 5032 1432 5081 summa,
1459 5017 1710 5091 jugique

58 5096 349 5158 devotione
361 5101 1072 5180 sollicitam.Quapropter
1089 5104 1200 5159 Deo
1215 5104 1433 5176 gratias
1453 5106 1706 5180 agimus:

57 5190 109 5240 et
127 5191 188 5243 ut
208 5189 361 5267 bono
391 5174 592 5248 studio
615 5192 772 5263 quod
796 5174 1043 5265 coepisti,
1067 5174 1557 5267 perseverantiam
1588 5196 1704 5263 det,

57 5277 300 5355 atquein
325 5280 528 5335 futuro
551 5278 789 5351 dignam
812 5280 1279 5343 vicissitudinem
1311 5281 1554 5355 tribuat,
1579 5286 1707 5357 ejus

56 5365 515 5437 misericordiam
536 5368 885 5442 suppliciter
901 5386 1211 5429 exoramus
1228 5387 1241 5425 :
1258 5371 1545 5444 praecipue
1569 5391 1706 5446 quo-

56 5453 205 5510 niam
248 5456 466 5513 diceris
516 5456 767 5514 miseriae
800 5457 1577 5531 Constantinopolitanorum
1610 5463 1707 5518 Ec-

1821 3327 2191 3399 neophyti,ac
2209 3330 2457 3387 adulteri
2478 3333 2663 3390 Photii
2678 3339 2917 3395 omnino
2933 3345 3255 3415 suspende;
3275 3327 3469 3410 sciens

1820 3416 1959 3487 quia
1989 3434 2097 3472 nos
2117 3420 2455 3490 apostolica,
2480 3426 2780 3493 canonica,
2804 3445 3028 3487 necnon
3048 3437 3105 3488 et
3134 3436 3468 3495 rationabili

1818 3521 2067 3561 censura
2105 3508 2267 3578 juste
2318 3508 2498 3578 hunc,
2521 3517 2578 3568 et
2609 3517 2905 3587 synodico,
2937 3524 3111 3594 atque
3142 3527 3466 3585 secundum

1816 3593 2254 3668 privilegiorum
2274 3600 2601 3671 apostolica:
2619 3604 2777 3661 sedis
2798 3609 3206 3668 auctoritatem
3220 3614 3355 3685 jure
3375 3616 3470 3673 de—

1816 3684 2146 3754 posuimus,
2162 3689 2218 3740 et
2248 3704 2353 3759 pro
2384 3693 2469 3745 tot
2497 3693 3072 3762 praevaricationibus
3102 3705 3158 3756 et
3187 3684 3469 3774 praesum:

1817 3771 2117 3844 ptionibus
2141 3774 2267 3830 suis
2289 3793 2406 3831 una
2428 3794 2563 3833 cum
2587 3781 2910 3840 multarum
2934 3771 3366 3859 provinciarum
3384 3809 3473 3851 00-.

1816 3860 2194 3919 cidentalium
2214 3864 2517 3936 regionum
2538 3869 3062 3941 antistitibus,eum
3082 3886 3474 3938 consonanter

1816 3948 2461 4021 anathematizavimus.
2481 3954 2728 4011 Proinde
2749 3961 3067 4031 provideat,
3084 3969 3141 4019 et
3168 3975 3473 4038 preeaveat

1814 4036 2126 4108 prudentia
2154 4040 2277 4103 tua,
2301 4039 2668 4112 charissima,
2693 4062 2763 4101 ne
2791 4036 3189 4107 communicet
3217 4057 3471 4125 peccatis

1814 4124 2039 4193 alienis,
2054 4143 2121 4181 ac
2143 4143 2245 4199 per
2274 4127 2382 4184 hoc
2404 4129 2644 4195 alterius
2676 4134 2978 4194 irretiatur
3000 4124 3245 4198 nexibus
3266 4143 3468 4201 vincu-

1813 4212 2005 4269 lorum
2025 4231 2038 4268 :
2062 4215 2201 4286 quin
2218 4216 2414 4287 potius
2437 4217 2485 4274 si
2507 4224 2699 4291 potest
2714 4223 2979 4280 Ecclesia:
2997 4226 3098 4283 Dei
3116 4230 3469 4293 subvenicns

1813 4319 1917 4374 pro
1951 4302 2281 4375 repellenda
2311 4306 2535 4362 moecho
2579 4313 2635 4364 et
2674 4315 2997 4372 revocando
3036 4316 3297 4390 legitimo
3329 4321 3471 4381 dare

1813 4408 2071 4465 operam,
2096 4393 2244 4449 bene
2266 4410 2278 4448 :
2306 4394 2396 4450 sin
2418 4400 2615 4453 autem
2636 4399 2725 4454 .vel
2748 4400 2981 4461 salvans
3004 4405 3186 4463 salvet
3206 4410 3469 4468 animam

1814 4497 2005 4553 suam,
2045 4484 2103 4538 et
2151 4484 2476 4541 secundum
2529 4485 2674 4543 illud
2725 4490 3133 4563 propheticum
3167 4514 3181 4552 :
3218 4499 3376 4556 Exite
3404 4500 3470 4556 de

1814 4570 1992 4647 medio
2039 4587 2247 4637 eorum,
2297 4581 2348 4629 et
2386 4575 2661 4645 pollutum
2712 4579 2883 4635 nolite
2929 4588 3151 4651 tangere
3183 4586 3307 4656 (lsa.
3342 4592 3463 4655 ιιι).

1768 4659 1787 4663 ⁷”
1821 4659 2069 4733 Legatos
2091 4666 2386 4734 praeterea,
2411 4680 2559 4735 quos
2581 4664 3145 4742 Constantinopolim
3170 4673 3463 4746 misimus,

1818 4762 1923 4817 pro
1955 4748 2083 4819 ejus
2114 4763 2330 4817 amore,
2356 4766 2390 4803 a
2420 4752 2590 4822 cujus
2633 4755 2769 4810 sede
2799 4757 3038 4827 profecti
3070 4764 3229 4829 sunt,
3257 4761 3317 4817 in
3350 4780 3466 4835 quo

1819 4852 1881 4891 se
1902 4836 2128 4891 occasio
2155 4837 2484 4908 praebuerit,
2511 4840 2762 4915 benigne
2785 4846 3063 4919 subsequi
3087 4848 3341 4907 charitas
3365 4856 3470 4909 tua

1818 4925 2168 4979 contendat:
2197 4924 2465 4982 videlicet
2501 4933 2566 4983 ut
2610 4932 2862 5003 propitio
2883 4934 3109 4993 Christo
3148 4942 3205 4995 et
3251 4938 3465 5013 legatio

1818 5029 2019 5068 eorum
2043 5014 2246 5068 efﬁcax
2270 5013 2575 5085 habeatur,
2591 5024 2647 5073 et
2668 5019 2781 5093 ipsi
2802 5022 2927 5078 sine
2949 5024 3181 5083 laesione
3201 5028 3469 5103 qualibet

1818 5103 1891 5158 ad
1924 5119 2029 5158 nos
2060 5105 2441 5160 revertantur.

1888 5191 2042 5247 Deus
2072 5190 2443 5263 omnipotens
2472 5198 2528 5249 et
2557 5195 3044 5270 pietatem,atque
3070 5204 3461 5280 dilectionem,

1816 5297 1994 5352 quam
2016 5284 2072 5336 te
2094 5280 2249 5336 circa
2265 5286 2476 5338 sancta:
2494 5284 2759 5343 Ecclesiae
2778 5294 2996 5348 statum
3016 5293 3171 5352 fama
3187 5297 3465 5371 frequens

1816 5368 2029 5425 habere
2059 5373 2329 5439 testatur,
2360 5370 2417 5425 in
2464 5376 2794 5444 praecordiis
2824 5379 2942 5434 tuis
2973 5397 3077 5453 per
3106 5368 3382 5458 amplius,
3408 5393 3467 5445 et

1815 5460 2130 5532 perfectius
2159 5463 2371 5532 augeat
2395 5476 2407 5514 :
2431 5463 2489 5516 et
2508 5464 2726 5536 te,quae
2753 5465 3029 5539 diximus,
3054 5472 3301 5532 sollicite
3330 5493 3463 5551 pro-

118 5633 191 5713 (tt)
220 5634 453 5725 (litatur
482 5636 542 5694 in
574 5634 831 5721 concilio.
851 5653 974 5710 vm,
1008 5637 1110 5697 sed
1143 5637 1338 5698 Grece
1371 5657 1485 5699 non
1513 5644 1681 5700 exsta'

1888 5640 2039 5717 ripta
2064 5638 2145 5700 ibi
2176 5641 2389 5700 dicitur
2418 5653 2535 5719 πρὸς
2564 5653 2677 5713 τούς
2708 5656 3078 5723 συγκλητικούς·
3110 5652 3299 5732 ΗΑΒΙ),
