  <div class='ocr_page' id='page_1' title='image "/cluster/home/n/w/nwhite01/storage/ocr_20150623/119/uva.x000827049/571.png"; bbox 0 0 3894 6218; ppageno 0'>
   <div class='ocr_carea' id='block_1_1' title="bbox 363 315 520 375">
    <p class='ocr_par' dir='ltr' id='par_1_1' title="bbox 363 315 520 375">
     <span class='ocr_line' id='line_1_1' title="bbox 363 315 520 375; baseline 0 -1"><span class='ocrx_word' id='word_1_1' title='bbox 363 315 520 375; x_wconf 78' lang='grc'>1095</span> 
     </span>
    </p>
   </div>
   <div class='ocr_carea' id='block_1_2' title="bbox 1731 309 2403 374">
    <p class='ocr_par' dir='ltr' id='par_1_2' title="bbox 1731 309 2403 374">
     <span class='ocr_line' id='line_1_2' title="bbox 1731 309 2403 374; baseline 0.004 -5"><span class='ocrx_word' id='word_1_2' title='bbox 1731 309 2038 371; x_wconf 69' lang='lat' dir='ltr'>NICOLAI</span> <span class='ocrx_word' id='word_1_3' title='bbox 2075 311 2311 372; x_wconf 72' lang='grc' dir='ltr'>ΡΑΡΑΞ</span> <span class='ocrx_word' id='word_1_4' title='bbox 2352 312 2403 374; x_wconf 91' lang='grc' dir='ltr'><strong>Ι.</strong></span> 
     </span>
    </p>
   </div>
   <div class='ocr_carea' id='block_1_3' title="bbox 3613 313 3779 376">
    <p class='ocr_par' dir='ltr' id='par_1_3' title="bbox 3613 313 3779 376">
     <span class='ocr_line' id='line_1_3' title="bbox 3613 313 3779 376; baseline -0.012 0"><span class='ocrx_word' id='word_1_5' title='bbox 3613 313 3779 376; x_wconf 74' lang='grc'>1096</span> 
     </span>
    </p>
   </div>
   <div class='ocr_carea' id='block_1_4' title="bbox 361 440 3784 518">
    <p class='ocr_par' dir='ltr' id='par_1_4' title="bbox 361 440 3784 518">
     <span class='ocr_line' id='line_1_4' title="bbox 361 440 3784 518; baseline 0 -17"><span class='ocrx_word' id='word_1_6' title='bbox 361 443 656 516; x_wconf 73' lang='lat' dir='ltr'>Apostolo,</span> <span class='ocrx_word' id='word_1_7' title='bbox 681 459 849 498; x_wconf 90' lang='lat' dir='ltr'>omne</span> <span class='ocrx_word' id='word_1_8' title='bbox 879 441 1268 513; x_wconf 85' lang='lat' dir='ltr'>quodcunque</span> <span class='ocrx_word' id='word_1_9' title='bbox 1291 440 1600 495; x_wconf 77' lang='lat' dir='ltr'>fecerimus</span> <span class='ocrx_word' id='word_1_10' title='bbox 1627 441 1685 495; x_wconf 89' lang='lat' dir='ltr'>in</span> <span class='ocrx_word' id='word_1_11' title='bbox 1706 442 1880 496; x_wconf 87' lang='lat' dir='ltr'>verbo</span> <span class='ocrx_word' id='word_1_12' title='bbox 1904 445 2005 496; x_wconf 85' lang='lat' dir='ltr'>aut</span> <span class='ocrx_word' id='word_1_13' title='bbox 2027 442 2085 508; x_wconf 74' lang='grc' dir='ltr'><strong>Α</strong></span> <span class='ocrx_word' id='word_1_14' title='bbox 2121 442 2251 498; x_wconf 86' lang='lat' dir='ltr'>licet</span> <span class='ocrx_word' id='word_1_15' title='bbox 2282 444 2509 499; x_wconf 84' lang='lat' dir='ltr'>concilii</span> <span class='ocrx_word' id='word_1_16' title='bbox 2543 445 2656 514; x_wconf 82' lang='lat' dir='ltr'>sui,</span> <span class='ocrx_word' id='word_1_17' title='bbox 2690 446 2848 501; x_wconf 88' lang='lat' dir='ltr'>sedis</span> <span class='ocrx_word' id='word_1_18' title='bbox 2879 446 3206 518; x_wconf 72' lang='lat' dir='ltr'>apostolica:</span> <span class='ocrx_word' id='word_1_19' title='bbox 3236 446 3444 502; x_wconf 88' lang='lat' dir='ltr'>visioni</span> <span class='ocrx_word' id='word_1_20' title='bbox 3471 447 3784 502; x_wconf 74' lang='lat' dir='ltr'>subtraxe-</span> 
     </span>
    </p>
   </div>
   <div class='ocr_carea' id='block_1_5' title="bbox 363 529 2012 604">
    <p class='ocr_par' dir='ltr' id='par_1_5' title="bbox 363 529 2012 604">
     <span class='ocr_line' id='line_1_5' title="bbox 363 529 2012 604; baseline -0.002 -16"><span class='ocrx_word' id='word_1_21' title='bbox 363 536 418 588; x_wconf 91' lang='lat' dir='ltr'>in</span> <span class='ocrx_word' id='word_1_22' title='bbox 439 530 832 604; x_wconf 84' lang='lat' dir='ltr'>opere,omnia</span> <span class='ocrx_word' id='word_1_23' title='bbox 853 530 910 585; x_wconf 91' lang='lat' dir='ltr'>in</span> <span class='ocrx_word' id='word_1_24' title='bbox 937 529 1170 584; x_wconf 91' lang='lat' dir='ltr'>nomine</span> <span class='ocrx_word' id='word_1_25' title='bbox 1186 529 1569 584; x_wconf 81' lang='lat' dir='ltr'>DominiJesu</span> <span class='ocrx_word' id='word_1_26' title='bbox 1597 530 1857 584; x_wconf 78' lang='lat' dir='ltr'>facienda</span> <span class='ocrx_word' id='word_1_27' title='bbox 1875 547 2012 601; x_wconf 75' lang='lat' dir='ltr'>prae-</span> 
     </span>
    </p>
   </div>
   <div class='ocr_carea' id='block_1_6' title="bbox 361 617 2009 692">
    <p class='ocr_par' dir='ltr' id='par_1_6' title="bbox 361 617 2009 692">
     <span class='ocr_line' id='line_1_6' title="bbox 361 617 2009 692; baseline -0.002 -16"><span class='ocrx_word' id='word_1_28' title='bbox 361 621 608 692; x_wconf 82' lang='lat' dir='ltr'>cipiente</span> <span class='ocrx_word' id='word_1_29' title='bbox 633 619 770 685; x_wconf 84' lang='lat' dir='ltr'>(Col.</span> <span class='ocrx_word' id='word_1_30' title='bbox 799 618 904 686; x_wconf 86' lang='grc' dir='ltr'>ιιι),</span> <span class='ocrx_word' id='word_1_31' title='bbox 930 617 1080 671; x_wconf 90' lang='lat' dir='ltr'>ritus</span> <span class='ocrx_word' id='word_1_32' title='bbox 1113 617 1546 672; x_wconf 88' lang='lat' dir='ltr'>ecclesiasticus</span> <span class='ocrx_word' id='word_1_33' title='bbox 1579 617 1636 671; x_wconf 91' lang='lat' dir='ltr'>in</span> <span class='ocrx_word' id='word_1_34' title='bbox 1668 617 2009 688; x_wconf 74' lang='lat' dir='ltr'>colligendis</span> 
     </span>
    </p>
   </div>
   <div class='ocr_carea' id='block_1_7' title="bbox 361 705 2007 778">
    <p class='ocr_par' dir='ltr' id='par_1_7' title="bbox 361 705 2007 778">
     <span class='ocr_line' id='line_1_7' title="bbox 361 705 2007 778; baseline -0.002 -13"><span class='ocrx_word' id='word_1_35' title='bbox 361 706 625 778; x_wconf 83' lang='lat' dir='ltr'>conciliis</span> <span class='ocrx_word' id='word_1_36' title='bbox 658 707 714 760; x_wconf 87' lang='lat' dir='ltr'>id</span> <span class='ocrx_word' id='word_1_37' title='bbox 743 707 1090 773; x_wconf 86' lang='lat' dir='ltr'>observet,et</span> <span class='ocrx_word' id='word_1_38' title='bbox 1119 705 1177 760; x_wconf 92' lang='lat' dir='ltr'>in</span> <span class='ocrx_word' id='word_1_39' title='bbox 1209 705 1318 761; x_wconf 91' lang='lat' dir='ltr'>hoc</span> <span class='ocrx_word' id='word_1_40' title='bbox 1349 705 1851 769; x_wconf 85' lang='lat' dir='ltr'>duntaxat,abdilo</span> <span class='ocrx_word' id='word_1_41' title='bbox 1876 724 2007 776; x_wconf 89' lang='lat' dir='ltr'>per-</span> 
     </span>
    </p>
   </div>
   <div class='ocr_carea' id='block_1_8' title="bbox 361 794 2009 866">
    <p class='ocr_par' dir='ltr' id='par_1_8' title="bbox 361 794 2009 866">
     <span class='ocr_line' id='line_1_8' title="bbox 361 794 2009 866; baseline -0.002 -14"><span class='ocrx_word' id='word_1_42' title='bbox 361 797 625 852; x_wconf 90' lang='lat' dir='ltr'>mittente</span> <span class='ocrx_word' id='word_1_43' title='bbox 657 795 852 849; x_wconf 85' lang='lat' dir='ltr'>divino</span> <span class='ocrx_word' id='word_1_44' title='bbox 875 794 1300 865; x_wconf 89' lang='lat' dir='ltr'>judicio,fuerit</span> <span class='ocrx_word' id='word_1_45' title='bbox 1323 795 1674 866; x_wconf 59' lang='lat' dir='ltr'>prastermiss</span> <span class='ocrx_word' id='word_1_46' title='bbox 1723 812 1779 848; x_wconf 81' lang='grc' dir='ltr'>ιιι</span> <span class='ocrx_word' id='word_1_47' title='bbox 1808 811 1820 848; x_wconf 87' lang='lat'><strong>:</strong></span> <span class='ocrx_word' id='word_1_48' title='bbox 1847 811 2009 848; x_wconf 85' lang='lat' dir='ltr'>cons-</span> 
     </span>
    </p>
   </div>
   <div class='ocr_carea' id='block_1_9' title="bbox 360 882 2007 956">
    <p class='ocr_par' dir='ltr' id='par_1_9' title="bbox 360 882 2007 956">
     <span class='ocr_line' id='line_1_9' title="bbox 360 882 2007 956; baseline -0.002 -16"><span class='ocrx_word' id='word_1_49' title='bbox 360 891 444 940; x_wconf 96' lang='lat' dir='ltr'>tat</span> <span class='ocrx_word' id='word_1_50' title='bbox 471 883 668 956; x_wconf 84' lang='lat' dir='ltr'>procul</span> <span class='ocrx_word' id='word_1_51' title='bbox 703 883 900 947; x_wconf 91' lang='lat' dir='ltr'>dubio,</span> <span class='ocrx_word' id='word_1_52' title='bbox 937 900 1051 938; x_wconf 90' lang='lat' dir='ltr'>non</span> <span class='ocrx_word' id='word_1_53' title='bbox 1085 899 1182 938; x_wconf 85' lang='lat' dir='ltr'>eos</span> <span class='ocrx_word' id='word_1_54' title='bbox 1213 882 1270 937; x_wconf 90' lang='lat' dir='ltr'>in</span> <span class='ocrx_word' id='word_1_55' title='bbox 1306 883 1540 938; x_wconf 91' lang='lat' dir='ltr'>nomine</span> <span class='ocrx_word' id='word_1_56' title='bbox 1589 882 1819 938; x_wconf 88' lang='lat' dir='ltr'>Domini</span> <span class='ocrx_word' id='word_1_57' title='bbox 1871 900 2007 937; x_wconf 90' lang='lat' dir='ltr'>con-</span> 
     </span>
    </p>
   </div>
   <div class='ocr_carea' id='block_1_10' title="bbox 359 971 2002 1047">
    <p class='ocr_par' dir='ltr' id='par_1_10' title="bbox 359 971 2002 1047">
     <span class='ocr_line' id='line_1_10' title="bbox 359 971 2002 1047; baseline -0.002 -18"><span class='ocrx_word' id='word_1_58' title='bbox 359 978 627 1047; x_wconf 85' lang='lat' dir='ltr'>gregatos</span> <span class='ocrx_word' id='word_1_59' title='bbox 657 971 970 1036; x_wconf 74' lang='lat' dir='ltr'>exstitisse,</span> <span class='ocrx_word' id='word_1_60' title='bbox 1006 989 1070 1026; x_wconf 91' lang='lat' dir='ltr'>ac</span> <span class='ocrx_word' id='word_1_61' title='bbox 1100 989 1200 1043; x_wconf 88' lang='lat' dir='ltr'>per</span> <span class='ocrx_word' id='word_1_62' title='bbox 1226 971 1334 1027; x_wconf 89' lang='lat' dir='ltr'>hoc</span> <span class='ocrx_word' id='word_1_63' title='bbox 1367 989 1499 1027; x_wconf 91' lang='lat' dir='ltr'>cum</span> <span class='ocrx_word' id='word_1_64' title='bbox 1536 971 1776 1025; x_wconf 89' lang='lat' dir='ltr'>minime</span> <span class='ocrx_word' id='word_1_65' title='bbox 1823 971 1880 1024; x_wconf 91' lang='lat' dir='ltr'>in</span> <span class='ocrx_word' id='word_1_66' title='bbox 1915 972 2002 1026; x_wconf 90' lang='lat' dir='ltr'>sui</span> 
     </span>
    </p>
   </div>
   <div class='ocr_carea' id='block_1_11' title="bbox 359 1059 2008 1131">
    <p class='ocr_par' dir='ltr' id='par_1_11' title="bbox 359 1059 2008 1131">
     <span class='ocr_line' id='line_1_11' title="bbox 359 1059 2008 1131; baseline -0.003 -13"><span class='ocrx_word' id='word_1_67' title='bbox 359 1064 552 1118; x_wconf 91' lang='lat' dir='ltr'>medio</span> <span class='ocrx_word' id='word_1_68' title='bbox 574 1059 976 1131; x_wconf 84' lang='lat' dir='ltr'>habuisse,qui</span> <span class='ocrx_word' id='word_1_69' title='bbox 1003 1059 1115 1116; x_wconf 83' lang='lat' dir='ltr'>tale</span> <span class='ocrx_word' id='word_1_70' title='bbox 1137 1061 1449 1116; x_wconf 84' lang='lat' dir='ltr'>concilium</span> <span class='ocrx_word' id='word_1_71' title='bbox 1471 1062 1584 1114; x_wconf 91' lang='lat' dir='ltr'>imo</span> <span class='ocrx_word' id='word_1_72' title='bbox 1607 1059 2008 1115; x_wconf 85' lang='lat' dir='ltr'>conventicula</span> 
     </span>
    </p>
   </div>
   <div class='ocr_carea' id='block_1_12' title="bbox 358 1149 2004 1220">
    <p class='ocr_par' dir='ltr' id='par_1_12' title="bbox 358 1149 2004 1220">
     <span class='ocr_line' id='line_1_12' title="bbox 358 1149 2004 1220; baseline -0.003 -14"><span class='ocrx_word' id='word_1_73' title='bbox 358 1169 467 1206; x_wconf 86' lang='lat' dir='ltr'>sua</span> <span class='ocrx_word' id='word_1_74' title='bbox 497 1152 565 1206; x_wconf 91' lang='lat' dir='ltr'>de</span> <span class='ocrx_word' id='word_1_75' title='bbox 589 1149 975 1218; x_wconf 84' lang='lat' dir='ltr'>sanguinibus</span> <span class='ocrx_word' id='word_1_76' title='bbox 999 1155 1201 1204; x_wconf 88' lang='lat' dir='ltr'>contra</span> <span class='ocrx_word' id='word_1_77' title='bbox 1224 1149 1587 1220; x_wconf 84' lang='lat' dir='ltr'>psalmistam</span> <span class='ocrx_word' id='word_1_78' title='bbox 1621 1164 2004 1218; x_wconf 83' lang='lat' dir='ltr'>congregave-</span> 
     </span>
    </p>
   </div>
   <div class='ocr_carea' id='block_1_13' title="bbox 357 1236 2004 1308">
    <p class='ocr_par' dir='ltr' id='par_1_13' title="bbox 357 1236 2004 1308">
     <span class='ocr_line' id='line_1_13' title="bbox 357 1236 2004 1308; baseline -0.003 -14"><span class='ocrx_word' id='word_1_79' title='bbox 357 1245 494 1295; x_wconf 90' lang='lat' dir='ltr'>runt</span> <span class='ocrx_word' id='word_1_80' title='bbox 514 1238 690 1307; x_wconf 81' lang='lat' dir='ltr'>(Psal.</span> <span class='ocrx_word' id='word_1_81' title='bbox 714 1239 929 1307; x_wconf 82' lang='lat' dir='ltr'>xm),et</span> <span class='ocrx_word' id='word_1_82' title='bbox 950 1238 1242 1308; x_wconf 83' lang='lat' dir='ltr'>quoddam</span> <span class='ocrx_word' id='word_1_83' title='bbox 1272 1236 1487 1292; x_wconf 83' lang='lat' dir='ltr'>animal</span> <span class='ocrx_word' id='word_1_84' title='bbox 1512 1236 1742 1300; x_wconf 80' lang='lat' dir='ltr'>imitati,</span> <span class='ocrx_word' id='word_1_85' title='bbox 1770 1236 2004 1291; x_wconf 89' lang='lat' dir='ltr'>nonnisi</span> 
     </span>
    </p>
   </div>
   <div class='ocr_carea' id='block_1_14' title="bbox 355 1325 1999 1398">
    <p class='ocr_par' dir='ltr' id='par_1_14' title="bbox 355 1325 1999 1398">
     <span class='ocr_line' id='line_1_14' title="bbox 355 1325 1999 1398; baseline -0.004 -14"><span class='ocrx_word' id='word_1_86' title='bbox 355 1327 656 1384; x_wconf 75' lang='lat' dir='ltr'>exstinctis</span> <span class='ocrx_word' id='word_1_87' title='bbox 679 1326 928 1398; x_wconf 91' lang='lat' dir='ltr'>propriis</span> <span class='ocrx_word' id='word_1_88' title='bbox 943 1325 1079 1380; x_wconf 88' lang='lat' dir='ltr'>ﬂliis</span> <span class='ocrx_word' id='word_1_89' title='bbox 1097 1342 1268 1397; x_wconf 87' lang='lat' dir='ltr'>posse</span> <span class='ocrx_word' id='word_1_90' title='bbox 1291 1325 1608 1380; x_wconf 87' lang='lat' dir='ltr'>subsistere</span> <span class='ocrx_word' id='word_1_91' title='bbox 1631 1328 1999 1396; x_wconf 83' lang='lat' dir='ltr'>putaverunt.</span> 
     </span>
    </p>
   </div>
   <div class='ocr_carea' id='block_1_15' title="bbox 425 1412 2003 1484">
    <p class='ocr_par' dir='ltr' id='par_1_15' title="bbox 425 1412 2003 1484">
     <span class='ocr_line' id='line_1_15' title="bbox 425 1412 2003 1484; baseline -0.004 -12"><span class='ocrx_word' id='word_1_92' title='bbox 425 1417 556 1472; x_wconf 88' lang='lat' dir='ltr'>Jam</span> <span class='ocrx_word' id='word_1_93' title='bbox 588 1432 741 1479; x_wconf 88' lang='lat' dir='ltr'>vero,</span> <span class='ocrx_word' id='word_1_94' title='bbox 777 1413 824 1468; x_wconf 88' lang='lat' dir='ltr'>si</span> <span class='ocrx_word' id='word_1_95' title='bbox 856 1413 1011 1470; x_wconf 90' lang='lat' dir='ltr'>idem</span> <span class='ocrx_word' id='word_1_96' title='bbox 1043 1413 1356 1469; x_wconf 87' lang='lat' dir='ltr'>concilium</span> <span class='ocrx_word' id='word_1_97' title='bbox 1389 1413 1462 1468; x_wconf 93' lang='lat' dir='ltr'>ab</span> <span class='ocrx_word' id='word_1_98' title='bbox 1501 1412 1821 1484; x_wconf 88' lang='lat' dir='ltr'>apostolica</span> <span class='ocrx_word' id='word_1_99' title='bbox 1868 1413 2003 1467; x_wconf 90' lang='lat' dir='ltr'>sede</span> 
     </span>
    </p>
   </div>
   <div class='ocr_carea' id='block_1_16' title="bbox 353 1500 2003 1575">
    <p class='ocr_par' dir='ltr' id='par_1_16' title="bbox 353 1500 2003 1575">
     <span class='ocr_line' id='line_1_16' title="bbox 353 1500 2003 1575; baseline -0.003 -16"><span class='ocrx_word' id='word_1_100' title='bbox 353 1505 538 1560; x_wconf 91' lang='lat' dir='ltr'>fuisse</span> <span class='ocrx_word' id='word_1_101' title='bbox 571 1502 951 1575; x_wconf 68' lang='lat' dir='ltr'>praetenditur</span> <span class='ocrx_word' id='word_1_102' title='bbox 980 1503 1392 1574; x_wconf 89' lang='lat' dir='ltr'>approbatum,</span> <span class='ocrx_word' id='word_1_103' title='bbox 1412 1501 1912 1572; x_wconf 81' lang='lat' dir='ltr'>quemadmodum</span> <span class='ocrx_word' id='word_1_104' title='bbox 1945 1500 2003 1555; x_wconf 88' lang='lat' dir='ltr'>id</span> 
     </span>
    </p>
   </div>
   <div class='ocr_carea' id='block_1_17' title="bbox 353 1589 2003 1661">
    <p class='ocr_par' dir='ltr' id='par_1_17' title="bbox 353 1589 2003 1661">
     <span class='ocr_line' id='line_1_17' title="bbox 353 1589 2003 1661; baseline -0.002 -14"><span class='ocrx_word' id='word_1_105' title='bbox 353 1597 586 1648; x_wconf 86' lang='lat' dir='ltr'>versuta</span> <span class='ocrx_word' id='word_1_106' title='bbox 610 1592 780 1646; x_wconf 90' lang='lat' dir='ltr'>fuerit</span> <span class='ocrx_word' id='word_1_107' title='bbox 805 1591 1170 1645; x_wconf 79' lang='lat' dir='ltr'>cavillatione</span> <span class='ocrx_word' id='word_1_108' title='bbox 1205 1592 1275 1645; x_wconf 92' lang='lat' dir='ltr'>ab</span> <span class='ocrx_word' id='word_1_109' title='bbox 1299 1589 1618 1661; x_wconf 87' lang='lat' dir='ltr'>apostolica</span> <span class='ocrx_word' id='word_1_110' title='bbox 1639 1591 1774 1644; x_wconf 88' lang='lat' dir='ltr'>sede</span> <span class='ocrx_word' id='word_1_111' title='bbox 1807 1606 2003 1660; x_wconf 90' lang='lat' dir='ltr'>perce-</span> 
     </span>
    </p>
   </div>
   <div class='ocr_carea' id='block_1_18' title="bbox 355 1678 2005 1754">
    <p class='ocr_par' dir='ltr' id='par_1_18' title="bbox 355 1678 2005 1754">
     <span class='ocr_line' id='line_1_18' title="bbox 355 1678 2005 1754; baseline -0.003 -18"><span class='ocrx_word' id='word_1_112' title='bbox 355 1688 540 1754; x_wconf 89' lang='lat' dir='ltr'>ptum,</span> <span class='ocrx_word' id='word_1_113' title='bbox 575 1679 920 1735; x_wconf 85' lang='lat' dir='ltr'>fraternitati</span> <span class='ocrx_word' id='word_1_114' title='bbox 952 1685 1154 1734; x_wconf 73' lang='lat' dir='ltr'>vestrze</span> <span class='ocrx_word' id='word_1_115' title='bbox 1187 1680 1432 1740; x_wconf 82' lang='lat' dir='ltr'>breviter</span> <span class='ocrx_word' id='word_1_116' title='bbox 1453 1679 1816 1733; x_wconf 89' lang='lat' dir='ltr'>intimamus.</span> <span class='ocrx_word' id='word_1_117' title='bbox 1837 1678 2005 1731; x_wconf 88' lang='lat' dir='ltr'>Deni-</span> 
     </span>
    </p>
   </div>
   <div class='ocr_carea' id='block_1_19' title="bbox 352 1767 2002 1842">
    <p class='ocr_par' dir='ltr' id='par_1_19' title="bbox 352 1767 2002 1842">
     <span class='ocr_line' id='line_1_19' title="bbox 352 1767 2002 1842; baseline -0.004 -16"><span class='ocrx_word' id='word_1_118' title='bbox 352 1788 465 1842; x_wconf 88' lang='lat' dir='ltr'>que</span> <span class='ocrx_word' id='word_1_119' title='bbox 522 1772 700 1824; x_wconf 89' lang='lat' dir='ltr'>frater</span> <span class='ocrx_word' id='word_1_120' title='bbox 745 1773 801 1823; x_wconf 90' lang='lat' dir='ltr'>et</span> <span class='ocrx_word' id='word_1_121' title='bbox 850 1768 1228 1840; x_wconf 89' lang='lat' dir='ltr'>coepisc0pus</span> <span class='ocrx_word' id='word_1_122' title='bbox 1281 1772 1480 1822; x_wconf 87' lang='lat' dir='ltr'>noster</span> <span class='ocrx_word' id='word_1_123' title='bbox 1533 1768 1899 1832; x_wconf 88' lang='lat' dir='ltr'>llincmarus,</span> <span class='ocrx_word' id='word_1_124' title='bbox 1932 1767 2002 1821; x_wconf 91' lang='lat' dir='ltr'>de</span> 
     </span>
    </p>
   </div>
   <div class='ocr_carea' id='block_1_20' title="bbox 351 1854 1998 1926">
    <p class='ocr_par' dir='ltr' id='par_1_20' title="bbox 351 1854 1998 1926">
     <span class='ocr_line' id='line_1_20' title="bbox 351 1854 1998 1926; baseline -0.004 -12"><span class='ocrx_word' id='word_1_125' title='bbox 351 1859 690 1914; x_wconf 85' lang='lat' dir='ltr'>memoratis</span> <span class='ocrx_word' id='word_1_126' title='bbox 737 1857 983 1924; x_wconf 87' lang='lat' dir='ltr'>clericis,</span> <span class='ocrx_word' id='word_1_127' title='bbox 1011 1857 1220 1910; x_wconf 87' lang='lat' dir='ltr'>Wlado</span> <span class='ocrx_word' id='word_1_128' title='bbox 1279 1856 1500 1911; x_wconf 90' lang='lat' dir='ltr'>scilicet</span> <span class='ocrx_word' id='word_1_129' title='bbox 1545 1860 1601 1910; x_wconf 92' lang='lat' dir='ltr'>et</span> <span class='ocrx_word' id='word_1_130' title='bbox 1643 1854 1882 1926; x_wconf 87' lang='lat' dir='ltr'>collegis</span> <span class='ocrx_word' id='word_1_131' title='bbox 1913 1855 1998 1926; x_wconf 90' lang='lat' dir='ltr'>ip-</span> 
     </span>
    </p>
   </div>
   <div class='ocr_carea' id='block_1_21' title="bbox 351 1945 1998 2018">
    <p class='ocr_par' dir='ltr' id='par_1_21' title="bbox 351 1945 1998 2018">
     <span class='ocr_line' id='line_1_21' title="bbox 351 1945 1998 2018; baseline -0.004 -14"><span class='ocrx_word' id='word_1_132' title='bbox 351 1948 496 2014; x_wconf 87' lang='lat' dir='ltr'>sius,</span> <span class='ocrx_word' id='word_1_133' title='bbox 527 1947 680 2018; x_wconf 88' lang='lat' dir='ltr'>quod</span> <span class='ocrx_word' id='word_1_134' title='bbox 716 1945 824 2000; x_wconf 86' lang='lat' dir='ltr'>sibi</span> <span class='ocrx_word' id='word_1_135' title='bbox 855 1945 1045 2000; x_wconf 87' lang='lat' dir='ltr'>visum</span> <span class='ocrx_word' id='word_1_136' title='bbox 1078 1949 1185 2010; x_wconf 89' lang='lat' dir='ltr'>est,</span> <span class='ocrx_word' id='word_1_137' title='bbox 1218 1948 1624 1999; x_wconf 90' lang='lat' dir='ltr'>consummato</span> <span class='ocrx_word' id='word_1_138' title='bbox 1665 1961 1799 1998; x_wconf 84' lang='lat' dir='ltr'>mox</span> <span class='ocrx_word' id='word_1_139' title='bbox 1849 1959 1998 2014; x_wconf 67' lang='lat' dir='ltr'>prae-</span> 
     </span>
    </p>
   </div>
   <div class='ocr_carea' id='block_1_22' title="bbox 350 2031 1997 2103">
    <p class='ocr_par' dir='ltr' id='par_1_22' title="bbox 350 2031 1997 2103">
     <span class='ocr_line' id='line_1_22' title="bbox 350 2031 1997 2103; baseline -0.004 -11"><span class='ocrx_word' id='word_1_140' title='bbox 350 2036 564 2092; x_wconf 88' lang='lat' dir='ltr'>cessori</span> <span class='ocrx_word' id='word_1_141' title='bbox 599 2051 725 2090; x_wconf 90' lang='lat' dir='ltr'>meo</span> <span class='ocrx_word' id='word_1_142' title='bbox 748 2036 927 2090; x_wconf 67' lang='lat' dir='ltr'>beatae</span> <span class='ocrx_word' id='word_1_143' title='bbox 954 2033 1368 2089; x_wconf 86' lang='lat' dir='ltr'>recordationis</span> <span class='ocrx_word' id='word_1_144' title='bbox 1412 2033 1585 2088; x_wconf 90' lang='lat' dir='ltr'>Leoni</span> <span class='ocrx_word' id='word_1_145' title='bbox 1619 2031 1849 2103; x_wconf 66' lang='lat' dir='ltr'>praesuli</span> <span class='ocrx_word' id='word_1_146' title='bbox 1883 2049 1997 2086; x_wconf 90' lang='lat' dir='ltr'>non</span> 
     </span>
    </p>
   </div>
   <div class='ocr_carea' id='block_1_23' title="bbox 347 2121 1996 2194">
    <p class='ocr_par' dir='ltr' id='par_1_23' title="bbox 347 2121 1996 2194">
     <span class='ocr_line' id='line_1_23' title="bbox 347 2121 1996 2194; baseline -0.004 -14"><span class='ocrx_word' id='word_1_147' title='bbox 347 2124 529 2180; x_wconf 86' lang='lat' dir='ltr'>semel</span> <span class='ocrx_word' id='word_1_148' title='bbox 561 2123 853 2194; x_wconf 88' lang='lat' dir='ltr'>supplices</span> <span class='ocrx_word' id='word_1_149' title='bbox 885 2122 1110 2177; x_wconf 86' lang='lat' dir='ltr'>litteras</span> <span class='ocrx_word' id='word_1_150' title='bbox 1161 2122 1339 2188; x_wconf 87' lang='lat' dir='ltr'>misit,</span> <span class='ocrx_word' id='word_1_151' title='bbox 1373 2127 1661 2192; x_wconf 86' lang='lat' dir='ltr'>quatenus</span> <span class='ocrx_word' id='word_1_152' title='bbox 1687 2121 1836 2175; x_wconf 91' lang='lat' dir='ltr'>idem</span> <span class='ocrx_word' id='word_1_153' title='bbox 1860 2137 1996 2174; x_wconf 87' lang='lat' dir='ltr'>con-</span> 
     </span>
    </p>
   </div>
   <div class='ocr_carea' id='block_1_24' title="bbox 349 2210 1992 2284">
    <p class='ocr_par' dir='ltr' id='par_1_24' title="bbox 349 2210 1992 2284">
     <span class='ocr_line' id='line_1_24' title="bbox 349 2210 1992 2284; baseline -0.003 -16"><span class='ocrx_word' id='word_1_154' title='bbox 349 2214 548 2268; x_wconf 91' lang='lat' dir='ltr'>cilium</span> <span class='ocrx_word' id='word_1_155' title='bbox 583 2213 912 2284; x_wconf 89' lang='lat' dir='ltr'>approbans</span> <span class='ocrx_word' id='word_1_156' title='bbox 942 2211 1284 2266; x_wconf 83' lang='lat' dir='ltr'>auctoritate</span> <span class='ocrx_word' id='word_1_157' title='bbox 1317 2210 1635 2281; x_wconf 88' lang='lat' dir='ltr'>apostolica</span> <span class='ocrx_word' id='word_1_158' title='bbox 1678 2210 1992 2263; x_wconf 86' lang='lat' dir='ltr'>roboraret.</span> 
     </span>
    </p>
   </div>
   <div class='ocr_carea' id='block_1_25' title="bbox 351 2297 1993 2364">
    <p class='ocr_par' dir='ltr' id='par_1_25' title="bbox 351 2297 1993 2364">
     <span class='ocr_line' id='line_1_25' title="bbox 351 2297 1993 2364; baseline -0.004 -8"><span class='ocrx_word' id='word_1_159' title='bbox 351 2302 510 2364; x_wconf 90' lang='lat' dir='ltr'>Quod</span> <span class='ocrx_word' id='word_1_160' title='bbox 541 2301 635 2353; x_wconf 92' lang='lat' dir='ltr'>ille</span> <span class='ocrx_word' id='word_1_161' title='bbox 670 2317 781 2354; x_wconf 91' lang='lat' dir='ltr'>non</span> <span class='ocrx_word' id='word_1_162' title='bbox 817 2299 1005 2354; x_wconf 88' lang='lat' dir='ltr'>solum</span> <span class='ocrx_word' id='word_1_163' title='bbox 1042 2299 1283 2354; x_wconf 90' lang='lat' dir='ltr'>minime</span> <span class='ocrx_word' id='word_1_164' title='bbox 1313 2299 1540 2362; x_wconf 89' lang='lat' dir='ltr'>annuit,</span> <span class='ocrx_word' id='word_1_165' title='bbox 1574 2314 1774 2351; x_wconf 85' lang='lat' dir='ltr'>verum</span> <span class='ocrx_word' id='word_1_166' title='bbox 1815 2297 1993 2350; x_wconf 88' lang='lat' dir='ltr'>etiam</span> 
     </span>
    </p>
   </div>
   <div class='ocr_carea' id='block_1_26' title="bbox 349 2385 1995 2460">
    <p class='ocr_par' dir='ltr' id='par_1_26' title="bbox 349 2385 1995 2460">
     <span class='ocr_line' id='line_1_26' title="bbox 349 2385 1995 2460; baseline -0.004 -15"><span class='ocrx_word' id='word_1_167' title='bbox 349 2408 519 2460; x_wconf 81' lang='lat' dir='ltr'>agere</span> <span class='ocrx_word' id='word_1_168' title='bbox 551 2389 794 2444; x_wconf 87' lang='lat' dir='ltr'>sollicite</span> <span class='ocrx_word' id='word_1_169' title='bbox 825 2388 1032 2453; x_wconf 89' lang='lat' dir='ltr'>tenuit,</span> <span class='ocrx_word' id='word_1_170' title='bbox 1069 2387 1268 2442; x_wconf 73' lang='lat' dir='ltr'>dicens</span> <span class='ocrx_word' id='word_1_171' title='bbox 1319 2386 1530 2441; x_wconf 88' lang='lat' dir='ltr'>idcirco</span> <span class='ocrx_word' id='word_1_172' title='bbox 1579 2403 1639 2440; x_wconf 91' lang='lat' dir='ltr'>se</span> <span class='ocrx_word' id='word_1_173' title='bbox 1689 2385 1995 2455; x_wconf 88' lang='lat' dir='ltr'>petitiones</span> 
     </span>
    </p>
   </div>
   <div class='ocr_carea' id='block_1_27' title="bbox 347 2472 1997 2550">
    <p class='ocr_par' dir='ltr' id='par_1_27' title="bbox 347 2472 1997 2550">
     <span class='ocr_line' id='line_1_27' title="bbox 347 2472 1997 2550; baseline -0.005 -16"><span class='ocrx_word' id='word_1_174' title='bbox 347 2480 476 2549; x_wconf 88' lang='lat' dir='ltr'>ejus</span> <span class='ocrx_word' id='word_1_175' title='bbox 507 2495 606 2550; x_wconf 86' lang='lat' dir='ltr'>pro</span> <span class='ocrx_word' id='word_1_176' title='bbox 637 2477 1040 2532; x_wconf 79' lang='lat' dir='ltr'>confirmanda</span> <span class='ocrx_word' id='word_1_177' title='bbox 1071 2476 1314 2546; x_wconf 82' lang='lat' dir='ltr'>synodo,</span> <span class='ocrx_word' id='word_1_178' title='bbox 1350 2474 1405 2527; x_wconf 90' lang='lat' dir='ltr'>in</span> <span class='ocrx_word' id='word_1_179' title='bbox 1440 2490 1557 2544; x_wconf 91' lang='lat' dir='ltr'>qua</span> <span class='ocrx_word' id='word_1_180' title='bbox 1579 2472 1824 2544; x_wconf 89' lang='lat' dir='ltr'>depositi</span> <span class='ocrx_word' id='word_1_181' title='bbox 1856 2489 1997 2543; x_wconf 58' lang='lat' dir='ltr'>prie-</span> 
     </span>
    </p>
   </div>
   <div class='ocr_carea' id='block_1_28' title="bbox 350 2560 1994 2634">
    <p class='ocr_par' dir='ltr' id='par_1_28' title="bbox 350 2560 1994 2634">
     <span class='ocr_line' id='line_1_28' title="bbox 350 2560 1994 2634; baseline -0.004 -12"><span class='ocrx_word' id='word_1_182' title='bbox 350 2567 449 2622; x_wconf 88' lang='lat' dir='ltr'>fati</span> <span class='ocrx_word' id='word_1_183' title='bbox 482 2566 585 2620; x_wconf 91' lang='lat' dir='ltr'>viri</span> <span class='ocrx_word' id='word_1_184' title='bbox 619 2566 866 2631; x_wconf 83' lang='lat' dir='ltr'>fuerant,</span> <span class='ocrx_word' id='word_1_185' title='bbox 901 2564 1298 2634; x_wconf 89' lang='lat' dir='ltr'>suspendisse,</span> <span class='ocrx_word' id='word_1_186' title='bbox 1333 2579 1397 2617; x_wconf 91' lang='lat' dir='ltr'>eo</span> <span class='ocrx_word' id='word_1_187' title='bbox 1429 2562 1582 2632; x_wconf 89' lang='lat' dir='ltr'>quod</span> <span class='ocrx_word' id='word_1_188' title='bbox 1615 2579 1716 2633; x_wconf 91' lang='lat' dir='ltr'>per</span> <span class='ocrx_word' id='word_1_189' title='bbox 1767 2560 1994 2632; x_wconf 89' lang='lat' dir='ltr'>aliquos</span> 
     </span>
    </p>
   </div>
   <div class='ocr_carea' id='block_1_29' title="bbox 346 2650 1995 2726">
    <p class='ocr_par' dir='ltr' id='par_1_29' title="bbox 346 2650 1995 2726">
     <span class='ocr_line' id='line_1_29' title="bbox 346 2650 1995 2726; baseline -0.004 -15"><span class='ocrx_word' id='word_1_190' title='bbox 346 2674 416 2711; x_wconf 85' lang='lat' dir='ltr'>ex</span> <span class='ocrx_word' id='word_1_191' title='bbox 445 2655 537 2711; x_wconf 90' lang='lat' dir='ltr'>his</span> <span class='ocrx_word' id='word_1_192' title='bbox 569 2653 878 2726; x_wconf 90' lang='lat' dir='ltr'>episcopis,</span> <span class='ocrx_word' id='word_1_193' title='bbox 911 2652 1011 2724; x_wconf 92' lang='lat' dir='ltr'>qui</span> <span class='ocrx_word' id='word_1_194' title='bbox 1039 2653 1260 2724; x_wconf 87' lang='lat' dir='ltr'>synodo</span> <span class='ocrx_word' id='word_1_195' title='bbox 1295 2653 1650 2714; x_wconf 80' lang='lat' dir='ltr'>resederant,</span> <span class='ocrx_word' id='word_1_196' title='bbox 1675 2655 1738 2704; x_wconf 92' lang='lat' dir='ltr'>ut</span> <span class='ocrx_word' id='word_1_197' title='bbox 1768 2650 1995 2704; x_wconf 90' lang='lat' dir='ltr'>dubita-</span> 
     </span>
    </p>
   </div>
   <div class='ocr_carea' id='block_1_30' title="bbox 347 2731 1992 2811">
    <p class='ocr_par' dir='ltr' id='par_1_30' title="bbox 347 2731 1992 2811">
     <span class='ocr_line' id='line_1_30' title="bbox 347 2731 1992 2811; baseline -0.004 -12"><span class='ocrx_word' id='word_1_198' title='bbox 347 2745 425 2800; x_wconf 89' lang='lat' dir='ltr'>tio</span> <span class='ocrx_word' id='word_1_199' title='bbox 459 2745 603 2798; x_wconf 89' lang='lat' dir='ltr'>foret</span> <span class='ocrx_word' id='word_1_200' title='bbox 635 2731 918 2798; x_wconf 86' lang='lat' dir='ltr'>radicitus</span> <span class='ocrx_word' id='word_1_201' title='bbox 949 2741 1170 2805; x_wconf 90' lang='lat' dir='ltr'>evulsa,</span> <span class='ocrx_word' id='word_1_202' title='bbox 1203 2744 1423 2796; x_wconf 88' lang='lat' dir='ltr'>statuta</span> <span class='ocrx_word' id='word_1_203' title='bbox 1471 2740 1737 2810; x_wconf 87' lang='lat' dir='ltr'>ejusdem</span> <span class='ocrx_word' id='word_1_204' title='bbox 1787 2739 1992 2811; x_wconf 78' lang='lat' dir='ltr'>synodi</span> 
     </span>
    </p>
   </div>
   <div class='ocr_carea' id='block_1_31' title="bbox 347 2826 1992 2902">
    <p class='ocr_par' dir='ltr' id='par_1_31' title="bbox 347 2826 1992 2902">
     <span class='ocr_line' id='line_1_31' title="bbox 347 2826 1992 2902; baseline -0.004 -14"><span class='ocrx_word' id='word_1_205' title='bbox 347 2832 640 2888; x_wconf 90' lang='lat' dir='ltr'>destinare</span> <span class='ocrx_word' id='word_1_206' title='bbox 672 2831 972 2887; x_wconf 88' lang='lat' dir='ltr'>debuisset</span> <span class='ocrx_word' id='word_1_207' title='bbox 1005 2847 1018 2884; x_wconf 91' lang='lat'>:</span> <span class='ocrx_word' id='word_1_208' title='bbox 1053 2829 1336 2902; x_wconf 68' lang='lat' dir='ltr'>praecipue</span> <span class='ocrx_word' id='word_1_209' title='bbox 1369 2845 1500 2883; x_wconf 91' lang='lat' dir='ltr'>cum</span> <span class='ocrx_word' id='word_1_210' title='bbox 1553 2827 1768 2882; x_wconf 87' lang='lat' dir='ltr'>ibidem</span> <span class='ocrx_word' id='word_1_211' title='bbox 1819 2826 1992 2898; x_wconf 84' lang='lat' dir='ltr'>legati</span> 
     </span>
    </p>
   </div>
   <div class='ocr_carea' id='block_1_32' title="bbox 346 2917 1992 2992">
    <p class='ocr_par' dir='ltr' id='par_1_32' title="bbox 346 2917 1992 2992">
     <span class='ocr_line' id='line_1_32' title="bbox 346 2917 1992 2992; baseline -0.004 -15"><span class='ocrx_word' id='word_1_212' title='bbox 346 2921 502 2977; x_wconf 89' lang='lat' dir='ltr'>sedis</span> <span class='ocrx_word' id='word_1_213' title='bbox 551 2919 880 2992; x_wconf 67' lang='lat' dir='ltr'>apostolicae</span> <span class='ocrx_word' id='word_1_214' title='bbox 926 2921 1240 2990; x_wconf 74' lang='lat' dir='ltr'>praesentes</span> <span class='ocrx_word' id='word_1_215' title='bbox 1282 2935 1394 2973; x_wconf 92' lang='lat' dir='ltr'>non</span> <span class='ocrx_word' id='word_1_216' title='bbox 1427 2917 1658 2972; x_wconf 87' lang='lat' dir='ltr'>fuerint.</span> <span class='ocrx_word' id='word_1_217' title='bbox 1692 2919 1992 2971; x_wconf 90' lang='lat' dir='ltr'>Postremo</span> 
     </span>
    </p>
   </div>
   <div class='ocr_carea' id='block_1_33' title="bbox 343 3004 1996 3081">
    <p class='ocr_par' dir='ltr' id='par_1_33' title="bbox 343 3004 1996 3081">
     <span class='ocr_line' id='line_1_33' title="bbox 343 3004 1996 3081; baseline -0.003 -16"><span class='ocrx_word' id='word_1_218' title='bbox 343 3027 410 3066; x_wconf 90' lang='lat' dir='ltr'>eo</span> <span class='ocrx_word' id='word_1_219' title='bbox 441 3009 596 3081; x_wconf 92' lang='lat' dir='ltr'>quod</span> <span class='ocrx_word' id='word_1_220' title='bbox 629 3008 873 3080; x_wconf 90' lang='lat' dir='ltr'>hi,quos</span> <span class='ocrx_word' id='word_1_221' title='bbox 903 3007 999 3062; x_wconf 90' lang='lat' dir='ltr'>ille</span> <span class='ocrx_word' id='word_1_222' title='bbox 1029 3007 1370 3062; x_wconf 85' lang='lat' dir='ltr'>auctoritate</span> <span class='ocrx_word' id='word_1_223' title='bbox 1411 3005 1616 3078; x_wconf 83' lang='lat' dir='ltr'>synodi</span> <span class='ocrx_word' id='word_1_224' title='bbox 1663 3004 1996 3061; x_wconf 80' lang='lat' dir='ltr'>affirmabat</span> 
     </span>
    </p>
   </div>
   <div class='ocr_carea' id='block_1_34' title="bbox 343 3093 1991 3170">
    <p class='ocr_par' dir='ltr' id='par_1_34' title="bbox 343 3093 1991 3170">
     <span class='ocr_line' id='line_1_34' title="bbox 343 3093 1991 3170; baseline -0.004 -17"><span class='ocrx_word' id='word_1_225' title='bbox 343 3099 662 3170; x_wconf 87' lang='lat' dir='ltr'>depositos,</span> <span class='ocrx_word' id='word_1_226' title='bbox 701 3115 802 3169; x_wconf 90' lang='lat' dir='ltr'>per</span> <span class='ocrx_word' id='word_1_227' title='bbox 832 3096 1095 3168; x_wconf 88' lang='lat' dir='ltr'>proprias</span> <span class='ocrx_word' id='word_1_228' title='bbox 1125 3096 1349 3150; x_wconf 86' lang='lat' dir='ltr'>litteras</span> <span class='ocrx_word' id='word_1_229' title='bbox 1381 3096 1577 3150; x_wconf 89' lang='lat' dir='ltr'>sedem</span> <span class='ocrx_word' id='word_1_230' title='bbox 1611 3093 1991 3165; x_wconf 86' lang='lat' dir='ltr'>apostolicam</span> 
     </span>
    </p>
   </div>
   <div class='ocr_carea' id='block_1_35' title="bbox 2120 533 3783 606">
    <p class='ocr_par' dir='ltr' id='par_1_35' title="bbox 2120 533 3783 606">
     <span class='ocr_line' id='line_1_35' title="bbox 2120 533 3783 606; baseline 0.002 -22"><span class='ocrx_word' id='word_1_231' title='bbox 2120 533 2407 594; x_wconf 53' lang='lat' dir='ltr'>rata-tiam</span> <span class='ocrx_word' id='word_1_232' title='bbox 2443 552 2609 588; x_wconf 87' lang='lat' dir='ltr'>suam</span> <span class='ocrx_word' id='word_1_233' title='bbox 2645 535 2955 590; x_wconf 65' lang='lat' dir='ltr'>audientis:</span> <span class='ocrx_word' id='word_1_234' title='bbox 2977 537 3047 589; x_wconf 92' lang='lat' dir='ltr'>ab</span> <span class='ocrx_word' id='word_1_235' title='bbox 3079 552 3144 589; x_wconf 87' lang='lat' dir='ltr'>eo</span> <span class='ocrx_word' id='word_1_236' title='bbox 3175 535 3493 606; x_wconf 75' lang='lat' dir='ltr'>designatae</span> <span class='ocrx_word' id='word_1_237' title='bbox 3524 552 3783 606; x_wconf 53' lang='lat' dir='ltr'>praesen-</span> 
     </span>
    </p>
   </div>
   <div class='ocr_carea' id='block_1_36' title="bbox 2120 619 3778 694">
    <p class='ocr_par' dir='ltr' id='par_1_36' title="bbox 2120 619 3778 694">
     <span class='ocr_line' id='line_1_36' title="bbox 2120 619 3778 694; baseline 0.002 -22"><span class='ocrx_word' id='word_1_238' title='bbox 2120 619 2260 674; x_wconf 91' lang='lat' dir='ltr'>tiam</span> <span class='ocrx_word' id='word_1_239' title='bbox 2295 622 2922 693; x_wconf 86' lang='lat' dir='ltr'>subducens,probavit</span> <span class='ocrx_word' id='word_1_240' title='bbox 2951 623 3022 678; x_wconf 89' lang='lat' dir='ltr'>de</span> <span class='ocrx_word' id='word_1_241' title='bbox 3054 640 3115 677; x_wconf 92' lang='lat' dir='ltr'>se</span> <span class='ocrx_word' id='word_1_242' title='bbox 3135 622 3236 677; x_wconf 90' lang='lat' dir='ltr'>illa</span> <span class='ocrx_word' id='word_1_243' title='bbox 3255 639 3385 694; x_wconf 78' lang='lat' dir='ltr'>quae</span> <span class='ocrx_word' id='word_1_244' title='bbox 3411 623 3565 678; x_wconf 73' lang='lat' dir='ltr'>dicta</span> <span class='ocrx_word' id='word_1_245' title='bbox 3592 629 3778 678; x_wconf 86' lang='lat' dir='ltr'>sunt:</span> 
     </span>
    </p>
   </div>
   <div class='ocr_carea' id='block_1_37' title="bbox 2109 707 3783 784">
    <p class='ocr_par' dir='ltr' id='par_1_37' title="bbox 2109 707 3783 784">
     <span class='ocr_line' id='line_1_37' title="bbox 2109 707 3783 784; baseline 0.004 -24"><span class='ocrx_word' id='word_1_246' title='bbox 2109 707 2381 764; x_wconf 77' lang='lat' dir='ltr'>videlicet</span> <span class='ocrx_word' id='word_1_247' title='bbox 2411 711 2565 780; x_wconf 88' lang='lat' dir='ltr'>quod</span> <span class='ocrx_word' id='word_1_248' title='bbox 2598 711 2712 766; x_wconf 87' lang='lat' dir='ltr'>tale</span> <span class='ocrx_word' id='word_1_249' title='bbox 2743 711 3059 766; x_wconf 89' lang='lat' dir='ltr'>concilium</span> <span class='ocrx_word' id='word_1_250' title='bbox 3093 711 3569 784; x_wconf 90' lang='lat' dir='ltr'>statuerit,quale</span> <span class='ocrx_word' id='word_1_251' title='bbox 3601 729 3783 784; x_wconf 76' lang='lat' dir='ltr'>supe-</span> 
     </span>
    </p>
   </div>
   <div class='ocr_carea' id='block_1_38' title="bbox 2119 797 3776 856">
    <p class='ocr_par' dir='ltr' id='par_1_38' title="bbox 2119 797 3776 856">
     <span class='ocr_line' id='line_1_38' title="bbox 2119 797 3776 856; baseline 0.003 -7"><span class='ocrx_word' id='word_1_252' title='bbox 2119 797 2241 851; x_wconf 90' lang='lat' dir='ltr'>rius</span> <span class='ocrx_word' id='word_1_253' title='bbox 2273 797 2519 852; x_wconf 90' lang='lat' dir='ltr'>strictim</span> <span class='ocrx_word' id='word_1_254' title='bbox 2549 803 2939 854; x_wconf 89' lang='lat' dir='ltr'>monstratum</span> <span class='ocrx_word' id='word_1_255' title='bbox 2961 804 3070 854; x_wconf 88' lang='lat' dir='ltr'>est.</span> <span class='ocrx_word' id='word_1_256' title='bbox 3088 804 3314 855; x_wconf 83' lang='lat' dir='ltr'>Interea</span> <span class='ocrx_word' id='word_1_257' title='bbox 3336 817 3402 856; x_wconf 89' lang='lat' dir='ltr'>eo</span> <span class='ocrx_word' id='word_1_258' title='bbox 3425 801 3539 856; x_wconf 90' lang='lat' dir='ltr'>voti</span> <span class='ocrx_word' id='word_1_259' title='bbox 3563 801 3776 855; x_wconf 73' lang='lat' dir='ltr'>effectu</span> 
     </span>
    </p>
   </div>
   <div class='ocr_carea' id='block_1_39' title="bbox 2117 885 3780 961">
    <p class='ocr_par' dir='ltr' id='par_1_39' title="bbox 2117 885 3780 961">
     <span class='ocr_line' id='line_1_39' title="bbox 2117 885 3780 961; baseline 0.002 -23"><span class='ocrx_word' id='word_1_260' title='bbox 2117 885 2413 951; x_wconf 89' lang='lat' dir='ltr'>frustrato,</span> <span class='ocrx_word' id='word_1_261' title='bbox 2447 886 2778 957; x_wconf 67' lang='lat' dir='ltr'>apostolicae</span> <span class='ocrx_word' id='word_1_262' title='bbox 2809 888 2968 943; x_wconf 91' lang='lat' dir='ltr'>sedis</span> <span class='ocrx_word' id='word_1_263' title='bbox 2997 888 3254 959; x_wconf 74' lang='lat' dir='ltr'>pontifex</span> <span class='ocrx_word' id='word_1_264' title='bbox 3279 890 3415 954; x_wconf 90' lang='lat' dir='ltr'>Leo,</span> <span class='ocrx_word' id='word_1_265' title='bbox 3439 890 3538 961; x_wconf 90' lang='lat' dir='ltr'>qui</span> <span class='ocrx_word' id='word_1_266' title='bbox 3570 889 3780 943; x_wconf 80' lang='lat' dir='ltr'>fratris</span> 
     </span>
    </p>
   </div>
   <div class='ocr_carea' id='block_1_40' title="bbox 2116 973 3775 1046">
    <p class='ocr_par' dir='ltr' id='par_1_40' title="bbox 2116 973 3775 1046">
     <span class='ocr_line' id='line_1_40' title="bbox 2116 973 3775 1046; baseline 0.003 -20"><span class='ocrx_word' id='word_1_267' title='bbox 2116 973 2411 1028; x_wconf 86' lang='lat' dir='ltr'>Hincmari</span> <span class='ocrx_word' id='word_1_268' title='bbox 2444 976 2806 1046; x_wconf 88' lang='lat' dir='ltr'>propositum</span> <span class='ocrx_word' id='word_1_269' title='bbox 2837 981 3092 1044; x_wconf 84' lang='lat' dir='ltr'>noverat,</span> <span class='ocrx_word' id='word_1_270' title='bbox 3131 977 3202 1031; x_wconf 92' lang='lat' dir='ltr'>ab</span> <span class='ocrx_word' id='word_1_271' title='bbox 3236 976 3343 1032; x_wconf 86' lang='lat' dir='ltr'>hac</span> <span class='ocrx_word' id='word_1_272' title='bbox 3377 978 3507 1032; x_wconf 91' lang='lat' dir='ltr'>luce</span> <span class='ocrx_word' id='word_1_273' title='bbox 3537 978 3775 1032; x_wconf 85' lang='lat' dir='ltr'>subtra-</span> 
     </span>
    </p>
   </div>
   <div class='ocr_carea' id='block_1_41' title="bbox 2115 1063 3777 1134">
    <p class='ocr_par' dir='ltr' id='par_1_41' title="bbox 2115 1063 3777 1134">
     <span class='ocr_line' id='line_1_41' title="bbox 2115 1063 3777 1134; baseline 0.002 -18"><span class='ocrx_word' id='word_1_274' title='bbox 2115 1067 2243 1116; x_wconf 89' lang='lat' dir='ltr'>ctus</span> <span class='ocrx_word' id='word_1_275' title='bbox 2273 1067 2379 1117; x_wconf 87' lang='lat' dir='ltr'>est.</span> <span class='ocrx_word' id='word_1_276' title='bbox 2414 1063 2676 1134; x_wconf 89' lang='lat' dir='ltr'>Cumque</span> <span class='ocrx_word' id='word_1_277' title='bbox 2707 1068 2918 1118; x_wconf 74' lang='lat' dir='ltr'>sancta:</span> <span class='ocrx_word' id='word_1_278' title='bbox 2953 1065 3247 1120; x_wconf 75' lang='lat' dir='ltr'>memoriae</span> <span class='ocrx_word' id='word_1_279' title='bbox 3280 1065 3653 1129; x_wconf 83' lang='lat' dir='ltr'>Benedictus,</span> <span class='ocrx_word' id='word_1_280' title='bbox 3685 1065 3777 1119; x_wconf 79' lang='lat' dir='ltr'>vir</span> 
     </span>
    </p>
   </div>
   <div class='ocr_carea' id='block_1_42' title="bbox 2113 1148 3772 1224">
    <p class='ocr_par' dir='ltr' id='par_1_42' title="bbox 2113 1148 3772 1224">
     <span class='ocr_line' id='line_1_42' title="bbox 2113 1148 3772 1224; baseline 0.002 -21"><span class='ocrx_word' id='word_1_281' title='bbox 2113 1148 2486 1219; x_wconf 88' lang='lat' dir='ltr'>apostolicus,</span> <span class='ocrx_word' id='word_1_282' title='bbox 2520 1150 2568 1205; x_wconf 91' lang='lat' dir='ltr'>ei</span> <span class='ocrx_word' id='word_1_283' title='bbox 2605 1151 2986 1206; x_wconf 89' lang='lat' dir='ltr'>successisset</span> <span class='ocrx_word' id='word_1_284' title='bbox 3016 1152 3074 1205; x_wconf 91' lang='lat' dir='ltr'>in</span> <span class='ocrx_word' id='word_1_285' title='bbox 3115 1153 3318 1207; x_wconf 89' lang='lat' dir='ltr'>ordine</span> <span class='ocrx_word' id='word_1_286' title='bbox 3367 1155 3772 1224; x_wconf 82' lang='lat' dir='ltr'>pontiﬁcatus,</span> 
     </span>
    </p>
   </div>
   <div class='ocr_carea' id='block_1_43' title="bbox 2114 1238 3776 1314">
    <p class='ocr_par' dir='ltr' id='par_1_43' title="bbox 2114 1238 3776 1314">
     <span class='ocr_line' id='line_1_43' title="bbox 2114 1238 3776 1314; baseline 0.004 -24"><span class='ocrx_word' id='word_1_287' title='bbox 2114 1254 2318 1292; x_wconf 90' lang='lat' dir='ltr'>rursus</span> <span class='ocrx_word' id='word_1_288' title='bbox 2367 1238 2714 1294; x_wconf 89' lang='lat' dir='ltr'>reverendus</span> <span class='ocrx_word' id='word_1_289' title='bbox 2763 1239 3110 1294; x_wconf 87' lang='lat' dir='ltr'>Hiucmarus</span> <span class='ocrx_word' id='word_1_290' title='bbox 3155 1258 3320 1294; x_wconf 91' lang='lat' dir='ltr'>arma</span> <span class='ocrx_word' id='word_1_291' title='bbox 3368 1247 3682 1314; x_wconf 81' lang='lat' dir='ltr'>praeparat,</span> <span class='ocrx_word' id='word_1_292' title='bbox 3715 1246 3776 1296; x_wconf 77' lang='lat' dir='ltr'>et</span> 
     </span>
    </p>
   </div>
   <div class='ocr_carea' id='block_1_44' title="bbox 2113 1325 3775 1402">
    <p class='ocr_par' dir='ltr' id='par_1_44' title="bbox 2113 1325 3775 1402">
     <span class='ocr_line' id='line_1_44' title="bbox 2113 1325 3775 1402; baseline 0.005 -24"><span class='ocrx_word' id='word_1_293' title='bbox 2113 1325 2298 1380; x_wconf 90' lang='lat' dir='ltr'>eidem</span> <span class='ocrx_word' id='word_1_294' title='bbox 2333 1342 2564 1380; x_wconf 89' lang='lat' dir='ltr'>summo</span> <span class='ocrx_word' id='word_1_295' title='bbox 2596 1327 3148 1400; x_wconf 71' lang='lat' dir='ltr'>prwsuli,tanquam</span> <span class='ocrx_word' id='word_1_296' title='bbox 3181 1347 3426 1384; x_wconf 90' lang='lat' dir='ltr'>suarum</span> <span class='ocrx_word' id='word_1_297' title='bbox 3461 1331 3775 1402; x_wconf 85' lang='lat' dir='ltr'>inexperto</span> 
     </span>
    </p>
   </div>
   <div class='ocr_carea' id='block_1_45' title="bbox 2110 1415 3782 1489">
    <p class='ocr_par' dir='ltr' id='par_1_45' title="bbox 2110 1415 3782 1489">
     <span class='ocr_line' id='line_1_45' title="bbox 2110 1415 3782 1489; baseline 0.004 -21"><span class='ocrx_word' id='word_1_298' title='bbox 2110 1415 2772 1481; x_wconf 85' lang='lat' dir='ltr'>versutiarum,latenter</span> <span class='ocrx_word' id='word_1_299' title='bbox 2799 1416 3052 1489; x_wconf 86' lang='lat' dir='ltr'>subripit</span> <span class='ocrx_word' id='word_1_300' title='bbox 3075 1422 3129 1472; x_wconf 91' lang='lat' dir='ltr'>et</span> <span class='ocrx_word' id='word_1_301' title='bbox 3151 1418 3207 1472; x_wconf 94' lang='lat' dir='ltr'>in</span> <span class='ocrx_word' id='word_1_302' title='bbox 3233 1418 3360 1489; x_wconf 90' lang='lat' dir='ltr'>ipso</span> <span class='ocrx_word' id='word_1_303' title='bbox 3384 1420 3782 1474; x_wconf 86' lang='lat' dir='ltr'>consecratio-</span> 
     </span>
    </p>
   </div>
   <div class='ocr_carea' id='block_1_46' title="bbox 2111 1502 3776 1579">
    <p class='ocr_par' dir='ltr' id='par_1_46' title="bbox 2111 1502 3776 1579">
     <span class='ocr_line' id='line_1_46' title="bbox 2111 1502 3776 1579; baseline 0.004 -23"><span class='ocrx_word' id='word_1_304' title='bbox 2111 1502 2205 1557; x_wconf 89' lang='lat' dir='ltr'>nis</span> <span class='ocrx_word' id='word_1_305' title='bbox 2231 1503 2358 1574; x_wconf 87' lang='lat' dir='ltr'>ejus</span> <span class='ocrx_word' id='word_1_306' title='bbox 2389 1503 2674 1575; x_wconf 90' lang='lat' dir='ltr'>principio</span> <span class='ocrx_word' id='word_1_307' title='bbox 2705 1505 2932 1572; x_wconf 92' lang='lat' dir='ltr'>suadet,</span> <span class='ocrx_word' id='word_1_308' title='bbox 2967 1510 3032 1560; x_wconf 92' lang='lat' dir='ltr'>ut</span> <span class='ocrx_word' id='word_1_309' title='bbox 3064 1507 3376 1562; x_wconf 90' lang='lat' dir='ltr'>concilium</span> <span class='ocrx_word' id='word_1_310' title='bbox 3420 1508 3664 1579; x_wconf 90' lang='lat' dir='ltr'>quidem</span> <span class='ocrx_word' id='word_1_311' title='bbox 3695 1509 3776 1562; x_wconf 89' lang='lat' dir='ltr'>ad</span> 
     </span>
    </p>
   </div>
   <div class='ocr_carea' id='block_1_47' title="bbox 2110 1590 3781 1666">
    <p class='ocr_par' dir='ltr' id='par_1_47' title="bbox 2110 1590 3781 1666">
     <span class='ocr_line' id='line_1_47' title="bbox 2110 1590 3781 1666; baseline 0.004 -22"><span class='ocrx_word' id='word_1_312' title='bbox 2110 1594 2310 1645; x_wconf 85' lang='lat' dir='ltr'>votum</span> <span class='ocrx_word' id='word_1_313' title='bbox 2343 1590 2520 1647; x_wconf 91' lang='lat' dir='ltr'>unius</span> <span class='ocrx_word' id='word_1_314' title='bbox 2549 1591 2808 1648; x_wconf 91' lang='lat' dir='ltr'>hominis</span> <span class='ocrx_word' id='word_1_315' title='bbox 2836 1599 3254 1666; x_wconf 76' lang='lat' dir='ltr'>congregatum</span> <span class='ocrx_word' id='word_1_316' title='bbox 3307 1596 3565 1650; x_wconf 78' lang='lat' dir='ltr'>firmaret</span> <span class='ocrx_word' id='word_1_317' title='bbox 3599 1613 3613 1648; x_wconf 93' lang='lat'>:</span> <span class='ocrx_word' id='word_1_318' title='bbox 3652 1613 3781 1651; x_wconf 87' lang='lat' dir='ltr'>non</span> 
     </span>
    </p>
   </div>
   <div class='ocr_carea' id='block_1_48' title="bbox 2111 1679 3785 1756">
    <p class='ocr_par' dir='ltr' id='par_1_48' title="bbox 2111 1679 3785 1756">
     <span class='ocr_line' id='line_1_48' title="bbox 2111 1679 3785 1756; baseline 0.004 -23"><span class='ocrx_word' id='word_1_319' title='bbox 2111 1684 2304 1734; x_wconf 89' lang='lat' dir='ltr'>tamen</span> <span class='ocrx_word' id='word_1_320' title='bbox 2337 1680 2388 1734; x_wconf 91' lang='lat' dir='ltr'>ei</span> <span class='ocrx_word' id='word_1_321' title='bbox 2423 1679 2539 1734; x_wconf 93' lang='lat' dir='ltr'>ullo</span> <span class='ocrx_word' id='word_1_322' title='bbox 2571 1682 2742 1736; x_wconf 91' lang='lat' dir='ltr'>modo</span> <span class='ocrx_word' id='word_1_323' title='bbox 2775 1683 3000 1755; x_wconf 79' lang='lat' dir='ltr'>subripi</span> <span class='ocrx_word' id='word_1_324' title='bbox 3032 1689 3132 1738; x_wconf 89' lang='lat' dir='ltr'>aut</span> <span class='ocrx_word' id='word_1_325' title='bbox 3164 1685 3396 1739; x_wconf 89' lang='lat' dir='ltr'>suaderi</span> <span class='ocrx_word' id='word_1_326' title='bbox 3430 1685 3720 1756; x_wconf 87' lang='lat' dir='ltr'>potuit,ut</span> <span class='ocrx_word' id='word_1_327' title='bbox 3747 1701 3785 1739; x_wconf 84' lang='lat' dir='ltr'>a</span> 
     </span>
    </p>
   </div>
   <div class='ocr_carea' id='block_1_49' title="bbox 2103 1769 3780 1837">
    <p class='ocr_par' dir='ltr' id='par_1_49' title="bbox 2103 1769 3780 1837">
     <span class='ocr_line' id='line_1_49' title="bbox 2103 1769 3780 1837; baseline 0.005 -17"><span class='ocrx_word' id='word_1_328' title='bbox 2103 1769 2276 1837; x_wconf 67' lang='lat' dir='ltr'>justas</span> <span class='ocrx_word' id='word_1_329' title='bbox 2321 1769 2690 1825; x_wconf 81' lang='lat' dir='ltr'>diffinitionis</span> <span class='ocrx_word' id='word_1_330' title='bbox 2748 1775 2805 1825; x_wconf 90' lang='lat' dir='ltr'>et</span> <span class='ocrx_word' id='word_1_331' title='bbox 2851 1771 3284 1828; x_wconf 74' lang='lat' dir='ltr'>discretissimaa</span> <span class='ocrx_word' id='word_1_332' title='bbox 3343 1775 3780 1829; x_wconf 83' lang='lat' dir='ltr'>moderationis</span> 
     </span>
    </p>
   </div>
   <div class='ocr_carea' id='block_1_50' title="bbox 2110 1857 3778 1933">
    <p class='ocr_par' dir='ltr' id='par_1_50' title="bbox 2110 1857 3778 1933">
     <span class='ocr_line' id='line_1_50' title="bbox 2110 1857 3778 1933; baseline 0.004 -22"><span class='ocrx_word' id='word_1_333' title='bbox 2110 1857 2344 1912; x_wconf 90' lang='lat' dir='ltr'>tramite</span> <span class='ocrx_word' id='word_1_334' title='bbox 2366 1857 2450 1912; x_wconf 87' lang='lat' dir='ltr'>vel</span> <span class='ocrx_word' id='word_1_335' title='bbox 2485 1858 2915 1930; x_wconf 86' lang='lat' dir='ltr'>aliquantulum</span> <span class='ocrx_word' id='word_1_336' title='bbox 2948 1859 3266 1916; x_wconf 89' lang='lat' dir='ltr'>declinaret</span> <span class='ocrx_word' id='word_1_337' title='bbox 3298 1866 3778 1933; x_wconf 86' lang='lat' dir='ltr'>:verumtamen,</span> 
     </span>
    </p>
   </div>
   <div class='ocr_carea' id='block_1_51' title="bbox 2106 1945 3778 2023">
    <p class='ocr_par' dir='ltr' id='par_1_51' title="bbox 2106 1945 3778 2023">
     <span class='ocr_line' id='line_1_51' title="bbox 2106 1945 3778 2023; baseline 0.005 -25"><span class='ocrx_word' id='word_1_338' title='bbox 2106 1945 2260 1999; x_wconf 86' lang='lat' dir='ltr'>sicut</span> <span class='ocrx_word' id='word_1_339' title='bbox 2287 1945 2480 2001; x_wconf 90' lang='lat' dir='ltr'>videre</span> <span class='ocrx_word' id='word_1_340' title='bbox 2513 1952 2622 2011; x_wconf 89' lang='lat' dir='ltr'>est,</span> <span class='ocrx_word' id='word_1_341' title='bbox 2654 1951 2710 2002; x_wconf 90' lang='lat' dir='ltr'>et</span> <span class='ocrx_word' id='word_1_342' title='bbox 2743 1948 2851 2019; x_wconf 90' lang='lat' dir='ltr'>ipsi</span> <span class='ocrx_word' id='word_1_343' title='bbox 2878 1948 3005 2018; x_wconf 89' lang='lat' dir='ltr'>jam</span> <span class='ocrx_word' id='word_1_344' title='bbox 3039 1949 3282 2004; x_wconf 87' lang='lat' dir='ltr'>forsitan</span> <span class='ocrx_word' id='word_1_345' title='bbox 3315 1951 3660 2023; x_wconf 87' lang='lat' dir='ltr'>agnovistis,</span> <span class='ocrx_word' id='word_1_346' title='bbox 3686 1951 3778 2006; x_wconf 75' lang='lat' dir='ltr'>ita</span> 
     </span>
    </p>
   </div>
   <div class='ocr_carea' id='block_1_52' title="bbox 2109 2034 3775 2108">
    <p class='ocr_par' dir='ltr' id='par_1_52' title="bbox 2109 2034 3775 2108">
     <span class='ocr_line' id='line_1_52' title="bbox 2109 2034 3775 2108; baseline 0.005 -21"><span class='ocrx_word' id='word_1_347' title='bbox 2109 2050 2210 2104; x_wconf 91' lang='lat' dir='ltr'>per</span> <span class='ocrx_word' id='word_1_348' title='bbox 2239 2034 2533 2105; x_wconf 88' lang='lat' dir='ltr'>quoddam</span> <span class='ocrx_word' id='word_1_349' title='bbox 2569 2035 2615 2090; x_wconf 92' lang='lat' dir='ltr'>ei</span> <span class='ocrx_word' id='word_1_350' title='bbox 2653 2035 3017 2108; x_wconf 86' lang='lat' dir='ltr'>privilegium</span> <span class='ocrx_word' id='word_1_351' title='bbox 3047 2054 3390 2094; x_wconf 89' lang='lat' dir='ltr'>concessum</span> <span class='ocrx_word' id='word_1_352' title='bbox 3423 2039 3585 2096; x_wconf 88' lang='lat' dir='ltr'>illius</span> <span class='ocrx_word' id='word_1_353' title='bbox 3631 2057 3775 2096; x_wconf 85' lang='lat' dir='ltr'>con-</span> 
     </span>
    </p>
   </div>
   <div class='ocr_carea' id='block_1_53' title="bbox 2104 2121 3768 2193">
    <p class='ocr_par' dir='ltr' id='par_1_53' title="bbox 2104 2121 3768 2193">
     <span class='ocr_line' id='line_1_53' title="bbox 2104 2121 3768 2193; baseline 0.005 -17"><span class='ocrx_word' id='word_1_354' title='bbox 2104 2121 2223 2176; x_wconf 88' lang='lat' dir='ltr'>cilii</span> <span class='ocrx_word' id='word_1_355' title='bbox 2255 2124 2544 2178; x_wconf 87' lang='lat' dir='ltr'>roboravit</span> <span class='ocrx_word' id='word_1_356' title='bbox 2575 2125 2931 2193; x_wconf 87' lang='lat' dir='ltr'>institutum,</span> <span class='ocrx_word' id='word_1_357' title='bbox 2965 2131 3028 2180; x_wconf 80' lang='lat' dir='ltr'>ut.</span> <span class='ocrx_word' id='word_1_358' title='bbox 3053 2128 3421 2183; x_wconf 86' lang='lat' dir='ltr'>auctoritatis</span> <span class='ocrx_word' id='word_1_359' title='bbox 3460 2146 3768 2184; x_wconf 86' lang='lat' dir='ltr'>summam</span> 
     </span>
    </p>
   </div>
   <div class='ocr_carea' id='block_1_54' title="bbox 2105 2211 3771 2289">
    <p class='ocr_par' dir='ltr' id='par_1_54' title="bbox 2105 2211 3771 2289">
     <span class='ocr_line' id='line_1_54' title="bbox 2105 2211 3771 2289; baseline 0.005 -25"><span class='ocrx_word' id='word_1_360' title='bbox 2105 2211 2229 2265; x_wconf 90' lang='lat' dir='ltr'>sedi</span> <span class='ocrx_word' id='word_1_361' title='bbox 2260 2211 2586 2283; x_wconf 64' lang='lat' dir='ltr'>apostolica;</span> <span class='ocrx_word' id='word_1_362' title='bbox 2621 2218 2958 2280; x_wconf 87' lang='lat' dir='ltr'>reservaret,</span> <span class='ocrx_word' id='word_1_363' title='bbox 2987 2219 3042 2269; x_wconf 89' lang='lat' dir='ltr'>et</span> <span class='ocrx_word' id='word_1_364' title='bbox 3073 2219 3138 2269; x_wconf 94' lang='lat' dir='ltr'>ut</span> <span class='ocrx_word' id='word_1_365' title='bbox 3166 2216 3330 2271; x_wconf 88' lang='lat' dir='ltr'>vobis</span> <span class='ocrx_word' id='word_1_366' title='bbox 3365 2216 3492 2286; x_wconf 90' lang='lat' dir='ltr'>jam</span> <span class='ocrx_word' id='word_1_367' title='bbox 3524 2218 3771 2289; x_wconf 60' lang='lat' dir='ltr'>scripsi-</span> 
     </span>
    </p>
   </div>
   <div class='ocr_carea' id='block_1_55' title="bbox 2105 2299 3764 2377">
    <p class='ocr_par' dir='ltr' id='par_1_55' title="bbox 2105 2299 3764 2377">
     <span class='ocr_line' id='line_1_55' title="bbox 2105 2299 3764 2377; baseline 0.004 -24"><span class='ocrx_word' id='word_1_368' title='bbox 2105 2316 2258 2366; x_wconf 89' lang='lat' dir='ltr'>mus,</span> <span class='ocrx_word' id='word_1_369' title='bbox 2293 2299 2374 2354; x_wconf 89' lang='lat' dir='ltr'>ita</span> <span class='ocrx_word' id='word_1_370' title='bbox 2398 2300 2602 2355; x_wconf 88' lang='lat' dir='ltr'>tribuit</span> <span class='ocrx_word' id='word_1_371' title='bbox 2632 2301 2910 2357; x_wconf 89' lang='lat' dir='ltr'>honorem</span> <span class='ocrx_word' id='word_1_372' title='bbox 2944 2303 3128 2372; x_wconf 89' lang='lat' dir='ltr'>alteri,</span> <span class='ocrx_word' id='word_1_373' title='bbox 3165 2309 3230 2359; x_wconf 91' lang='lat' dir='ltr'>ut</span> <span class='ocrx_word' id='word_1_374' title='bbox 3279 2305 3389 2360; x_wconf 87' lang='lat' dir='ltr'>sibi</span> <span class='ocrx_word' id='word_1_375' title='bbox 3441 2308 3599 2377; x_wconf 90' lang='lat' dir='ltr'>quod</span> <span class='ocrx_word' id='word_1_376' title='bbox 3651 2308 3764 2361; x_wconf 82' lang='lat' dir='ltr'>tri-</span> 
     </span>
    </p>
   </div>
   <div class='ocr_carea' id='block_1_56' title="bbox 2105 2387 3761 2465">
    <p class='ocr_par' dir='ltr' id='par_1_56' title="bbox 2105 2387 3761 2465">
     <span class='ocr_line' id='line_1_56' title="bbox 2105 2387 3761 2465; baseline 0.005 -24"><span class='ocrx_word' id='word_1_377' title='bbox 2105 2387 2322 2442; x_wconf 88' lang='lat' dir='ltr'>buebat</span> <span class='ocrx_word' id='word_1_378' title='bbox 2349 2405 2463 2442; x_wconf 92' lang='lat' dir='ltr'>non</span> <span class='ocrx_word' id='word_1_379' title='bbox 2497 2390 2772 2444; x_wconf 88' lang='lat' dir='ltr'>demeret.</span> <span class='ocrx_word' id='word_1_380' title='bbox 2795 2390 2958 2445; x_wconf 91' lang='lat' dir='ltr'>Unde</span> <span class='ocrx_word' id='word_1_381' title='bbox 2988 2397 3182 2447; x_wconf 89' lang='lat' dir='ltr'>actum</span> <span class='ocrx_word' id='word_1_382' title='bbox 3216 2398 3393 2459; x_wconf 85' lang='lat' dir='ltr'>est,ut</span> <span class='ocrx_word' id='word_1_383' title='bbox 3419 2395 3576 2465; x_wconf 91' lang='lat' dir='ltr'>quod</span> <span class='ocrx_word' id='word_1_384' title='bbox 3602 2395 3761 2450; x_wconf 82' lang='lat' dir='ltr'>male</span> 
     </span>
    </p>
   </div>
   <div class='ocr_carea' id='block_1_57' title="bbox 2103 2475 3759 2554">
    <p class='ocr_par' dir='ltr' id='par_1_57' title="bbox 2103 2475 3759 2554">
     <span class='ocr_line' id='line_1_57' title="bbox 2103 2475 3759 2554; baseline 0.005 -26"><span class='ocrx_word' id='word_1_385' title='bbox 2103 2475 2348 2544; x_wconf 89' lang='lat' dir='ltr'>petitum</span> <span class='ocrx_word' id='word_1_386' title='bbox 2381 2476 2587 2540; x_wconf 86' lang='lat' dir='ltr'>fuerat,</span> <span class='ocrx_word' id='word_1_387' title='bbox 2621 2477 2862 2548; x_wconf 85' lang='lat' dir='ltr'>Spiritu,</span> <span class='ocrx_word' id='word_1_388' title='bbox 2898 2479 3142 2536; x_wconf 86' lang='lat' dir='ltr'>docente</span> <span class='ocrx_word' id='word_1_389' title='bbox 3171 2481 3295 2545; x_wconf 89' lang='lat' dir='ltr'>Dei,</span> <span class='ocrx_word' id='word_1_390' title='bbox 3326 2483 3470 2537; x_wconf 87' lang='lat' dir='ltr'>bene</span> <span class='ocrx_word' id='word_1_391' title='bbox 3517 2483 3759 2554; x_wconf 79' lang='lat' dir='ltr'>sapiens</span> 
     </span>
    </p>
   </div>
   <div class='ocr_carea' id='block_1_58' title="bbox 2103 2563 3760 2639">
    <p class='ocr_par' dir='ltr' id='par_1_58' title="bbox 2103 2563 3760 2639">
     <span class='ocr_line' id='line_1_58' title="bbox 2103 2563 3760 2639; baseline 0.005 -22"><span class='ocrx_word' id='word_1_392' title='bbox 2103 2563 2314 2634; x_wconf 69' lang='lat' dir='ltr'>prtesul</span> <span class='ocrx_word' id='word_1_393' title='bbox 2347 2567 2703 2634; x_wconf 85' lang='lat' dir='ltr'>concederet,</span> <span class='ocrx_word' id='word_1_394' title='bbox 2738 2573 2793 2621; x_wconf 91' lang='lat' dir='ltr'>et</span> <span class='ocrx_word' id='word_1_395' title='bbox 2823 2567 2968 2621; x_wconf 87' lang='lat' dir='ltr'>nihil</span> <span class='ocrx_word' id='word_1_396' title='bbox 3001 2570 3301 2639; x_wconf 86' lang='lat' dir='ltr'>proficeret</span> <span class='ocrx_word' id='word_1_397' title='bbox 3344 2570 3608 2625; x_wconf 88' lang='lat' dir='ltr'>humana</span> <span class='ocrx_word' id='word_1_398' title='bbox 3659 2589 3760 2625; x_wconf 89' lang='lat' dir='ltr'>su-</span> 
     </span>
    </p>
   </div>
   <div class='ocr_carea' id='block_1_59' title="bbox 2103 2653 3764 2731">
    <p class='ocr_par' dir='ltr' id='par_1_59' title="bbox 2103 2653 3764 2731">
     <span class='ocr_line' id='line_1_59' title="bbox 2103 2653 3764 2731; baseline 0.005 -25"><span class='ocrx_word' id='word_1_399' title='bbox 2103 2653 2350 2724; x_wconf 89' lang='lat' dir='ltr'>breptio,</span> <span class='ocrx_word' id='word_1_400' title='bbox 2384 2655 2481 2710; x_wconf 93' lang='lat' dir='ltr'>ubi</span> <span class='ocrx_word' id='word_1_401' title='bbox 2518 2661 2720 2725; x_wconf 89' lang='lat' dir='ltr'>pectus</span> <span class='ocrx_word' id='word_1_402' title='bbox 2752 2657 2896 2710; x_wconf 91' lang='lat' dir='ltr'>tanti</span> <span class='ocrx_word' id='word_1_403' title='bbox 2929 2657 3220 2727; x_wconf 82' lang='lat' dir='ltr'>pontificis</span> <span class='ocrx_word' id='word_1_404' title='bbox 3251 2659 3448 2713; x_wconf 88' lang='lat' dir='ltr'>divina</span> <span class='ocrx_word' id='word_1_405' title='bbox 3498 2660 3764 2731; x_wconf 77' lang='lat' dir='ltr'>replebat</span> 
     </span>
    </p>
   </div>
   <div class='ocr_carea' id='block_1_60' title="bbox 2103 2740 3763 2812">
    <p class='ocr_par' dir='ltr' id='par_1_60' title="bbox 2103 2740 3763 2812">
     <span class='ocr_line' id='line_1_60' title="bbox 2103 2740 3763 2812; baseline 0.004 -18"><span class='ocrx_word' id='word_1_406' title='bbox 2103 2740 2320 2796; x_wconf 89' lang='lat' dir='ltr'>infusio</span> <span class='ocrx_word' id='word_1_407' title='bbox 2348 2759 2360 2796; x_wconf 94' lang='lat'><strong>:</strong></span> <span class='ocrx_word' id='word_1_408' title='bbox 2388 2758 2490 2796; x_wconf 87' lang='lat' dir='ltr'>nec</span> <span class='ocrx_word' id='word_1_409' title='bbox 2524 2743 2753 2798; x_wconf 87' lang='lat' dir='ltr'>obesset</span> <span class='ocrx_word' id='word_1_410' title='bbox 2783 2744 3092 2812; x_wconf 85' lang='lat' dir='ltr'>cuiusdam</span> <span class='ocrx_word' id='word_1_411' title='bbox 3125 2745 3448 2810; x_wconf 88' lang='lat' dir='ltr'>suasio,ubi</span> <span class='ocrx_word' id='word_1_412' title='bbox 3473 2747 3763 2801; x_wconf 87' lang='lat' dir='ltr'>antistitis</span> 
     </span>
    </p>
   </div>
   <div class='ocr_carea' id='block_1_61' title="bbox 2103 2830 3766 2904">
    <p class='ocr_par' dir='ltr' id='par_1_61' title="bbox 2103 2830 3766 2904">
     <span class='ocr_line' id='line_1_61' title="bbox 2103 2830 3766 2904; baseline 0.004 -21"><span class='ocrx_word' id='word_1_413' title='bbox 2103 2830 2289 2884; x_wconf 90' lang='lat' dir='ltr'>sancti</span> <span class='ocrx_word' id='word_1_414' title='bbox 2321 2831 2576 2901; x_wconf 89' lang='lat' dir='ltr'>prudens</span> <span class='ocrx_word' id='word_1_415' title='bbox 2606 2831 2855 2886; x_wconf 87' lang='lat' dir='ltr'>obviavit</span> <span class='ocrx_word' id='word_1_416' title='bbox 2879 2837 2938 2886; x_wconf 88' lang='lat' dir='ltr'>et</span> <span class='ocrx_word' id='word_1_417' title='bbox 2969 2833 3482 2904; x_wconf 77' lang='lat' dir='ltr'>providentissime</span> <span class='ocrx_word' id='word_1_418' title='bbox 3499 2836 3766 2890; x_wconf 88' lang='lat' dir='ltr'>modera-</span> 
     </span>
    </p>
   </div>
   <div class='ocr_carea' id='block_1_62' title="bbox 2102 2918 3758 2995">
    <p class='ocr_par' dir='ltr' id='par_1_62' title="bbox 2102 2918 3758 2995">
     <span class='ocr_line' id='line_1_62' title="bbox 2102 2918 3758 2995; baseline 0.004 -24"><span class='ocrx_word' id='word_1_419' title='bbox 2102 2918 2182 2971; x_wconf 91' lang='lat' dir='ltr'>tio</span> <span class='ocrx_word' id='word_1_420' title='bbox 2217 2935 2228 2973; x_wconf 93' lang='lat'>:</span> <span class='ocrx_word' id='word_1_421' title='bbox 2266 2919 2406 2973; x_wconf 92' lang='lat' dir='ltr'>dum</span> <span class='ocrx_word' id='word_1_422' title='bbox 2465 2920 2523 2973; x_wconf 91' lang='lat' dir='ltr'>in</span> <span class='ocrx_word' id='word_1_423' title='bbox 2583 2919 2708 2991; x_wconf 89' lang='lat' dir='ltr'>ipso</span> <span class='ocrx_word' id='word_1_424' title='bbox 2760 2920 3058 2994; x_wconf 86' lang='lat' dir='ltr'>privilegio</span> <span class='ocrx_word' id='word_1_425' title='bbox 3089 2927 3349 2977; x_wconf 90' lang='lat' dir='ltr'>tenorem</span> <span class='ocrx_word' id='word_1_426' title='bbox 3382 2924 3758 2995; x_wconf 65' lang='lat' dir='ltr'>premiserit,</span> 
     </span>
    </p>
   </div>
   <div class='ocr_carea' id='block_1_63' title="bbox 2103 3008 3764 3077">
    <p class='ocr_par' dir='ltr' id='par_1_63' title="bbox 2103 3008 3764 3077">
     <span class='ocr_line' id='line_1_63' title="bbox 2103 3008 3764 3077; baseline 0.004 -16"><span class='ocrx_word' id='word_1_427' title='bbox 2103 3009 2257 3077; x_wconf 92' lang='lat' dir='ltr'>quod</span> <span class='ocrx_word' id='word_1_428' title='bbox 2292 3008 2375 3062; x_wconf 93' lang='lat' dir='ltr'>sic</span> <span class='ocrx_word' id='word_1_429' title='bbox 2406 3009 2700 3064; x_wconf 86' lang='lat' dir='ltr'>decretum</span> <span class='ocrx_word' id='word_1_430' title='bbox 2728 3015 2816 3064; x_wconf 92' lang='lat' dir='ltr'>est</span> <span class='ocrx_word' id='word_1_431' title='bbox 2847 3010 2918 3065; x_wconf 90' lang='lat' dir='ltr'>ab</span> <span class='ocrx_word' id='word_1_432' title='bbox 2951 3027 3017 3064; x_wconf 92' lang='lat' dir='ltr'>eo</span> <span class='ocrx_word' id='word_1_433' title='bbox 3072 3012 3364 3066; x_wconf 90' lang='lat' dir='ltr'>manenda</span> <span class='ocrx_word' id='word_1_434' title='bbox 3411 3011 3764 3068; x_wconf 80' lang='lat' dir='ltr'>inconvulsa</span> 
     </span>
    </p>
   </div>
   <div class='ocr_carea' id='block_1_64' title="bbox 2103 3097 3762 3172">
    <p class='ocr_par' dir='ltr' id='par_1_64' title="bbox 2103 3097 3762 3172">
     <span class='ocr_line' id='line_1_64' title="bbox 2103 3097 3762 3172; baseline 0.002 -22"><span class='ocrx_word' id='word_1_435' title='bbox 2103 3112 2228 3166; x_wconf 70' lang='lat' dir='ltr'>quae</span> <span class='ocrx_word' id='word_1_436' title='bbox 2261 3097 2684 3168; x_wconf 88' lang='lat' dir='ltr'>petebantur,si</span> <span class='ocrx_word' id='word_1_437' title='bbox 2718 3098 2799 3153; x_wconf 90' lang='lat' dir='ltr'>ita</span> <span class='ocrx_word' id='word_1_438' title='bbox 2824 3103 3023 3154; x_wconf 89' lang='lat' dir='ltr'>essent</span> <span class='ocrx_word' id='word_1_439' title='bbox 3053 3115 3156 3170; x_wconf 91' lang='lat' dir='ltr'>per</span> <span class='ocrx_word' id='word_1_440' title='bbox 3175 3101 3391 3164; x_wconf 87' lang='lat' dir='ltr'>omnia,</span> <span class='ocrx_word' id='word_1_441' title='bbox 3412 3117 3538 3172; x_wconf 65' lang='lat' dir='ltr'>quae</span> <span class='ocrx_word' id='word_1_442' title='bbox 3563 3101 3634 3155; x_wconf 90' lang='lat' dir='ltr'>de</span> <span class='ocrx_word' id='word_1_443' title='bbox 3658 3101 3762 3155; x_wconf 83' lang='lat' dir='ltr'>illa</span> 
     </span>
    </p>
   </div>
   <div class='ocr_carea' id='block_1_65' title="bbox 343 3173 3758 3259">
    <p class='ocr_par' dir='ltr' id='par_1_65' title="bbox 343 3173 3758 3259">
     <span class='ocr_line' id='line_1_65' title="bbox 343 3173 3758 3259; baseline 0.001 -17"><span class='ocrx_word' id='word_1_444' title='bbox 343 3187 782 3259; x_wconf 86' lang='lat' dir='ltr'>appellaverint,</span> <span class='ocrx_word' id='word_1_445' title='bbox 816 3191 871 3241; x_wconf 92' lang='lat' dir='ltr'>et</span> <span class='ocrx_word' id='word_1_446' title='bbox 919 3185 1131 3241; x_wconf 89' lang='lat' dir='ltr'>vellent</span> <span class='ocrx_word' id='word_1_447' title='bbox 1178 3201 1286 3238; x_wconf 91' lang='lat' dir='ltr'>sua</span> <span class='ocrx_word' id='word_1_448' title='bbox 1334 3201 1394 3238; x_wconf 91' lang='lat' dir='ltr'>se</span> <span class='ocrx_word' id='word_1_449' title='bbox 1440 3182 1759 3254; x_wconf 89' lang='lat' dir='ltr'>apostolica</span> <span class='ocrx_word' id='word_1_450' title='bbox 1799 3181 1989 3238; x_wconf 88' lang='lat' dir='ltr'>audiri</span> <span class='ocrx_word' id='word_1_451' title='bbox 2020 3173 2062 3239; x_wconf 89' lang='lat' dir='ltr'>C</span> <span class='ocrx_word' id='word_1_452' title='bbox 2104 3185 2322 3256; x_wconf 84' lang='lat' dir='ltr'>synodo</span> <span class='ocrx_word' id='word_1_453' title='bbox 2354 3185 2464 3240; x_wconf 91' lang='lat' dir='ltr'>sibi</span> <span class='ocrx_word' id='word_1_454' title='bbox 2497 3204 2530 3242; x_wconf 89' lang='lat' dir='ltr'>a</span> <span class='ocrx_word' id='word_1_455' title='bbox 2561 3187 2734 3242; x_wconf 88' lang='lat' dir='ltr'>fratre</span> <span class='ocrx_word' id='word_1_456' title='bbox 2766 3192 2964 3244; x_wconf 89' lang='lat' dir='ltr'>nostro</span> <span class='ocrx_word' id='word_1_457' title='bbox 2987 3187 3296 3243; x_wconf 87' lang='lat' dir='ltr'>Hincmaro</span> <span class='ocrx_word' id='word_1_458' title='bbox 3330 3189 3758 3244; x_wconf 83' lang='lat' dir='ltr'>referebantur.</span> 
     </span>
    </p>
   </div>
   <div class='ocr_carea' id='block_1_66' title="bbox 348 3271 1991 3347">
    <p class='ocr_par' dir='ltr' id='par_1_66' title="bbox 348 3271 1991 3347">
     <span class='ocr_line' id='line_1_66' title="bbox 348 3271 1991 3347; baseline -0.002 -19"><span class='ocrx_word' id='word_1_459' title='bbox 348 3275 674 3347; x_wconf 78' lang='lat' dir='ltr'>praesentia,</span> <span class='ocrx_word' id='word_1_460' title='bbox 709 3280 764 3329; x_wconf 89' lang='lat' dir='ltr'>et</span> <span class='ocrx_word' id='word_1_461' title='bbox 792 3279 950 3339; x_wconf 91' lang='lat' dir='ltr'>tunc,</span> <span class='ocrx_word' id='word_1_462' title='bbox 986 3273 1034 3328; x_wconf 91' lang='lat' dir='ltr'>si</span> <span class='ocrx_word' id='word_1_463' title='bbox 1065 3271 1385 3343; x_wconf 87' lang='lat' dir='ltr'>culpabiles</span> <span class='ocrx_word' id='word_1_464' title='bbox 1422 3271 1842 3332; x_wconf 84' lang='lat' dir='ltr'>invenirentur.</span> <span class='ocrx_word' id='word_1_465' title='bbox 1876 3287 1991 3325; x_wconf 91' lang='lat' dir='ltr'>non</span> 
     </span>
    </p>
   </div>
   <div class='ocr_carea' id='block_1_67' title="bbox 347 3360 1992 3419">
    <p class='ocr_par' dir='ltr' id='par_1_67' title="bbox 347 3360 1992 3419">
     <span class='ocr_line' id='line_1_67' title="bbox 347 3360 1992 3419; baseline -0.004 0"><span class='ocrx_word' id='word_1_466' title='bbox 347 3365 671 3419; x_wconf 85' lang='lat' dir='ltr'>abnuerent</span> <span class='ocrx_word' id='word_1_467' title='bbox 700 3362 1040 3418; x_wconf 91' lang='lat' dir='ltr'>canonicam</span> <span class='ocrx_word' id='word_1_468' title='bbox 1075 3360 1362 3416; x_wconf 89' lang='lat' dir='ltr'>sustinere</span> <span class='ocrx_word' id='word_1_469' title='bbox 1389 3376 1716 3414; x_wconf 89' lang='lat' dir='ltr'>censuram.</span> <span class='ocrx_word' id='word_1_470' title='bbox 1752 3360 1860 3414; x_wconf 90' lang='lat' dir='ltr'>Sed</span> <span class='ocrx_word' id='word_1_471' title='bbox 1894 3375 1992 3413; x_wconf 88' lang='lat' dir='ltr'>ve-</span> 
     </span>
    </p>
   </div>
   <div class='ocr_carea' id='block_1_68' title="bbox 344 3446 1988 3519">
    <p class='ocr_par' dir='ltr' id='par_1_68' title="bbox 344 3446 1988 3519">
     <span class='ocr_line' id='line_1_68' title="bbox 344 3446 1988 3519; baseline -0.003 -12"><span class='ocrx_word' id='word_1_472' title='bbox 344 3452 622 3508; x_wconf 87' lang='lat' dir='ltr'>nerabilis</span> <span class='ocrx_word' id='word_1_473' title='bbox 653 3448 1226 3516; x_wconf 87' lang='lat' dir='ltr'>Hincmarus,sciens</span> <span class='ocrx_word' id='word_1_474' title='bbox 1259 3448 1462 3519; x_wconf 90' lang='lat' dir='ltr'>utique</span> <span class='ocrx_word' id='word_1_475' title='bbox 1485 3447 1797 3502; x_wconf 89' lang='lat' dir='ltr'>concilium</span> <span class='ocrx_word' id='word_1_476' title='bbox 1823 3446 1988 3512; x_wconf 92' lang='lat' dir='ltr'>illud,</span> 
     </span>
    </p>
   </div>
   <div class='ocr_carea' id='block_1_69' title="bbox 342 3535 1990 3611">
    <p class='ocr_par' dir='ltr' id='par_1_69' title="bbox 342 3535 1990 3611">
     <span class='ocr_line' id='line_1_69' title="bbox 342 3535 1990 3611; baseline -0.002 -17"><span class='ocrx_word' id='word_1_477' title='bbox 342 3545 407 3595; x_wconf 90' lang='lat' dir='ltr'>ut</span> <span class='ocrx_word' id='word_1_478' title='bbox 435 3558 615 3611; x_wconf 91' lang='lat' dir='ltr'>supra</span> <span class='ocrx_word' id='word_1_479' title='bbox 636 3545 940 3594; x_wconf 90' lang='lat' dir='ltr'>ostensum</span> <span class='ocrx_word' id='word_1_480' title='bbox 963 3536 1631 3607; x_wconf 87' lang='lat' dir='ltr'>est,reprebensionibus</span> <span class='ocrx_word' id='word_1_481' title='bbox 1654 3553 1767 3590; x_wconf 91' lang='lat' dir='ltr'>non</span> <span class='ocrx_word' id='word_1_482' title='bbox 1788 3535 1990 3607; x_wconf 89' lang='lat' dir='ltr'>paucis</span> 
     </span>
    </p>
   </div>
   <div class='ocr_carea' id='block_1_70' title="bbox 341 3623 1990 3699">
    <p class='ocr_par' dir='ltr' id='par_1_70' title="bbox 341 3623 1990 3699">
     <span class='ocr_line' id='line_1_70' title="bbox 341 3623 1990 3699; baseline -0.002 -17"><span class='ocrx_word' id='word_1_483' title='bbox 341 3631 839 3699; x_wconf 88' lang='lat' dir='ltr'>respersum,acta</span> <span class='ocrx_word' id='word_1_484' title='bbox 869 3625 1105 3696; x_wconf 88' lang='lat' dir='ltr'>quidem</span> <span class='ocrx_word' id='word_1_485' title='bbox 1130 3623 1287 3679; x_wconf 89' lang='lat' dir='ltr'>illius</span> <span class='ocrx_word' id='word_1_486' title='bbox 1319 3643 1420 3696; x_wconf 88' lang='lat' dir='ltr'>per</span> <span class='ocrx_word' id='word_1_487' title='bbox 1447 3625 1741 3679; x_wconf 90' lang='lat' dir='ltr'>neminem</span> <span class='ocrx_word' id='word_1_488' title='bbox 1774 3626 1990 3696; x_wconf 85' lang='lat' dir='ltr'>episco-</span> 
     </span>
    </p>
   </div>
   <div class='ocr_carea' id='block_1_71' title="bbox 342 3713 1988 3788">
    <p class='ocr_par' dir='ltr' id='par_1_71' title="bbox 342 3713 1988 3788">
     <span class='ocr_line' id='line_1_71' title="bbox 342 3713 1988 3788; baseline -0.001 -19"><span class='ocrx_word' id='word_1_489' title='bbox 342 3733 572 3788; x_wconf 91' lang='lat' dir='ltr'>porum,</span> <span class='ocrx_word' id='word_1_490' title='bbox 607 3715 706 3786; x_wconf 91' lang='lat' dir='ltr'>qui</span> <span class='ocrx_word' id='word_1_491' title='bbox 738 3715 829 3770; x_wconf 89' lang='lat' dir='ltr'>bis</span> <span class='ocrx_word' id='word_1_492' title='bbox 879 3715 1286 3780; x_wconf 87' lang='lat' dir='ltr'>interfuerunt,</span> <span class='ocrx_word' id='word_1_493' title='bbox 1324 3713 1671 3769; x_wconf 81' lang='lat' dir='ltr'>destinavit:</span> <span class='ocrx_word' id='word_1_494' title='bbox 1700 3719 1763 3768; x_wconf 92' lang='lat' dir='ltr'>ut</span> <span class='ocrx_word' id='word_1_495' title='bbox 1792 3719 1988 3768; x_wconf 88' lang='lat' dir='ltr'>tamen</span> 
     </span>
    </p>
   </div>
   <div class='ocr_carea' id='block_1_72' title="bbox 339 3791 1988 3875">
    <p class='ocr_par' dir='ltr' id='par_1_72' title="bbox 339 3791 1988 3875">
     <span class='ocr_line' id='line_1_72' title="bbox 339 3791 1988 3875; baseline -0.001 -16"><span class='ocrx_word' id='word_1_496' title='bbox 339 3806 731 3869; x_wconf 78' lang='lat' dir='ltr'>firmarentur,</span> <span class='ocrx_word' id='word_1_497' title='bbox 746 3805 934 3858; x_wconf 90' lang='lat' dir='ltr'>denuo</span> <span class='ocrx_word' id='word_1_498' title='bbox 962 3803 1230 3875; x_wconf 83' lang='lat' dir='ltr'>precibus</span> <span class='ocrx_word' id='word_1_499' title='bbox 1255 3819 1423 3874; x_wconf 90' lang='lat' dir='ltr'>agere</span> <span class='ocrx_word' id='word_1_500' title='bbox 1455 3819 1568 3857; x_wconf 92' lang='lat' dir='ltr'>non</span> <span class='ocrx_word' id='word_1_501' title='bbox 1591 3791 1858 3858; x_wconf 84' lang='lat' dir='ltr'>cessavit.</span> <span class='ocrx_word' id='word_1_502' title='bbox 1877 3803 1988 3858; x_wconf 88' lang='lat' dir='ltr'>Sed</span> 
     </span>
    </p>
   </div>
   <div class='ocr_carea' id='block_1_73' title="bbox 337 3889 1986 3964">
    <p class='ocr_par' dir='ltr' id='par_1_73' title="bbox 337 3889 1986 3964">
     <span class='ocr_line' id='line_1_73' title="bbox 337 3889 1986 3964; baseline -0.002 -16"><span class='ocrx_word' id='word_1_503' title='bbox 337 3893 694 3964; x_wconf 83' lang='lat' dir='ltr'>dejectorum</span> <span class='ocrx_word' id='word_1_504' title='bbox 725 3892 932 3947; x_wconf 88' lang='lat' dir='ltr'>iterato</span> <span class='ocrx_word' id='word_1_505' title='bbox 952 3889 1204 3946; x_wconf 85' lang='lat' dir='ltr'>clamore</span> <span class='ocrx_word' id='word_1_506' title='bbox 1234 3892 1598 3946; x_wconf 87' lang='lat' dir='ltr'>crebescente</span> <span class='ocrx_word' id='word_1_507' title='bbox 1619 3889 1986 3958; x_wconf 87' lang='lat' dir='ltr'>clericorum,</span> 
     </span>
    </p>
   </div>
   <div class='ocr_carea' id='block_1_74' title="bbox 338 3965 1985 4053">
    <p class='ocr_par' dir='ltr' id='par_1_74' title="bbox 338 3965 1985 4053">
     <span class='ocr_line' id='line_1_74' title="bbox 338 3965 1985 4053; baseline -0.002 -16"><span class='ocrx_word' id='word_1_508' title='bbox 338 3965 442 4037; x_wconf 84' lang='lat' dir='ltr'>nec</span> <span class='ocrx_word' id='word_1_509' title='bbox 475 3981 558 4038; x_wconf 87' lang='lat' dir='ltr'>sic</span> <span class='ocrx_word' id='word_1_510' title='bbox 588 3982 742 4053; x_wconf 93' lang='lat' dir='ltr'>quod</span> <span class='ocrx_word' id='word_1_511' title='bbox 781 3981 1086 4052; x_wconf 88' lang='lat' dir='ltr'>petebatur</span> <span class='ocrx_word' id='word_1_512' title='bbox 1116 3979 1430 4036; x_wconf 89' lang='lat' dir='ltr'>laudabilis</span> <span class='ocrx_word' id='word_1_513' title='bbox 1474 3980 1684 4051; x_wconf 69' lang='lat' dir='ltr'>priesul</span> <span class='ocrx_word' id='word_1_514' title='bbox 1715 3979 1985 4035; x_wconf 88' lang='lat' dir='ltr'>indulsit.</span> 
     </span>
    </p>
   </div>
   <div class='ocr_carea' id='block_1_75' title="bbox 338 4067 1988 4142">
    <p class='ocr_par' dir='ltr' id='par_1_75' title="bbox 338 4067 1988 4142">
     <span class='ocr_line' id='line_1_75' title="bbox 338 4067 1988 4142; baseline -0.004 -14"><span class='ocrx_word' id='word_1_515' title='bbox 338 4071 612 4142; x_wconf 66' lang='lat' dir='ltr'>Praecepit</span> <span class='ocrx_word' id='word_1_516' title='bbox 642 4074 838 4126; x_wconf 87' lang='lat' dir='ltr'>autem</span> <span class='ocrx_word' id='word_1_517' title='bbox 871 4086 974 4142; x_wconf 88' lang='lat' dir='ltr'>per</span> <span class='ocrx_word' id='word_1_518' title='bbox 1003 4068 1250 4124; x_wconf 86' lang='lat' dir='ltr'>alteram</span> <span class='ocrx_word' id='word_1_519' title='bbox 1279 4086 1397 4124; x_wconf 62' lang='lat' dir='ltr'>suae</span> <span class='ocrx_word' id='word_1_520' title='bbox 1421 4067 1739 4124; x_wconf 89' lang='lat' dir='ltr'>sanctionis</span> <span class='ocrx_word' id='word_1_521' title='bbox 1770 4067 1988 4140; x_wconf 90' lang='lat' dir='ltr'>episto-</span> 
     </span>
    </p>
   </div>
   <div class='ocr_carea' id='block_1_76' title="bbox 336 4157 1988 4228">
    <p class='ocr_par' dir='ltr' id='par_1_76' title="bbox 336 4157 1988 4228">
     <span class='ocr_line' id='line_1_76' title="bbox 336 4157 1988 4228; baseline -0.002 -13"><span class='ocrx_word' id='word_1_522' title='bbox 336 4158 474 4228; x_wconf 90' lang='lat' dir='ltr'>lam,</span> <span class='ocrx_word' id='word_1_523' title='bbox 511 4166 575 4214; x_wconf 90' lang='lat' dir='ltr'>ut</span> <span class='ocrx_word' id='word_1_524' title='bbox 595 4160 749 4214; x_wconf 89' lang='lat' dir='ltr'>idem</span> <span class='ocrx_word' id='word_1_525' title='bbox 781 4159 958 4214; x_wconf 86' lang='lat' dir='ltr'>frater</span> <span class='ocrx_word' id='word_1_526' title='bbox 991 4159 1343 4213; x_wconf 83' lang='lat' dir='ltr'>Hincmarus</span> <span class='ocrx_word' id='word_1_527' title='bbox 1391 4158 1462 4212; x_wconf 90' lang='lat' dir='ltr'>ad</span> <span class='ocrx_word' id='word_1_528' title='bbox 1513 4157 1823 4212; x_wconf 90' lang='lat' dir='ltr'>concilium</span> <span class='ocrx_word' id='word_1_529' title='bbox 1851 4173 1988 4212; x_wconf 90' lang='lat' dir='ltr'>cum</span> 
     </span>
    </p>
   </div>
   <div class='ocr_carea' id='block_1_77' title="bbox 338 4245 1987 4319">
    <p class='ocr_par' dir='ltr' id='par_1_77' title="bbox 338 4245 1987 4319">
     <span class='ocr_line' id='line_1_77' title="bbox 338 4245 1987 4319; baseline -0.001 -18"><span class='ocrx_word' id='word_1_530' title='bbox 338 4247 455 4316; x_wconf 88' lang='lat' dir='ltr'>illis</span> <span class='ocrx_word' id='word_1_531' title='bbox 477 4248 910 4314; x_wconf 88' lang='lat' dir='ltr'>occurreret,ad</span> <span class='ocrx_word' id='word_1_532' title='bbox 939 4248 1094 4319; x_wconf 91' lang='lat' dir='ltr'>quod</span> <span class='ocrx_word' id='word_1_533' title='bbox 1117 4264 1290 4303; x_wconf 91' lang='lat' dir='ltr'>suum</span> <span class='ocrx_word' id='word_1_534' title='bbox 1323 4246 1447 4317; x_wconf 87' lang='lat' dir='ltr'>ipse</span> <span class='ocrx_word' id='word_1_535' title='bbox 1469 4245 1987 4318; x_wconf 85' lang='lat' dir='ltr'>legatum,Petrum</span> 
     </span>
    </p>
   </div>
   <div class='ocr_carea' id='block_1_78' title="bbox 337 4333 1987 4407">
    <p class='ocr_par' dir='ltr' id='par_1_78' title="bbox 337 4333 1987 4407">
     <span class='ocr_line' id='line_1_78' title="bbox 337 4333 1987 4407; baseline -0.002 -16"><span class='ocrx_word' id='word_1_536' title='bbox 337 4335 604 4392; x_wconf 88' lang='lat' dir='ltr'>videlicet</span> <span class='ocrx_word' id='word_1_537' title='bbox 632 4335 971 4407; x_wconf 88' lang='lat' dir='ltr'>episcopum</span> <span class='ocrx_word' id='word_1_538' title='bbox 1005 4335 1405 4407; x_wconf 88' lang='lat' dir='ltr'>Spoletanum,</span> <span class='ocrx_word' id='word_1_539' title='bbox 1425 4353 1454 4390; x_wconf 94' lang='lat' dir='ltr'>e</span> <span class='ocrx_word' id='word_1_540' title='bbox 1486 4334 1663 4391; x_wconf 88' lang='lat' dir='ltr'>latere</span> <span class='ocrx_word' id='word_1_541' title='bbox 1695 4352 1802 4390; x_wconf 91' lang='lat' dir='ltr'>suo</span> <span class='ocrx_word' id='word_1_542' title='bbox 1825 4333 1987 4391; x_wconf 82' lang='lat' dir='ltr'>dire-</span> 
     </span>
    </p>
   </div>
   <div class='ocr_carea' id='block_1_79' title="bbox 336 4423 1983 4496">
    <p class='ocr_par' dir='ltr' id='par_1_79' title="bbox 336 4423 1983 4496">
     <span class='ocr_line' id='line_1_79' title="bbox 336 4423 1983 4496; baseline 0 -18"><span class='ocrx_word' id='word_1_543' title='bbox 336 4428 518 4491; x_wconf 83' lang='lat' dir='ltr'>xerat,</span> <span class='ocrx_word' id='word_1_544' title='bbox 553 4423 623 4480; x_wconf 90' lang='lat' dir='ltr'>ad</span> <span class='ocrx_word' id='word_1_545' title='bbox 657 4425 1054 4480; x_wconf 86' lang='lat' dir='ltr'>renovandum</span> <span class='ocrx_word' id='word_1_546' title='bbox 1088 4423 1350 4480; x_wconf 87' lang='lat' dir='ltr'>videlicet</span> <span class='ocrx_word' id='word_1_547' title='bbox 1372 4423 1664 4496; x_wconf 90' lang='lat' dir='ltr'>judicium</span> <span class='ocrx_word' id='word_1_548' title='bbox 1695 4424 1814 4479; x_wconf 88' lang='lat' dir='ltr'>vice</span> <span class='ocrx_word' id='word_1_549' title='bbox 1855 4440 1983 4492; x_wconf 88' lang='lat' dir='ltr'>sua,</span> 
     </span>
    </p>
   </div>
   <div class='ocr_carea' id='block_1_80' title="bbox 335 4512 2063 4604">
    <p class='ocr_par' dir='ltr' id='par_1_80' title="bbox 335 4512 2063 4604">
     <span class='ocr_line' id='line_1_80' title="bbox 335 4512 2063 4604; baseline -0.001 -36"><span class='ocrx_word' id='word_1_550' title='bbox 335 4519 391 4568; x_wconf 88' lang='lat' dir='ltr'>et</span> <span class='ocrx_word' id='word_1_551' title='bbox 438 4513 802 4585; x_wconf 88' lang='lat' dir='ltr'>congregatis</span> <span class='ocrx_word' id='word_1_552' title='bbox 852 4530 1079 4579; x_wconf 88' lang='lat' dir='ltr'>rursus,</span> <span class='ocrx_word' id='word_1_553' title='bbox 1107 4513 1398 4584; x_wconf 90' lang='lat' dir='ltr'>episcopis</span> <span class='ocrx_word' id='word_1_554' title='bbox 1455 4513 1526 4567; x_wconf 90' lang='lat' dir='ltr'>ad</span> <span class='ocrx_word' id='word_1_555' title='bbox 1587 4512 1981 4583; x_wconf 87' lang='lat' dir='ltr'>depositorum</span> <span class='ocrx_word' id='word_1_556' title='bbox 2017 4540 2063 4604; x_wconf 67' lang='grc' dir='ltr'><strong>Β</strong></span> 
     </span>
    </p>
   </div>
   <div class='ocr_carea' id='block_1_81' title="bbox 336 4601 1986 4673">
    <p class='ocr_par' dir='ltr' id='par_1_81' title="bbox 336 4601 1986 4673">
     <span class='ocr_line' id='line_1_81' title="bbox 336 4601 1986 4673; baseline 0 -17"><span class='ocrx_word' id='word_1_557' title='bbox 336 4601 800 4673; x_wconf 87' lang='lat' dir='ltr'>reclamantium,</span> <span class='ocrx_word' id='word_1_558' title='bbox 824 4601 1136 4656; x_wconf 84' lang='lat' dir='ltr'>auxiliante</span> <span class='ocrx_word' id='word_1_559' title='bbox 1171 4601 1437 4664; x_wconf 91' lang='lat' dir='ltr'>Domino,</span> <span class='ocrx_word' id='word_1_560' title='bbox 1482 4601 1886 4655; x_wconf 89' lang='lat' dir='ltr'>trutinandum</span> <span class='ocrx_word' id='word_1_561' title='bbox 1919 4617 1986 4656; x_wconf 86' lang='lat' dir='ltr'>ac</span> 
     </span>
    </p>
   </div>
   <div class='ocr_carea' id='block_1_82' title="bbox 339 4687 1981 4763">
    <p class='ocr_par' dir='ltr' id='par_1_82' title="bbox 339 4687 1981 4763">
     <span class='ocr_line' id='line_1_82' title="bbox 339 4687 1981 4763; baseline -0.002 -18"><span class='ocrx_word' id='word_1_562' title='bbox 339 4689 682 4762; x_wconf 91' lang='lat' dir='ltr'>sopiendum</span> <span class='ocrx_word' id='word_1_563' title='bbox 718 4693 1036 4763; x_wconf 90' lang='lat' dir='ltr'>negotium.</span> <span class='ocrx_word' id='word_1_564' title='bbox 1071 4690 1154 4744; x_wconf 91' lang='lat' dir='ltr'>Ita</span> <span class='ocrx_word' id='word_1_565' title='bbox 1185 4694 1248 4744; x_wconf 90' lang='lat' dir='ltr'>ut</span> <span class='ocrx_word' id='word_1_566' title='bbox 1279 4689 1327 4744; x_wconf 90' lang='lat' dir='ltr'>si</span> <span class='ocrx_word' id='word_1_567' title='bbox 1362 4688 1581 4742; x_wconf 90' lang='lat' dir='ltr'>eisdem</span> <span class='ocrx_word' id='word_1_568' title='bbox 1609 4687 1850 4756; x_wconf 88' lang='lat' dir='ltr'>dejectis</span> <span class='ocrx_word' id='word_1_569' title='bbox 1870 4688 1981 4743; x_wconf 91' lang='lat' dir='ltr'>cle-</span> 
     </span>
    </p>
   </div>
   <div class='ocr_carea' id='block_1_83' title="bbox 338 4775 1984 4850">
    <p class='ocr_par' dir='ltr' id='par_1_83' title="bbox 338 4775 1984 4850">
     <span class='ocr_line' id='line_1_83' title="bbox 338 4775 1984 4850; baseline 0 -18"><span class='ocrx_word' id='word_1_570' title='bbox 338 4777 475 4832; x_wconf 90' lang='lat' dir='ltr'>ricis</span> <span class='ocrx_word' id='word_1_571' title='bbox 506 4779 862 4850; x_wconf 86' lang='lat' dir='ltr'>contigisset,</span> <span class='ocrx_word' id='word_1_572' title='bbox 897 4782 962 4832; x_wconf 94' lang='lat' dir='ltr'>ut</span> <span class='ocrx_word' id='word_1_573' title='bbox 992 4777 1050 4832; x_wconf 90' lang='lat' dir='ltr'>in</span> <span class='ocrx_word' id='word_1_574' title='bbox 1084 4777 1209 4846; x_wconf 90' lang='lat' dir='ltr'>ipsa</span> <span class='ocrx_word' id='word_1_575' title='bbox 1239 4775 1580 4830; x_wconf 89' lang='lat' dir='ltr'>debuissent</span> <span class='ocrx_word' id='word_1_576' title='bbox 1625 4775 1984 4845; x_wconf 90' lang='lat' dir='ltr'>depositione</span> 
     </span>
    </p>
   </div>
   <div class='ocr_carea' id='block_1_84' title="bbox 336 4862 1982 4938">
    <p class='ocr_par' dir='ltr' id='par_1_84' title="bbox 336 4862 1982 4938">
     <span class='ocr_line' id='line_1_84' title="bbox 336 4862 1982 4938; baseline 0 -17"><span class='ocrx_word' id='word_1_577' title='bbox 336 4865 667 4938; x_wconf 88' lang='lat' dir='ltr'>persistere,</span> <span class='ocrx_word' id='word_1_578' title='bbox 691 4870 747 4921; x_wconf 92' lang='lat' dir='ltr'>et</span> <span class='ocrx_word' id='word_1_579' title='bbox 776 4866 1009 4921; x_wconf 89' lang='lat' dir='ltr'>obedire</span> <span class='ocrx_word' id='word_1_580' title='bbox 1041 4862 1722 4933; x_wconf 90' lang='lat' dir='ltr'>renuissent,sedemque</span> <span class='ocrx_word' id='word_1_581' title='bbox 1754 4870 1982 4936; x_wconf 89' lang='lat' dir='ltr'>aposto-</span> 
     </span>
    </p>
   </div>
   <div class='ocr_carea' id='block_1_85' title="bbox 337 4949 1984 5024">
    <p class='ocr_par' dir='ltr' id='par_1_85' title="bbox 337 4949 1984 5024">
     <span class='ocr_line' id='line_1_85' title="bbox 337 4949 1984 5024; baseline 0.001 -15"><span class='ocrx_word' id='word_1_582' title='bbox 337 4955 510 5009; x_wconf 91' lang='lat' dir='ltr'>licam</span> <span class='ocrx_word' id='word_1_583' title='bbox 542 4953 752 5008; x_wconf 87' lang='lat' dir='ltr'>iterum</span> <span class='ocrx_word' id='word_1_584' title='bbox 786 4954 1159 5024; x_wconf 86' lang='lat' dir='ltr'>expetissent,</span> <span class='ocrx_word' id='word_1_585' title='bbox 1194 4967 1264 5004; x_wconf 90' lang='lat' dir='ltr'>ne</span> <span class='ocrx_word' id='word_1_586' title='bbox 1296 4949 1451 5006; x_wconf 89' lang='lat' dir='ltr'>sedis</span> <span class='ocrx_word' id='word_1_587' title='bbox 1496 4951 1823 5021; x_wconf 66' lang='lat' dir='ltr'>apostolicae</span> <span class='ocrx_word' id='word_1_588' title='bbox 1870 4955 1984 5011; x_wconf 91' lang='lat' dir='ltr'>dis-</span> 
     </span>
    </p>
   </div>
   <div class='ocr_carea' id='block_1_86' title="bbox 339 5037 1982 5113">
    <p class='ocr_par' dir='ltr' id='par_1_86' title="bbox 339 5037 1982 5113">
     <span class='ocr_line' id='line_1_86' title="bbox 339 5037 1982 5113; baseline 0.001 -16"><span class='ocrx_word' id='word_1_589' title='bbox 339 5042 659 5098; x_wconf 86' lang='lat' dir='ltr'>solveretur</span> <span class='ocrx_word' id='word_1_590' title='bbox 689 5041 1078 5113; x_wconf 89' lang='lat' dir='ltr'>privilegium,</span> <span class='ocrx_word' id='word_1_591' title='bbox 1111 5037 1228 5092; x_wconf 91' lang='lat' dir='ltr'>illis</span> <span class='ocrx_word' id='word_1_592' title='bbox 1260 5039 1331 5092; x_wconf 93' lang='lat' dir='ltr'>ad</span> <span class='ocrx_word' id='word_1_593' title='bbox 1377 5055 1504 5093; x_wconf 90' lang='lat' dir='ltr'>eam</span> <span class='ocrx_word' id='word_1_594' title='bbox 1554 5040 1819 5096; x_wconf 89' lang='lat' dir='ltr'>veniendi</span> <span class='ocrx_word' id='word_1_595' title='bbox 1866 5060 1982 5098; x_wconf 92' lang='lat' dir='ltr'>non</span> 
     </span>
    </p>
   </div>
   <div class='ocr_carea' id='block_1_87' title="bbox 341 5125 1992 5201">
    <p class='ocr_par' dir='ltr' id='par_1_87' title="bbox 341 5125 1992 5201">
     <span class='ocr_line' id='line_1_87' title="bbox 341 5125 1992 5201; baseline 0.001 -16"><span class='ocrx_word' id='word_1_596' title='bbox 341 5134 652 5201; x_wconf 88' lang='lat' dir='ltr'>negaretur</span> <span class='ocrx_word' id='word_1_597' title='bbox 680 5129 932 5183; x_wconf 89' lang='lat' dir='ltr'>licentia.</span> <span class='ocrx_word' id='word_1_598' title='bbox 967 5129 1112 5182; x_wconf 85' lang='lat' dir='ltr'>Cum</span> <span class='ocrx_word' id='word_1_599' title='bbox 1147 5125 1360 5197; x_wconf 90' lang='lat' dir='ltr'>quibus</span> <span class='ocrx_word' id='word_1_600' title='bbox 1392 5129 1662 5200; x_wconf 75' lang='lat' dir='ltr'>praecepit</span> <span class='ocrx_word' id='word_1_601' title='bbox 1709 5136 1773 5186; x_wconf 92' lang='lat' dir='ltr'>ut</span> <span class='ocrx_word' id='word_1_602' title='bbox 1814 5131 1992 5187; x_wconf 88' lang='lat' dir='ltr'>frater</span> 
     </span>
    </p>
   </div>
   <div class='ocr_carea' id='block_1_88' title="bbox 342 5216 1987 5289">
    <p class='ocr_par' dir='ltr' id='par_1_88' title="bbox 342 5216 1987 5289">
     <span class='ocr_line' id='line_1_88' title="bbox 342 5216 1987 5289; baseline 0.001 -16"><span class='ocrx_word' id='word_1_603' title='bbox 342 5219 711 5284; x_wconf 86' lang='lat' dir='ltr'>Hincmarus,</span> <span class='ocrx_word' id='word_1_604' title='bbox 731 5216 818 5272; x_wconf 88' lang='lat' dir='ltr'>vel</span> <span class='ocrx_word' id='word_1_605' title='bbox 851 5216 1070 5270; x_wconf 90' lang='lat' dir='ltr'>missus</span> <span class='ocrx_word' id='word_1_606' title='bbox 1100 5217 1227 5286; x_wconf 90' lang='lat' dir='ltr'>ejus</span> <span class='ocrx_word' id='word_1_607' title='bbox 1255 5217 1511 5272; x_wconf 89' lang='lat' dir='ltr'>veniret:</span> <span class='ocrx_word' id='word_1_608' title='bbox 1547 5223 1835 5289; x_wconf 87' lang='lat' dir='ltr'>quatenus</span> <span class='ocrx_word' id='word_1_609' title='bbox 1853 5238 1987 5275; x_wconf 91' lang='lat' dir='ltr'>cum</span> 
     </span>
    </p>
   </div>
   <div class='ocr_carea' id='block_1_89' title="bbox 342 5303 1986 5379">
    <p class='ocr_par' dir='ltr' id='par_1_89' title="bbox 342 5303 1986 5379">
     <span class='ocr_line' id='line_1_89' title="bbox 342 5303 1986 5379; baseline 0.001 -17"><span class='ocrx_word' id='word_1_610' title='bbox 342 5307 621 5363; x_wconf 89' lang='lat' dir='ltr'>fratribus</span> <span class='ocrx_word' id='word_1_611' title='bbox 680 5305 804 5360; x_wconf 90' lang='lat' dir='ltr'>suis</span> <span class='ocrx_word' id='word_1_612' title='bbox 855 5303 1141 5375; x_wconf 89' lang='lat' dir='ltr'>episcopis</span> <span class='ocrx_word' id='word_1_613' title='bbox 1195 5322 1426 5378; x_wconf 66' lang='lat' dir='ltr'>aequum</span> <span class='ocrx_word' id='word_1_614' title='bbox 1479 5307 1549 5362; x_wconf 92' lang='lat' dir='ltr'>de</span> <span class='ocrx_word' id='word_1_615' title='bbox 1580 5306 1672 5364; x_wconf 90' lang='lat' dir='ltr'>bis</span> <span class='ocrx_word' id='word_1_616' title='bbox 1694 5308 1986 5379; x_wconf 88' lang='lat' dir='ltr'>judicium</span> 
     </span>
    </p>
   </div>
   <div class='ocr_carea' id='block_1_90' title="bbox 342 5393 1987 5468">
    <p class='ocr_par' dir='ltr' id='par_1_90' title="bbox 342 5393 1987 5468">
     <span class='ocr_line' id='line_1_90' title="bbox 342 5393 1987 5468; baseline 0.001 -18"><span class='ocrx_word' id='word_1_617' title='bbox 342 5395 602 5452; x_wconf 87' lang='lat' dir='ltr'>conferre</span> <span class='ocrx_word' id='word_1_618' title='bbox 633 5393 980 5464; x_wconf 89' lang='lat' dir='ltr'>potuissent,</span> <span class='ocrx_word' id='word_1_619' title='bbox 1014 5397 1071 5448; x_wconf 89' lang='lat' dir='ltr'>et</span> <span class='ocrx_word' id='word_1_620' title='bbox 1117 5398 1361 5467; x_wconf 87' lang='lat' dir='ltr'>utraque</span> <span class='ocrx_word' id='word_1_621' title='bbox 1411 5401 1573 5468; x_wconf 90' lang='lat' dir='ltr'>parte</span> <span class='ocrx_word' id='word_1_622' title='bbox 1611 5397 1987 5454; x_wconf 90' lang='lat' dir='ltr'>conveniente</span> 
     </span>
    </p>
   </div>
   <div class='ocr_carea' id='block_1_91' title="bbox 342 5483 1985 5545">
    <p class='ocr_par' dir='ltr' id='par_1_91' title="bbox 342 5483 1985 5545">
     <span class='ocr_line' id='line_1_91' title="bbox 342 5483 1985 5545; baseline 0.002 -5"><span class='ocrx_word' id='word_1_623' title='bbox 342 5499 551 5540; x_wconf 84' lang='lat' dir='ltr'>causas</span> <span class='ocrx_word' id='word_1_624' title='bbox 575 5497 774 5536; x_wconf 88' lang='lat' dir='ltr'>eorum</span> <span class='ocrx_word' id='word_1_625' title='bbox 800 5483 1000 5538; x_wconf 88' lang='lat' dir='ltr'>eadem</span> <span class='ocrx_word' id='word_1_626' title='bbox 1024 5485 1188 5545; x_wconf 72' lang='lat' dir='ltr'>sedes</span> <span class='ocrx_word' id='word_1_627' title='bbox 1211 5490 1412 5542; x_wconf 83' lang='lat' dir='ltr'>sancta</span> <span class='ocrx_word' id='word_1_628' title='bbox 1435 5485 1711 5541; x_wconf 89' lang='lat' dir='ltr'>canonice</span> <span class='ocrx_word' id='word_1_629' title='bbox 1747 5487 1985 5543; x_wconf 85' lang='lat' dir='ltr'>deﬁnis-</span> 
     </span>
    </p>
   </div>
   <div class='ocr_carea' id='block_1_92' title="bbox 343 5568 1987 5650">
    <p class='ocr_par' dir='ltr' id='par_1_92' title="bbox 343 5568 1987 5650">
     <span class='ocr_line' id='line_1_92' title="bbox 343 5568 1987 5650; baseline 0.003 -24"><span class='ocrx_word' id='word_1_630' title='bbox 343 5575 452 5630; x_wconf 84' lang='lat' dir='ltr'>set.</span> <span class='ocrx_word' id='word_1_631' title='bbox 474 5568 688 5626; x_wconf 87' lang='lat' dir='ltr'>Verum</span> <span class='ocrx_word' id='word_1_632' title='bbox 718 5569 834 5642; x_wconf 90' lang='lat' dir='ltr'>ille,</span> <span class='ocrx_word' id='word_1_633' title='bbox 867 5571 966 5646; x_wconf 88' lang='lat' dir='ltr'>qui</span> <span class='ocrx_word' id='word_1_634' title='bbox 1008 5573 1168 5648; x_wconf 87' lang='lat' dir='ltr'>prius</span> <span class='ocrx_word' id='word_1_635' title='bbox 1197 5575 1526 5650; x_wconf 87' lang='lat' dir='ltr'>episcopus,</span> <span class='ocrx_word' id='word_1_636' title='bbox 1551 5573 1804 5648; x_wconf 85' lang='lat' dir='ltr'>legatum</span> <span class='ocrx_word' id='word_1_637' title='bbox 1834 5576 1987 5633; x_wconf 89' lang='lat' dir='ltr'>vide-</span> 
     </span>
    </p>
   </div>
   <div class='ocr_carea' id='block_1_93' title="bbox 2101 3274 3754 3347">
    <p class='ocr_par' dir='ltr' id='par_1_93' title="bbox 2101 3274 3754 3347">
     <span class='ocr_line' id='line_1_93' title="bbox 2101 3274 3754 3347; baseline 0.001 -17"><span class='ocrx_word' id='word_1_638' title='bbox 2101 3274 2454 3345; x_wconf 91' lang='lat' dir='ltr'>Interposuit</span> <span class='ocrx_word' id='word_1_639' title='bbox 2471 3275 2625 3329; x_wconf 90' lang='lat' dir='ltr'>enim</span> <span class='ocrx_word' id='word_1_640' title='bbox 2645 3275 2956 3347; x_wconf 89' lang='lat' dir='ltr'>ancipitem</span> <span class='ocrx_word' id='word_1_641' title='bbox 2981 3276 3039 3331; x_wconf 91' lang='lat' dir='ltr'>in</span> <span class='ocrx_word' id='word_1_642' title='bbox 3062 3293 3129 3332; x_wconf 91' lang='lat' dir='ltr'>eo</span> <span class='ocrx_word' id='word_1_643' title='bbox 3147 3277 3498 3332; x_wconf 89' lang='lat' dir='ltr'>sententiam</span> <span class='ocrx_word' id='word_1_644' title='bbox 3519 3278 3754 3333; x_wconf 87' lang='lat' dir='ltr'>dicens:</span> 
     </span>
    </p>
   </div>
   <div class='ocr_carea' id='block_1_94' title="bbox 2101 3362 3756 3437">
    <p class='ocr_par' dir='ltr' id='par_1_94' title="bbox 2101 3362 3756 3437">
     <span class='ocr_line' id='line_1_94' title="bbox 2101 3362 3756 3437; baseline 0.001 -19"><span class='ocrx_word' id='word_1_645' title='bbox 2101 3362 2160 3418; x_wconf 91' lang='lat' dir='ltr'>Si</span> <span class='ocrx_word' id='word_1_646' title='bbox 2192 3363 2271 3416; x_wconf 92' lang='lat' dir='ltr'>ita</span> <span class='ocrx_word' id='word_1_647' title='bbox 2302 3368 2390 3418; x_wconf 91' lang='lat' dir='ltr'>est</span> <span class='ocrx_word' id='word_1_648' title='bbox 2420 3368 2733 3436; x_wconf 90' lang='lat' dir='ltr'>nostroque</span> <span class='ocrx_word' id='word_1_649' title='bbox 2764 3368 2828 3419; x_wconf 92' lang='lat' dir='ltr'>ut</span> <span class='ocrx_word' id='word_1_650' title='bbox 2855 3364 3092 3436; x_wconf 88' lang='lat' dir='ltr'>scriptis</span> <span class='ocrx_word' id='word_1_651' title='bbox 3123 3366 3462 3437; x_wconf 70' lang='lat' dir='ltr'>prmsulatui</span> <span class='ocrx_word' id='word_1_652' title='bbox 3516 3367 3756 3421; x_wconf 86' lang='lat' dir='ltr'>intima-</span> 
     </span>
    </p>
   </div>
   <div class='ocr_carea' id='block_1_95' title="bbox 2100 3450 3753 3522">
    <p class='ocr_par' dir='ltr' id='par_1_95' title="bbox 2100 3450 3753 3522">
     <span class='ocr_line' id='line_1_95' title="bbox 2100 3450 3753 3522; baseline 0.002 -16"><span class='ocrx_word' id='word_1_653' title='bbox 2100 3450 2196 3516; x_wconf 92' lang='lat' dir='ltr'>sti,</span> <span class='ocrx_word' id='word_1_654' title='bbox 2221 3454 2276 3505; x_wconf 90' lang='lat' dir='ltr'>et</span> <span class='ocrx_word' id='word_1_655' title='bbox 2304 3455 2600 3522; x_wconf 91' lang='lat' dir='ltr'>gestorum</span> <span class='ocrx_word' id='word_1_656' title='bbox 2634 3452 2782 3508; x_wconf 88' lang='lat' dir='ltr'>serie</span> <span class='ocrx_word' id='word_1_657' title='bbox 2817 3453 3250 3522; x_wconf 90' lang='lat' dir='ltr'>demonstrasti,</span> <span class='ocrx_word' id='word_1_658' title='bbox 3285 3459 3442 3511; x_wconf 86' lang='lat' dir='ltr'>ratas</span> <span class='ocrx_word' id='word_1_659' title='bbox 3491 3456 3753 3522; x_wconf 86' lang='lat' dir='ltr'>easdem,</span> 
     </span>
    </p>
   </div>
   <div class='ocr_carea' id='block_1_96' title="bbox 2100 3538 3758 3612">
    <p class='ocr_par' dir='ltr' id='par_1_96' title="bbox 2100 3538 3758 3612">
     <span class='ocr_line' id='line_1_96' title="bbox 2100 3538 3758 3612; baseline 0.002 -20"><span class='ocrx_word' id='word_1_660' title='bbox 2100 3539 2240 3609; x_wconf 91' lang='lat' dir='ltr'>quin</span> <span class='ocrx_word' id='word_1_661' title='bbox 2273 3538 3004 3610; x_wconf 85' lang='lat' dir='ltr'>dil‘linitiones,apostolica</span> <span class='ocrx_word' id='word_1_662' title='bbox 3033 3541 3622 3612; x_wconf 82' lang='lat' dir='ltr'>promulgamusfore</span> <span class='ocrx_word' id='word_1_663' title='bbox 3656 3558 3758 3596; x_wconf 90' lang='lat' dir='ltr'>au-</span> 
     </span>
    </p>
   </div>
   <div class='ocr_carea' id='block_1_97' title="bbox 2099 3627 3756 3700">
    <p class='ocr_par' dir='ltr' id='par_1_97' title="bbox 2099 3627 3756 3700">
     <span class='ocr_line' id='line_1_97' title="bbox 2099 3627 3756 3700; baseline 0.002 -20"><span class='ocrx_word' id='word_1_664' title='bbox 2099 3627 2380 3682; x_wconf 79' lang='lat' dir='ltr'>czoritate.</span> <span class='ocrx_word' id='word_1_665' title='bbox 2399 3627 2556 3682; x_wconf 89' lang='lat' dir='ltr'>Licet</span> <span class='ocrx_word' id='word_1_666' title='bbox 2581 3627 2705 3700; x_wconf 90' lang='lat' dir='ltr'>ipse</span> <span class='ocrx_word' id='word_1_667' title='bbox 2723 3627 2900 3698; x_wconf 84' lang='lat' dir='ltr'>hujus</span> <span class='ocrx_word' id='word_1_668' title='bbox 2919 3629 3136 3684; x_wconf 90' lang='lat' dir='ltr'>tenoris</span> <span class='ocrx_word' id='word_1_669' title='bbox 3159 3629 3666 3685; x_wconf 87' lang='lat' dir='ltr'>circumstantiam</span> <span class='ocrx_word' id='word_1_670' title='bbox 3683 3629 3756 3684; x_wconf 87' lang='lat' dir='ltr'>de</span> 
     </span>
    </p>
   </div>
   <div class='ocr_carea' id='block_1_98' title="bbox 2099 3715 3758 3789">
    <p class='ocr_par' dir='ltr' id='par_1_98' title="bbox 2099 3715 3758 3789">
     <span class='ocr_line' id='line_1_98' title="bbox 2099 3715 3758 3789; baseline 0.002 -20"><span class='ocrx_word' id='word_1_671' title='bbox 2099 3715 2292 3770; x_wconf 91' lang='lat' dir='ltr'>collati</span> <span class='ocrx_word' id='word_1_672' title='bbox 2322 3716 2603 3788; x_wconf 88' lang='lat' dir='ltr'>privilegii</span> <span class='ocrx_word' id='word_1_673' title='bbox 2636 3721 2795 3772; x_wconf 89' lang='lat' dir='ltr'>textu</span> <span class='ocrx_word' id='word_1_674' title='bbox 2837 3718 3154 3789; x_wconf 86' lang='lat' dir='ltr'>excipiens,</span> <span class='ocrx_word' id='word_1_675' title='bbox 3183 3723 3242 3773; x_wconf 90' lang='lat' dir='ltr'>et</span> <span class='ocrx_word' id='word_1_676' title='bbox 3282 3723 3492 3773; x_wconf 66' lang='lat' dir='ltr'>nostra;</span> <span class='ocrx_word' id='word_1_677' title='bbox 3540 3717 3758 3773; x_wconf 88' lang='lat' dir='ltr'>visioni</span> 
     </span>
    </p>
   </div>
   <div class='ocr_carea' id='block_1_99' title="bbox 2098 3803 3758 3868">
    <p class='ocr_par' dir='ltr' id='par_1_99' title="bbox 2098 3803 3758 3868">
     <span class='ocr_line' id='line_1_99' title="bbox 2098 3803 3758 3868; baseline 0 -9"><span class='ocrx_word' id='word_1_678' title='bbox 2098 3803 2461 3868; x_wconf 81' lang='lat' dir='ltr'>subduxerit,</span> <span class='ocrx_word' id='word_1_679' title='bbox 2494 3808 2549 3858; x_wconf 88' lang='lat' dir='ltr'>et</span> <span class='ocrx_word' id='word_1_680' title='bbox 2579 3804 2825 3859; x_wconf 90' lang='lat' dir='ltr'>aliorum</span> <span class='ocrx_word' id='word_1_681' title='bbox 2858 3805 3079 3860; x_wconf 91' lang='lat' dir='ltr'>notioni</span> <span class='ocrx_word' id='word_1_682' title='bbox 3111 3805 3758 3860; x_wconf 82' lang='lat' dir='ltr'>subtraxerit.lnterse-</span> 
     </span>
    </p>
   </div>
   <div class='ocr_carea' id='block_1_100' title="bbox 2099 3891 3759 3966">
    <p class='ocr_par' dir='ltr' id='par_1_100' title="bbox 2099 3891 3759 3966">
     <span class='ocr_line' id='line_1_100' title="bbox 2099 3891 3759 3966; baseline 0.001 -19"><span class='ocrx_word' id='word_1_683' title='bbox 2099 3909 2231 3948; x_wconf 90' lang='lat' dir='ltr'>rens</span> <span class='ocrx_word' id='word_1_684' title='bbox 2262 3891 2502 3964; x_wconf 90' lang='lat' dir='ltr'>insuper</span> <span class='ocrx_word' id='word_1_685' title='bbox 2531 3909 2657 3964; x_wconf 82' lang='lat' dir='ltr'>quas</span> <span class='ocrx_word' id='word_1_686' title='bbox 2688 3893 2843 3949; x_wconf 91' lang='lat' dir='ltr'>idem</span> <span class='ocrx_word' id='word_1_687' title='bbox 2875 3910 3146 3949; x_wconf 89' lang='lat' dir='ltr'>summus</span> <span class='ocrx_word' id='word_1_688' title='bbox 3178 3894 3435 3966; x_wconf 83' lang='lat' dir='ltr'>pontifex</span> <span class='ocrx_word' id='word_1_689' title='bbox 3465 3898 3569 3948; x_wconf 89' lang='lat' dir='ltr'>aut</span> <span class='ocrx_word' id='word_1_690' title='bbox 3595 3910 3759 3948; x_wconf 80' lang='lat' dir='ltr'>nun-</span> 
     </span>
    </p>
   </div>
   <div class='ocr_carea' id='block_1_101' title="bbox 2097 3980 3760 4054">
    <p class='ocr_par' dir='ltr' id='par_1_101' title="bbox 2097 3980 3760 4054">
     <span class='ocr_line' id='line_1_101' title="bbox 2097 3980 3760 4054; baseline 0.001 -19"><span class='ocrx_word' id='word_1_691' title='bbox 2097 3997 2297 4052; x_wconf 90' lang='lat' dir='ltr'>quam,</span> <span class='ocrx_word' id='word_1_692' title='bbox 2323 3985 2424 4036; x_wconf 89' lang='lat' dir='ltr'>aut</span> <span class='ocrx_word' id='word_1_693' title='bbox 2452 3980 2617 4036; x_wconf 87' lang='lat' dir='ltr'>aliter</span> <span class='ocrx_word' id='word_1_694' title='bbox 2645 3986 2934 4037; x_wconf 85' lang='lat' dir='ltr'>sanxerat.</span> <span class='ocrx_word' id='word_1_695' title='bbox 2967 3983 3094 4053; x_wconf 88' lang='lat' dir='ltr'>Ipse</span> <span class='ocrx_word' id='word_1_696' title='bbox 3124 3999 3378 4054; x_wconf 88' lang='lat' dir='ltr'>namque</span> <span class='ocrx_word' id='word_1_697' title='bbox 3405 3983 3475 4038; x_wconf 87' lang='lat' dir='ltr'>de</span> <span class='ocrx_word' id='word_1_698' title='bbox 3529 3999 3760 4038; x_wconf 79' lang='lat' dir='ltr'>memo-</span> 
     </span>
    </p>
   </div>
   <div class='ocr_carea' id='block_1_102' title="bbox 2098 4069 3757 4143">
    <p class='ocr_par' dir='ltr' id='par_1_102' title="bbox 2098 4069 3757 4143">
     <span class='ocr_line' id='line_1_102' title="bbox 2098 4069 3757 4143; baseline 0.001 -17"><span class='ocrx_word' id='word_1_699' title='bbox 2098 4069 2240 4126; x_wconf 88' lang='lat' dir='ltr'>ratis</span> <span class='ocrx_word' id='word_1_700' title='bbox 2271 4069 2724 4125; x_wconf 84' lang='lat' dir='ltr'>difﬁnitionibus</span> <span class='ocrx_word' id='word_1_701' title='bbox 2757 4070 2937 4125; x_wconf 79' lang='lat' dir='ltr'>dixit:</span> <span class='ocrx_word' id='word_1_702' title='bbox 2966 4071 3143 4126; x_wconf 81' lang='lat' dir='ltr'>Ratas</span> <span class='ocrx_word' id='word_1_703' title='bbox 3161 4071 3394 4126; x_wconf 86' lang='lat' dir='ltr'>easdem</span> <span class='ocrx_word' id='word_1_704' title='bbox 3429 4071 3757 4143; x_wconf 87' lang='lat' dir='ltr'>apostolica</span> 
     </span>
    </p>
   </div>
   <div class='ocr_carea' id='block_1_103' title="bbox 2097 4157 3760 4231">
    <p class='ocr_par' dir='ltr' id='par_1_103' title="bbox 2097 4157 3760 4231">
     <span class='ocr_line' id='line_1_103' title="bbox 2097 4157 3760 4231; baseline 0.002 -19"><span class='ocrx_word' id='word_1_705' title='bbox 2097 4157 2543 4231; x_wconf 86' lang='lat' dir='ltr'>promulgamus</span> <span class='ocrx_word' id='word_1_706' title='bbox 2565 4159 2683 4215; x_wconf 88' lang='lat' dir='ltr'>fore</span> <span class='ocrx_word' id='word_1_707' title='bbox 2705 4160 3488 4231; x_wconf 84' lang='lat' dir='ltr'>auctoritatem,semperque</span> <span class='ocrx_word' id='word_1_708' title='bbox 3511 4177 3760 4216; x_wconf 76' lang='lat' dir='ltr'>manere</span> 
     </span>
    </p>
   </div>
   <div class='ocr_carea' id='block_1_104' title="bbox 2096 4247 3760 4320">
    <p class='ocr_par' dir='ltr' id='par_1_104' title="bbox 2096 4247 3760 4320">
     <span class='ocr_line' id='line_1_104' title="bbox 2096 4247 3760 4320; baseline 0.001 -18"><span class='ocrx_word' id='word_1_709' title='bbox 2096 4247 2433 4313; x_wconf 84' lang='lat' dir='ltr'>statuimus,</span> <span class='ocrx_word' id='word_1_710' title='bbox 2467 4251 2524 4302; x_wconf 90' lang='lat' dir='ltr'>et</span> <span class='ocrx_word' id='word_1_711' title='bbox 2553 4247 2839 4318; x_wconf 88' lang='lat' dir='ltr'>sequenti,</span> <span class='ocrx_word' id='word_1_712' title='bbox 2873 4265 3000 4320; x_wconf 77' lang='lat' dir='ltr'>quae</span> <span class='ocrx_word' id='word_1_713' title='bbox 3032 4248 3156 4320; x_wconf 91' lang='lat' dir='ltr'>ipse</span> <span class='ocrx_word' id='word_1_714' title='bbox 3187 4248 3424 4320; x_wconf 89' lang='lat' dir='ltr'>quidem</span> <span class='ocrx_word' id='word_1_715' title='bbox 3455 4248 3626 4304; x_wconf 84' lang='lat' dir='ltr'>aliter</span> <span class='ocrx_word' id='word_1_716' title='bbox 3647 4265 3760 4320; x_wconf 83' lang='lat' dir='ltr'>po-</span> 
     </span>
    </p>
   </div>
   <div class='ocr_carea' id='block_1_105' title="bbox 2096 4335 3761 4409">
    <p class='ocr_par' dir='ltr' id='par_1_105' title="bbox 2096 4335 3761 4409">
     <span class='ocr_line' id='line_1_105' title="bbox 2096 4335 3761 4409; baseline 0 -17"><span class='ocrx_word' id='word_1_717' title='bbox 2096 4335 2236 4403; x_wconf 90' lang='lat' dir='ltr'>suit,</span> <span class='ocrx_word' id='word_1_718' title='bbox 2254 4337 2429 4392; x_wconf 88' lang='lat' dir='ltr'>frater</span> <span class='ocrx_word' id='word_1_719' title='bbox 2457 4352 2586 4391; x_wconf 90' lang='lat' dir='ltr'>vere</span> <span class='ocrx_word' id='word_1_720' title='bbox 2617 4336 2968 4392; x_wconf 84' lang='lat' dir='ltr'>Hincmarus</span> <span class='ocrx_word' id='word_1_721' title='bbox 3002 4337 3271 4408; x_wconf 63' lang='lat' dir='ltr'>quaedam</span> <span class='ocrx_word' id='word_1_722' title='bbox 3301 4337 3546 4402; x_wconf 83' lang='lat' dir='ltr'>addens,</span> <span class='ocrx_word' id='word_1_723' title='bbox 3578 4337 3761 4409; x_wconf 69' lang='lat' dir='ltr'>plura</span> 
     </span>
    </p>
   </div>
   <div class='ocr_carea' id='block_1_106' title="bbox 2096 4424 3753 4504">
    <p class='ocr_par' dir='ltr' id='par_1_106' title="bbox 2096 4424 3753 4504">
     <span class='ocr_line' id='line_1_106' title="bbox 2096 4424 3753 4504; baseline 0.001 -24"><span class='ocrx_word' id='word_1_724' title='bbox 2096 4425 2472 4504; x_wconf 79' lang='lat' dir='ltr'>subtrahens,</span> <span class='ocrx_word' id='word_1_725' title='bbox 2505 4424 2592 4480; x_wconf 88' lang='lat' dir='ltr'>vel</span> <span class='ocrx_word' id='word_1_726' title='bbox 2629 4427 3022 4492; x_wconf 89' lang='lat' dir='ltr'>commutans,</span> <span class='ocrx_word' id='word_1_727' title='bbox 3057 4426 3228 4481; x_wconf 89' lang='lat' dir='ltr'>aliter</span> <span class='ocrx_word' id='word_1_728' title='bbox 3258 4430 3602 4498; x_wconf 87' lang='lat' dir='ltr'>prosecutus</span> <span class='ocrx_word' id='word_1_729' title='bbox 3635 4430 3753 4482; x_wconf 81' lang='lat' dir='ltr'>est.</span> 
     </span>
    </p>
   </div>
   <div class='ocr_carea' id='block_1_107' title="bbox 2096 4513 3760 4571">
    <p class='ocr_par' dir='ltr' id='par_1_107' title="bbox 2096 4513 3760 4571">
     <span class='ocr_line' id='line_1_107' title="bbox 2096 4513 3760 4571; baseline 0.001 -2"><span class='ocrx_word' id='word_1_730' title='bbox 2096 4515 2205 4570; x_wconf 85' lang='lat' dir='ltr'>Sed</span> <span class='ocrx_word' id='word_1_731' title='bbox 2240 4513 2431 4569; x_wconf 86' lang='lat' dir='ltr'>adhuc</span> <span class='ocrx_word' id='word_1_732' title='bbox 2461 4519 2517 4569; x_wconf 90' lang='lat' dir='ltr'>et</span> <span class='ocrx_word' id='word_1_733' title='bbox 2545 4514 2605 4569; x_wconf 92' lang='lat' dir='ltr'>in</span> <span class='ocrx_word' id='word_1_734' title='bbox 2638 4513 2751 4569; x_wconf 92' lang='lat' dir='ltr'>alio</span> <span class='ocrx_word' id='word_1_735' title='bbox 2783 4514 2931 4569; x_wconf 84' lang='lat' dir='ltr'>mira</span> <span class='ocrx_word' id='word_1_736' title='bbox 2960 4513 3156 4569; x_wconf 88' lang='lat' dir='ltr'>fratris</span> <span class='ocrx_word' id='word_1_737' title='bbox 3194 4515 3489 4570; x_wconf 85' lang='lat' dir='ltr'>Hincmari</span> <span class='ocrx_word' id='word_1_738' title='bbox 3540 4532 3760 4571; x_wconf 81' lang='lat' dir='ltr'>rursus</span> 
     </span>
    </p>
   </div>
   <div class='ocr_carea' id='block_1_108' title="bbox 2096 4601 3755 4675">
    <p class='ocr_par' dir='ltr' id='par_1_108' title="bbox 2096 4601 3755 4675">
     <span class='ocr_line' id='line_1_108' title="bbox 2096 4601 3755 4675; baseline 0.001 -17"><span class='ocrx_word' id='word_1_739' title='bbox 2096 4603 2317 4659; x_wconf 90' lang='lat' dir='ltr'>accedit</span> <span class='ocrx_word' id='word_1_740' title='bbox 2347 4602 2656 4668; x_wconf 89' lang='lat' dir='ltr'>astutia,et</span> <span class='ocrx_word' id='word_1_741' title='bbox 2685 4601 2795 4659; x_wconf 91' lang='lat' dir='ltr'>soli</span> <span class='ocrx_word' id='word_1_742' title='bbox 2828 4603 3062 4675; x_wconf 88' lang='lat' dir='ltr'>proprio</span> <span class='ocrx_word' id='word_1_743' title='bbox 3082 4608 3214 4674; x_wconf 85' lang='lat' dir='ltr'>votp</span> <span class='ocrx_word' id='word_1_744' title='bbox 3246 4604 3444 4660; x_wconf 75' lang='lat' dir='ltr'>favens</span> <span class='ocrx_word' id='word_1_745' title='bbox 3465 4620 3528 4659; x_wconf 74' lang='lat' dir='ltr'>se</span> <span class='ocrx_word' id='word_1_746' title='bbox 3548 4603 3755 4659; x_wconf 85' lang='lat' dir='ltr'>immi-</span> 
     </span>
    </p>
   </div>
   <div class='ocr_carea' id='block_1_109' title="bbox 2093 4691 3756 4763">
    <p class='ocr_par' dir='ltr' id='par_1_109' title="bbox 2093 4691 3756 4763">
     <span class='ocr_line' id='line_1_109' title="bbox 2093 4691 3756 4763; baseline 0.001 -16"><span class='ocrx_word' id='word_1_747' title='bbox 2093 4696 2213 4748; x_wconf 90' lang='lat' dir='ltr'>scet</span> <span class='ocrx_word' id='word_1_748' title='bbox 2235 4691 2838 4763; x_wconf 89' lang='lat' dir='ltr'>prudentia.Denique</span> <span class='ocrx_word' id='word_1_749' title='bbox 2869 4708 3004 4746; x_wconf 89' lang='lat' dir='ltr'>cum</span> <span class='ocrx_word' id='word_1_750' title='bbox 3035 4691 3364 4763; x_wconf 70' lang='lat' dir='ltr'>apostolicae</span> <span class='ocrx_word' id='word_1_751' title='bbox 3393 4698 3453 4747; x_wconf 88' lang='lat' dir='ltr'>et</span> <span class='ocrx_word' id='word_1_752' title='bbox 3483 4708 3756 4748; x_wconf 81' lang='lat' dir='ltr'>reveren-</span> 
     </span>
    </p>
   </div>
   <div class='ocr_carea' id='block_1_110' title="bbox 2094 4779 3754 4853">
    <p class='ocr_par' dir='ltr' id='par_1_110' title="bbox 2094 4779 3754 4853">
     <span class='ocr_line' id='line_1_110' title="bbox 2094 4779 3754 4853; baseline -0.001 -17"><span class='ocrx_word' id='word_1_753' title='bbox 2094 4781 2177 4836; x_wconf 74' lang='lat' dir='ltr'>dae</span> <span class='ocrx_word' id='word_1_754' title='bbox 2212 4779 2512 4836; x_wconf 67' lang='lat' dir='ltr'>memoriae.</span> <span class='ocrx_word' id='word_1_755' title='bbox 2553 4781 2822 4836; x_wconf 87' lang='lat' dir='ltr'>decessor</span> <span class='ocrx_word' id='word_1_756' title='bbox 2869 4785 3066 4836; x_wconf 88' lang='lat' dir='ltr'>noster</span> <span class='ocrx_word' id='word_1_757' title='bbox 3107 4797 3259 4853; x_wconf 90' lang='lat' dir='ltr'>papa</span> <span class='ocrx_word' id='word_1_758' title='bbox 3306 4781 3655 4836; x_wconf 85' lang='lat' dir='ltr'>Benedictus</span> <span class='ocrx_word' id='word_1_759' title='bbox 3697 4781 3754 4836; x_wconf 91' lang='lat' dir='ltr'>ei</span> 
     </span>
    </p>
   </div>
   <div class='ocr_carea' id='block_1_111' title="bbox 2095 4868 3767 4940">
    <p class='ocr_par' dir='ltr' id='par_1_111' title="bbox 2095 4868 3767 4940">
     <span class='ocr_line' id='line_1_111' title="bbox 2095 4868 3767 4940; baseline 0.001 -18"><span class='ocrx_word' id='word_1_760' title='bbox 2095 4868 2490 4940; x_wconf 85' lang='lat' dir='ltr'>privilegium,</span> <span class='ocrx_word' id='word_1_761' title='bbox 2520 4869 2591 4924; x_wconf 92' lang='lat' dir='ltr'>de</span> <span class='ocrx_word' id='word_1_762' title='bbox 2622 4886 2736 4940; x_wconf 92' lang='lat' dir='ltr'>quo</span> <span class='ocrx_word' id='word_1_763' title='bbox 2769 4886 2925 4924; x_wconf 89' lang='lat' dir='ltr'>nunc</span> <span class='ocrx_word' id='word_1_764' title='bbox 2955 4868 3233 4936; x_wconf 76' lang='lat' dir='ltr'>diximus,</span> <span class='ocrx_word' id='word_1_765' title='bbox 3266 4869 3636 4936; x_wconf 85' lang='lat' dir='ltr'>contulisset,</span> <span class='ocrx_word' id='word_1_766' title='bbox 3673 4870 3767 4925; x_wconf 75' lang='lat' dir='ltr'>ita</span> 
     </span>
    </p>
   </div>
   <div class='ocr_carea' id='block_1_112' title="bbox 2093 4957 3756 5030">
    <p class='ocr_par' dir='ltr' id='par_1_112' title="bbox 2093 4957 3756 5030">
     <span class='ocr_line' id='line_1_112' title="bbox 2093 4957 3756 5030; baseline 0.001 -18"><span class='ocrx_word' id='word_1_767' title='bbox 2093 4975 2218 5029; x_wconf 63' lang='lat' dir='ltr'>qua:</span> <span class='ocrx_word' id='word_1_768' title='bbox 2250 4957 2310 5012; x_wconf 91' lang='lat' dir='ltr'>in</span> <span class='ocrx_word' id='word_1_769' title='bbox 2342 4974 2406 5012; x_wconf 89' lang='lat' dir='ltr'>eo</span> <span class='ocrx_word' id='word_1_770' title='bbox 2441 4958 2814 5012; x_wconf 88' lang='lat' dir='ltr'>continentur</span> <span class='ocrx_word' id='word_1_771' title='bbox 2844 4957 3117 5025; x_wconf 80' lang='lat' dir='ltr'>ﬁrmavit,</span> <span class='ocrx_word' id='word_1_772' title='bbox 3138 4962 3204 5013; x_wconf 89' lang='lat' dir='ltr'>ut</span> <span class='ocrx_word' id='word_1_773' title='bbox 3235 4975 3583 5030; x_wconf 80' lang='lat' dir='ltr'>suspensam</span> <span class='ocrx_word' id='word_1_774' title='bbox 3611 4976 3756 5014; x_wconf 80' lang='lat' dir='ltr'>sen—</span> 
     </span>
    </p>
   </div>
   <div class='ocr_carea' id='block_1_113' title="bbox 2091 5046 3756 5119">
    <p class='ocr_par' dir='ltr' id='par_1_113' title="bbox 2091 5046 3756 5119">
     <span class='ocr_line' id='line_1_113' title="bbox 2091 5046 3756 5119; baseline 0.002 -19"><span class='ocrx_word' id='word_1_775' title='bbox 2091 5046 2334 5101; x_wconf 88' lang='lat' dir='ltr'>tentiam</span> <span class='ocrx_word' id='word_1_776' title='bbox 2360 5046 2454 5102; x_wconf 91' lang='lat' dir='ltr'>his</span> <span class='ocrx_word' id='word_1_777' title='bbox 2467 5047 2825 5118; x_wconf 87' lang='lat' dir='ltr'>jungeret,et</span> <span class='ocrx_word' id='word_1_778' title='bbox 2845 5050 2909 5101; x_wconf 89' lang='lat' dir='ltr'>ut</span> <span class='ocrx_word' id='word_1_779' title='bbox 2928 5063 3031 5118; x_wconf 91' lang='lat' dir='ltr'>per</span> <span class='ocrx_word' id='word_1_780' title='bbox 3051 5046 3251 5102; x_wconf 86' lang='lat' dir='ltr'>omnia</span> <span class='ocrx_word' id='word_1_781' title='bbox 3270 5047 3391 5103; x_wconf 87' lang='lat' dir='ltr'>sedi</span> <span class='ocrx_word' id='word_1_782' title='bbox 3415 5048 3756 5119; x_wconf 68' lang='lat' dir='ltr'>apostolica</span> 
     </span>
    </p>
   </div>
   <div class='ocr_carea' id='block_1_114' title="bbox 2099 5134 3760 5207">
    <p class='ocr_par' dir='ltr' id='par_1_114' title="bbox 2099 5134 3760 5207">
     <span class='ocr_line' id='line_1_114' title="bbox 2099 5134 3760 5207; baseline 0.002 -18"><span class='ocrx_word' id='word_1_783' title='bbox 2099 5151 2206 5190; x_wconf 90' lang='lat' dir='ltr'>sua</span> <span class='ocrx_word' id='word_1_784' title='bbox 2237 5134 2555 5207; x_wconf 89' lang='lat' dir='ltr'>privilegia,</span> <span class='ocrx_word' id='word_1_785' title='bbox 2591 5135 2742 5190; x_wconf 90' lang='lat' dir='ltr'>sicut</span> <span class='ocrx_word' id='word_1_786' title='bbox 2762 5136 2886 5207; x_wconf 84' lang='lat' dir='ltr'>jam</span> <span class='ocrx_word' id='word_1_787' title='bbox 2922 5135 3023 5190; x_wconf 88' lang='lat' dir='ltr'>fati</span> <span class='ocrx_word' id='word_1_788' title='bbox 3054 5140 3357 5204; x_wconf 82' lang='lat' dir='ltr'>sumus,et</span> <span class='ocrx_word' id='word_1_789' title='bbox 3382 5137 3760 5192; x_wconf 85' lang='lat' dir='ltr'>auctoritatis</span> 
     </span>
    </p>
   </div>
   <div class='ocr_carea' id='block_1_115' title="bbox 2096 5223 3760 5296">
    <p class='ocr_par' dir='ltr' id='par_1_115' title="bbox 2096 5223 3760 5296">
     <span class='ocr_line' id='line_1_115' title="bbox 2096 5223 3760 5296; baseline 0.002 -19"><span class='ocrx_word' id='word_1_790' title='bbox 2096 5223 2494 5294; x_wconf 73' lang='lat' dir='ltr'>propriznjura</span> <span class='ocrx_word' id='word_1_791' title='bbox 2516 5224 2713 5296; x_wconf 89' lang='lat' dir='ltr'>(quem</span> <span class='ocrx_word' id='word_1_792' title='bbox 2732 5224 2788 5278; x_wconf 92' lang='lat' dir='ltr'>in</span> <span class='ocrx_word' id='word_1_793' title='bbox 2813 5223 2922 5279; x_wconf 89' lang='lat' dir='ltr'>hoc</span> <span class='ocrx_word' id='word_1_794' title='bbox 2941 5228 2999 5280; x_wconf 90' lang='lat' dir='ltr'>et</span> <span class='ocrx_word' id='word_1_795' title='bbox 3030 5242 3136 5279; x_wconf 89' lang='lat' dir='ltr'>nos</span> <span class='ocrx_word' id='word_1_796' title='bbox 3158 5241 3389 5296; x_wconf 88' lang='lat' dir='ltr'>quoque</span> <span class='ocrx_word' id='word_1_797' title='bbox 3424 5224 3610 5280; x_wconf 87' lang='lat' dir='ltr'>secuti</span> <span class='ocrx_word' id='word_1_798' title='bbox 3655 5243 3760 5281; x_wconf 84' lang='lat' dir='ltr'>su-</span> 
     </span>
    </p>
   </div>
   <div class='ocr_carea' id='block_1_116' title="bbox 2097 5311 3763 5386">
    <p class='ocr_par' dir='ltr' id='par_1_116' title="bbox 2097 5311 3763 5386">
     <span class='ocr_line' id='line_1_116' title="bbox 2097 5311 3763 5386; baseline 0.002 -20"><span class='ocrx_word' id='word_1_799' title='bbox 2097 5313 2251 5378; x_wconf 90' lang='lat' dir='ltr'>mus)</span> <span class='ocrx_word' id='word_1_800' title='bbox 2285 5311 2646 5367; x_wconf 89' lang='lat' dir='ltr'>inviolabilia</span> <span class='ocrx_word' id='word_1_801' title='bbox 2675 5317 2997 5369; x_wconf 87' lang='lat' dir='ltr'>reservaret</span> <span class='ocrx_word' id='word_1_802' title='bbox 3028 5329 3042 5367; x_wconf 92' lang='lat'><strong>:</strong></span> <span class='ocrx_word' id='word_1_803' title='bbox 3077 5313 3458 5385; x_wconf 83' lang='lat' dir='ltr'>interponens</span> <span class='ocrx_word' id='word_1_804' title='bbox 3477 5318 3763 5386; x_wconf 68' lang='lat' dir='ltr'>praeterea</span> 
     </span>
    </p>
   </div>
   <div class='ocr_carea' id='block_1_117' title="bbox 2096 5400 3768 5474">
    <p class='ocr_par' dir='ltr' id='par_1_117' title="bbox 2096 5400 3768 5474">
     <span class='ocr_line' id='line_1_117' title="bbox 2096 5400 3768 5474; baseline 0.002 -19"><span class='ocrx_word' id='word_1_805' title='bbox 2096 5400 2282 5456; x_wconf 89' lang='lat' dir='ltr'>nodos</span> <span class='ocrx_word' id='word_1_806' title='bbox 2304 5400 2696 5456; x_wconf 90' lang='lat' dir='ltr'>anathematis</span> <span class='ocrx_word' id='word_1_807' title='bbox 2715 5400 2775 5456; x_wconf 92' lang='lat' dir='ltr'>in</span> <span class='ocrx_word' id='word_1_808' title='bbox 2803 5400 3145 5473; x_wconf 88' lang='lat' dir='ltr'>eos,quibus</span> <span class='ocrx_word' id='word_1_809' title='bbox 3170 5401 3606 5474; x_wconf 89' lang='lat' dir='ltr'>prohibendum</span> <span class='ocrx_word' id='word_1_810' title='bbox 3633 5420 3768 5459; x_wconf 83' lang='lat' dir='ltr'>cen-</span> 
     </span>
    </p>
   </div>
   <div class='ocr_carea' id='block_1_118' title="bbox 2095 5489 3759 5562">
    <p class='ocr_par' dir='ltr' id='par_1_118' title="bbox 2095 5489 3759 5562">
     <span class='ocr_line' id='line_1_118' title="bbox 2095 5489 3759 5562; baseline 0.003 -18"><span class='ocrx_word' id='word_1_811' title='bbox 2095 5489 2320 5557; x_wconf 88' lang='lat' dir='ltr'>suit,ne</span> <span class='ocrx_word' id='word_1_812' title='bbox 2353 5489 2600 5562; x_wconf 80' lang='lat' dir='ltr'>quilibet</span> <span class='ocrx_word' id='word_1_813' title='bbox 2633 5495 2838 5547; x_wconf 89' lang='lat' dir='ltr'>contra</span> <span class='ocrx_word' id='word_1_814' title='bbox 2866 5491 3070 5546; x_wconf 85' lang='lat' dir='ltr'>eadem</span> <span class='ocrx_word' id='word_1_815' title='bbox 3097 5491 3378 5547; x_wconf 89' lang='lat' dir='ltr'>canonica</span> <span class='ocrx_word' id='word_1_816' title='bbox 3407 5493 3759 5562; x_wconf 80' lang='lat' dir='ltr'>constituta,</span> 
     </span>
    </p>
   </div>
   <div class='ocr_carea' id='block_1_119' title="bbox 2092 5578 3768 5656">
    <p class='ocr_par' dir='ltr' id='par_1_119' title="bbox 2092 5578 3768 5656">
     <span class='ocr_line' id='line_1_119' title="bbox 2092 5578 3768 5656; baseline 0.005 -23"><span class='ocrx_word' id='word_1_817' title='bbox 2092 5582 2148 5634; x_wconf 90' lang='lat' dir='ltr'>et</span> <span class='ocrx_word' id='word_1_818' title='bbox 2177 5578 2408 5635; x_wconf 87' lang='lat' dir='ltr'>decreta</span> <span class='ocrx_word' id='word_1_819' title='bbox 2438 5578 2781 5653; x_wconf 76' lang='lat' dir='ltr'>pontificum</span> <span class='ocrx_word' id='word_1_820' title='bbox 2814 5580 3211 5638; x_wconf 82' lang='lat' dir='ltr'>Romanorum</span> <span class='ocrx_word' id='word_1_821' title='bbox 3249 5580 3639 5656; x_wconf 83' lang='lat' dir='ltr'>pertinaciter</span> <span class='ocrx_word' id='word_1_822' title='bbox 3668 5583 3768 5642; x_wconf 83' lang='lat' dir='ltr'>ob-</span> 
     </span>
    </p>
   </div>
  </div>
