3894 6218
92 437 257 519 ιθθτ

1325 459 1728 521 EPISTOLE
1770 458 1872 520 ET
1913 457 2277 523 DECEETA
2293 504 2306 518 .

3364 461 3519 523 1098

84 592 356 648 viassct:
392 591 450 647 id
482 595 592 660 est,
625 607 698 648 ne
725 591 862 664 quis
903 589 992 647 vel
1043 595 1246 649 contra
1283 592 1404 661 illa,
1441 610 1566 666 quae
1593 591 1756 649 fratri
1788 593 1840 659 Α
1870 589 2704 660 tos;ubinulla,sicuteisdem
2721 590 2931 650 litteris
2946 591 3514 664 vestrisreperimus,

87 681 414 736 Hincmaro
435 685 824 747 concesserat,
856 680 944 737 vel
976 698 1103 753 qua
1133 683 1259 742 sedi
1292 683 1536 755 propriae
1568 699 1754 738 reser-

84 774 280 839 varat,
318 786 489 842 agere
526 770 922 826 tentavissset.
959 771 1069 826 Sed
1099 771 1214 839 ille,
1247 789 1375 843 quae
1409 771 1619 826 horum
1647 788 1753 827 suo

85 858 291 914 libitui
325 858 514 914 favere
545 859 866 931 conspexit,
886 860 1150 916 omnium
1184 859 1400 916 notitiae
1433 860 1705 932 patefecit
1736 877 1748 915 :

85 965 224 1019 quas
275 952 474 1003 auten
524 948 681 1004 sedis
731 952 870 1003 sunt
914 949 1243 1020 apostolicis
1292 954 1582 1005 reservata
1605 949 1750 1021 juri,

87 1041 447 1092 cunctorum
481 1035 702 1092 notioni
733 1037 1032 1093 subduxit.
1067 1039 1387 1094 Testantur
1415 1038 1523 1094 hoc
1552 1055 1750 1096 exem-

88 1125 286 1198 plaria
311 1126 581 1198 ejusdem
611 1125 920 1198 privilegii,
938 1143 1070 1198 quae.
1093 1127 1168 1181 ab
1197 1143 1263 1182 eo
1295 1131 1434 1184 sunt
1454 1129 1525 1182 ad
1549 1128 1745 1183 sedem

83 1213 479 1286 apostolicam
511 1215 738 1273 diverso
767 1218 1026 1286 tempore
1057 1214 1259 1274 missa.
1291 1217 1584 1281 Quantum
1615 1233 1748 1272 vero

84 1303 230 1358 talis
262 1301 613 1375 scriptorum
637 1303 970 1375 depravatio
990 1320 1057 1358 ac
1075 1303 1370 1360 «mutilatio
1396 1309 1618 1372 noceat,
1634 1305 1747 1378 ipsi

73 1392 209 1462 jam
257 1391 533 1464 potuistis
573 1393 892 1457 advertere,
922 1392 1024 1464 qui
1075 1394 1132 1448 in
1183 1393 1427 1448 concilio
1483 1393 1745 1450 videntes

79 1482 362 1553 quaedam
397 1480 582 1554 ipsius
614 1480 936 1547 constituti,
967 1481 1138 1537 sicuti
1169 1485 1360 1537 vestro
1382 1482 1566 1538 relatu
1600 1481 1746 1540 didi-

76 1569 307 1636 cimus,
341 1570 607 1642 quaadam
644 1586 778 1624 vero
825 1586 941 1626 non
990 1569 1275 1637 videntes,
1297 1574 1556 1642 emptum
1591 1571 1745 1627 circa

77 1675 407 1730 oppressos
438 1659 600 1731 piun:
632 1657 891 1714 laborem
917 1658 1177 1716 deterriti
1201 1658 1397 1714 minus
1417 1661 1739 1731 perfectum

75 1747 424 1803 deseruisse
472 1763 628 1802 nunc
673 1747 1186 1820 dignosceremini,
1221 1747 1334 1802 nisi
1384 1748 1600 1804 nestris
1643 1748 1739 1804 in-

65 1836 294 1891 structi
329 1835 588 1904 monitis,
609 1839 669 1892 et
699 1836 916 1894 nostris
950 1837 1165 1892 ibidem
1197 1837 1502 1898 confortati
1527 1838 1737 1896 litteris

65 1923 518 1982 inveniremini.
540 1924 778 1980 Miserat
807 1925 964 1980 enim
995 1942 1148 1998 saepe
1170 1931 1529 1982 memoratus
1552 1927 1734 1984 antis-

63 2013 450 2086 tes,egregiaz
477 2013 901 2074 recordationis
921 2014 1214 2070 decessori
1238 2031 1366 2070 meo
1389 2031 1492 2087 per
1511 2016 1731 2088 scripta

59 2119 193 2168 sua,
213 2103 378 2175 quod
394 2103 566 2158 iidem
582 2101 775 2158 clerici
789 2103 861 2158 ad
883 2102 1108 2160 vicinos
1123 2104 1434 2176 episcopos
1454 2121 1726 2176 provoca-

55 2192 280 2258 verint,
305 2196 510 2248 contra
531 2208 596 2248 se
627 2190 892 2248 libellum
925 2191 1404 2265 proclamationis
1435 2194 1723 2263 dederint,

51 2281 300 2352 judices
332 2280 445 2336 sibi
475 2281 588 2354 ipsi
637 2279 940 2353 elegerint,
972 2285 1032 2336 et
1061 2285 1287 2348 cetera,
1321 2299 1448 2353 quae
1481 2281 1723 2355 longum

55 2373 150 2424 est
184 2384 524 2437 numerare,
561 2368 1008 2442 significans.At
1034 2368 1132 2426 ille
1161 2369 1446 2430 divinitus
1477 2370 1725 2443 inepira-

59 2460 181 2525 tus,
209 2456 267 2513 ei
303 2458 668 2514 rescribens:
704 2458 784 2526 Si,
817 2458 1030 2531 inquit,
1061 2459 1144 2514 ita
1171 2464 1281 2528 est,
1313 2464 1628 2532 nostroque
1657 2465 1723 2515 ut

59 2544 304 2618 scriptis
327 2544 666 2618 praesulatui
699 2547 1006 2615 intimasti,
1036 2552 1093 2603 et
1122 2552 1421 2620 gestorum
1453 2548 1599 2604 serie
1631 2549 1723 2604 de-

62 2635 416 2690 monstrasti
445 2635 628 2707 (quod
651 2635 826 2703 frater
856 2637 1164 2692 Hicmarus
1195 2637 1266 2692 de
1296 2641 1453 2692 textu
1488 2637 1719 2709 penitus

57 2723 290 2792 erasit),
316 2727 470 2780 ratas
493 2725 728 2781 easdem
757 2725 1134 2793 (subauditur
1160 2724 1561 2797 diffinitiones)
1585 2743 1720 2798 apo-

57 2811 278 2867 stolica
307 2811 773 2884 promulgamus,
791 2829 907 2868 non
928 2813 986 2868 in
1011 2814 1307 2880 omnibus,
1335 2814 1543 2886 utipse
1559 2815 1718 2870 addi-

57 2900 172 2966 dit,
195 2900 324 2956 fore
345 2901 709 2969 auctoritate,
737 2919 1083 2975 semperque
1114 2919 1348 2958 manere
1378 2903 1712 2964 statuimus.

57 2988 286 3044 Deinde
301 2990 685 3061 subjunctum
707 2995 814 3058 est,
829 2991 987 3063 quod
1005 2991 1130 3064 ipse
1149 2992 1318 3063 longe
1340 2991 1508 3047 aliter
1531 2997 1717 3048 muta-

52 3077 139 3132 vit
167 3079 460 3150 scribens,
495 3084 558 3134 ut
583 3079 717 3134 inde
747 3080 994 3151 quiestio
1022 3080 1202 3136 nullis
1234 3080 1552 3152 aliquando
1572 3087 1716 3138 tem-

53 3167 307 3238 poribus
337 3169 582 3223 oriatur.
614 3167 778 3223 Nunc
829 3173 1022 3225 autem
1069 3187 1207 3226 cum
1251 3170 1333 3225 ita
1360 3187 1475 3225 non
1511 3169 1711 3237 fuisse,

53 3260 179 3311 tam
207 3273 244 3311 a
264 3257 456 3323 nobis,
481 3274 663 3328 quam
688 3275 721 3312 a
751 3263 952 3314 sancto
982 3258 1228 3314 concilio
1257 3264 1449 3314 vestro
1479 3259 1712 3315 exstite-

1865 680 2208 753 disceptatio
2239 681 2502 754 provenit
2535 698 2547 736 :
2583 681 2766 746 nulla,
2801 681 2953 738 sicut
2996 685 3268 753 putatum
3303 682 3509 750 fuerat,

1862 769 2112 826 varietas
2171 770 2286 826 alia
2340 775 2514 843 atque
2569 770 2686 826 alia
2744 771 3184 826 defendentium
3251 771 3509 828 accidit:

1863 857 2064 916 nullus
2091 863 2412 925 accusator,
2438 858 2637 914 nullus
2669 860 3087 915 condemnator
3103 863 3368 930 repertus
3386 864 3506 915 est:

1860 947 1963 1002 sed
1997 951 2342 1004 cunctorum
2374 965 2492 1003 una
2537 949 2860 1020 eademque
2897 948 3208 1016 sententia,
3242 952 3417 1020 atque
3447 947 3506 1002 in

1860 1035 2228 1092 restitutione
2275 1036 2538 1108 ipsorum
2591 1037 2862 1092 difﬁnitio
2901 1036 3129 1104 claruit,
3167 1036 3387 1092 eisdem
3414 1037 3507 1092 in—

1859 1125 2049 1180 noxiis
2080 1142 2112 1180 a
2142 1130 2488 1181 cunctorum
2547 1126 2932 1182 unanimitate
2991 1125 3182 1181 modis
3229 1127 3506 1182 omnibus

1857 1213 2214 1284 approbatis.
2240 1216 2587 1286 Quanquam
2613 1232 2714 1271 vos
2744 1232 2850 1271 nos
2881 1213 3115 1286 egeritis
3146 1214 3503 1280 solemnitcr,

1856 1301 2102 1358 minime
2141 1303 2466 1358 secundum
2515 1305 2671 1375 quod
2722 1321 2828 1359 nos
2883 1304 3349 1368 decreveramus,
3381 1303 3506 1359 sedi

1855 1390 2185 1462 apostolicae
2215 1391 2389 1463 plena
2439 1391 2717 1448 relatione
2767 1391 3062 1448 actionum
3113 1391 3321 1447 seriem
3355 1409 3504 1447 rese-

1854 1483 2086 1536 rantes:
2123 1481 2266 1542 adeo
2299 1485 2362 1538 ut
2391 1482 2815 1554 propemodum
2847 1480 3033 1553 ipsius
3064 1479 3240 1536 vestri
3271 1479 3500 1536 concilii

1847 1569 2034 1640 gestis
2053 1568 2386 1642 incognitis,
2403 1570 2472 1631 ad
2491 1571 2901 1626 difﬁniendum
2919 1571 3058 1642 quid
3079 1571 3149 1625 de
3160 1587 3312 1642 saepe
3324 1569 3501 1626 dicto-

1850 1674 1980 1713 rum
1999 1657 2346 1715 clericorum
2365 1663 2520 1716 statu
2554 1677 2699 1731 pene
2732 1660 3180 1731 retraheremur,
3199 1659 3311 1715 nisi
3335 1659 3498 1714 labor

1849 1747 2345 1816 praedecessorum
2360 1749 2874 1820 nostrorum,apud
2895 1766 3002 1804 nos
3021 1748 3078 1802 in
3099 1765 3292 1804 rerum
3310 1752 3497 1820 gesta-

1846 1851 1977 1890 rum
2031 1836 2340 1910 scripturis
2388 1838 2678 1906 inventus,
2712 1855 2820 1894 nos
2850 1838 2920 1893 ad
2955 1854 3016 1893 se
3044 1838 3281 1894 tandem
3321 1838 3494 1910 perfi-

1845 1922 2118 1984 ciendum
2150 1925 2399 1997 pleniter
2427 1927 2765 1984 animasset.
2801 1926 3091 1982 Debuistis
3121 1925 3491 1997 enim,quid-

1842 2013 1982 2084 quid
2008 2014 2078 2070 de
2099 2014 2356 2072 Ebbonis
2385 2016 2728 2087 dejectione,
2752 2015 3122 2082 relevatione,
3148 2015 3360 2071 horum
3384 2015 3494 2072 cle-

1837 2101 2091 2158 ricorum
2122 2103 2506 2175 promotione,
2520 2108 2580 2159 et
2599 2102 2787 2176 ipsius
2806 2103 3062 2160 Ebbonis
3080 2104 3288 2158 iterata
3310 2103 3494 2176 repul-

1835 2191 2019 2258 sione,
2084 2192 2156 2246 ad
2215 2190 2513 2263 aliamque
2593 2191 2899 2252 ecclesiam
2971 2192 3343 2263 migratione,
3403 2191 3492 2248 vel

1836 2279 2230 2351 undecunque
2278 2279 2359 2335 ibi
2407 2280 2715 2352 quippiam
2773 2281 3120 2338 ventilatum
3172 2285 3281 2349 est,
3313 2281 3488 2344 nobis

1836 2367 2054 2440 scripto
2087 2368 2468 2435 unanimiter,
2499 2368 2765 2441 pleniter,
2793 2386 2858 2424 ac
2890 2367 3139 2424 ﬁdeliter
3169 2369 3443 2424 intimare
3473 2385 3485 2424 :

1832 2473 1948 2514 non
1973 2456 2164 2512 solum
2187 2461 2381 2513 autem
2407 2458 2577 2513 nobis
2600 2457 2895 2527 intimare,
2914 2474 3118 2513 verum
3149 2457 3324 2513 etiam
3357 2475 3484 2514 mo-

1831 2545 2131 2601 numentis
2155 2546 2440 2602 insertum
2459 2547 2530 2602 ad
2554 2546 2872 2619 pleniorem
2889 2563 3069 2618 penes
3086 2563 3192 2602 nos
3211 2547 3479 2602 notitiam

1827 2638 1883 2689 et
1904 2635 2313 2692 certitudinem
2341 2652 2654 2691 reservare.
2681 2636 2791 2691 Sed
2823 2635 2963 2706 quia
2990 2635 3098 2691 hoc
3121 2635 3478 2709 negligentia

1826 2723 2290 2793 praetermissum
2307 2727 2413 2792 est,
2433 2723 2642 2780 saltem
2668 2741 2820 2779 nunc
2845 2724 3004 2778 omni
3027 2723 3328 2797 diligentia
3347 2742 3476 2797 pro-

1823 2816 2044 2880 curate,
2082 2816 2146 2866 ut
2185 2829 2546 2884 quaecunque
2580 2830 2757 2884 super
2788 2812 2896 2868 bac
2927 2829 2988 2867 re
3019 2813 3255 2884 scripta,
3288 2818 3408 2868 tam
3441 2832 3474 2869 a

1826 2900 1995 2956 nobis
2013 2900 2176 2972 prius
2195 2905 2250 2956 et
2265 2919 2440 2968 nunc,
2464 2918 2641 2973 quam
2661 2919 2693 2956 a
2709 2900 2871 2956 vobis
2902 2901 3058 2956 edita
3079 2901 3468 2972 reperiuntur,

1824 2993 1881 3045 et
1902 2990 2042 3060 quid
2076 2989 2210 3046 hinc
2244 2990 2625 3062 coepiscopus
2653 2990 3027 3057 Hincmarus,
3061 2995 3116 3045 et
3148 2989 3231 3044 illi
3263 2991 3468 3061 dejecti

1818 3077 2016 3134 clerici
2034 3079 2157 3134 sedi
2176 3078 2506 3150 apostolicae
2524 3079 2928 3151 suggesserint
2946 3083 3123 3150 atque
3145 3078 3466 3147 retulerint,

1822 3165 1880 3222 in
1892 3167 2164 3224 volumen
2180 3185 2362 3222 unum
2381 3168 2584 3224 ordine
2605 3185 2720 3240 quo
2744 3168 2926 3223 missa
2946 3172 3084 3223 sunt
3106 3158 3466 3240 redigantur,

1821 3259 1878 3311 et
1906 3257 2232 3328 apostolicae
2265 3257 2409 3324 sedi,
2446 3261 2510 3312 ut
2539 3262 2872 3328 competens
2903 3262 3012 3325 est,
3058 3258 3225 3313 vobis
3264 3274 3466 3322 eorum

52 3343 130 3398 rit
162 3345 634 3417 comprobatum,
669 3347 824 3417 quod
857 3351 1232 3420 suggesserat
1261 3348 1466 3402 merito
1486 3349 1546 3402 in
1580 3349 1709 3403 irri-
1743 3333 1784 3400 C
1819 3343 2253 3416 exemplaribus
2286 3346 2863 3413 reservatis,summo
2887 3347 3080 3404 studio
3113 3346 3462 3419 dirigantur.

49 3439 184 3488 tum
206 3434 453 3489 ductum
476 3439 585 3502 est,
601 3436 757 3506 quod
788 3441 991 3491 contra
1019 3437 1274 3507 dejectos
1297 3455 1409 3493 non
1435 3437 1714 3510 simplici-

47 3526 142 3577 ter
189 3523 626 3596 impetraverat.
659 3525 771 3580 Sed
831 3525 902 3580 ad
963 3525 1326 3598 propositum
1381 3528 1713 3584 redeamus.

55 3612 252 3684 Igitur
281 3613 523 3668 tandem
565 3613 880 3685 aliquando
906 3613 1138 3671 clericis
1169 3631 1320 3687 saepe
1351 3617 1711 3685 memoratis,

53 3700 158 3771 qui
206 3716 445 3772 semper
475 3701 546 3756 ad
578 3702 955 3774 apostolicam
1006 3704 1204 3759 sedem
1254 3704 1712 3777 appellaverunt,

55 3788 236 3844 etiam
251 3789 424 3846 nobis
444 3789 652 3846 litteris
676 3791 800 3847 suis
822 3809 926 3864 pro
941 3792 1262 3863 dejectione
1282 3810 1390 3848 sua
1413 3794 1716 3866 querimo-

57 3879 222 3935 niam
253 3880 703 3950 exponentibus,
735 3896 850 3935 non
883 3881 993 3936 fuit
1017 3880 1583 3949 dissimulandi,non
1603 3883 1715 3938 fuit

58 3966 233 4022 nobis
263 3968 498 4023 tacendi
545 3967 806 4037 libertas,
835 3969 1052 4041 quibus
1082 3971 1270 4042 major
1298 3971 1525 4026 cunctis
1556 3971 1714 4026 Chri-

57 4057 264 4112 stianae
300 4055 600 4129 religionis
652 4058 811 4115 zelus
843 4059 1151 4114 incumbit.
1183 4061 1262 4114 Ac
1291 4059 1420 4115 ideo
1452 4060 1709 4131 primum

57 4145 306 4216 quidem
341 4145 504 4200 fratri
534 4150 591 4202 et
619 4146 960 4219 coepiscopo
990 4152 1189 4203 nostro
1220 4147 1532 4204 Hincmaro
1554 4148 1714 4204 misi-

58 4250 211 4300 mus,
247 4233 340 4289 uti
388 4239 876 4293 commemoratos
915 4236 1088 4304 viros,
1125 4237 1421 4292 Wlfadum
1467 4237 1710 4304 scilicet,

54 4322 435 4396 collegasque
461 4323 674 4395 ipsius,
698 4323 978 4381 clementi
1019 4325 1215 4381 animo
1256 4326 1516 4384 studeret
1545 4328 1616 4382 ad
1649 4343 1712 4384 se

58 4427 349 4478 revocare,
373 4412 754 4485 depositaque
771 4413 931 4469 omni
952 4414 1218 4470 funditus
1240 4415 1711 4484 animositate,de

56 4500 430 4558 restitutione
453 4501 717 4573 ipsorum
734 4518 933 4558 secum
957 4503 1208 4559 fraterne
1228 4508 1712 4577 tractaret,atque

58 4588 516 4644 misericorditer
557 4607 966 4648 consummare
1013 4595 1407 4660 contenderet,
1449 4593 1708 4666 alioquin

1822 3434 1984 3497 Quod
2028 3451 2163 3490 cum
2214 3434 2522 3507 diligenter
2571 3439 2766 3492 actum
2811 3436 3008 3504 fuerit,
3041 3439 3181 3490 tunc
3210 3435 3466 3507 profecto

1823 3523 1990 3596 plene
2012 3523 2158 3580 scire
2181 3541 2498 3595 possumus
2529 3529 2739 3582 cuncta
2765 3542 2865 3580 vos
2883 3524 2942 3579 in
2965 3525 3206 3580 concilio
3232 3528 3467 3581 strenue

1822 3613 2117 3685 peregisse
2149 3629 2162 3668 :
2195 3617 2254 3669 et
2282 3614 2437 3685 quod
2469 3613 2752 3670 hactenus
2782 3613 3069 3670 omissum
3101 3618 3210 3681 est,
3242 3613 3350 3670 hoc
3380 3630 3468 3669 or-

1823 3702 1959 3757 dine
1990 3702 2220 3759 Christo
2242 3704 2488 3774 juvante
2537 3703 2996 3775 recuperabitur.
3031 3703 3094 3766 In
3127 3721 3241 3776 quo
3270 3708 3468 3774 tamen

1817 3791 2046 3862 agendo
2077 3790 2465 3848 venerabilem
2496 3791 2800 3855 Wlfadum
2847 3809 2964 3864 prae
3008 3793 3232 3848 caeteris
3277 3793 3468 3848 abun-

1823 3878 2146 3936 dantiorem
2205 3880 2474 3936 convenit
2529 3897 2731 3936 curam
2779 3881 3053 3952 arripere.
3088 3881 3307 3937 Deinde
3335 3898 3470 3937 vero

1819 3967 2091 4024 volumus
2112 3985 2214 4024 vos
2234 3985 2362 4025 esse
2391 3967 2691 4036 sollicitos,
2718 3973 2781 4023 ut
2799 3968 2848 4024 si
2871 3969 2942 4024 de
2967 3973 3172 4024 caetero
3193 3969 3307 4024 tale
3325 3970 3467 4041 quid

1820 4057 1965 4112 forte
1999 4055 2308 4128 contigerit
2338 4057 2585 4121 evenire,
2620 4074 2724 4128 pro
2755 4073 2870 4127 quo
2901 4062 3248 4112 conventum
3283 4057 3340 4110 in
3372 4073 3467 4111 re-

1820 4145 2094 4218 gionibus
2124 4145 2334 4202 vestris
2366 4145 2491 4200 ﬁeri
2522 4145 2890 4200 sacerdotum
2917 4144 3467 4217 praecipiamus,hoc

1819 4234 1973 4290 inter
2021 4238 2230 4291 caetera
2277 4233 2420 4289 nulli
2464 4233 2700 4305 penitus
2731 4233 3006 4289 oblivioni
3039 4233 3283 4290 tradatis
3317 4251 3330 4290 :
3365 4236 3466 4290 sed

1818 4328 1951 4396 post
1979 4323 2178 4380 omnia
2207 4323 2263 4378 id
2297 4339 2466 4396 agere
2499 4324 2790 4394 majorum
2837 4340 2997 4379 more
3036 4323 3467 4380 studiosissime

1820 4413 2125 4486 satagatis.
2157 4413 2390 4469 Arridet
2419 4416 2614 4468 autem
2659 4412 2795 4468 huic
2829 4412 3235 4468 unanimitatis
3265 4418 3466 4468 vestrae

1819 4502 2123 4559 sententiae
2136 4507 2312 4575 atque
2325 4501 2660 4560 diﬁfinitioni
2675 4501 2849 4558 etiam
2867 4501 3060 4558 fratris
3072 4501 3467 4574 etcoepiscopi

1819 4592 2002 4648 nostri
2034 4591 2328 4648 Hincmari
2363 4589 2678 4663 professio:
2700 4591 2837 4662 quia
2859 4608 2975 4645 non
3009 4590 3198 4646 solum
3231 4591 3463 4645 eosdem

56 4677 122 4730 ad
154 4676 482 4734 concilium
511 4678 836 4746 vobiscum,
869 4681 1087 4752 quibus
1117 4685 1174 4736 et
1205 4699 1310 4738 nos
1341 4699 1575 4754 quoque
1606 4701 1709 4756 pro
1741 4702 1787 4767 Β
1818 4682 2048 4747 fratres,
2080 4685 2139 4736 et
2171 4685 2344 4736 antea
2372 4696 2434 4736 se
2466 4679 2711 4736 minime
2741 4680 2813 4736 ab
2845 4678 3035 4736 officio
3063 4679 3464 4750 suspendisse,

57 4764 158 4821 hoc
190 4767 328 4839 ipso
375 4766 746 4839 scripsimus,
779 4769 957 4824 simul
1013 4776 1383 4839 occurreret;
1417 4776 1710 4843 quatenus

53 4870 260 4910 omnes
287 4855 345 4909 in
369 4872 554 4911 unum
577 4857 1222 4926 convenientes,causas
1240 4862 1576 4916 eorumdem
1592 4860 1710 4917 cle-

57 4943 313 4999 ricorum
371 4945 804 5015 exami-naretis,
835 4951 894 5003 et
950 4965 1067 5004 non
1127 4949 1325 5021 aliqua
1382 4955 1711 5022 emergente

55 5032 500 5106 disceptatione,
526 5035 642 5090 Deo
666 5053 781 5108 prae
811 5037 998 5092 oculis
1024 5038 1242 5105 habito,
1263 5039 1598 5095 difﬁniretis
1621 5056 1633 5093 :
1661 5038 1712 5094 si

52 5137 178 5176 vero
213 5121 496 5194 quaelibet
543 5124 696 5179 inter
741 5129 938 5196 partes
985 5126 1328 5199 disceptatio
1361 5129 1708 5200 proveniret,

50 5211 115 5263 ad
136 5211 350 5266 sedem
370 5212 750 5284 apostolicam
777 5220 1041 5270 nostrum
1069 5222 1430 5288 susceptura:
1460 5217 1710 5290 speciale

48 5297 337 5367 judicium
370 5317 630 5372 personae
659 5303 815 5360 vices
860 5309 1127 5360 tenentes
1177 5305 1485 5378 utriusque
1509 5306 1708 5363 lateris

45 5388 447 5445 convenirent.
499 5392 624 5456 Quo
677 5393 780 5447 Dei
838 5393 1037 5466 gratiae
1087 5393 1392 5464 juvamine
1452 5400 1708 5467 peracto,

48 5477 430 5550 suscepimus
460 5497 618 5536 nunc
650 5480 873 5538 litteras
912 5482 1334 5555 amplectendte
1381 5483 1710 5541 dilectionis

51 5566 322 5621 omnium
345 5572 626 5637 vestrum,
651 5569 1133 5628 manifestissime
1155 5571 1716 5644 signiﬁcantes,cre—

55 5652 155 5709 bro
195 5662 559 5714 memoratos
604 5658 847 5717 clericos
867 5678 902 5717 a
923 5661 1103 5718 totius
1134 5677 1392 5718 consona
1417 5678 1552 5719 voce
1581 5679 1714 5719 con-

62 5742 176 5800 cilii
197 5744 414 5820 dignos
431 5749 724 5820 graduum
745 5766 991 5808 suorum
1020 5750 1349 5826 receptione
1378 5751 1715 5830 pronuntia-

387 5874 650 5940 PATROL.
697 5877 904 5941 CXIX.

1816 4771 1904 4826 vel
1926 4771 2247 4842 judicasse,
2273 4769 2722 4841 autagradibus
2752 4768 3012 4841 ejecisse,
3035 4768 3153 4824 sive
3185 4768 3244 4823 in
3277 4765 3467 4839 repul-

1819 4860 1982 4916 sione
2013 4859 2274 4932 ipsorum
2309 4858 2761 4931 subscripsisse;
2786 4875 2985 4914 verum
3017 4858 3191 4913 etiam
3221 4861 3278 4912 et
3310 4874 3466 4911 nunc

1819 4950 1891 5005 ad
1925 4950 2236 5022 synodum,
2272 4947 2428 5003 sicut
2456 4965 2562 5003 nos
2596 4947 3000 5020 praecepimus,
3033 4946 3392 5012 convenisse,
3412 4950 3470 5001 et

1819 5039 1912 5093 his
1943 5055 2069 5108 quae
2102 5038 2173 5093 de
2204 5037 2572 5092 restitutione
2630 5037 2864 5093 illorum
2924 5035 3114 5091 caeteri
3173 5034 3467 5090 antistites

1820 5131 2262 5196 consenserunt,
2288 5124 2658 5196 paratissime
2678 5125 3043 5196 annuisse,et
3064 5125 3466 5194 obtemperare

1819 5233 2055 5271 curasse
2078 5219 2348 5280 testatur,
2373 5215 2543 5284 cujus
2559 5214 2733 5270 etiam
2754 5231 2963 5269 nomen
2986 5214 3043 5268 in
3063 5212 3309 5284 epistola
3332 5229 3468 5284 syn-

1817 5306 1984 5360 odica
2015 5305 2192 5373 (sicut
2222 5308 2421 5359 nostra
2453 5303 2654 5358 relatio
2685 5302 2949 5371 indicat),
2973 5321 3089 5357 una
3118 5319 3253 5356 cum
3287 5301 3471 5356 nomi-

1820 5394 1996 5449 nibus
2027 5393 2256 5460 vestris,
2292 5392 2390 5464 qui
2419 5391 2594 5447 simul
2641 5392 2981 5448 convenisse
3029 5389 3466 5464 dignoscimini,

1820 5484 2038 5555 puriter
2068 5482 2390 5554 ascriptum
2424 5481 2726 5537 inventum
2748 5485 2854 5537 est.
2879 5480 3025 5536 Illud
3055 5485 3250 5536 tamen
3283 5479 3469 5534 ridere

1823 5572 2179 5643 libuit,quod
2197 5572 2352 5626 idem
2372 5571 2616 5626 antistes
2633 5571 2765 5626 creb
2775 5588 2834 5626 ro
2852 5574 3204 5626 memoratos
3226 5567 3468 5624 clericos

1822 5662 1896 5718 ab
1927 5661 2116 5716 ofﬁcio
2147 5678 2208 5716 se
2240 5659 2482 5716 minime
2513 5659 2912 5733 suspendisse,
2940 5659 3473 5732 veljudicasse,aut

1825 5770 1859 5808 ιι
1875 5749 2159 5827 gradibus
2182 5748 2423 5826 ejecisse
2438 5749 2654 5808 fatetur
2678 5767 2690 5806 :
2717 5749 3040 5826 praesertim
3060 5765 3195 5808 cum
3216 5748 3337 5806 haec
3354 5763 3471 5806 non

3076 5878 3152 5942 35
