3894 6218
418 465 574 528 1099

1781 446 2093 511 NICOLAI
2138 443 2366 503 PAP/E
2410 442 2457 501 Ι.

3698 431 3831 491 “00

405 601 644 656 veritate
674 596 820 652 fulta
842 583 1044 650 multis
1065 611 1193 650 esse
1222 594 1503 665 probatur
1526 588 1781 651 indiciis,
1808 602 1932 657 qua:
1958 598 2053 635 su-
2086 579 2135 644 A
2168 578 2302 631 bere
2334 574 2571 629 clericos
2604 573 2674 627 ab
2702 571 3009 627 ordinibus
3044 568 3169 624 suis
3200 564 3493 623 canonice
3528 563 3719 618 fuisse
3751 565 3832 617 de~

410 689 607 762 perius
649 686 993 742 summatim
1041 683 1367 755 tetigimus,
1399 686 1456 736 et
1488 696 1643 735 nunc
1676 696 1743 733 ea
1774 675 1857 731 vel
1894 675 2064 746 plura

413 791 872 833 commemorare
930 773 1124 828 studio
1175 771 1477 826 brevitatis
1528 768 1883 824 omittimus.
1918 764 2063 818 Nam

415 866 531 922 nisi
550 864 648 920 ille
669 881 788 929 eos,
805 863 980 918 etiam
1001 866 1131 916 ante
1154 876 1386 915 omnem
1406 845 1853 922 audientiam,et
1874 852 1985 907 adh
1998 868 2064 905 uc

420 971 557 1011 cum
589 954 657 1008 ad
693 970 755 1008 se
784 970 899 1007 non
938 954 1301 1014 accusantes,
1338 948 1439 1003 sed
1474 944 1933 1001 misericordiam
1964 957 2064 1012 po-

422 1042 709 1099 stulantes
731 1039 1102 1103 accesserint,
1128 1040 1198 1094 ab
1231 1037 1422 1093 ofﬁcio
1454 1033 1790 1107 suspendit:
1818 1031 1955 1103 quid
1982 1032 2069 1084 est

426 1132 581 1205 quod
606 1132 664 1185 in
687 1130 832 1185 actis
864 1128 1090 1183 concilii
1120 1128 1233 1194 sui,
1260 1127 1413 1198 quod
1444 1125 1567 1197 ipse
1599 1125 1669 1178 ad
1704 1123 1899 1177 sedem
1932 1136 2067 1190 apo-

428 1219 695 1276 stolicam
718 1218 899 1283 misit,
927 1219 997 1271 ab
1021 1233 1085 1271 eo
1115 1214 1387 1286 suspensi
1412 1214 1483 1268 ab
1517 1212 1705 1267 ofﬁcio
1739 1210 1920 1263 fuisse
1949 1223 2067 1260 me-

428 1306 770 1365 morantur?
784 1306 999 1377 quibus
1013 1322 1145 1359 cum
1168 1308 1367 1358 tacens
1388 1301 1534 1356 nihil
1548 1301 1673 1372 ipse
1689 1295 2068 1369 responderit,

428 1398 565 1470 quid
590 1396 771 1463 aliud,
799 1396 909 1449 nisi
933 1412 1065 1449 vera
1086 1410 1183 1448 eos
1206 1395 1565 1464 prosecutus,
1594 1388 1826 1443 silentio
1851 1402 1955 1441 suo
1976 1383 2074 1438 tri-

425 1486 555 1544 buit
583 1488 851 1559 patenter
878 1483 1174 1555 intelligi?
1206 1484 1275 1537 Et
1303 1498 1333 1536 e
1364 1480 1590 1536 diverso
1622 1478 1705 1532 illi
1752 1492 1929 1548 super
1958 1490 2071 1544 quo

428 1574 695 1650 querelas
730 1592 868 1629 suas
907 1574 1108 1629 crebro
1142 1572 1294 1626 dicto
1327 1573 1539 1625 sancta:
1574 1565 1867 1623 memoriae
1897 1562 2072 1618 Leoni

430 1683 591 1738 papa:
619 1664 925 1719 mittebant
944 1663 972 1716 7
1005 1660 1086 1716 vel
1121 1677 1317 1731 quem,
1338 1659 1453 1713 nisi
1485 1674 1642 1723 eum,
1664 1671 1838 1711 suum
1865 1650 2076 1723 impul-

432 1771 623 1810 sorem
654 1770 688 1809 θ.
718 1753 996 1825 gradibus
1037 1750 1307 1822 propriis,
1339 1753 1395 1804 et
1425 1748 1705 1802 infestum
1737 1742 1870 1810 sibi,
1902 1756 2076 1813 quem

433 1844 587 1900 circa
599 1859 660 1898 se
672 1841 848 1897 veluti
866 1845 1090 1911 patrem
1112 1838 1434 1911 benignum
1458 1835 1746 1891 debebant
1766 1845 2075 1904 cognosce-

434 1949 513 2001 re,
531 1932 816 2004 frequenti
841 1929 1116 1984 relatione
1140 1926 1509 2000 pandebant?
1529 1930 1827 1978 Postremo
1846 1919 1958 1974 nisi
1981 1917 2079 1972 ille
2114 1950 2161 2014 Β

433 2023 493 2077 in
515 2020 837 2092 dejectione
864 2020 1122 2089 ipsorum
1148 2014 1639 2086 subscripsit,imo
1662 2011 1773 2065 nisi
1800 2008 1977 2064 totius
1992 2007 2083 2060 de-

435 2110 742 2185 positionis
764 2126 965 2164 corum
991 2107 1198 2162 seriem
1222 2105 1347 2176 ipse
1369 2102 1625 2174 scripsit,
1653 2100 1792 2172 quid
1818 2102 1904 2154 est
1925 2096 2081 2167 quod

433 2202 486 2257 ei
520 2201 579 2254 in
621 2198 868 2255 subinde
924 2199 1242 2251 memorato
1305 2191 1625 2265 privilegio,
1661 2189 1814 2261 quod
1868 2185 1979 2242 sibi
2011 2185 2083 2239 ab

434 2286 753 2360 apostolica
777 2286 913 2340 sede
938 2282 1196 2339 roborari
1218 2281 1404 2354 petiit,
1430 2281 1610 2334 beatis
1658 2276 1954 2332 memoria:
1984 2274 2082 2328 de-

436 2393 634 2433 cessor
655 2392 820 2430 meus
843 2374 910 2427 ad
937 2390 1069 2427 cum
1090 2372 1356 2443 loquens,
1381 2370 1537 2440 quod
1562 2367 1684 2439 ipse
1709 2363 2087 2420 difﬁnitiones

437 2465 568 2520 illas
591 2464 650 2518 in
672 2463 891 2535 synodo
915 2478 1048 2516 cum
1072 2459 1294 2516 caeteris
1317 2456 1606 2530 episcopis
1630 2454 1891 2519 collecta,
1919 2453 2089 2523 juxta

440 2553 780 2609 relationem
802 2552 1003 2622 utique
1027 2566 1194 2605 suam
1214 2547 1466 2620 prepriis
1489 2545 1688 2619 digitis
1712 2540 2087 2605 roboraverit,

442 2641 829 2700 manifestat?
860 2641 1019 2703 Quod
1053 2638 1101 2694 si
1134 2637 1294 2703 dicit,
1316 2651 1622 2706 nunquam
1652 2650 1714 2688 se
1746 2633 1804 2686 in
1838 2631 1937 2685 illa
1963 2646 2093 2701 syn-

444 2734 553 2789 odo
585 2729 1025 2801 subscripsisse,
1059 2744 1193 2799 ergo
1255 2742 1358 2781 nec
1419 2725 1690 2780 decessor
1738 2725 1935 2775 noster
1984 2717 2092 2772 ali—
2144 2790 2150 2795 ι

442 2838 619 2894 quam
651 2819 702 2876 ei
736 2820 1019 2891 synodum
1057 2813 1355 2888 privilegio
1386 2830 1491 2868 suo
1537 2809 1839 2866 ﬁrmavit?
1877 2807 2094 2878 quippe

453 2927 587 2968 cum
620 2910 743 2982 ipse
772 2925 921 2978 eam,
955 2922 1130 2978 quam
1162 2903 1503 2960 auctoritate
1534 2898 1850 2972 apostolica
1881 2894 2098 2951 stabili-

452 3002 553 3065 vit,
585 2998 836 3072 propriis
888 2995 1087 3068 digitis
1136 2993 1325 3065 ipsius
1386 2991 1718 3045 roboratam
1769 2983 2097 3057 specialiter

453 3089 637 3144 fuisse
668 3086 1102 3143 commemoret.
1138 3082 1321 3153 Igitur
1364 3080 1571 3133 fratres
1602 3072 1955 3139 charissimi,
1990 3087 2096 3125 nos

452 3180 507 3233 in
532 3177 901 3248 praefatorum
935 3172 1279 3228 clericorum
1311 3167 1680 3222 restitutione
1713 3162 1951 3236 gradus,
1977 3176 2097 3215 om-

453 3268 627 3322 nibus
643 3266 925 3320 hactenus
948 3258 1308 3332 argumentis
1332 3256 1438 3310 rite
1457 3254 1733 3319 collectis,
1753 3258 1809 3307 et
1830 3249 2093 3305 omnium

2164 666 2348 735 jectos
2376 682 2387 731 ;
2421 663 2501 717 ita
2531 667 2595 717 ut
2626 659 2911 733 quidquid
2941 658 3117 713 habet
3145 654 3627 718 calumniarum,
3663 669 3835 723 pros:-

2173 752 2387 824 quendi
2410 748 2836 821 etexsequendi
2865 747 2974 802 sibi
3012 747 3087 802 sit
3115 744 3356 801 omnino
3391 741 3837 804 facultasoueé

2175 841 2222 897 si
2247 842 2426 896 totius
2456 840 2635 910 hujus
2658 836 2795 892 anni
2818 835 3065 892 circuitu
3090 835 3344 906 dilapso,
3359 836 3579 888 contra
3610 847 3713 885 eos
3733 830 3845 885 nul-

2176 930 2537 1000 lamjustam
2560 928 2715 999 apud
2750 928 2947 982 sedem
2980 924 3365 997 apostolicam
3399 920 3845 992 querimoniam

2176 1017 2588 1091 composuerit,
2625 1033 2731 1071 nec
2772 1015 2904 1070 illos
2952 1019 3227 1086 appetere
3258 1013 3330 1067 de
3364 1026 3743 1082 quocunque
3772 1010 3845 1063 vel

2178 1110 2584 1178 cujuscunque
2644 1109 2828 1173 reatu,
2888 1103 2977 1159 vel
3021 1119 3285 1168 excessu,
3322 1118 3425 1156 seu
3463 1098 3849 1153 damnatione

2179 1195 2504 1263 studuerit;
2542 1195 2685 1267 ipsis
2718 1192 2955 1265 quidem
2987 1191 3262 1261 deinceps
3294 1190 3355 1244 in
3378 1188 3715 1243 ordinibus
3741 1204 3851 1257 per-

2180 1285 2579 1351 manentibus,
2614 1300 2721 1337 nos
2767 1283 3020 1354 profecto
3067 1278 3213 1334 nulli
3272 1277 3509 1350 corpori
3576 1275 3849 1331 dabimus

2180 1390 2438 1446 operam,
2474 1390 2580 1429 nec
2611 1370 2730 1427 ullo
2763 1374 2932 1442 pacto
2964 1387 2999 1424 a
3029 1385 3266 1424 summa
3296 1365 3693 1423 cessabimus
3729 1364 3852 1418 dili-

2181 1463 2396 1536 gentia,
2432 1463 2613 1517 donec
2642 1464 2745 1516 aut
2773 1459 2898 1532 ipse
2930 1475 3087 1514 nunc
3128 1456 3260 1511 illos
3301 1458 3468 1527 juste
3507 1454 3852 1525 comprobet

2183 1553 2503 1618 restitutos,
2530 1551 2805 1620 autjuste
2830 1564 2930 1618 per
2951 1565 3010 1602 se
3033 1546 3332 1618 quondam
3360 1544 3657 1600 ostendat
3680 1560 3854 1597 reme-

2181 1645 2293 1696 tos.
2316 1638 2587 1710 Alioquin
2612 1655 2716 1692 nos
2741 1638 3166 1708 subsequenter
3194 1633 3476 1690 exhibere
3510 1631 3735 1705 procul
3766 1632 3853 1686 du-

2185 1730 2279 1785 bio
2303 1727 2587 1795 convenit,
2610 1744 2723 1781 non
2749 1725 2939 1781 solum
2962 1741 3111 1796 saepe
3130 1725 3278 1778 fatos
3297 1722 3549 1778 clericos
3576 1721 3854 1793 prazjudi-

2187 1817 2408 1874 cialiter
2424 1818 2646 1887 absque
2669 1831 2886 1870 canone
2910 1814 2980 1868 ab
2998 1813 3189 1869 ofﬁcio
3211 1815 3849 1884 sequestratos,verum

2189 1908 2365 1963 etiam
2396 1906 2788 1961 ordinatorem
2835 1919 3037 1958 eorum
3086 1900 3600 1970 inconvenienter,
3638 1916 3708 1954 ac
3742 1901 3851 1953 sine

2191 1993 2607 2066 consequentia
2637 1991 3054 2059 ecclesiastica,
3086 1989 3373 2062 regimine
3404 1988 3731 2061 prmsulari
3754 1990 3854 2060 pri-

2189 2090 2409 2141 vatum.
2441 2083 2602 2146 Quod
2644 2081 2813 2153 plane
2864 2085 3073 2152 prmter
3102 2096 3237 2133 eum
3269 2077 3500 2148 nullus,
3537 2082 3609 2132 ut
3644 2095 3851 2143 remur,

2194 2174 2431 2229 omnino
2452 2171 2699 2236 dubitat,
2718 2168 2916 2224 nullus
2938 2168 3193 2240 profecto
3216 2184 3329 2222 non
3354 2165 3856 2238 praedicat,un-

2194 2262 2506 2334 doquidem
2540 2265 2595 2314 et
2625 2258 2793 2314 nobis
2841 2257 2923 2312 ita
2971 2256 3169 2320 claret,
3203 2260 3499 2327 quantum
3545 2259 3852 2309 autumare

2195 2367 2531 2424 possumus,
2567 2346 3065 2419 quemadmodum
3105 2344 3195 2400 his
3227 2344 3329 2416 qui
3362 2343 3422 2398 in
3458 2342 3565 2399 illo
3600 2348 3851 2414 tempore

2196 2444 2406 2512 praisto
2440 2439 2621 2493 fuisse
2652 2440 3073 2491 memorantur.

2271 2527 2418 2583 Illud
2451 2531 2667 2592 tamen,
2693 2523 3046 2591 charissimi,
3072 2522 3555 2594 praetereundum
3583 2521 3740 2577 inter
3762 2539 3851 2575 ca-

2200 2622 2325 2672 tera
2347 2617 2464 2671 fore
2487 2631 2600 2670 non
2624 2612 2919 2678 duximus,
2945 2613 3102 2684 quod
3129 2614 3421 2683 quantum
3439 2610 3758 2666 relationis
3779 2628 3855 2665 ve

2202 2712 2335 2763 strze
2367 2704 2543 2761 series
2575 2703 2787 2768 innuit,
2814 2701 3012 2756 minus
3044 2705 3213 2755 caute
3239 2716 3418 2771 quam
3451 2700 3770 2756 sanximus
3784 2719 3853 2755 re-

2203 2794 2431 2869 gularia
2474 2791 2774 2849 constituti
2819 2791 3002 2847 nostri
3035 2788 3290 2845 exsecuti
3326 2788 3462 2844 sitis
3498 2789 3719 2844 edicta.
3756 2790 3853 2844 Nos

2206 2882 2569 2957 quippe,etsi
2594 2878 3015 2952 appellantium
3049 2879 3247 2933 sedem
3278 2877 3679 2949 apostolicam
3710 2877 3856 2931 cleri-

2205 2990 2426 3038 corum,
2449 2974 2505 3026 et
2533 2970 2604 3025 ad
2629 2968 2921 3040 judicium
2954 2968 3080 3037 ejus
3111 2966 3568 3039 provocantium
3604 2982 3853 3031 causam,

2206 3066 2440 3135 propter
2470 3058 2856 3114 amovendum
2882 3073 2915 3110 a
2934 3056 3097 3110 vobis
3118 3053 3453 3126 prolixioris
3478 3053 3749 3109 laborem
3772 3055 3856 3109 iti-

2208 3151 2383 3217 neris,
2408 3148 2527 3203 illic
2548 3145 2759 3213 audiri,
2785 3144 2866 3200 vel
2888 3145 3064 3200 etiam
3096 3143 3337 3206 difﬁniri
3370 3144 3851 3199 statuimusmon

2207 3245 2401 3296 tamen
2418 3252 2774 3309 quemquam
2788 3251 2989 3290 eorum
3005 3232 3494 3304 promovendum,
3509 3233 3603 3287 vel
3619 3233 3695 3287 ad
3720 3234 3852 3288 emi-

449 3360 711 3412 vestrum
742 3353 976 3407 hortatu
1008 3344 1597 3420 generatisincitante
1619 3354 2095 3405 consensus,om-
2128 3316 2169 3382 (ἶ
2209 3328 2531 3386 nentiorcm
2606 3324 2873 3379 ordinem
2957 3322 3396 3394 provehendam
3475 3321 3851 3387 indulsimus,

451 3444 751 3499 nimodam
765 3458 870 3496 con
881 3437 1191 3493 niventiam
1208 3434 1459 3506 przcberc
1473 3432 1731 3503 potuisse
1747 3426 2095 3501 cognoscite.

452 3533 564 3589 Sed
588 3529 865 3603 quoniam
889 3544 1002 3581 non
1028 3524 1349 3579 secundum
1375 3523 1674 3576 decretum
1700 3522 1965 3574 nostrum
1998 3533 2098 3570 eo»

454 3638 585 3676 rum
604 3616 954 3675 examinatio
979 3631 1138 3668 mera
1159 3617 1214 3667 et
1239 3612 1493 3683 perfecta
1512 3607 1799 3665 discussio
1813 3605 2095 3678 provenit,

455 3724 561 3764 nec
588 3706 871 3779 promotio
903 3704 989 3757 vel
1022 3702 1267 3773 abjectio
1300 3700 1560 3771 ipsorum
1592 3698 1651 3752 in
1685 3694 1945 3768 synodali
1969 3710 2100 3749 con-

453 3800 629 3853 ventu
664 3793 858 3866 qualis
891 3791 1079 3858 fuerit,
1107 3790 1328 3862 liquido
1352 3792 1576 3859 reperta
1597 3791 1704 3853 est,
1731 3802 1834 3840 nec
1868 3788 2098 3855 aposto-

456 3885 578 3941 licae
611 3884 732 3940 sedi
768 3881 1082 3938 sufﬁcienti
1114 3880 1298 3935 relatu
1332 3880 1685 3931 monstrata:
1724 3872 1933 3928 idcirco
1966 3887 2100 3943 pau-

456 3975 643 4031 lulum
668 3991 701 4029 a
721 3970 1183 4027 consummanda
1196 3966 1558 4024 restitutione
1576 3964 1836 4035 ipsorum
1862 3960 2097 4015 interim

455 4062 900 4121 deliberativum
933 4074 1285 4116 consensum
1316 4061 1582 4111 nostrum
1615 4068 1874 4107 coercere
1901 4067 2099 4106 neces-

456 4154 679 4210 sarium
710 4152 1005 4206 duximus.
1038 4149 1255 4204 Verum
1288 4144 1426 4217 quia
1456 4144 1515 4198 in
1561 4140 1922 4198 decernendo
1954 4144 2008 4193 et
2038 4138 2096 4193 in

449 4241 771 4313 judicando
829 4240 982 4311 quod
1043 4236 1317 4293 canonice
1373 4233 1758 4289 deliberatum
1804 4234 1912 4295 est,
1943 4245 2008 4284 ac
2039 4228 2098 4282 in

458 4328 835 4386 restituendis
866 4344 1016 4398 saepe
1046 4325 1218 4381 dictis
1246 4323 1490 4390 clericis,
1516 4325 1690 4393 atque
1720 4319 1779 4374 in
1802 4317 2096 4384 omnibus,

458 4418 576 4475 Deo
606 4419 891 4491 praeduce,
926 4417 1077 4472 sicut
1108 4416 1303 4470 decuit
1331 4417 1386 4467 et
1415 4412 1554 4468 ordo
1585 4409 1865 4482 poposcit,
1902 4410 2101 4462 nostra

458 4506 753 4579 praecessit
793 4505 1143 4571 auctoritas;
1179 4502 1528 4559 conveniens
1554 4517 1619 4554 ac
1650 4499 1959 4554 honestum
1991 4501 2097 4562 est,

458 4600 523 4653 ut
536 4598 705 4668 juxta
726 4596 1177 4668 postulationem
1204 4597 1480 4651 vestram,
1514 4592 1723 4643 nostrae
1753 4584 2100 4641 ﬁrmationis

2208 3416 2705 3492 quemadmodum
2736 3429 2891 3468 nunc
2915 3412 3131 3467 factum
3162 3427 3291 3466 esse
3313 3414 3515 3466 vestro
3551 3411 3747 3466 favore
3769 3428 3856 3482 per

2208 3507 2626 3579 scriptavestra
2647 3501 2979 3557 didicimus.
2998 3500 3282 3555 Miramur
3306 3499 3559 3570 insuper
3574 3504 3634 3553 et
3655 3500 3855 3571 quaeri-

2208 3610 2637 3667 mus,qurenam
2656 3591 2755 3646 illa
2772 3590 2846 3645 sit
2863 3605 3097 3646 summa
3111 3588 3186 3644 rei
3199 3605 3399 3659 ,quam
3414 3605 3521 3643 vos
3541 3594 3752 3643 nostra:
3769 3606 3849 3643 au-

2207 3683 2459 3741 ctoritati
2518 3696 2845 3737 reservasse
2900 3676 3279 3750 praetenditis,
3313 3682 3371 3731 et
3403 3677 3564 3731 hanc
3612 3678 3845 3732 invenire

2210 3792 2323 3829 non
2357 3788 2694 3844 possumus.
2720 3770 2903 3832 Quam
2934 3766 3091 3822 enim
3124 3766 3291 3821 nobis
3340 3783 3653 3821 summam
3686 3784 3848 3822 reser-

2207 3862 2385 3919 vastis
2420 3859 2654 3931 negotii,
2683 3859 2856 3928 cujus
2882 3857 3024 3911 adeo
3056 3856 3231 3910 ﬁnem
3260 3855 3591 3927 perducere
3613 3860 3848 3910 matura-

2209 3952 2336 4019 stis,
2362 3954 2426 4005 ut
2447 3948 2613 4004 nobis
2647 3944 3017 4011 inconsultis,
3042 3944 3217 3999 etiam
3242 3942 3611 4015 pastoralem
3637 3944 3850 4000 restitu-

2207 4043 2283 4097 tis
2304 4041 2564 4096 conferre
2588 4035 3043 4092 sollicitudinem
3074 4032 3461 4105 pateremini?
3485 4038 3546 4088 et
3569 4034 3753 4105 quiad
3767 4049 3849 4087 eos

2209 4129 2454 4203 pristino
2511 4126 2719 4199 gradui
2773 4122 3175 4179 reformandos
3230 4126 3449 4177 nostra:
3497 4122 3847 4177 auctoritatis

2208 4218 2474 4291 eguistis,
2497 4216 2568 4271 ad
2597 4213 3057 4287 promovendum
3090 4226 3446 4283 responsum
3477 4215 3751 4267 nostrum
3773 4227 3846 4265 ne

2210 4323 2505 4381 quaquam
2530 4301 2853 4376 praestolari
2870 4299 3158 4356 duxistis?
3171 4299 3469 4363 Quantum
3494 4298 3843 4354 autemtilius

2210 4401 2406 4453 noster
2437 4393 2677 4449 Carolus
2707 4390 2997 4465 gloriosus
3027 4406 3124 4445 rex
3154 4388 3212 4442 id
3245 4405 3279 4442 a
3309 4388 3485 4444 nobis
3520 4389 3744 4460 exegit;
3766 4387 3844 4443 sed

2210 4504 2318 4543 nos
2360 4488 2613 4539 vestram
2664 4480 3009 4536 charitatem
3052 4482 3109 4533 et
3148 4476 3692 4544 honoriﬁcentiam,
3724 4493 3845 4548 quos

2202 4577 2328 4646 jam
2379 4570 2683 4628 convenire
2732 4570 3126 4641 jusseramus,
3171 4567 3378 4621 merito
3426 4571 3845 4627 conservantes,

458 4687 713 4757 perfecta
729 4679 1468 4754 subsequaturintegritas,
1489 4693 1554 4730 eo
1579 4676 1859 4728 duntaxat
1879 4674 2100 4739 ordine,
2138 4684 2179 4747 ῃ
2210 4662 2370 4720 nullo
2394 4665 2580 4734 pacto,
2607 4659 2952 4730 priusquam
2985 4673 3178 4712 rerum
3210 4654 3382 4710 nobis
3415 4654 3616 4710 exitus
3650 4671 3750 4726 per
3765 4671 3845 4708 vos

460 4778 526 4828 ut
553 4772 916 4845 frequentius
974 4769 1225 4823 intimati
1280 4765 1494 4829 clerici,
1529 4761 1630 4833 qui
1671 4762 2102 4818 evidentissima

458 4860 856 4933 irregulariter
887 4859 958 4912 ab
989 4855 1177 4910 ot‘ﬁcio
1210 4854 1499 4925 graduum
1541 4866 1781 4905 suorum
1831 4850 2100 4923 suspensi

410 4974 417 4979 ·
458 4948 641 5003 fuisse
673 4951 1018 5009 noscuntur,
1042 4947 1098 4997 et.
1118 4943 1253 4996 hinc
1276 4940 1474 4995 sedem
1506 4937 1883 5008 apostolicam
1908 4939 2099 5011 saepis-

461 5037 608 5093 sime
638 5049 981 5108 provocasse
1027 5028 1325 5084 nonnullis
1369 5027 1597 5081 indiciis
1630 5028 2099 5098 comprobantur,

460 5129 594 5181 ante
624 5122 821 5179 omnia
870 5117 1130 5190 pristinis
1174 5117 1453 5188 gradibus
1483 5121 1539 5171 et
1568 5116 1774 5171 ofﬁciis
1806 5116 2099 5171 reformati

460 5213 801 5274 consistant,
830 5209 909 5259 ita.
939 5209 1003 5258 ut
1032 5205 1318 5274 prioribus
1342 5204 1548 5259 redditi
1571 5205 1848 5277 gradibus
1870 5210 1925 5260 et
1946 5204 2098 5259 ordi-

461 5301 655 5361 nibus,
680 5306 735 5353 et
759 5295 1189 5367 (ltiOtl.,llll!llOdO
1213 5292 1337 5349 suis
1358 5295 1630 5348 omnibus
1648 5294 1923 5358 revestiti,
1947 5293 2096 5348 vires

458 5390 739 5445 adversus
770 5384 845 5437 im
858 5387 1019 5453 petcn
1034 5387 1112 5435 tes
1137 5402 1194 5438 se
1218 5382 1473 5449 integras
1496 5384 1767 5438 habeant.
1793 5383 1917 5436 Non
1940 5382 2097 5438 enim

458 5471 701 5530 inermis
732 5487 865 5525 cum
900 5474 1119 5524 armato
1153 5471 1257 5526 rite
1287 5471 1622 5526 Cuntlictum
1674 5470 1821 5524 inire
1866 5469 2094 5541 poterit.

455 5561 680 5625 Quibus
712 5558 975 5615 videlicet
1007 5560 1285 5631 gradibus
1315 5578 1377 5615 ac
1411 5560 1618 5614 ofﬁciis
1643 5558 1970 5613 fruentibus
1991 5557 2095 5622 eis,

457 5646 621 5702 fratri
651 5653 707 5701 et
737 5647 1077 5720 coepiscopo
1124 5655 1319 5704 nostro
1366 5649 1671 5702 llincmaro
1721 5645 1951 5700 licentia
1999 5645 2095 5711 sit,

459 5733 614 5792 intra
626 5736 803 5793 totius
824 5736 999 5809 hujus
1021 5738 1356 5811 capedinem
1377 5736 1539 5806 anni,
1559 5750 1709 5807 saepe
1731 5733 1916 5792 dictos
1939 5733 2098 5792 exhi-

2213 4751 2550 4825 pateﬁeriet,
2580 4764 2932 4803 consensum
2960 4746 3017 4800 in
3044 4744 3151 4799 hoc
3185 4742 3540 4815 praebituros
3568 4760 3791 4814 semper
3807 4741 3845 4796 ei

2209 4838 2649 4910 rescripsimus;
2674 4836 2849 4907 quod,
2868 4836 3093 4900 fratres,
3109 4832 3318 4899 saltem
3332 4833 3406 4887 ad
3421 4833 3612 4888 vicem
3629 4832 3844 4888 minime

2210 4929 2624 4992 custodientes,
2665 4924 2838 4978 laudo
2885 4940 3006 4991 vos,
3050 4923 3152 4978 sed
3210 4922 3269 4976 in
3323 4920 3434 4976 hoc
3498 4938 3623 4976 non
3673 4920 3840 4975 laudo.

2210 5020 2384 5075 Porro
2408 5017 2455 5072 si
2479 5014 2770 5086 quispiam
2806 5014 3003 5068 sedem
3035 5010 3440 5083 apostolicam,
3469 5026 3580 5080 per
3601 5009 3837 5081 Sergium

2210 5111 2424 5165 sanctas
2448 5104 2740 5159 memoria)
2764 5119 2997 5174 papam,
3016 5100 3311 5156 Ebbonem
3337 5099 3648 5170 quondam
3683 5096 3837 5153 archi-

2209 5197 2548 5268 episcopum
2572 5192 2880 5263 indignum
2899 5189 3145 5245 clericali
3160 5187 3586 5244 communione
3609 5188 3837 5243 sanxisse

2206 5285 2488 5358 perhibet,
2524 5282 2745 5337 noverit
2777 5280 3054 5352 quoniam
3088 5278 3265 5334 talem
3314 5276 3487 5333 sedes
3545 5276 3837 5348 apostolica

2207 5373 2409 5429 debuit
2425 5372 2744 5435 Ebbonem,
2765 5369 2947 5423 donec
2966 5367 3227 5440 synodali
3248 5367 3378 5438 ejus
3397 5366 3678 5420 examine
3696 5379 3837 5420 causa

2206 5463 2618 5527 discuteretur,
2643 5459 2875 5524 habere,
2907 5457 3140 5530 qualem
3176 5456 3246 5511 ab
3275 5454 3408 5511 aliis
3441 5454 3720 5509 habitum
3749 5468 3835 5507 non

2206 5550 2531 5624 ignorabat.
2557 5548 2859 5603 Statutum
2897 5547 3111 5618 quippe
3134 5545 3193 5600 in
3217 5561 3433 5617 magna
3456 5550 3517 5599 et
3538 5542 3839 5599 veneranda

2207 5641 2441 5695 Niczena
2469 5638 2690 5707 synodo
2722 5635 2960 5708 legerat,
2992 5640 3057 5691 ut
3088 5636 3158 5690 de
3190 5634 3284 5690 his
3317 5633 3417 5705 qui
3446 5632 3838 5689 communione

2208 5728 2532 5803 privantur,
2554 5743 2659 5786 seu
2680 5742 2749 5809 ex
2776 5725 2947 5799 clero,
2972 5742 3075 5782 seu
3105 5741 3175 5782 ex
3202 5722 3350 5782 laico
3378 5722 3618 5792 ordine,
3651 5721 3838 5797 episce
