3894 6218
112 306 267 369 1109

1345 306 1744 368 EPISTOLAE
1790 305 1888 367 ET
1933 308 2316 373 DECRETA.

3380 306 3535 375 1110

108 438 248 497 teris
284 437 577 496 fratribus
606 441 663 495 et
691 436 1051 512 coepisc0pis
1090 436 1208 494 tuis
1245 437 1306 494 in
1348 439 1627 511 synodica
1654 438 1773 512 epi-
1804 440 1860 507 Α
1890 458 1995 499 nec
2025 445 2313 515 promotio
2338 444 2425 501 vel
2457 443 2701 518 abjectio
2734 445 2996 519 ipsorum
3032 444 3091 501 in
3124 446 3386 518 synodali
3408 464 3544 505 con-

106 529 279 595 stola,
304 546 496 601 quam
525 529 599 584 ad
626 529 822 584 sedem
850 528 1228 600 apostolicam
1252 530 1642 584 communiter
1671 529 1776 583 mi-

108 619 293 685 sistis,
324 618 634 674 Ebbonem
686 616 871 674 solam
913 619 1089 689 [forte,
1143 617 1353 686 solum,
1392 619 1596 688 [hac]
1624 618 1772 672 iram

108 707 405 782 principis
437 707 495 762 in
539 724 647 763 sua
678 705 1071 779 qualicunque
1103 707 1257 762 dicta
1287 706 1661 761 damnatione
1692 706 1775 761 in-

110 797 373 856 currisse
426 795 772 869 profitearis.
797 795 1013 851 Verum
1059 795 1108 851 si
1152 796 1233 850 ita
1281 812 1474 851 sacros
1524 812 1776 851 canones

109 885 479 954 intellexisti,
513 901 647 940 cum
681 884 812 939 illos
858 884 1162 955 judicasti,
1186 884 1393 939 saltem
1441 884 1547 939 hoc
1579 884 1774 955 ipsum

110 976 357 1041 diceres,
376 980 438 1029 et
459 975 615 1047 quod
640 973 776 1029 hinc
799 991 904 1028 nos
927 973 1386 1044 censuissemus,
1410 977 1477 1028 ut
1502 979 1634 1045 pote
1660 991 1777 1028 ma-

109 1065 255 1138 joris
287 1063 688 1131 auctoritatis,
715 1062 985 1133 amplecti
1017 1064 1417 1117 contenderes.
1450 1064 1558 1118 Per
1598 1062 1773 1118 talem

113 1153 267 1210 enim
292 1153 756 1222 confessionem,
772 1169 948 1223 quam
967 1153 1126 1207 Ebbo
1144 1153 1349 1207 fecisse
1372 1152 1771 1224 prmtenditur,

114 1260 281 1299 nemo
312 1241 615 1297 canonicaa
654 1241 1018 1297 damnationi
1061 1240 1391 1312 subjicitur.
1422 1242 1584 1306 Quod
1626 1242 1673 1296 si
1712 1246 1772 1296 tu

112 1338 288 1399 taces,
324 1348 439 1387 nos
471 1330 641 1387 silere
672 1349 787 1387 non
819 1348 1155 1402 possumus,
1176 1335 1232 1386 et
1264 1331 1418 1403 quod
1451 1348 1654 1386 omnes
1685 1330 1773 1385 in-

109 1422 343 1494 justum
397 1420 677 1487 fatentur,
712 1420 835 1491 ipse
873 1419 1532 1492 justum,quantislibet
1588 1418 1773 1475 utaris

113 1510 509 1583 argumentis,
527 1511 773 1582 probare
805 1526 919 1564 non
954 1509 1190 1581 poteris.
1225 1509 1386 1573 Quod
1420 1509 1469 1564 si
1503 1509 1773 1564 formida-

118 1604 242 1656 tum
276 1604 391 1666 est,
422 1616 496 1655 ne
526 1600 746 1670 injusta
790 1598 1087 1654 damnatio
1135 1615 1334 1654 eorum
1367 1599 1425 1653 in
1458 1598 1770 1653 discrimen

113 1689 472 1749 redundaret
495 1687 770 1756 auctoris,
795 1692 851 1743 et
872 1689 1003 1743 ideo
1031 1688 1184 1760 quod
1207 1688 1422 1759 injuste
1455 1687 1625 1742 fuerit
1646 1705 1774 1759 pro—

1882 537 2057 587 ventu
2084 534 2273 604 qualis
2293 536 2465 590 fuerit
2487 535 2708 608 liquido
2741 541 2969 608 reperta
2997 541 3105 604 est,
3132 552 3236 592 nec
3267 536 3539 609 apostoli-

1883 636 1969 683 cae
1994 622 2116 675 sedi
2150 623 2464 679 sufficienti
2492 624 2673 679 relatu
2709 630 3051 691 monstrata,
3076 624 3290 679 idcirco
3326 625 3535 696 paulu-

1883 708 2005 764 lum
2040 727 2073 765 a
2103 713 2567 768 consummanda
2605 714 2971 769 restitutione
3004 714 3266 784 ipsorum
3295 713 3531 769 interim

1885 797 2328 855 deliberativum
2360 818 2710 857 consensum
2742 807 3008 858 nostrum
3043 820 3301 858 coercere
3334 820 3530 859 neces-

1885 888 2105 944 sarium
2139 890 2431 945 duximus.
2457 891 2671 946 Verum
2705 893 2842 963 quia
2880 892 2937 945 in
2980 892 3359 958 decernendo,
3383 896 3439 947 et
3469 892 3529 946 in

1875 977 2198 1047 judicando
2216 981 2369 1050 quod
2390 981 2666 1036 canonice
2681 980 3064 1035 deliberatum
3086 987 3190 1048 est,
3208 998 3271 1035 ac
3294 981 3351 1036 in
3372 981 3533 1035 resti-

1884 1067 2116 1121 tuendis
2149 1086 2298 1141 saepe
2331 1069 2503 1125 dictis
2536 1069 2778 1133 clericis,
2806 1074 2979 1141 atque
3006 1071 3063 1123 in
3095 1070 3390 1137 erunibus,
3414 1070 3529 1125 Deo

1884 1157 2169 1227 praeduce,
2186 1159 2338 1213 sicut
2362 1158 2574 1225 decuit,
2610 1165 2665 1214 et
2704 1160 2844 1213 ordo
2868 1160 3151 1230 peposcit,
3172 1163 3370 1213 nostra
3393 1176 3531 1231 prae-

1883 1246 2057 1299 cessit
2088 1247 2403 1302 auctoritas
2439 1264 2450 1301 :
2486 1248 2833 1302 conveniens
2875 1264 2938 1301 ac
2986 1248 3294 1302 honestum
3327 1251 3434 1314 est,
3468 1252 3533 1302 ut

1875 1333 2043 1403 juxta
2094 1334 2545 1405 postulationem
2592 1340 2863 1403 vestram,
2921 1340 3129 1389 nostrm
3181 1336 3530 1391 firnationis

1882 1423 2134 1495 perfecta
2151 1424 2547 1496 subsequatur
2572 1424 2904 1496 integritas:
2922 1441 2987 1480 eo
3006 1425 3286 1479 duntaxat
3303 1426 3530 1491 ordine,

1885 1516 1947 1566 ut
1984 1512 2348 1584 frequentius
2396 1514 2650 1568 intimati
2683 1514 2896 1582 clerici,
2945 1514 3043 1585 qui
3092 1513 3528 1569 evidentissime

1880 1600 2278 1673 irregulariter
2307 1603 2379 1657 ab
2428 1603 2618 1658 ofﬁcio
2659 1604 2948 1675 graduum
2983 1621 3224 1657 suorum
3257 1603 3527 1674 suspensi

1881 1689 2062 1745 fuisse
2089 1696 2430 1759 noscuntur,
2455 1696 2510 1746 et
2540 1692 2676 1746 hinc
2699 1693 2895 1747 sedem
2930 1692 3308 1763 apostolicam
3333 1692 3527 1763 szepis-

111 1778 227 1835 lata
254 1782 547 1849 taceatur,
579 1795 692 1832 non
724 1793 1051 1850 congruum
1089 1777 1271 1831 initur
1301 1776 1631 1832 consilium.
1670 1778 1770 1832 Fa-
1800 1811 1848 1876 Β
1881 1777 2027 1834 sime
2058 1796 2399 1850 provocasse
2430 1780 2729 1836 nonnullis
2769 1781 3001 1837 indiciis
3033 1782 3523 1853 comprobantur;

115 1868 280 1923 cilius
313 1866 538 1939 quippe
557 1865 785 1921 veniam
817 1866 950 1937 quis
974 1865 1228 1931 veritate,
1253 1882 1431 1936 quam
1461 1865 1769 1935 exquisitis

116 1961 171 2012 et
197 1957 402 2012 minus
437 1955 591 2028 aptis
644 1953 1155 2010 adinventionibus
1210 1954 1503 2024 impetrat.
1529 1954 1770 2008 Przeser-

120 2046 218 2100 tim
267 2062 405 2100 cum
446 2043 661 2099 veritas
708 2043 934 2110 liberet,
976 2042 1348 2098 mendacium
1378 2059 1510 2099 vero
1544 2043 1765 2114 perdat,

119 2134 369 2190 maxime
389 2150 528 2188 cum
550 2150 664 2188 non
691 2132 767 2188 sit
792 2131 1141 2199 timendum,
1166 2131 1263 2186 ubi
1298 2132 1475 2186 timor
1496 2149 1609 2186 non
1639 2136 1728 2186 est
1752 2149 1764 2186 :

122 2241 221 2280 nec
251 2222 565 2296 agnoveris
594 2239 701 2278 nos
739 2220 917 2277 talem
968 2221 1123 2275 circa
1152 2224 1207 2275 te
1238 2224 1466 2292 gestare
1515 2220 1770 2275 dilectio-

123 2313 209 2369 nis
239 2314 632 2378 atl'ectum,ut
678 2310 818 2382 quid
858 2314 916 2365 te
962 2309 1211 2365 velimus
1265 2309 1559 2365 incurrere
1590 2311 1769 2365 detri-

126 2402 318 2468 menti,
344 2417 483 2456 cum
516 2399 713 2473 potius
739 2398 825 2453 tui
854 2415 1089 2471 semper
1118 2398 1267 2453 avidi
1308 2398 1593 2453 fuerimus
1625 2416 1768 2470 aug-

125 2490 316 2546 menti.
331 2490 483 2545 Nam
508 2493 564 2544 et
584 2488 840 2543 Ebbonis
862 2504 1059 2555 causa,
1079 2491 1136 2543 et
1152 2488 1399 2543 istorum
1422 2487 1767 2543 clericorum

125 2579 437 2653 negotium,
464 2595 594 2650 quae
626 2578 814 2649 prima
842 2576 1220 2643 transierunt,
1247 2580 1311 2631 ut
1340 2577 1444 2631 tibi
1479 2576 1767 2631 cautelam

124 2687 230 2724 non
252 2668 575 2723 discrimen
597 2666 879 2731 tribuant,
899 2663 1266 2721 anhelamus.
1297 2664 1527 2737 Regiam
1552 2666 1769 2738 quippe

122 2758 264 2813 viam
286 2760 580 2820 tenentes,
598 2756 681 2811 sic
711 2754 828 2811 illis
858 2756 1135 2827 prodesse
1159 2754 1540 2821 decrevimus,
1562 2759 1626 2809 ut
1653 2759 1766 2810 tuae

124 2846 407 2901 sanctitati
462 2846 668 2901 obesse
718 2844 880 2899 nullo
934 2845 1104 2899 modo
1152 2844 1530 2899 videremur:
1565 2845 1766 2916 sicque

125 2953 349 2991 rursum
382 2934 759 2991 securitatem
792 2932 898 2988 tibi
938 2949 1114 3004 super
1163 2933 1270 2988 hoc
1321 2934 1669 3005 praebemus,
1705 2937 1768 2988 ut

127 3024 340 3080 clericis
360 3025 564 3080 crebro
584 3023 754 3077 dictis
774 3022 925 3077 hanc
948 3021 1282 3077 nullatenus
1303 3022 1657 3077 adimamus.
1681 3023 1766 3077 Ad

128 3113 395 3168 ultimum
428 3129 585 3179 vero,
618 3111 880 3184 epistola,
905 3129 1030 3183 qum
1064 3111 1230 3166 nobis
1251 3128 1285 3166 a
1313 3115 1367 3166 te
1400 3128 1554 3167 nunc
1584 3111 1768 3167 missa

1878 1873 2011 1923 ante
2042 1869 2238 1923 omnia
2272 1869 2537 1940 pristinis
2577 1871 2854 1943 gradibus
2887 1876 2942 1925 et
2972 1871 3179 1925 officiis
3230 1869 3526 1925 reformati

1879 1958 2205 2012 consistant
2230 1974 2241 2013 :
2266 1959 2346 2012 ita
2376 1963 2440 2013 ut
2472 1958 2764 2030 prioribus
2795 1959 3003 2013 redditi
3038 1959 3316 2030 gradibus
3347 1964 3403 2014 et
3433 1976 3525 2014 or-

1878 2044 2134 2111 dinibus,
2160 2050 2216 2102 et
2246 2048 2500 2117 quodam
2534 2048 2705 2102 modo
2750 2047 2875 2102 suis
2924 2049 3198 2102 omnibus
3248 2047 3523 2116 revestiti,

1878 2135 2028 2189 vires
2053 2136 2330 2190 adversus
2359 2136 2706 2207 impotentes
2729 2154 2790 2191 se
2820 2137 3079 2205 integras
3112 2136 3383 2191 habeant.
3402 2136 3528 2191 Non

1878 2224 2034 2278 enim
2065 2223 2309 2279 inermis
2341 2241 2474 2279 cum
2509 2229 2732 2279 armato
2763 2224 2866 2279 rite
2889 2225 3227 2279 conflictum
3251 2225 3397 2279 inire
3428 2242 3530 2297 po-

1878 2316 2013 2367 test.
2040 2313 2262 2378 Quibus
2282 2313 2550 2368 videlicet
2580 2314 2860 2385 gradibus
2885 2331 2949 2367 ac
2973 2314 3179 2368 ol‘ticiis
3204 2313 3531 2369 l'ruentibus

1877 2401 1962 2455 eis
1992 2401 2340 2456 fraternitati
2385 2406 2496 2456 tum
2545 2402 2783 2456 licentia
2813 2402 2909 2467 sit,
2942 2401 3096 2455 intra
3143 2405 3321 2456 totius
3352 2402 3529 2472 hujus

1877 2490 2217 2561 capcdinem
2240 2489 2376 2545 anni
2402 2508 2551 2561 saepe
2578 2491 2762 2546 dictos
2789 2490 3060 2546 exhibere
3081 2490 3319 2545 clericos
3341 2490 3411 2545 ab
3435 2507 3526 2545 or-

1877 2578 2114 2633 dinibus
2132 2578 2256 2633 suis
2271 2579 2544 2634 canonice
2565 2580 2745 2635 fuisse
2758 2581 3012 2650 dejectos
3029 2598 3041 2633 :
3059 2580 3139 2633 ita
3157 2584 3220 2633 ut
3237 2578 3526 2650 quidquid

1876 2665 2057 2721 habes
2079 2667 2355 2721 adversus
2377 2684 2474 2722 eos
2495 2667 2922 2721 calumniarum
2943 2667 3333 2737 prosequendi
3354 2672 3410 2722 et
3429 2684 3525 2722 ex-

1876 2755 2158 2826 sequendi
2184 2756 2288 2809 tibi
2315 2756 2391 2810 sit
2413 2756 2653 2811 omnino
2676 2755 2942 2811 facultas.
2963 2756 3122 2820 Quod
3148 2756 3197 2811 si
3222 2755 3396 2810 totius
3419 2755 3526 2810 hu-

1867 2846 1969 2915 jus
2002 2844 2137 2898 anni
2165 2844 2408 2899 circuitu
2434 2844 2681 2915 dilapso,
2705 2849 2907 2899 contra
2929 2861 3026 2899 eos
3050 2842 3271 2898 nullam
3297 2845 3523 2915 justam

1876 2933 2030 3005 apud
2063 2933 2258 2987 sedem
2292 2932 2670 3004 apostolicam
2702 2933 3146 3004 quaerimoniam
3188 2949 3527 3004 composue-

1878 3021 1978 3085 ris,
1999 3038 2102 3076 nec
2130 3020 2259 3075 illos
2291 3025 2561 3093 appetere
2592 3023 2663 3076 de
2704 3039 3055 3093 quocunque
3088 3020 3171 3076 vel
3207 3022 3525 3092 cujuscun-

1878 3127 1991 3182 que
2010 3114 2170 3165 reatu
2187 3109 2272 3164 vel
2291 3127 2529 3165 excessu
2549 3127 2649 3165 seu
2670 3110 3042 3166 damnatione
3062 3109 3530 3182 studueris,ipsis

130 3202 352 3270 dicitur,
377 3208 581 3257 utrum
623 3204 725 3256 tua
755 3200 946 3266 fuerit,
980 3199 1390 3255 convenienter
1419 3198 1763 3273 ambigitur;
1799 3176 1840 3241 Ο
1879 3199 2116 3270 quidem
2136 3197 2407 3270 deinceps
2430 3198 2555 3253 suis
2572 3198 2876 3253 ordinibus
2899 3198 3530 3271 permanentibus,non

131 3307 255 3346 cum
285 3308 391 3347 nec
421 3291 681 3363 legatum
713 3293 903 3356 tuum,
929 3288 1028 3361 qui
1058 3289 1207 3344 hanc
1235 3306 1269 3344 a
1300 3293 1353 3343 te
1383 3289 1551 3344 nobis
1582 3294 1770 3345 trans-

132 3378 361 3435 missam
393 3380 663 3447 ediceret,
688 3377 986 3445 direxeris,
1021 3395 1125 3433 nec
1155 3395 1282 3432 eam
1317 3378 1511 3449 sigillo
1545 3383 1641 3433 tuo
1674 3394 1769 3433 se-

132 3468 378 3523 cundum
400 3484 626 3524 morem
650 3467 883 3539 signare
904 3466 1219 3521 studueris.
1247 3466 1408 3521 Unde
1433 3466 1766 3521 mirandum

132 3559 229 3621 est,
252 3573 382 3612 cum
415 3556 477 3611 in
509 3556 892 3627 dejectionem
925 3557 1186 3628 ipsorum
1217 3555 1559 3611 clericorum
1591 3556 1767 3612 etiam

131 3644 385 3700 volumen
442 3663 561 3700 non
610 3646 781 3700 breve
821 3644 1241 3717 composueris,
1277 3646 1658 3716 quamobrem
1708 3646 1766 3700 in

134 3734 548 3790 restitutionem
563 3734 767 3790 saltem
787 3751 963 3788 unam
983 3733 1290 3805 eplstolam
1306 3733 1632 3805 simplicem
1652 3752 1767 3790 non

133 3821 387 3877 edideris.
425 3824 487 3878 In
534 3840 650 3895 quo
698 3826 960 3894 apparet,
996 3826 1283 3894 quantum
1314 3822 1392 3876 ibi
1425 3822 1764 3889 alacritatis,

134 3915 403 3980 quantum
434 3912 532 3967 hic
561 3911 797 3968 desidia:
829 3911 1089 3966 studium
1122 3910 1312 3965 fuerit.
1343 3911 1615 3976 Quamvis
1646 3911 1767 3966 haec

134 4015 197 4052 ne
218 4016 318 4056 nos
340 4000 638 4057 arbitreris
661 4001 731 4055 ad
755 3999 1070 4055 discrimen
1094 3998 1393 4071 quodlibet
1418 4003 1525 4052 tua:
1550 4000 1767 4054 sancti-

131 4086 258 4143 tatis
292 4088 376 4144 vel
408 4088 712 4162 dignitatis
742 4105 1140 4161 exaggerasse,
1176 4104 1307 4141 cum
1360 4086 1601 4141 meliora
1639 4105 1767 4142 esse

133 4175 356 4233 vulnera
378 4178 882 4251 diligentis,quam
906 4176 1274 4232 fraudulenta
1291 4175 1404 4230 odii
1429 4175 1629 4230 oscula
1651 4194 1767 4231 non

134 4266 348 4322 nescias
383 4285 395 4322 :
430 4269 531 4323 sed
563 4285 633 4322 ne
663 4267 806 4322 adeo
846 4267 903 4320 in
936 4264 1372 4338 privilegiorum
1402 4270 1637 4319 tuorum
1670 4265 1766 4319 de-

136 4351 443 4411 fensionem
470 4355 559 4411 vel
604 4354 912 4411 elationem
945 4354 1388 4409 immoderatius
1418 4353 1680 4425 erigaris,
1707 4356 1771 4407 ut

137 4443 447 4511 apostolica:
480 4444 636 4500 sedis
658 4445 797 4515 jura
822 4444 1234 4515 quoquomodo
1264 4447 1480 4499 temere
1512 4442 1770 4514 tetigisse

1876 3289 2133 3358 proiecto
2156 3286 2303 3341 nulli
2334 3288 2552 3358 torpori
2578 3288 2851 3342 dabimus
2874 3306 3128 3358 Operam,
3146 3304 3250 3342 nec
3278 3286 3396 3342 ullo
3430 3304 3531 3359 pa-

1878 3381 1967 3431 cto
2000 3394 2033 3431 a
2063 3393 2300 3431 summa
2339 3376 2703 3431 cessabimus
2752 3376 3077 3449 diligentia,
3104 3377 3285 3432 rloncc
3334 3381 3437 3431 aut
3464 3380 3529 3431 tu

1869 3465 2032 3535 juste
2055 3482 2210 3520 nunc
2237 3464 2369 3520 illos
2391 3466 2733 3537 comprobes
2769 3466 3088 3531 restitutos,
3114 3469 3213 3520 aut
3231 3466 3392 3536 juste
3424 3481 3528 3536 per

1878 3558 1933 3609 te
1956 3556 2254 3626 quondam
2278 3555 2553 3609 ostendas
2576 3558 2849 3611 remotos.
2881 3554 3151 3626 Alioquin
3184 3571 3290 3609 nos
3323 3553 3524 3609 subse-

1877 3649 2121 3714 quenter
2141 3643 2412 3698 exhibere
2443 3642 2642 3714 procul
2674 3644 2849 3699 dubio
2882 3645 3165 3711 convenit,
3188 3660 3299 3698 non
3330 3641 3522 3698 solum

1876 3749 2028 3803 saepe
2047 3734 2193 3787 fatos
2215 3732 2455 3787 clericos
2479 3731 2951 3803 prrejudicialiter
2971 3734 3193 3803 absque
3211 3748 3432 3787 canone
3453 3732 3525 3787 ab

1877 3820 2066 3875 ofﬁcio
2085 3824 2704 3890 sequestratos,verum
2724 3822 2896 3875 etiam
2913 3822 3307 3877 ordinatorem
3325 3838 3527 3877 eorum

1877 3908 2350 3962 inconvenienter
2387 3925 2453 3962 ac
2497 3909 2622 3962 sine
2668 3911 3087 3979 consequentia
3137 3909 3531 3964 ecclesiastica

1877 3996 2160 4067 regimine
2190 3994 2491 4068 prmsulari
2522 3996 2841 4068 privatum:
2865 3998 3017 4067 quod
3045 3997 3212 4067 plane
3234 4001 3442 4067 prmter
3473 3999 3529 4051 te

1877 4082 2095 4150 nullus,
2123 4089 2186 4138 ut
2230 4101 2445 4150 remur,
2475 4083 2712 4139 omnino
2755 4084 3006 4153 dubitat,
3032 4083 3231 4138 nullus
3270 4084 3527 4155 profecto

1876 4191 1991 4227 non
2027 4173 2321 4244 praedicat,
2356 4173 2834 4243 quandoquidem
2876 4176 2931 4227 et
2976 4174 3144 4228 nobis
3200 4174 3278 4228 ita
3326 4172 3526 4239 claret,

1879 4266 2164 4333 quantum
2199 4265 2505 4316 autumare
2546 4278 2885 4332 possumus,
2910 4262 3405 4333 quemadmodum
3434 4261 3527 4317 bis

1878 4351 1977 4422 qui
2010 4350 2107 4405 illo
2141 4350 2195 4404 in
2230 4354 2488 4420 tempore
2520 4352 2727 4420 praesto
2759 4350 2938 4404 fuisse
2970 4354 3391 4405 memorantur.
3422 4351 3528 4405 Po-

1878 4445 2095 4494 stremo
2123 4438 2271 4494 scire
2300 4444 2353 4493 te
2372 4437 2665 4503 volumus,
2684 4439 2898 4493 nostris
2921 4440 3160 4494 auribus
3188 4440 3528 4494 intimatum

136 4528 367 4587 videaris
390 4532 551 4601 (dist.
575 4535 645 4587 8:
685 4534 828 4588 Mala
855 4532 1224 4598 consuetudo).
1250 4532 1396 4586 Nam
1452 4531 1771 4587 malacon-
1805 4540 1849 4604 1)
1880 4544 2029 4598 esse,
2061 4528 2482 4583 fraternitatem
2516 4532 2678 4583 tuam
2711 4545 2825 4583 non
2859 4529 3035 4583 certis
3066 4528 3449 4599 temporibus,
3474 4531 3532 4582 et

138 4620 394 4687 suetudo,
417 4639 544 4693 qua:
572 4638 688 4678 non
722 4621 940 4690 minus,
964 4638 1142 4692 quam
1175 4621 1502 4692 perniciosa
1532 4638 1771 4692 corrup-

138 4703 241 4761 tela
266 4708 500 4765 vitanda
529 4715 636 4779 est,
673 4710 784 4765 nisi
835 4709 1009 4765 citius
1057 4709 1339 4764 radicitus
1381 4708 1676 4777 evellatur,
1712 4710 1770 4764 in

139 4792 555 4870 privilegiorum
578 4801 681 4870 jus
712 4799 784 4853 ab
830 4798 1116 4870 improbis
1155 4797 1517 4853 assumitur:
1543 4803 1599 4853 et
1626 4798 1771 4853 inci-

140 4880 295 4950 piunt
322 4887 823 4957 praevaricationes
853 4892 910 4942 et
938 4887 1109 4942 varia:
1142 4887 1650 4959 praesumptiones,
1676 4905 1772 4942 ce-

139 4966 354 5029 lerrime
397 4994 513 5032 non
564 4993 912 5048 compressa
971 4993 1074 5046 pro
1124 4975 1354 5049 legibus
1403 4976 1684 5041 venerari,
1719 4979 1776 5031 et

142 5059 559 5135 privilegiorum
601 5082 761 5121 more
809 5069 1088 5137 perpetuo
1120 5063 1417 5119 celebrari.
1454 5064 1638 5136 Igitur
1668 5082 1776 5120 nos

141 5142 194 5199 in
224 5152 587 5220 praefatorum
612 5153 955 5209 clericorum
989 5152 1355 5207 restitutione
1386 5153 1623 5225 gradus,
1650 5170 1775 5208 om-

144 5235 304 5294 nibus
324 5240 609 5298 bactenus
630 5241 989 5314 argumentis
1017 5242 1123 5296 rite
1146 5241 1420 5308 collectis,
1438 5245 1494 5296 et
1511 5242 1775 5296 omnium

143 5331 382 5384 vestrum
403 5331 639 5387 hortatu
663 5330 950 5403 generalis
978 5331 1255 5385 incitante
1279 5347 1622 5400 consensus,
1648 5348 1777 5385 om-

148 5411 426 5474 nimodam
449 5419 878 5475 conniventiam
908 5419 1161 5491 przebere
1188 5419 1447 5490 pOLbicEC
1473 5437 1776 5491 cognosce.

147 5497 247 5555 Sed
270 5508 538 5574 quoniam
573 5527 689 5564 non
722 5509 1046 5564 secundum
1069 5509 1365 5563 decretum
1389 5512 1655 5561 nostrum
1679 5526 1778 5563 00-

149 5600 266 5644 rum
283 5597 630 5653 examinatio
655 5614 816 5653 mera
835 5601 891 5652 et
916 5596 1167 5668 perfecta
1189 5597 1309 5651 disc
1320 5595 1476 5651 ussio
1496 5598 1779 5668 provenit,

1874 4618 2044 4689 juxta
2067 4633 2287 4671 morem
2312 4616 2439 4671 aliis
2463 4617 2927 4687 metropolitanis
2949 4616 3309 4671 antistitibus
3331 4616 3533 4671 deﬁni-

1879 4706 1974 4773 tis,
2000 4705 2172 4778 pallio
2200 4722 2233 4760 a
2257 4706 2392 4761 sede
2418 4706 2735 4777 apostolica
2756 4724 3028 4762 concesso
3051 4706 3155 4760 uti.
3180 4706 3339 4771 Quod
3361 4703 3528 4761 valde

1879 4794 2231 4867 displicet,si
2262 4794 2316 4848 id
2350 4812 2383 4849 a
2412 4796 2721 4850 sanctitate
2752 4802 2852 4851 tua
2884 4796 3053 4851 fuerit
3078 4793 3225 4850 elate
3252 4794 3526 4849 commis-

1882 4901 2036 4949 sum,
2053 4888 2116 4938 ut
2137 4883 2487 4938 humilitatis
2509 4884 2687 4939 oblita
2709 4885 2934 4941 caeteris
2960 4885 3235 4940 fratribus
3257 4883 3380 4939 suis
3402 4887 3526 4938 stu-

1884 4974 2013 5028 deat
2034 4971 2214 5027 videri
2241 4972 2577 5028 sublimior:
2599 4974 2867 5045 quamvis
2898 4974 3006 5029 hoc
3039 4991 3155 5028 non
3185 4974 3258 5028 ad
3289 4972 3526 5028 inanem

1882 5062 2129 5135 gloriam
2160 5062 2442 5116 utendum
2476 5062 2569 5130 sit,
2604 5065 2705 5118 sed
2746 5065 2817 5118 ad
2860 5067 3128 5118 ornatum
3180 5065 3526 5117 cunctarum

1883 5150 2162 5205 virtutum
2188 5152 2558 5223 gestandum.
2576 5151 2736 5216 Quod
2759 5152 2904 5207 bene
2929 5158 3184 5223 tempore
3208 5168 3321 5223 quo
3341 5149 3530 5222 ipsius

1887 5240 2046 5312 pallii
2072 5257 2244 5294 usum
2268 5257 2300 5293 a
2321 5240 2457 5294 sede
2489 5240 2805 5310 apostolica
2834 5241 3160 5312 percepisti,
3179 5240 3392 5311 scripto
3425 5255 3531 5311 pa-

1888 5329 2037 5402 ginze
2069 5345 2227 5384 more
2276 5327 2442 5382 solito
2477 5328 2576 5383 tibi
2612 5334 2912 5383 ostensum
2964 5334 3136 5401 atque
3194 5331 3532 5400 perceptum

1889 5419 2192 5488 cst.Cujns
2224 5434 2367 5471 usus
2400 5418 2446 5472 si
2480 5418 2824 5472 fraternitati
2850 5423 2959 5472 ture
2991 5437 3023 5473 a
3055 5419 3187 5473 sedc
3219 5415 3538 5488 apostolica

1890 5507 2048 5562 omni
2084 5512 2341 5578 tempore
2372 5523 2684 5562 concessus
2715 5516 2821 5573 est,
2844 5506 2977 5563 licet
3009 5509 3083 5563 sit
3114 5510 3322 5579 praeter
3342 5504 3537 5560 Eccle-

1892 5595 1989 5651 siae
2011 5596 2495 5651 consuetudinem
2520 5602 2848 5668 perceptus,
2873 5614 2937 5653 ac
2962 5616 3065 5669 per
3093 5598 3198 5651 hoc
3224 5595 3537 5650 rationabi-
