3894 6218
131 474 286 534 1121

1351 468 1758 533 EPISTOLIE
1801 469 1904 532 ET
1947 469 2306 533 DECItE'I‘A
2319 517 2332 531 .

3389 474 3546 537 1122

126 605 537 680 praecipientes
566 607 877 678 quatenus,
912 603 962 660 si
992 601 1075 659 ita
1102 619 1304 659 verum
1335 606 1424 659 est
1453 606 1517 658 ut
1547 602 1642 659 isti
1694 601 1783 656 di-
1816 605 1867 672 Α
1899 602 2204 660 sollicitius
2234 607 2291 660 et
2315 603 2525 661 melius
2554 603 2934 677 recorrigant.
2949 604 3067 678 Ipsi
3097 622 3330 678 quoque
3354 607 3544 664 archi-

127 695 503 765 cunt,nullus
534 695 866 768 episcopus,
898 693 986 750 vel
1017 693 1199 750 abbas
1228 709 1332 749 seu
1364 691 1785 750 monachorum

128 786 496 859 reliquorum
529 787 850 840 conventus
867 782 1206 838 monasticis
1218 781 1386 838 illum
1400 781 1620 854 regulis
1642 781 1786 836 invi-

127 880 263 931 tum
297 875 602 946 subjacere
625 871 956 945 compellat,
988 887 1176 944 neque
1202 871 1321 928 ullo
1362 871 1534 926 modo
1581 871 1789 926 fratres

130 965 266 1036 ejus
280 981 381 1036 per
401 963 552 1018 hanc
573 962 936 1018 occasionem
959 960 1256 1017 licentiam
1275 961 1528 1016 habeant
1550 964 1790 1032 paterna

129 1070 238 1109 seu
273 1057 536 1108 materna
565 1051 733 1106 illum
765 1049 1096 1106 haereditate
1147 1050 1370 1122 privare
1404 1066 1416 1104 :
1451 1051 1554 1105 scd
1606 1065 1792 1120 usque

133 1143 283 1198 dum
314 1142 514 1198 divina
541 1139 924 1212 inspiratione
945 1142 1332 1211 compunctus
1346 1138 1579 1211 propria
1593 1137 1794 1194 volun-

132 1235 258 1286 tate
290 1229 504 1303 regulae
535 1245 597 1286 se
628 1229 865 1293 subdat,
898 1227 1068 1282 liceat
1109 1244 1244 1282 eum
1294 1245 1328 1283 a
1374 1227 1691 1284 mundanis
1737 1230 1795 1282 et

134 1318 450 1375 laicalibus
483 1322 775 1374 remotum
806 1315 1210 1372 vocationibus
1239 1316 1326 1372 vel
1359 1315 1606 1389 negotiis
1645 1315 1797 1371 inter

136 1408 449 1480 religiosos
480 1413 536 1463 et
561 1405 988 1463 ecclesiasticos
1017 1405 1170 1461 viros
1201 1405 1258 1460 in
1286 1406 1568 1462 canonica
1589 1405 1796 1478 degere

135 1499 282 1553 vita.
309 1497 432 1552 Non
461 1497 620 1551 enim
651 1500 952 1568 putamus,
985 1495 1139 1568 quod
1169 1494 1343 1562 absit,
1374 1495 1685 1550 canonicos
1709 1510 1797 1548 re-

133 1585 384 1660 ligiosos
413 1602 448 1640 a
478 1588 815 1641 sanctorum
849 1582 1272 1639 monachorum
1301 1583 1430 1639 vitae
1461 1587 1518 1637 et
1558 1598 1794 1637 consor-

135 1676 223 1730 tio
256 1675 619 1746 conjunctos,
655 1671 794 1744 quia
827 1671 1588 1744 unusquisque,secundum
1610 1676 1796 1743 Apos-

137 1763 356 1830 tolum,
389 1762 684 1836 propriam
718 1761 1044 1818 mercedem
1076 1759 1320 1833 accipiet
1360 1760 1682 1817 secundum
1713 1759 1796 1815 la-

139 1853 351 1910 borem
377 1867 574 1908 suum.

851 1937 1092 1995 CXVIII.

341 2047 412 2086 AD
450 2046 678 2086 ADONEH
716 2044 1208 2084 ARCHIEPISCOPU‘
1246 2045 1622 2084 VIENNENSEM.

797 2119 985 2184 (Anno
1017 2118 1167 2189 867.)
1357 2110 1362 2114 ’

144 2214 234 2265 De
263 2211 548 2266 sententiis
577 2216 738 2280 atque
769 2206 1072 2333 interdictis
1117 2206 1260 2262 sedis
1299 2207 1627 2279 apostolica},
1664 2207 1808 2262 inter

911 2296 942 2333 a
973 2295 1048 2333 ια.

911 2295 1048 2334 αιια.

769 2366 1006 2440 [Mansi,
1040 2365 1202 2439 ibid.]

222 2474 276 2530 1.
310 2473 385 2530 Ut
410 2473 830 2547 archiepiscopi
865 2473 1178 2530 canonicos
1209 2477 1531 2530 conventus
1575 2473 1631 2528 in
1675 2490 1805 2545 pro-

146 2563 361 2620 vinciis
392 2563 505 2619 sibi
537 2563 868 2619 commissis
899 2579 1034 2618 cum
1056 2562 1266 2618 timore
1293 2562 1395 2618 Dei
1427 2563 1674 2630 faciant;
1707 2561 1807 2617 ubi

145 2669 360 2709 omnes
391 2669 523 2708 cum
554 2651 986 2708 venerabilibus
1015 2651 1304 2724 episcopis
1328 2651 1642 2708 nobiliores
1673 2668 1810 2723 pro-

146 2742 355 2796 vincia:
377 2742 754 2810 conveniant;
779 2741 976 2813 ibique
997 2740 1394 2812 integritatem
1418 2741 1551 2797 ﬁdei
1570 2745 1626 2796 et
1646 2757 1814 2796 cano-

147 2829 420 2885 nicarum
445 2829 781 2903 regularum
802 2829 1234 2886 observantiam
1270 2829 1606 2897 audiant,et
1636 2830 1706 2884 ad
1733 2833 1813 2885 te-

149 2919 417 2974 nendum
442 2935 514 2974 ne
536 2918 800 2974 excusari
819 2918 1065 2991 possint,
1083 2919 1449 2974 subscribere
1470 2919 1809 2974 doceantur.

225 3008 296 3063 II.
323 3007 396 3063 Ut
426 3008 858 3079 metropolitani
889 3008 1146 3080 vigorem
1177 3005 1636 3064 ecclesiasticum
1663 3022 1815 3062 reve-

150 3095 386 3152 rentius
416 3101 667 3166 servent,
701 3099 756 3152 et
787 3095 904 3152 sive
934 3097 993 3151 in
1021 3097 1286 3158 vita,sive
1317 3096 1378 3151 in
1409 3095 1678 3152 doctrina
1697 3096 1816 3151 sin-

149 3183 349 3258 gulari
382 3185 724 3241 auctoritate
756 3185 1116 3258 praecellant;
1150 3185 1458 3241 sazculares
1511 3184 1816 3241 discursus

147 3260 212 3328 et
242 3273 478 3346 negotia
506 3273 726 3342 vitent;
757 3273 878 3329 zelo
909 3273 1142 3346 pietatis
1163 3273 1513 3330 inflammati
1535 3274 1815 3330 adversus

154 3361 559 3417 mundialium
581 3362 888 3418 hominum
915 3361 1201 3418 mali-tiam
1223 3363 1430 3419 fortius
1445 3367 1502 3418 et
1517 3362 1711 3418 verius
1732 3362 1817 3418 in-
1839 3343 1889 3410 Ε

155 3455 437 3524 surgant;
472 3451 766 3524 principes
797 3452 959 3524 regni
994 3452 1286 3508 adulando
1335 3470 1451 3508 non
1502 3451 1816 3524 decipiant,

155 3539 597 3612 provinciarum
629 3557 870 3597 suarum
905 3557 1147 3597 munere
1168 3541 1364 3598 divino
1397 3542 1508 3598 sibi
1539 3542 1817 3600 commis-

156 3645 366 3686 sarum
399 3628 460 3685 in
491 3629 768 3686 omnibus
797 3647 998 3686 curam
1025 3629 1300 3688 habeant.

236 3717 340 3774 III.
375 3718 449 3774 Ut
477 3717 833 3792 suﬁ‘raganei
882 3718 1261 3776 reverentiam
1321 3723 1378 3776 et
1432 3720 1822 3777 obedientiam

160 3807 522 3881 condignam
549 3808 1012 3881 metropolitanis
1034 3808 1161 3865 suis
1181 3808 1590 3877 exhibeant,ad
1614 3815 1824 3867 metro-

164 3896 496 3970 politanam
530 3898 726 3953 sedem
758 3897 1092 3954 obedientes
1124 3903 1461 3967 occurrant;
1495 3915 1705 3955 causas
1725 3917 1824 3955 ec-

160 3985 528 4043 clesiasticas
559 4003 694 4042 cum
745 3985 1196 4059 metropolitano
1249 4004 1355 4042 suo
1405 3987 1652 4043 ﬁdeliter
1694 4004 1822 4060 per-

157 4079 442 4144 tractent,
474 4080 530 4131 et
560 4076 632 4130 ab
663 4076 790 4148 ipso
822 4077 1070 4131 formam
1103 4075 1354 4148 qual.ter
1381 4074 1493 4147 ipsi
1540 4076 1600 4130 in
1640 4075 1822 4132 eccle-

161 4165 258 4221 sia
285 4181 394 4220 sua
417 4170 594 4237 agant
623 4164 930 4238 accipiant.

242 4253 417 4309 lV.Ut
444 4253 860 4326 archiepiscopi
893 4259 950 4309 et
979 4253 1234 4327 episcopi
1261 4252 1456 4326 plebes
1486 4254 1573 4310 vel
1605 4255 1825 4328 baptis-

165 4341 357 4398 males
404 4341 680 4398 ecclesias
713 4343 769 4398 in
802 4343 1154 4399 dioecesibus
1203 4343 1328 4400 suis
1377 4360 1536 4399 more
1584 4344 1826 4416 antiquo

165 4431 559 4496 constituant,
583 4435 639 4486 et
667 4430 797 4486 laici
831 4449 864 4486 a
894 4430 1111 4487 talibus
1143 4448 1341 4487 cavere
1371 4432 1717 4501 doceantur;
1753 4433 1824 4488 ad

166 4537 323 4592 quos
378 4519 738 4592 reliquarum
769 4519 1151 4576 ecclesiarum
1182 4520 1336 4575 tituli
1369 4521 1730 4593 pertineant;
1764 4525 1830 4576 ut

162 4609 250 4664 ibi
287 4613 610 4664 conventus
640 4608 921 4666 celebrior
950 4608 1299 4682 populorum
1333 4610 1452 4679 ﬁat,
1481 4614 1538 4665 et
1565 4611 1832 4666 doctrina

1897 691 2153 764 episcopi
2183 697 2240 748 et
2266 693 2521 766 episcopi
2554 693 2929 767 cupiditatem
2953 711 3123 751 suam
3146 696 3550 763 cohibeant,ut

1897 780 2080 838 laicos
2105 781 2480 852 postmodum
2502 782 2574 838 ab
2600 781 2802 838 illicita
2821 783 3276 855 praesumptione
3305 782 3548 840 liberius

1897 868 2185 941 castigare
2214 869 2471 938 valeant;
2507 888 2696 942 neque
2718 871 2873 926 sicut
2905 871 3190 929 hactenus
3221 873 3437 928 factum
3463 877 3552 928 est

1901 958 1974 1015 ad
1999 957 2341 1016 scandalum
2361 963 2418 1015 et
2435 959 2665 1018 ruinam
2689 958 3009 1020 multorum
3031 959 3222 1018 aliena
3251 968 3549 1034 appetant,

1901 1052 1958 1102 et
1976 1046 2121 1103 locis
2146 1048 2217 1102 ad
2242 1048 2345 1118 jus
2367 1065 2542 1104 suum
2565 1052 2622 1103 et
2645 1048 3049 1120 episcopatum
3075 1067 3186 1106 non
3217 1051 3553 1122 pertinenti-

1902 1137 2013 1192 bus
2044 1134 2331 1194 dominari
2365 1153 2478 1192 non
2509 1137 2904 1208 expostulent;
2937 1139 3038 1194 sed
3071 1140 3327 1196 contenti
3358 1141 3555 1198 termi-

1903 1225 1996 1280 nis
2028 1225 2190 1281 suis:
2215 1225 2418 1298 sicque
2450 1226 2828 1298 potentialius
2856 1226 3138 1285 laicorum
3170 1231 3475 1286 avaritiam
3497 1234 3558 1290 et

1903 1312 2192 1370 cautelam
2225 1314 2541 1386 reprimere
2573 1318 2863 1386 poterunt.

1975 1402 2156 1458 VLDe
2183 1403 2702 1458 excommunicatis
2728 1403 2960 1476 publice
2988 1411 3224 1478 propter
3251 1409 3554 1481 publicum

1903 1491 2150 1559 crimen,
2183 1495 2246 1549 ut
2275 1508 2377 1564 per
2406 1491 2701 1564 publicam
2733 1492 3136 1565 penitentiam
3175 1497 3553 1569 recipiantur,

1901 1586 1964 1638 et
1993 1581 2318 1637 secundum
2352 1581 2592 1637 modum
2615 1581 2748 1638 facti
2774 1583 3053 1640 canonica
3072 1585 3413 1643 auctoritate
3433 1588 3556 1644 sin-

1905 1669 2061 1742 gulis
2093 1669 2435 1742 pcenitentia
2460 1670 2856 1744 prolongetur.

1978 1759 2101 1815 VII.
2135 1759 2209 1814 Ut
2238 1776 2354 1815 non
2386 1763 2602 1816 temere
2648 1761 3282 1821 excommunicationes
3311 1765 3457 1822 ﬁant
3487 1783 3560 1822 ne

1909 1847 2230 1902 auctoritas
2260 1847 2610 1920 episcopalis
2639 1847 2896 1918 vilescat,
2931 1867 3120 1923 neque
3163 1852 3560 1913 absolutiones

1909 1935 2256 2002 inordinate,
2285 1935 2397 1992 nisi
2426 1936 2747 1994 satisfactio
2786 1939 3187 1998 ordinabiliter
3213 1943 3432 2016 regulis
3464 1961 3564 2016 pa-

1913 2029 2069 2079 trum
2101 2025 2472 2082 consentiens
2502 2027 2805 2098 precedat.

1983 2112 2253 2176 VllI.(25.
2287 2131 2342 2186 q.
2375 2117 2425 2169 2.
2460 2114 2522 2170 Si
2549 2117 2674 2186 quis
2705 2115 2781 2188 ἀ.)
2813 2116 2871 2172 Si
2905 2117 3039 2189 quis
3068 2119 3363 2192 dogmata,
3395 2139 3562 2180 man-

1913 2202 2070 2268 data,
2102 2202 2789 2271 interdicta,sanctiones,
2822 2205 2907 2264 vel
2937 2207 3170 2264 decreta
3215 2226 3320 2282 pro
3370 2211 3566 2266 catho-

1912 2291 2029 2347 lica
2057 2291 2301 2363 ﬁde,pro
2332 2291 2726 2349 ecclesiastica
2753 2294 3194 2369 disciplina,pro
3216 2299 3568 2356 correctione

1915 2379 2201 2451 ﬁdelium,
2233 2385 2290 2436 et
2318 2397 2421 2453 pro
2453 2383 2858 2438 emendatione
2886 2383 3325 2454 sceleratorum,
3356 2387 3442 2444 vel
3478 2389 3568 2450 in-

1915 2469 2258 2526 terdictione
2288 2469 2842 2540 imminentium,vel
2874 2473 3202 2530 futurorum
3224 2475 3516 2533 malorum
3538 2494 3572 2532 a

1915 2559 2076 2614 sedis
2097 2558 2427 2630 apostolica;
2447 2559 2693 2631 praesule
2711 2560 3026 2617 salubriter
3047 2564 3418 2638 promulgata
3442 2583 3576 2623 con-

1915 2647 2250 2719 tempserit;
2309 2647 2626 2704 anathema
2655 2649 2749 2704 sit.
2779 2651 2912 2718 (Hoc
2939 2668 3063 2706 vero
3089 2662 3426 2724 pastremum
3475 2656 3570 2712 de-

1917 2744 2122 2791 cretum
2151 2735 2492 2808 desumptum
2517 2745 2596 2793 est
2623 2754 2694 2792 ex
2719 2739 2958 2809 capitulo
2989 2742 3175 2812 quinto
3215 2744 3443 2798 concilii
3469 2745 3573 2800 Ro-

1916 2827 2074 2880 mani
2099 2825 2200 2880 sub
2229 2825 2414 2881 eodem
2437 2827 2698 2899 pontiﬁce
2725 2827 2956 2884 Nicolao
2985 2845 3131 2884 anno
3149 2830 3256 2885 863
3273 2831 3575 2901 celebrati.)

2658 2957 2843 3013 CXIX.

2049 3064 2116 3103 AD
2156 3065 2190 3103 Η
2218 3063 2504 3104 NCMARUM
2543 3064 3038 3108 ARCHIEPISCOPUM
3079 3068 3454 3110 RHEMENSEM.

2562 3147 2754 3215 (Anno
2785 3147 2935 3219 867.)

1925 3237 2250 3291 Ptenitentia
2281 3235 2532 3307 injuncta
2570 3236 2658 3290 illi
2704 3238 2802 3362 (ίᾶιέ
2850 3239 3176 3364 rzzorzachum
3199 3240 3577 3312 presbyterum

2612 3323 2724 3362 ccci
2791 3325 2898 3362 ra.

2612 3323 2880 3362 οσειαεναε
2887 3350 2898 3362 .

2443 3423 2632 3495 [Apud
2664 3423 2872 3494 Mansi,
2901 3423 3060 3496 ibid.]

1994 3537 2268 3599 NICOLAUS
2297 3538 2627 3612 episcopus,
2673 3557 2874 3596 servus
2923 3559 3220 3598 servorum
3267 3542 3392 3612 Dei,
3428 3561 3581 3608 reve-

1928 3627 2266 3686 rentissimo
2287 3632 2343 3684 et
2364 3629 2740 3684 sanctissimo
2761 3630 3037 3686 confratri
3054 3635 3251 3688 nostro
3282 3632 3580 3691 Hmcmno

1929 3716 2387 3790 archiepiscopo.

2002 3805 2225 3869 Quibus
2255 3806 3013 3882 genitibus(a),quantisque
3041 3809 3314 3884 lacrymis
3328 3811 3582 3872 ﬁliorum

1932 3893 2275 3950 discrimina
2304 3899 2582 3967 paternus
2610 3897 2851 3954 affectus
2897 3899 3202 3955 condolere
3249 3899 3456 3970 soleat,
3487 3918 3586 3957 ve-

1934 4001 2066 4038 rum
2089 3983 2266 4039 etiam
2297 3987 2837 4056 oporteat,vestram
2869 3986 3012 4040 satis
3043 3987 3314 4044 novimus
3337 3989 3586 4062 experiri

1933 4071 2327 4143 prudentiam.
2363 4074 2726 4144 Quapropter
2753 4072 3068 4128 infulatum
3118 4076 3294 4131 vestri
3333 4077 3583 4147 ardoris,

1934 4159 2328 4216 ecclesiastico
2361 4160 2512 4216 lacte
2541 4160 2768 4226 nutriti,
2803 4166 2860 4216 et
2881 4163 2951 4216 ad
2985 4161 3204 4218 solidos
3231 4165 3590 4236 praedicatio-

1933 4248 2027 4303 nis
2066 4249 2361 4320 profectus
2408 4249 2692 4321 perducti,
2725 4247 2996 4306 volumus
3046 4268 3219 4308 nosse
3268 4253 3424 4325 quod
3473 4253 3587 4311 iste

1934 4336 2134 4392 Eriath
2157 4338 2228 4392 ad
2258 4337 2657 4410 apostolorum
2690 4338 2896 4393 limina
2927 4340 3590 4415 confugerit,indulgen-

1937 4425 2078 4481 tiam
2110 4426 2461 4497 postulando
2493 4444 2670 4499 super
2699 4445 2766 4482 ea
2797 4444 2972 4499 quam
3007 4429 3254 4485 incurrit
3285 4430 3589 4487 homicidii

1938 4530 2171 4571 noxam.
2208 4515 2449 4572 Ferebat
2486 4533 2549 4572 se
2595 4516 2799 4588 utique
2830 4518 3146 4588 quemdam
3178 4520 3588 4591 presbyterum

1938 4607 2116 4675 atque
2146 4605 2500 4662 monachum
2546 4605 2691 4660 nihil
2739 4622 2874 4660 eum
2923 4610 3110 4661 morte
3159 4607 3404 4679 dignum
3437 4607 3587 4672 occi-

168 4697 310 4753 ﬁdei
329 4713 396 4753 ac
409 4696 868 4754 Christianitatis
889 4698 950 4753 in
974 4715 1158 4753 unum
1192 4703 1559 4772 congregatis
1590 4698 1830 4762 liberius
1861 4715 1908 4781 Ι)
1937 4692 2096 4748 disse
2131 4709 2143 4747 ε
2178 4694 2332 4749 unde
2363 4699 2422 4750 et
2449 4694 2746 4750 humiliter
2773 4695 3118 4750 ostendebat
3145 4712 3206 4751 se
3238 4695 3590 4768 pauitantia;

167 4785 544 4859 praedicetur.

242 4874 397 4933 V.Ut
426 4875 850 4948 archiepiscopi
882 4893 1015 4931 cum
1049 4875 1410 4949 coepiscopis
1433 4876 1557 4933 suis
1580 4877 1832 4933 auctori-

168 4969 292 5020 tate
324 4967 556 5037 patrum
589 4968 926 5020 nostrorum
957 4965 1168 5020 muniti
1200 4971 1536 5038 procurent,
1557 4971 1621 5021 ut
1653 4966 1834 5022 sacris

169 5053 322 5109 locis
373 5053 560 5126 dignas
610 5071 873 5126 persona:
921 5055 1324 5127 praeferantur,
1359 5060 1414 5111 et
1461 5054 1834 5111 saecularium

171 5140 518 5198 habitacula
545 5141 673 5198 loca
723 5147 836 5198 Deo
887 5143 1079 5199 dicata
1125 5142 1214 5199 vel
1257 5148 1488 5199 sacrata
1519 5160 1633 5198 non
1669 5145 1832 5200 ﬁant'

174 5231 344 5288 Unde
370 5235 426 5287 et
443 5247 548 5286 nos
565 5231 694 5304 pios
715 5231 1010 5304 principes
1036 5231 1134 5287 ubi
1156 5235 1552 5304 opportunum
1581 5231 1691 5287 fuit
1713 5249 1835 5288 mo-

177 5321 511 5386 nuimus,et
541 5325 780 5392 propter
808 5320 1089 5376 honorem
1120 5320 1337 5375 Christi
1371 5319 1672 5376 charitatis
1693 5338 1834 5388 suae,

177 5409 340 5481 quod
372 5409 581 5464 diebus
611 5408 849 5465 illorum
867 5410 1246 5482 depravatum
1266 5413 1323 5465 et
1339 5409 1700 5465 destructum
1727 5414 1836 5479 est,

252 5551 330 5622 (a)
367 5551 576 5620 Quibus
607 5550 920 5623 gemitibus.
953 5551 1312 5610 Flodoardus
1343 5549 1444 5623 lib'
1464 5567 1564 5623 _m,
1599 5567 1725 5623 cap.
1745 5553 1834 5607 23.

179 5622 486 5682 Hincmari
518 5623 588 5677 ad
623 5621 884 5695 diversos
932 5623 1234 5695 episcopos
1272 5621 1551 5694 epistolas
1599 5621 1837 5695 enume-

179 5711 322 5751 rans
347 5711 360 5750 :
385 5694 731 5768 Aﬂilmerado,
758 5693 995 5768 inquit,
1042 5693 1414 5768 Ambianeiisi,
1459 5709 1560 5768 pro
1609 5693 1842 5766 quodam

175 5766 467 5834 monacho,
499 5767 600 5842 qui
623 5765 1005 5841 presbyterum
1031 5773 1086 5823 et
1109 5765 1436 5828 menachum
1465 5765 1526 5822 in
1571 5773 1839 5825 monaste-

1937 4781 2082 4838 velle
2111 4781 2261 4837 colla
2289 4782 2654 4839 submittere.
2689 4784 2938 4856 Ideoque
2986 4801 3092 4840 nos
3121 4785 3171 4840 ei
3202 4784 3590 4856 injunximus,

1945 4876 2008 4926 ut
2035 4871 2344 4927 duodecim
2373 4888 2662 4929 annorum
2693 4877 2851 4928 meta
2890 4875 3207 4930 terminum
3238 4873 3592 4946 pce-nitentia:

1943 4960 2055 5016 sibi
2088 4960 2363 5031 injunctaa
2394 4960 2738 5018 includeret.
2763 4963 3021 5026 Quorum
3053 4962 3242 5018 tribus
3273 4962 3590 5034 prioribus,

1945 5054 2080 5105 ante
2110 5050 2262 5106 fores
2294 5049 2545 5106 ecclesiae
2576 5049 2849 5122 lugendo,
2885 5051 3181 5125 singultus
3211 5051 3433 5108 edendo
3483 5050 3594 5106 mi-

1948 5139 2326 5195 sericordiam
2359 5157 2393 5194 a
2423 5138 2668 5194 Domino
2699 5139 2978 5211 consequi
3009 5141 3281 5196 festinare
3305 5145 3591 5213 procuret.

1946 5228 2162 5291 Quarto
2194 5228 2614 5300 deinde,atque
2645 5227 2869 5299 quinto,
2903 5227 3054 5284 inter
3079 5230 3377 5285 auditores
3407 5229 3595 5285 omni-

1947 5321 2240 5388 potentem
2268 5333 2506 5374 exorare
2537 5317 2791 5384 studeat,
2827 5317 3048 5388 absque
3080 5317 3340 5390 corporis
3368 5323 3425 5374 et
3461 5335 3597 5374 san-

1947 5405 2143 5478 guinis
2175 5406 2406 5462 Domini
2439 5405 2826 5477 susceptione.
2862 5405 3133 5462 Residuis
3181 5410 3461 5479 praeterea
3505 5424 3597 5463 se-

1947 5553 2031 5626 rio
2051 5551 2236 5626 sancti
2266 5550 2511 5626 Richarii
2537 5548 2731 5626 occidit
2770 5565 3017 5626 pro_quo
3062 5548 3290 5626 domnus
3315 5566 3463 5621 papa
3500 5549 3599 5626 Νί.

1946 5621 2132 5696 εοιᾱμε
2164 5624 2372 5676 litteras
2400 5621 2577 5696 eidem
2600 5621 2795 5676 domno
2817 5621 3116 5680 Hincmaro
3135 5621 3412 5679 direazerat
3424 5624 3602 5696 paeni-

1948 5695 2134 5751 tentia:
2163 5700 2402 5749 tenorem
2431 5694 2782 5751 continentes.
