3894 6218
257 355 418 418 1125

1478 358 1886 423 EPISTOLIE
1927 362 2028 424 ET
2074 364 2460 427 DECRETA.

3516 370 3673 433 1126

256 495 553 563 cujusque
581 488 837 546 ecclesia:
868 495 1117 562 possunt
1146 491 1290 559 fieri,
1317 493 1467 547 sicut
1487 494 1545 548 in
1579 499 1783 550 sancta
1804 496 1911 551 hac
1941 499 1990 563 Α
2022 506 2169 553 ctum
2197 515 2379 554 eorum
2410 503 2538 555 Deo.
2573 500 2956 556 Paenitentiam
2990 501 3172 573 itaque
3200 520 3300 572 age
3326 505 3394 560 ab
3422 506 3523 561 hac
3572 523 3676 562 ne-

256 581 547 646 Romana,
580 578 673 634 cui
721 578 837 634 Deo
882 584 1116 635 auctore
1161 581 1551 637 ministerium
1597 584 1914 640 famulatus

256 670 449 726 nostri
481 668 1116 735 exhibemus,Ecclesia
1146 670 1484 726 solemnitcr
1506 673 1626 727 fieri
1655 690 1915 746 compro-

255 759 458 815 batur.

436 962 509 1000 AD
546 962 809 1000 JOANNEM
846 938 1347 1000 ARCIIfEPISCOPUM
1376 964 1732 1002 RAENNATEM.

903 1035 1090 1102 (Anno
1121 1035 1272 1102 867.)

252 1136 345 1187 De
375 1132 493 1186 illis
522 1132 638 1202 qui,
672 1132 934 1185 uxoribus
962 1131 1368 1213 suis'dirnissis,
1402 1133 1471 1187 ad
1501 1134 1641 1187 alias
1688 1136 1913 1206 nuptias

917 1210 1262 1258 transierint.

854 1291 993 1361 [lvo,
1028 1308 1145 1359 vnl,
1176 1293 1326 1363 221.]

333 1417 640 1483 NICOLAUS,
675 1414 1109 1487 archiepiscopo
1142 1416 1445 1472 Ravennae.

334 1506 413 1561 De
435 1503 722 1561 senatoris
745 1505 1013 1576 conjuge,
1048 1521 1227 1577 quam
1261 1505 1583 1562 adulteram
1620 1524 1748 1562 esse
1769 1507 1909 1562 dici-

246 1594 338 1649 tis
386 1598 445 1650 et
476 1596 712 1666 propter
741 1592 1012 1649 adulterii
1048 1598 1276 1649 reatum
1325 1594 1682 1666 disjunctam
1725 1614 1758 1650 a
1787 1597 1910 1650 viro

249 1700 367 1739 suo
385 1700 512 1739 esse
525 1682 936 1753 judicatam,et
959 1682 1363 1738 monachicam
1382 1688 1601 1739 vestem
1618 1684 1908 1751 indutam,

251 1777 439 1844 atque
468 1771 739 1837 velatam,
773 1771 1071 1827 nescimus
1101 1776 1302 1827 utrum
1325 1773 1485 1844 juste
1509 1790 1579 1828 an
1613 1772 1781 1829 aliter
1802 1773 1910 1829 hoc

250 1861 337 1916 sit
370 1860 744 1917 terminatum
772 1860 1094 1932 judicium;
1128 1865 1188 1915 et
1227 1860 1277 1916 si
1323 1861 1588 1917 adultera
1619 1862 1913 1934 apparuit,
1944 1866 1991 1930 Β

250 1950 372 2005 hoc
390 1950 578 2023 magis
599 1967 634 2004 a
651 1949 775 2005 viro
799 1967 903 2004 suo
927 1949 1131 2005 debuit
1152 1965 1280 2005 esse
1304 1950 1654 2023 inquisitum
1681 1968 1694 2006 :
1715 1955 1771 2006 et
1801 1952 1849 2007 si
1882 1969 1916 2007 a

246 2037 381 2093 viro
426 2055 531 2093 suo
563 2038 911 2110 requisitum
943 2038 1069 2106 fuit,
1089 2037 1499 2110 indagatorum
1529 2039 1617 2095 vel
1641 2039 1914 2111 judicum

250 2128 573 2199 praesentia
603 2127 885 2183 debuerat
912 2126 1307 2183 examinatum
1341 2144 1487 2195 esse,
1522 2132 1696 2200 atque
1715 2128 1914 2184 termi-

251 2220 467 2273 natum
500 2233 513 2270 :
548 2220 604 2272 et
630 2219 763 2289 post
808 2215 1278 2272 terminationem
1330 2220 1386 2272 et
1435 2218 1915 2289 approbationem

252 2310 437 2377 atque
465 2304 1017 2373 manifestationem,
1051 2308 1189 2359 tunc
1220 2309 1320 2359 aut
1352 2304 1521 2377 legali
1554 2305 1775 2361 calculo
1816 2310 1918 2361 aut

252 2393 792 2465 canonicojudicio
825 2392 1012 2465 ipsius
1062 2410 1250 2449 causae
1303 2394 1601 2449 sententiae
1650 2395 1912 2449 difiiniri.

254 2484 333 2538 Et
365 2482 415 2538 si
446 2500 549 2537 nec
581 2482 689 2538 hoc
720 2499 825 2538 nec
857 2481 1002 2536 illud
1036 2483 1255 2538 factum
1281 2487 1388 2551 est,
1415 2483 1547 2555 quis
1576 2500 1702 2539 eam
1736 2501 1916 2540 ausus

254 2576 350 2629 est
383 2571 655 2645 religiosa
687 2572 927 2627 induere
956 2576 1113 2627 veste
1146 2575 1202 2627 et
1233 2589 1395 2628 sacro
1430 2572 1723 2644 cooperire
1763 2572 1915 2627 vela-

252 2660 464 2717 mine?
495 2662 715 2716 Tamen
738 2660 794 2715 id
823 2659 1103 2716 subtilius
1135 2661 1233 2716 Dei
1261 2679 1374 2732 prtc
1402 2661 1588 2717 oculis
1636 2662 1917 2717 habentes

252 2749 963 2822 timorem,praecipimus,
989 2753 1053 2804 ut
1083 2750 1391 2822 praesentia
1413 2749 1576 2806 missi
1599 2750 1685 2805 vel
1720 2750 1916 2805 vicarii

254 2839 462 2904 vestri,
497 2838 555 2892 in
584 2854 715 2893 vero
746 2837 1011 2893 examine
1034 2842 1314 2910 praesente
1343 2838 1466 2893 viro
1489 2856 1596 2894 suo
1628 2839 1919 2894 examina-

258 2928 346 2983 tio
380 2928 501 2983 fiat.
537 2928 604 2982 Et
635 2927 683 2981 si
715 2924 872 2998 iusta
903 2932 957 2981 et
986 2926 1349 2982 rationabilis
1380 2944 1582 2982 eorum
1615 2944 1793 2983 causa
1823 2944 1920 2999 ap-

261 3014 808 3088 paruerit,maneat.
842 3015 911 3068 Et
940 3013 988 3069 si
1020 3013 1187 3069 aliter
1217 3013 1643 3086 apparuerit,ut
1667 3014 1919 3087 praetuli-

263 3121 425 3172 mus,
441 3104 766 3159 secundum
789 3103 889 3158 Dei
922 3103 1340 3175 omnipotentis
1359 3103 1716 3160 voluntatem
1742 3108 1917 3177 atque

266 3192 542 3248 timorem
576 3208 777 3247 eorum
810 3192 1123 3247 deﬁniatur
1149 3208 1345 3247 causa.

382 3423 455 3460 AD
492 3422 848 3461 ADALWINUM
879 3422 1371 3461 ARCHIEPISCOPUM
1400 3422 1815 3462 JUVANIENSEM.

633 3494 1068 3567 Fragmentum.
1101 3526 1171 3534 —
1201 3496 1388 3563 (Anno
1422 3494 1569 3567 867.)

266 3585 344 3639 De
376 3583 544 3640 vidua
573 3598 697 3654 quae
721 3591 840 3654 post
863 3592 1204 3654 assumptum
1230 3585 1743 3640 sanctimonialium
1776 3585 1926 3639 vela-

728 3671 851 3709 men
881 3655 951 3709 ad
981 3657 1201 3726 nuptias
1227 3655 1470 3711 redierit.

791 3753 978 3825 [Apud
1011 3752 1220 3820 Mansi,
1250 3753 1411 3826 ibid]

344 3870 632 3925 NICOLAUS
663 3867 992 3940 episcopus,
1028 3885 1231 3924 servus
1271 3886 1572 3923 servorum
1620 3868 1735 3934 Dei,
1768 3884 1925 3923 reve-

264 3958 611 4015 rentissimo
633 3960 688 4013 et
709 3957 1082 4013 sanctissimo
1104 3957 1376 4013 confratri
1402 3962 1598 4013 nostro
1611 3960 1925 4012 Anacwmo

263 4051 490 4102 sanctae
510 4045 876 4101 Juvaviensis
899 4044 1169 4100 Ecclesiae
1202 4044 1655 4115 archiepiscopo.

345 4137 507 4201 Quod
540 4138 734 4190 autem
766 4133 1135 4206 interrogasti
1167 4135 1237 4189 de
1264 4132 1482 4189 femina
1503 4149 1628 4204 quae
1652 4137 1785 4204 post
1805 4132 1926 4188 obi-

261 4230 401 4279 tum
437 4224 632 4278 mariti
656 4223 748 4279 sui
780 4221 1041 4278 velamen
1072 4239 1303 4278 sacrum
1335 4238 1511 4293 super
1540 4225 1713 4293 caput
1748 4237 1925 4277 suum

265 4313 641 4384 imposuit,et
672 4311 837 4366 ﬁnxit
866 4328 926 4366 se
944 4311 1054 4366 sub
1071 4312 1274 4366 eodem
1304 4309 1590 4367 velamine
1611 4309 1927 4365 sanctimo-

264 4400 493 4457 nialem
522 4417 669 4469 esse,
704 4403 907 4472 postea
938 4400 1007 4455 ad
1040 4399 1278 4472 nuptias
1309 4399 1501 4465 rediit,
1533 4398 1752 4454 bonum
1783 4397 1928 4452 mihi

262 4489 508 4543 videtur
538 4489 677 4560 quia
705 4504 809 4560 per
840 4486 1171 4559 hypocrisin
1193 4486 1648 4543 ecclesiasticam
1667 4485 1927 4559 regulam

2024 589 2201 658 guilia
2232 595 2347 652 tua,
2377 596 2429 642 et
2459 605 2588 659 roga
2620 593 2813 657 Deum,
2836 597 2899 644 ut
2925 592 3067 661 forte
3096 593 3408 648 remittatur
3438 595 3539 650 tibi
3559 597 3676 652 lucc

2021 677 2278 743 couitatio
2307 676 2481 730 cerdis
2512 678 2612 731 tui.
2628 679 2688 731 In
2715 678 2844 747 felle
2872 680 3020 733 enim
3050 682 3517 749 amaritmtinis,et
3537 685 3674 740 obli-

2020 766 2237 835 gatione
2281 765 2596 837 iniquitatis
2644 766 2797 821 video
2839 775 2887 822 te
2935 784 3045 822 esse
3075 770 3210 836 (Act.
3244 787 3364 838 νηί,
3398 772 3508 843 20).
3543 772 3675 827 ldeo

2021 851 2188 917 tales,
2222 851 2334 906 nisi
2376 852 2745 924 resipiscunt,
2781 854 3072 925 spirituali
3121 855 3314 927 gladio
3377 865 3676 930 percutere

2022 957 2352 997 censemus.
2368 941 2493 996 Non
2514 942 2672 997 enim
2704 942 2790 998 fas
2808 949 2896 999 est
2917 944 3160 1015 Spiritui
3188 951 3391 1001 sancto
3417 950 3672 1016 mentiri,

2020 1030 2174 1085 sicut
2219 1030 2477 1086 Ananias
2527 1035 2585 1085 et
2633 1031 2880 1103 Saphira
2928 1033 3159 1087 mentiti
3192 1040 3350 1103 sunt,
3387 1040 3444 1092 et
3474 1038 3673 1093 statim

2019 1119 2338 1190 perierunt.

2731 1210 2965 1265 CXXVI.

2660 1314 2731 1352 AD
2769 1315 3033 1354 EUMDEM.

2374 1386 2815 1458 Fragmentum.
2851 1417 2918 1428 —-
2944 1388 3129 1459 (Anno
3159 1391 3308 1461 867.)

2627 1473 2769 1548 [Ivo,
2802 1492 2882 1543 x1,
2919 1476 3065 1551 104.]

2088 1562 2292 1618 Clerici
2326 1563 2425 1635 qui
2460 1563 2518 1618 in
2553 1563 2949 1620 adolescentia
2979 1583 3012 1621 a
3042 1567 3404 1625 daemonibus
3437 1586 3679 1643 cognos-

2019 1655 2232 1705 cuntur
2251 1652 2584 1719 obsessi,ad
2618 1655 2979 1724 superiorem
3013 1656 3162 1710 sacri
3208 1657 3507 1729 rcgiminis
3539 1676 3676 1731 gra-

2018 1741 2159 1795 dum
2192 1742 2463 1796 accedere
2496 1758 2609 1795 non
2641 1747 2909 1813 possunt.

2725 1849 2984 1935 cxxvu.

2665 1954 2738 1991 AD
2770 1955 3033 1994 EUMDEM.

2662 2028 2847 2093 (Anno
2878 2028 3027 2098 867.)

2026 2112 2175 2179 Quod
2224 2114 2506 2183 episcopus
2558 2114 2643 2168 vel
2692 2114 2921 2170 clericus
2977 2117 3133 2172 nullo
3184 2117 3339 2174 modo
3402 2123 3680 2177 venationi

2612 2184 2799 2240 debeat
2828 2187 3098 2242 insistere.

2653 2274 2790 2340 [lvo,
2823 2292 2878 2342 ν,
2913 2276 3063 2346 353.]
3148 2280 3149 2283 “

2095 2362 2383 2416 NICOLAUS
2412 2362 2729 2417 Ananwmo
2759 2362 3093 2419 Juvaviensi
3125 2365 3581 2439 archiepiscopo.

2096 2451 2493 2517 Quorumdam
2511 2450 2791 2506 relatione
2810 2451 3070 2507 fidelium
3096 2454 3339 2510 auribus
3362 2456 3579 2511 nostris
3598 2456 3682 2511 in-

2023 2539 2297 2593 timatum
2330 2543 2418 2593 est
2440 2540 2596 2610 quod
2629 2540 2955 2596 Lanfredus
2980 2541 3419 2614 episcopus,qui
3443 2548 3499 2599 et
3518 2545 3683 2614 juve-

2025 2627 2117 2681 nis
2148 2644 2277 2682 esse
2310 2626 2544 2693 dicitur,
2576 2627 2869 2683 venationi
2902 2629 2980 2683 sit
3011 2630 3442 2694 deditus.Quod
3473 2631 3681 2688 vitium

2024 2715 2310 2787 plurimos
2323 2716 2501 2769 etiam
2523 2716 2593 2770 de
2615 2716 2866 2772 clericali
2889 2717 3152 2790 catalogo
3172 2735 3384 2791 genere
3397 2720 3683 2776 duntaxat

2025 2804 2344 2860 Germanos
2376 2808 2433 2858 et
2454 2803 2649 2859 Gallos
2678 2804 3059 2861 irreverentes
3082 2807 3170 2879 υἱ,
3194 2810 3541 2880 reverentes]
3569 2810 3679 2864 im-

2026 2892 2222 2964 plicat.
2255 2891 2471 2947 Verum
2504 2892 2634 2958 iste,
2668 2893 2715 2948 si
2747 2893 2859 2949 ista
2888 2899 2977 2949 est
3008 2899 3073 2950 ut
3101 2895 3453 2965 audivimus,
3471 2899 3680 2954 merito

2016 2979 2252 3051 juvenis
2273 2980 2987 3052 dicitur,quijuvenilibus
3009 2983 3316 3039 desideriis
3333 2990 3677 3057 occupatus,

2026 3068 2189 3124 nulla
2217 3086 2427 3124 senum
2457 3070 2740 3141 gravitate
2769 3072 3213 3145 constringitur.

2097 3158 2246 3212 Item.
2280 3157 2324 3213 Ο
2356 3157 2632 3213 miseram
2662 3159 2840 3213 vitam
2864 3159 3173 3216 hominum
3210 3165 3267 3217 et
3298 3162 3551 3219 maxime
3583 3181 3680 3219 sa-

1947 3231 1989 3296 C
2027 3245 2358 3302 cerdotum!
2385 3245 2506 3317 qui,
2541 3247 2683 3302 dum
2709 3247 3010 3305 lucrandis
3039 3249 3313 3306 ﬁdelibus
3342 3251 3560 3307 debent
3592 3253 3681 3306 in-

2035 3335 2260 3403 sistere,
2284 3334 2567 3390 venandis
2599 3335 2736 3391 feris
2775 3337 3144 3406 incumbunt,
3178 3343 3236 3394 et
3285 3356 3434 3411 quos
3480 3356 3684 3411 capere

2036 3426 2263 3494 oportet
2293 3421 2581 3489 homines,
2615 3423 2857 3494 capiunt
2877 3440 3012 3480 aves
3041 3428 3098 3479 et
3130 3424 3376 3492 bestias;
3409 3426 3510 3496 qui
3541 3428 3683 3481 dum

2036 3510 2324 3566 mortibus
2357 3512 2595 3567 student
2624 3510 3225 3578 animantium,vitam
3257 3530 3498 3569 suarum
3521 3515 3687 3568 amit-

2034 3603 2169 3655 tunt
2201 3600 2561 3655 animarum!
2596 3600 2639 3656 Ο
2669 3600 2961 3658 infelicem
3012 3602 3193 3657 vitam
3240 3619 3416 3675 super
3454 3620 3686 3658 omnem

2033 3688 2253 3743 vitam?
2274 3689 2419 3744 Nam
2444 3689 2502 3743 in
2534 3707 2649 3761 quo
2674 3690 2861 3763 magis
2883 3691 3133 3763 quisque
3165 3691 3418 3746 carnalis
3448 3696 3691 3764 apparet

2036 3794 2213 3849 quam
2244 3776 2303 3831 in
2333 3776 2437 3832 tali
2464 3777 2621 3832 vita?
2644 3778 2997 3834 Venatorum
3030 3779 3188 3834 enim
3218 3779 3335 3835 vita
3376 3779 3457 3835 nil
3484 3784 3693 3852 praeter

2035 3882 2239 3921 carnes
2270 3867 2445 3939 capit,
2480 3867 2538 3921 in
2564 3884 2679 3939 qua
2717 3868 2858 3921 dum
2890 3867 3139 3939 quisque
3186 3868 3511 3939 permansit
3540 3886 3689 3924 nun-

2036 3972 2211 4026 quam
2227 3958 2507 4027 probatus
2521 3965 2623 4011 est.
2641 3956 2881 4023 Nam,ut
2902 3956 3107 4011 beatus
3125 3956 3689 4029 dixitHieronymus.

2031 4048 2361 4099 venatorem
2384 4061 2685 4117 nunquam
2703 4043 2952 4117 legimus
2967 4048 3235 4100 sanctum
3248 4045 3362 4100 .Vaa
3380 4045 3481 4117 huj
3493 4064 3689 4102 usmo-

2033 4131 2093 4185 di
2129 4131 2499 4202 praesulibus,
2533 4133 2634 4205 qui
2667 4133 2809 4188 dum
2842 4132 3057 4187 debent
3088 4133 3344 4199 Petrum,
3372 4134 3689 4203 Andream,

2033 4219 2317 4276 Jacobum
2340 4226 2397 4276 et
2415 4222 2946 4293 Joannem,quibus
2970 4238 3004 4277 a
3031 4221 3278 4277 Domino
3313 4222 3537 4278 dictum
3560 4227 3648 4279 est
3673 4240 3685 4279 :

2034 4308 2241 4363 Venite
2290 4314 2421 4381 post
2466 4327 2579 4381 me,
2613 4310 2823 4366 faciam
2870 4327 2969 4365 vos
3024 4310 3345 4382 piscatores
3383 4310 3691 4367 hominum

2036 4398 2243 4466 (Matth.
2276 4415 2332 4453 IV
2350 4406 2400 4454 et
2430 4403 2605 4455 Marc.
2630 4400 2693 4471 1),
2730 4400 2800 4454 ad
2834 4399 3224 4455 imitationem
3256 4417 3425 4455 suam
3457 4400 3688 4473 eligere,

2038 4502 2290 4558 quorum
2323 4491 2380 4540 et
2405 4486 2679 4559 discipuli
2712 4493 2883 4544 sunt:
2918 4488 3105 4560 magis
3152 4487 3404 4543 Nemrod
3434 4491 3600 4557 (Gen.
3633 4492 3693 4558 κ)

265 4577 628 4635 conturbare
657 4576 859 4646 voluit,
889 4582 944 4632 et
976 4593 1091 4631 non
1123 4575 1383 4649 legitime
1415 4575 1473 4629 in
1508 4579 1634 4631 voto
1667 4592 1772 4631 suo
1799 4592 1928 4647 per-
1956 4600 2003 4665 D
2037 4580 2096 4628 et
2153 4573 2459 4629 lsmaelem
2509 4576 2659 4645 (Gen.
2692 4578 2833 4647 xxx),
2884 4581 3057 4649 atque
3113 4576 3265 4631 Esau
3316 4576 3470 4645 (Gen.
3503 4593 3615 4631 xxv
3641 4584 3693 4632 et

212 4684 213 4687 η
266 4664 520 4733 mansit,
539 4668 597 4719 ut
618 4663 1019 4736 paenitentiam
1051 4668 1185 4737 agat
1206 4664 1275 4719 de
1306 4663 1579 4719 illusione
1596 4663 1930 4734 nefanda,et

262 4757 602 4808 revertatur
626 4754 695 4808 ad
727 4752 785 4807 id
818 4753 974 4824 quod
1012 4753 1343 4825 spopondit,
1361 4757 1417 4807 et
1447 4753 1507 4807 in
1534 4769 1698 4808 sacro
1728 4768 1930 4807 mona-

265 4841 453 4897 sterio
486 4840 958 4897 inchoavit.Nam
989 4841 1038 4896 si
1061 4840 1533 4897 consenserimus
1561 4842 1716 4913 quod
1738 4841 1934 4897 omnia

262 4934 644 4987 sacramenta
663 4929 1058 4986 ecclesiastica
1087 4931 1340 5002 quisque
1371 4935 1546 5002 prout
1568 4929 1695 4985 vult
1724 4930 1928 5002 tingat,

263 5024 334 5077 et
361 5036 478 5075 non
502 5037 633 5075 vere
660 5020 1049 5087 faciat,omnis
1067 5020 1208 5075 ordo
1228 5019 1658 5075 ecclesiasticus
1690 5023 1778 5074 est
1814 5025 1934 5073 tur~

265 5112 593 5175 batus,nec
625 5108 923 5165 catholicae
955 5109 1089 5163 fidei
1106 5109 1247 5179 jura
1276 5109 1740 5178 consistunt,nec
1764 5124 1933 5162 cano-

264 5216 382 5255 nes
415 5198 564 5253 sacri
596 5198 702 5253 rite
734 5198 1136 5253 observantur.
1156 5197 1302 5263 Quid
1335 5198 1490 5253 enim
1514 5196 1731 5269 profuit
1750 5197 1933 5251 Simo-

266 5287 522 5359 niMago
553 5287 915 5359 baptismum
960 5303 1193 5341 sacrum
1242 5288 1373 5342 ficte
1418 5286 1734 5357 suscipere,
1768 5291 1825 5340 et
1871 5284 1929 5339 in

266 5376 713 5432 Christianitate
743 5392 1194 5448 permansurum
1243 5391 1305 5429 se
1354 5375 1615 5439 ﬁnxisse,
1644 5390 1778 5429 cum
1830 5390 1932 5445 per

264 5464 851 5538 apostolum,fraude
881 5465 1009 5536 ejus
1039 5464 1290 5533 decreta,
1326 5463 1479 5534 quod
1522 5463 1633 5518 sibi
1666 5464 1928 5517 futurum

265 5559 450 5622 esset,
485 5554 942 5627 praenuntiatum
999 5553 1125 5608 est?
1154 5552 1250 5607 Ait
1300 5552 1458 5607 enim
1492 5568 1505 5607 :
1539 5552 1781 5606 Pecunia
1831 5559 1928 5607 tua

262 5654 449 5709 tecum
493 5645 569 5702 sit
610 5644 670 5700 in
710 5636 1016 5718 perditione
1045 5659 1064 5698 :
1094 5657 1186 5699 cor
1213 5642 1361 5698 enim
1390 5648 1547 5699 tuum
1572 5656 1682 5698 non
1711 5647 1789 5697 est
1833 5656 1923 5697 re-

2038 4663 2213 4734 xxvu)
2243 4663 2519 4733 reprobos
2550 4664 2879 4734 imitantur,
2910 4667 3008 4738 qui
3040 4664 3381 4737 hujusmodi
3415 4664 3690 4720 adiuven-

2041 4751 2299 4807 tionibus
2329 4750 2669 4807 incubuisse
2702 4754 3048 4810 referuntur.
3070 4754 3464 4810 Nihilominus
3494 4757 3691 4809 autem

2040 4841 2111 4896 de
2161 4839 2269 4894 hoc
2316 4837 2586 4910 episcopo
2647 4840 2896 4897 relatum
2950 4847 3039 4897 est
3096 4842 3446 4915 apostolatui
3493 4845 3692 4897 nostro

2040 4928 2196 5002 quod
2227 4944 2361 4982 cum
2394 4927 2649 4998 quadam
2700 4928 2820 4984 tilia
2861 4947 2971 4984 sua
3018 4931 3465 4987 immoderatam
3496 4934 3692 4985 teneat

2041 5016 2522 5085 familiaritatem,
2545 5021 2603 5070 et
2632 5016 2703 5071 ob
2737 5016 2793 5070 id
2826 5017 2982 5072 mala
3009 5020 3166 5074 fama
3205 5020 3255 5075 ei
3288 5025 3417 5075 orta
3448 5019 3556 5075 sit:
3587 5036 3690 5091 pro

2041 5124 2158 5178 qua
2188 5123 2247 5160 re
2278 5123 2312 5160 a
2343 5105 2651 5159 sanctitate
2684 5108 2784 5159 tua
2813 5106 3155 5178 ceterisque
3185 5109 3544 5180 coepiscopis
3566 5107 3691 5163 suis

2041 5193 2431 5250 commonitus
2462 5209 2528 5247 ac
2554 5196 2852 5264 correptus
2882 5197 2989 5260 est,
3009 5196 3108 5249 sed
3145 5195 3482 5250 nullatenus
3501 5213 3695 5252 emen-

2041 5285 2382 5349 datus.Qua:
2401 5299 2492 5337 res
2524 5282 2581 5337 in
2614 5281 2723 5337 hoc
2746 5280 2997 5336 maxime
3028 5282 3319 5354 displicet,
3337 5289 3395 5338 et
3411 5284 3602 5357 magis
3625 5301 3692 5340 ac

2040 5372 2230 5445 magis
2280 5372 2350 5427 de
2382 5388 2443 5426 se
2473 5370 2814 5426 deteriorem
2847 5369 3039 5424 reddit
3069 5368 3426 5441 opinionem.
3464 5377 3529 5427 In
3577 5390 3694 5444 quo

2040 5460 2391 5517 beatitudini
2414 5464 2526 5515 tua:
2549 5462 2605 5514 et
2617 5457 3091 5530 coepiscoporum
3106 5474 3348 5512 suorum
3368 5459 3695 5516 rationibus

2042 5567 2157 5606 non
2189 5550 2386 5605 obedit
2415 5552 2473 5604 et
2502 5564 2604 5620 per
2632 5546 3085 5603 inobedientiam
3115 5545 3174 5600 in
3218 5544 3453 5617 culpam
3500 5553 3694 5618 proto-

2034 5637 2209 5730 plasti
2233 5638 2533 5698 relabitur.
2552 5638 2794 5714 Oportet
2809 5652 2944 5714 ergo
2966 5636 3389 5697 fraternitatem
3410 5640 3575 5695 tuam
3607 5656 3699 5717 sy-
