3894 6218
292 437 298 440 ·
355 411 510 471 1127

1722 413 2037 477 NICOLAI
2081 414 2311 477 PAP/E
2353 417 2402 478 Ι.

3618 427 3750 486 1138

352 545 462 598 nod
473 542 561 598 ale
593 559 726 598 cum
741 543 1032 616 episcopis
1056 548 1112 600 et
1140 545 1524 617 suffraganeis
1545 547 1663 602 tuis
1683 565 1998 605 convocare
2028 554 2082 618 Α
2113 554 2170 604 et
2201 555 2538 607 accusatore
2557 553 2712 623 quod
2733 552 3027 624 objecerat
3039 556 3748 628 comprobante,clericum

351 631 684 698 concilium,
717 636 775 688 et
801 632 958 688 hunc
990 633 1347 690 salutaribus
1378 636 1626 707 eloquiis
1651 637 1998 710 episcopum

347 719 675 792 convenire,
691 726 864 793 atque
887 721 972 776 illi
1004 722 1281 795 pastorali
1311 725 1654 780 auctoritate
1689 727 2000 798 praecipere

348 815 640 880 quatenus
671 813 728 866 et
757 811 828 866 ab
852 811 1114 866 omnium
1140 813 1463 868 bestiarum
1493 818 1552 868 et
1571 813 1873 871 volucrum
1903 832 1996 872 ve-

347 899 580 954 natione
609 899 844 971 penitus
873 899 1102 956 alienus
1132 903 1358 969 existat,
1394 907 1567 975 atque
1611 904 1999 960 immoderata

344 986 478 1042 filiae
511 1004 633 1043 suae
659 989 1055 1045 familiaritate
1078 991 1461 1063 semetipsum
1485 993 1821 1049 omnimodo
1844 1011 2000 1050 coer-

343 1078 665 1142 ceat.Quod
690 1077 738 1132 si
766 1095 967 1150 parere
999 1081 1508 1152 contempserit,et
1540 1087 1658 1138 tam
1688 1101 1792 1155 pro
1822 1101 1994 1139 vena-

342 1166 522 1221 tionis
553 1166 942 1223 declinatione
973 1185 1150 1239 quam
1181 1187 1282 1242 pro
1313 1170 1702 1228 immoderata
1721 1172 1852 1227 ﬁlim
1876 1190 1992 1230 suae

338 1255 576 1310 vitanda
597 1255 1062 1324 conversatione;
1083 1258 1247 1314 vobis
1276 1260 1730 1317 admonentibus
1760 1261 1994 1318 obedire

341 1343 653 1412 distulerit,
677 1361 712 1399 a
739 1350 929 1401 vestro
954 1346 1204 1420 collegio
1227 1349 1768 1406 excommunicatus
1800 1352 1995 1407 absce-

339 1432 457 1486 dat.
491 1435 651 1500 Quod
683 1434 733 1488 si
769 1435 825 1488 in
859 1435 968 1491 hoc
999 1442 1312 1492 contumax
1339 1439 1530 1494 adhuc
1570 1442 1924 1512 apparuerit,
1959 1459 1992 1496 a

340 1522 669 1579 ministerio
703 1540 931 1580 cessare
962 1525 1215 1581 debebit.

1023 1668 1312 1725 CXXVIII.

976 1775 1048 1812 AD
1088 1775 1348 1814 EUMDEM.

979 1857 1164 1926 (Anno
1199 1857 1346 1929 867.)

2109 639 2299 710 privat
2326 641 2560 713 proprio
2589 643 2799 715 gradu.

2838 741 3043 797 CXXX.

2747 857 2819 894 AD
2851 857 3116 896 EUMDEM.

2746 938 2935 1007 (Anno
2965 940 3117 1011 867.)

2102 1032 2166 1086 Si
2195 1033 2351 1089 homo
2398 1035 2605 1106 aliquis
2649 1035 2784 1091 duas
2832 1037 3149 1163 spZitpales
3193 1047 3517 1096 commatres
3567 1041 3753 1098 habere

2833 1124 2902 1162 va
2956 1126 2987 1162 a
3015 1148 3029 1163 .

2833 1124 3029 1164 vateat.

2731 1205 2868 1276 [Ivo,
2903 1223 2941 1272 ι,
2976 1207 3120 1275 437.]

2172 1306 2458 1364 NICOLAUS
2496 1313 2787 1366 SOLOMONI
2817 1311 3246 1370 Constantiensi
3280 1316 3578 1389 episcopo.

2172 1395 2516 1453 Sciscitatur
2537 1416 2570 1454 a
2589 1400 2758 1455 nobis
2779 1403 3264 1459 sanctitasvestra
3280 1405 3326 1460 si
3346 1405 3566 1478 aliquis
3582 1407 3753 1463 homo

2101 1484 2247 1539 duas
2275 1486 2567 1556 spiritales
2588 1494 2940 1546 commatres
2971 1491 3185 1547 habere
3208 1492 3603 1562 valeat,unam
3629 1503 3755 1568 post

2099 1571 2365 1628 alteram.
2399 1575 2460 1629 In
2495 1592 2608 1647 quo
2666 1577 3000 1634 fraternitas
3043 1583 3144 1635 tua
3194 1581 3540 1639 meminisse
3585 1585 3754 1641 debet

2097 1661 2383 1733 scriptum
2432 1680 2562 1720 esse
2596 1681 2608 1720 :
2637 1669 2824 1722 Erunt
2870 1667 2978 1724 duo
3026 1670 3086 1723 in
3131 1686 3298 1726 came
3334 1689 3448 1727 una
3477 1673 3635 1739 (Gen.
3669 1675 3748 1744 ιι).

2099 1750 2304 1821 Itaque
2334 1767 2468 1807 cum
2501 1759 2728 1810 constet
2753 1756 2892 1828 quia
2921 1757 3008 1812 vir
3037 1762 3094 1812 et
3123 1775 3268 1814 uxor
3315 1778 3434 1816 una
3483 1779 3621 1818 caro
3651 1778 3752 1835 per

2097 1840 2456 1896 connubium
2489 1842 2841 1912 efﬁciuntur,
2859 1850 3039 1901 restat
3069 1846 3347 1904 nimirum
3379 1851 3572 1906 virum
3598 1869 3745 1907 com-

335 1952 590 2023 Episcopo
617 1951 961 2025 inﬁrmitate,
984 1955 1100 2008 nisi
1125 1953 1190 2009 de
1218 1955 1318 2008 hac
1345 1955 1459 2009 vita
1486 1958 1829 2025 migraverit,
1849 1960 1989 2015 alter
2017 1924 2064 1989 Β
2096 1930 2318 2025 patrem
2352 1935 2629 1986 conatum
2663 1932 2746 1988 ¹¹¹¹
2779 1933 3007 1990 mulum
3039 1953 3133 1991 om
3163 1953 3220 1990 m
3256 1942 3637 1996 matr'momo
3667 1958 3751 1997 θ’θ’

403 2039 514 2148 Ξὲἶι
539 2023 924 2093 substituatur,
958 2042 1030 2079 ne
1077 2027 1352 2082 commissi
1397 2023 1592 2082 talenti
1633 2023 1986 2099 pulchritudo

491 2103 666 2148 eatur.

491 2103 666 2150 eatur.

403 2216 686 2272 NICOLAUS
712 2219 1027 2274 ADAmeo
1057 2219 1386 2277 Juvaviensi
1421 2221 1874 2298 archiepiscopo.

405 2304 711 2361 Pontiﬁces
739 2306 838 2378 qui
870 2306 1068 2379 aliqua
1115 2315 1473 2380 occupantur
1520 2311 1857 2370 infirmitate
1897 2315 1980 2371 vel

331 2392 696 2464 aegritudine,
731 2395 1042 2466 abjiciendi
1076 2414 1190 2452 non
1224 2403 1383 2465 sunt,
1419 2417 1525 2456 nec
1551 2400 1701 2457 alios
1749 2403 1810 2457 in
1857 2403 1981 2460 loco

329 2496 533 2536 eorum
565 2483 890 2538 consecrari
924 2489 1172 2556 oportet,
1216 2485 1329 2543 nisi
1357 2503 1425 2542 ex
1454 2487 1565 2544 hac
1594 2490 1813 2547 fuerint
1852 2491 1982 2548 luce

329 2569 636 2626 subtracti.
671 2573 833 2637 Quod
866 2573 914 2627 si
947 2574 1017 2628 de
1051 2574 1375 2630 ministerio
1405 2577 1516 2632 sibi
1548 2593 1823 2634 concesso
1843 2597 1980 2636 con-

320 2664 674 2729 queruntur,
700 2678 828 2733 qua;
859 2660 1017 2717 licita
1043 2667 1183 2718 sunt
1208 2667 1544 2722 sacerdotes
1591 2667 1878 2740 expleant.
1912 2675 1978 2726 In

327 2745 419 2803 his
443 2764 577 2804 vero
609 2766 736 2821 quae
780 2748 864 2806 eis
911 2768 1263 2823 prmsumere
1309 2771 1425 2810 non
1469 2754 1620 2823 licet,
1652 2756 1977 2814 vicinorum

324 2853 513 2908 usque
542 2839 614 2893 ad
667 2841 1125 2912 recuperandam
1177 2843 1490 2899 sanitatem
1540 2845 1972 2920 episcoporum,

325 2923 540 2981 auxilia
598 2927 1020 3000 subrogentur;
1051 2935 1108 2986 et
1153 2930 1261 2986 hoc
1305 2949 1439 2987 cum
1486 2934 1723 2989 cautelae
1783 2938 1976 2992 studio

324 3019 658 3087 peragatur,
685 3033 756 3072 ne
787 3034 890 3090 per
918 3020 1284 3075 necessitatis
1307 3022 1670 3078 occasionem
1699 3042 1976 3096 presum-

324 3101 540 3173 ptionis
569 3105 816 3176 pullulet
836 3106 1098 3163 ambitio.
1115 3109 1384 3182 Episcopi
1405 3128 1538 3167 vero
1560 3112 1658 3184 qui
1690 3113 1975 3171 Dominici

319 3191 515 3262 gregis
539 3201 932 3267 susceperunt
963 3214 1164 3253 curam
1199 3203 1373 3270 atque
1395 3199 1872 3270 sollicitudinem,
1901 3205 1972 3260 ab

320 3279 833 3339 administratione
872 3302 1074 3341 eorum
1125 3285 1421 3343 discedere
1471 3307 1584 3352 non
1631 3296 1874 3363 oportet,
1910 3297 1976 3348 ut
2003 3290 2046 3359 C

319 3370 540 3442 accepti
569 3370 770 3426 talenti
805 3373 1177 3444 pulchritudo
1209 3392 1323 3430 non
1351 3375 1636 3446 deleatur,
1671 3381 1772 3436 sed
1793 3387 1973 3438 certa-

320 3457 477 3513 mine
503 3475 704 3515 eorum
737 3459 1055 3517 salubriter
1084 3468 1366 3536 augeatur
1396 3469 1454 3520 et
1482 3466 1826 3538 triplicetur.

1028 3585 1256 3642 CXXIX.

457 3696 530 3733 AD
563 3696 905 3738 SALOMONEM
934 3699 1257 3740 EPISCOPUM
1296 3703 1818 3748 CONSTANTIENSEM.

673 3779 1112 3852 Fragmentum.
1146 3815 1215 3824 —
1243 3787 1433 3852 (Anno
1459 3789 1612 3857 867.)

313 3873 466 3943 Quod
491 3891 647 3932 nemo
671 3877 1045 3962 damnandus.
1067 3883 1140 3936 sit
1343 3893 1532 3955 sponte
1562 3892 1852 3959 con/assus,
1884 3891 1967 3946 vel

844 3967 1018 4007 canon
1025 3967 1102 4007 tce
1131 3963 1430 4010 convictus.

929 4050 1069 4122 [Ivo,
1101 4069 1177 4118 vn,
1213 4054 1359 4126 122.]

379 4171 650 4229 NICOLAUS
689 4173 970 4231 SALouom
1001 4175 1432 4235 Constantiensi
1463 4183 1753 4256 episcopo.

379 4259 688 4333 Presbyter
701 4263 790 4318 vel
811 4263 1093 4320 diaconus
1115 4284 1288 4339 quem
1307 4271 1522 4326 asseris
1543 4272 1792 4329 crimina
1808 4275 1961 4332 nolle

306 4347 539 4420 publice
574 4351 857 4419 conﬁteri,
900 4354 1000 4409 sed
1033 4354 1177 4412 velle
1208 4374 1342 4413 cum
1369 4368 1736 4419 sacramento
1767 4365 1960 4421 defen-

303 4437 440 4492 dere
463 4443 610 4506 se,et
637 4443 833 4497 tamen
857 4448 1060 4499 notum
1093 4451 1183 4501 est
1210 4447 1482 4521 episcOpo
1509 4467 1639 4506 esse
1663 4451 1862 4509 scelus
1885 4456 1957 4511 ab

303 4525 430 4598 ipso
462 4533 1004 4601 perpetratum,non
1037 4538 1227 4606 potest
1257 4553 1360 4608 per
1389 4536 1647 4609 aliquam
1680 4543 1957 4612 poeniten-

2096 2022 2333 2087 sumpta
2363 2036 2509 2074 uxor
2535 2027 2859 2078 commater
2883 2039 3011 2079 esse
3049 2024 3356 2081 videbatur
3386 2045 3400 2084 :
3433 2032 3494 2084 et
3539 2029 3749 2085 idcirco

2092 2104 2230 2161 licet
2261 2107 2450 2164 virum
2483 2108 2566 2163 illi
2601 2111 2829 2166 feminae
2862 2130 2978 2168 non
3010 2131 3182 2186 posse
3219 2117 3394 2190 juugi
3443 2117 3504 2172 in
3543 2119 3753 2191 copula

2093 2210 2220 2265 quae
2251 2202 2575 2254 commater
2603 2205 2727 2255 erat
2757 2202 2907 2273 ejus,
2934 2219 3068 2258 cum
3101 2219 3218 2274 qua
3247 2204 3405 2260 idem
3429 2223 3551 2263 una
3568 2206 3754 2264 fuerat

2092 2299 2225 2339 caro
2256 2286 2519 2344 effectus.

2803 2387 3030 2445 CXXXI.

2729 2503 2801 2541 AD
2841 2503 3105 2544 EUMDEM.

2446 2583 2884 2656 Fragmentum.
2919 2618 2985 2627 —
3018 2587 3202 2659 (Anno
3234 2590 3383 2661 867.)

2202 2677 2275 2732 De
2301 2680 2620 2749 pwnitentia
2647 2683 3064 2753 parricidarum
3092 2693 3142 2742 et
3173 2688 3630 2744 incestuosorum.

2706 2779 2846 2847 [lvo,
2879 2797 2934 2848 x,
2970 2781 3114 2850 485.]

2156 2871 2444 2930 Nicouws
2483 2876 2778 2932 Sonomom
2806 2881 3233 2938 Constantiensi
3261 2882 3561 2955 episcopo.

2155 2961 2397 3018 Constat
2427 2964 2770 3036 parricidas,
2805 2967 3152 3036 fratricidas,
3186 2975 3244 3026 et
3272 2970 3641 3028 incestuosos
3671 2973 3737 3029 de

2085 3050 2298 3121 quibus
2345 3053 2603 3108 consulis
2636 3059 2834 3110 utrum
2889 3058 3118 3129 possint
3145 3060 3420 3134 conjugio
3451 3061 3732 3134 copulari,

2082 3139 2483 3210 paenitentiam
2505 3159 2697 3213 agere,
2713 3147 2770 3199 et
2790 3143 2919 3200 ideo
2941 3163 3057 3201 non
3079 3163 3252 3219 posse
3273 3149 3496 3204 carnali
3517 3149 3734 3222 copulae

2075 3228 2269 3300 jungi.
2303 3231 2456 3293 Quos
2487 3237 2715 3302 oportet
2745 3233 2803 3286 in
2835 3234 3104 3290 castitate
3129 3237 3404 3293 omnibus
3445 3238 3575 3293 vita:
3619 3256 3734 3294 sua

2082 3333 2444 3389 permanere,
2479 3319 2693 3375 mentis
2743 3325 2800 3376 et
2847 3323 3127 3396 corporis,
3169 3331 3397 3381 servata
3455 3328 3735 3383 duntaxat

2079 3411 2316 3478 propter
2346 3407 2808 3466 misericordiam
2838 3410 3017 3466 etiam
3049 3413 3204 3468 circa
3234 3413 3340 3470 bos
3371 3415 3527 3471 beati
3575 3434 3730 3490 papa:

2081 3493 2290 3550 Leonis
2320 3494 2598 3552 vicesima
2628 3503 2838 3570 quarta
2866 3499 3253 3557 Decretalium
3281 3503 3503 3576 regula.

2778 3624 3026 3682 CLXXII.

2200 3735 2269 3773 AD
2309 3735 2710 3777 SOLANiTANUM
2738 3723 2823 3778 vet
2853 3739 3231 3781 SOLEMONlU-M
3261 3742 3610 3784 EPISCOPUM.

2434 3819 2871 3892 Fragmentum.
2905 3852 2972 3862 —
3003 3822 3191 3894 (Anno
3221 3825 3375 3893 867.)

2705 3918 2844 3989 [Ivo,
2881 3935 2923 3987 ι,
2957 3920 3102 3989 136.]

2143 4019 2432 4077 NICOLAUS
2463 4022 2793 4081 Sonmomo
2824 4025 3116 4099 episcOpo.

2142 4109 2324 4164 Nosse
2355 4110 2652 4167 desideras
2686 4117 2884 4169 utrum
2919 4115 3131 4171 mulier
3159 4134 3288 4189 quae
3311 4117 3419 4174 viri
3452 4119 3637 4176 ﬁlium
3657 4137 3722 4176 ex

2072 4195 2186 4252 alia
2217 4196 2338 4253 ﬁlia
2366 4199 2634 4271 genitum
2667 4202 2738 4258 de
2769 4219 2935 4259 sacro
2966 4204 3122 4260 fonte
3151 4205 3450 4274 levaverit,
3476 4214 3726 4280 postmo-

2069 4286 2210 4340 dum
2243 4288 2430 4358 possit
2454 4305 2588 4344 cum
2638 4291 2844 4346 eodem
2895 4291 3018 4348 viro
3062 4293 3366 4367 copulari?
3396 4297 3551 4361 Quos
3600 4299 3725 4354 ideo

2059 4375 2232 4448 jungi
2257 4392 2427 4447 posse
2457 4378 2847 4449 decernimus,
2882 4382 3021 4454 quia
3049 4385 3374 4441 secundum
3408 4403 3608 4443 sacros
3638 4405 3720 4442 ca-

2068 4480 2250 4519 nones
2283 4465 2397 4520 nisi
2448 4468 2759 4523 amborum
2809 4486 3099 4527 consensu
3144 4472 3370 4529 nullius
3423 4473 3724 4548 religionis

2065 4552 2304 4608 obtentu
2338 4554 2509 4610 debet
2537 4558 2666 4628 conj
2677 4573 2750 4611 ux
2778 4557 3074 4616 dimittere
3105 4562 3437 4635 conjugem.
3473 4563 3727 4620 Pertinet

297 4615 442 4724 tiara
466 4619 810 4719 sacerdotali
831 4620 922 4724 vel
948 4621 1454 4724 diaconalinofﬁcio
1487 4627 1690 4724 potiri.
1703 4629 1815 4685 Sed
1845 4634 1956 4689 mi-
1987 4660 2032 4724 Ι)
2063 4646 2259 4697 autem
2293 4643 2365 4698 ad
2392 4643 2602 4716 ingens
2635 4615 2832 4702 uxoris
2863 4647 3129 4717 exitium,
3150 4615 3566 4722 qu'aaoliabens—
3587 4615 3721 4708 odio

301 4704 628 4772 randum,si
645 4707 771 4779 ipse
782 4710 1088 4765 confessus
1103 4727 1216 4765 non
1235 4711 1732 4783 fuerit,quomodo
1751 4724 1952 4779 notum

299 4793 485 4863 possit
513 4811 642 4851 esse
671 4796 942 4868 episcopo
992 4797 1187 4854 scelus
1235 4799 1306 4853 ab
1357 4799 1484 4870 ipso
1532 4809 1951 4880 perpetratum,

299 4879 412 4934 nisi
443 4887 780 4939 accusatore
811 4885 955 4939 forte
987 4885 1197 4940 idoneo
1228 4902 1331 4957 per
1358 4891 1540 4945 testes
1572 4891 1810 4951 idoneos
1851 4879 1950 4972 apé

294 4969 596 5038 probante.
615 4971 777 5027 Unde
799 4972 847 5025 si
879 4974 1251 5030 examinante
1273 4976 1544 5050 episcopo
1567 4997 1805 5040 causam
1829 4969 1952 5058 pre-

294 5057 506 5130 sbyteri
538 5061 626 5115 vel
661 5059 913 5128 diaconi,
934 5078 1044 5116 non
1081 5062 1253 5117 fuerit
1274 5080 1376 5135 per
1399 5067 1635 5124 testium
1669 5057 1950 5145 approba-

289 5145 508 5203 tionem
539 5148 634 5203 ille
669 5149 972 5220 presbyter
1001 5150 1085 5204 vel
1119 5149 1400 5209 diaconus
1451 5156 1598 5214 forte
1627 5164 1944 5233 convictus,

292 5250 404 5290 non
438 5241 528 5291 est
557 5235 752 5291 scelus
785 5235 1056 5308 episcopo
1083 5237 1340 5312 legitime
1362 5245 1941 5322 manifestatum,nisi

289 5324 592 5397 presbyter
611 5323 698 5378 vel
717 5323 1002 5381 diaconus
1026 5344 1135 5382 sua
1159 5334 1362 5402 sponte
1385 5333 1576 5392 scelus
1595 5338 1790 5410 ipsum
1811 5359 1943 5400 con-

288 5411 540 5468 ﬁtentur.
563 5412 729 5478 Quod
764 5411 876 5466 nisi
909 5413 1370 5485 fecerit,interim
1406 5440 1519 5480 non
1542 5426 1812 5486 videmus
1835 5449 1940 5489 suo

286 5500 498 5590 debere
547 5500 949 5574 presbyterum
976 5506 1064 5562 vel
1115 5507 1428 5568 diaconum
1471 5514 1666 5572 ofﬁcio
1701 5519 1935 5590 privari.

287 5585 422 5640 Sola
447 5603 582 5658 ergo
613 5594 930 5659 spontauea
960 5597 1270 5665 confessio,
1294 5604 1352 5656 et
1381 5585 1937 5666 canonicus—nume-

283 5688 391 5730 rus
418 5671 506 5728 vel
549 5676 805 5748 qualitas
845 5685 1109 5757 testium,
1135 5687 1581 5748 decernentibus
1622 5694 1933 5773 episcopis,

2062 4729 2250 4785 virum
2277 4731 2367 4787 vel
2408 4732 2811 4789 inﬁrmitatem
2843 4735 2973 4806 ejus
3003 4753 3117 4792 non
3137 4738 3719 4812 considerans,quasi

2062 4835 2240 4874 causa
2268 4820 2505 4892 pietatis
2536 4826 2812 4894 operatur
2834 4823 3198 4896 impietatem
3233 4843 3245 4881 :
3280 4828 3535 4884 maxime
3583 4846 3717 4885 cum

2060 4909 2359 4981 praecipiat
2385 4910 2700 4982 Apostolus
2735 4928 2748 4967 :
2783 4914 2986 4981 Notite,
3021 4914 3317 4987 inquiens,
3338 4918 3608 4988 fraudare
3640 4922 3719 4974 in-

2057 4998 2379 5064 vicem,nise
2407 5015 2478 5054 ex
2499 5016 2762 5055 consensu
2791 5002 2862 5056 ad
2892 5011 3100 5075 tempus
3133 5011 3194 5060 ut
3221 5008 3419 5063 vacetis
3438 5009 3715 5064 orationi:

2054 5093 2106 5140 et
2137 5088 2333 5142 iterum
2354 5089 2701 5144 revertimini
2720 5091 2780 5144 in
2801 5090 3138 5163 idipsumme
3157 5102 3322 5151 tentet
3340 5113 3430 5152 vos
3457 5097 3713 5166 Satanas,

2047 5183 2270 5246 pr0pter
2301 5179 2760 5233 incontinentiam
2787 5189 3023 5236 vestram
3051 5185 3101 5250 (Ι
3126 5184 3248 5239 Cor.
3299 5188 3417 5252 vn).
3471 5185 3624 5258 Ergo
3664 5184 3711 5240 si

2052 5281 2167 5318 non
2199 5281 2266 5319 ex
2296 5282 2584 5321 consensu
2619 5268 2928 5341 utriusque
2959 5272 3227 5345 conjugis
3258 5272 3368 5330 hoc
3407 5290 3538 5330 esse
3589 5275 3710 5330 fac-

2051 5356 2178 5406 tum
2211 5354 2512 5424 probatur,
2548 5372 2661 5411 non
2693 5357 3040 5414 fraudentur
3068 5359 3339 5430 invicem,
3371 5363 3477 5418 sed
3527 5380 3710 5418 rever-

2049 5444 2250 5497 tantur
2281 5443 2341 5497 in
2372 5443 2632 5516 idipsuvm
2659 5461 2671 5499 :
2698 5447 3023 5517 pressertim
3072 5466 3207 5504 cum
3257 5450 3415 5506 dicat
3455 5456 3709 5523 Aposto-

2049 5529 2146 5585 lus
2171 5547 2183 5585 :
2215 5530 2365 5586 Uxor
2383 5534 2476 5587 sui
2502 5535 2747 5605 corporis
2773 5544 3091 5607 potestatem
3118 5556 3230 5595 non
3259 5539 3439 5609 habet,
3470 5541 3562 5596 sed
3593 5542 3707 5607 vir;

2048 5618 2132 5674 sic
2151 5621 2241 5674 vir
2252 5629 2569 5692 potestatem
2599 5639 2706 5678 non
2749 5623 2908 5681 habet
2933 5628 3026 5682 sui
3065 5630 3331 5702 corporis,
3361 5628 3456 5687 sed
3504 5630 3706 5687 malia-

2045 5706 2246 5786 (ibid).
