3894 6218
40 526 195 585 H29

200 766 276 803 AD
316 763 635 802 RODULFUM
675 763 1152 803 ARGENTINENSEM
1190 765 1536 804 EPISCOPUM.

407 836 843 908 Fragmentum.
878 866 946 875 --
976 838 1162 904 (Anno
1191 838 1339 907 867.)

364 926 441 980 De
468 923 703 994 quodam
738 924 1032 979 matricida
1066 927 1378 995 pamitente.

559 1012 747 1084 [Apud
782 1013 992 1078 Mansi,
1026 1013 1187 1085 ibid.]

106 1120 407 1175 NICOLAUS
437 1118 768 1191 episcOpus,
801 1135 1003 1174 servus
1034 1135 1332 1175 servorum
1378 1120 1506 1187 Doi,
1541 1137 1697 1176 reve-

38 1208 386 1264 rentissimo
416 1210 473 1262 et
501 1206 873 1262 sanctissimo
904 1207 1174 1264 Roouu‘o
1195 1208 1463 1280 episcopo
1485 1212 1698 1264 sanetae

39 1295 491 1369 Argentinensis
524 1295 808 1351 Ecclesiae.

109 1387 270 1441 Dum
304 1386 376 1441 de
423 1385 714 1440 universis
762 1385 967 1440 mundi
1020 1386 1287 1457 partibus
1333 1387 1697 1442 credentium

41 1475 286 1548 agmina
304 1474 586 1546 principis
612 1473 1010 1545 apostolorum
1037 1474 1344 1532 liminibus
1367 1480 1697 1548 properant,

40 1562 291 1634 quidam
315 1562 405 1617 vir
432 1562 670 1618 nomine
701 1561 922 1617 Thotar
949 1562 1125 1630 venit,
1151 1569 1355 1619 vestrae
1387 1564 1699 1620 beatitudi-

40 1653 131 1707 nis
163 1650 481 1725 epistolam
505 1666 919 1723 gerens,quam
945 1656 1142 1707 nostro
1162 1652 1409 1729 contulit
1430 1653 1702 1726 praesula-

40 1740 150 1809 tui,
188 1741 366 1812 cujus
399 1739 670 1812 paginam
703 1738 1065 1811 perlegcntes
1114 1741 1483 1797 matricidam
1531 1741 1699 1797 illum

41 1846 174 1885 esse
204 1827 735 1901 cognovimus.Quo
757 1829 905 1884 facto
929 1829 1130 1885 multis
1151 1830 1385 1886 ﬂetibus
1407 1830 1703 1903 lacrymis-

40 1935 159 1990 que
196 1915 455 1989 profusis
484 1915 649 1972 valde
695 1916 1015 1984 doluimus,
1045 1917 1262 1975 idcirco
1310 1920 1700 1992 praecipimus,

44 2012 101 2061 et
134 2008 383 2061 Patrum
416 2004 708 2061 almorum
733 2006 998 2063 censuris
1029 2007 1438 2074 statuimus,ut
1457 2010 1566 2064 sub
1590 2028 1703 2081 pm-

44 2095 311 2151 nitentiae
333 2095 479 2167 jugo
512 2099 886 2166 permaneat;
919 2094 1001 2151 ita
1031 2101 1095 2150 ut
1126 2114 1228 2168 per
1255 2114 1438 2152 unum
1481 2115 1703 2153 annum

47 2183 365 2240 ecclesiam
398 2200 511 2239 non
544 2182 927 2256 ingrediatur,
961 2184 1061 2240 sed
1109 2191 1244 2241 ante
1275 2186 1425 2242 fores
1454 2186 1705 2257 basilica:

46 2279 218 2329 stans
251 2287 522 2338 orans,ac
554 2272 875 2343 deprecans
903 2272 1083 2328 Deum
1108 2275 1710 2347 perseveret,qualiter

46 2367 215 2418 tanto
248 2361 535 2434 eripiatur
563 2360 1123 2433 piaculo.Completo
1145 2379 1278 2419 vero
1300 2364 1438 2418 anni
1470 2364 1708 2433 circulo,

45 2450 392 2506 introeundi
439 2449 499 2504 in
551 2449 857 2505 ecclesiam
905 2450 1200 2507 licentiam
1248 2451 1479 2520 habeat,
1512 2457 1709 2509 tamen

46 2540 207 2595 inter
236 2538 546 2595 audientes
579 2542 709 2606 stet,
744 2542 800 2594 et
830 2541 1091 2595 nondum
1124 2541 1709 2597 communicet.Com-

47 2628 228 2701 pletis
261 2632 459 2683 autem
490 2627 668 2683 trium
698 2644 988 2683 annorum
1019 2629 1327 2685 curriculis
1361 2648 1535 2686 sacra:
1558 2648 1711 2687 com-

52 2716 366 2773 munionis
398 2716 478 2771 illi
498 2716 688 2789 gratia
710 2718 1423 2776 concedatur.0blationes
1444 2737 1575 2775 vero
1595 2738 1709 2776 non

48 2805 408 2875 offerat,nisi
428 2810 739 2879 postquam
760 2806 1008 2862 aliorum
1031 2813 1251 2879 septem
1276 2826 1563 2864 annorum
1589 2826 1713 2863 cur-

50 2895 250 2951 ricula
270 2893 702 2967 expleantur.ln
719 2894 813 2951 his
830 2900 1027 2950 autem
1046 2895 1321 2952 omnibus
1344 2897 1515 2953 annis
1537 2903 1713 2969 atque

46 2982 426 3058 temporibus
449 2971 683 3039 carnem
702 3000 816 3039 non
836 2985 1279 3053 manducet,nec
1296 2986 1497 3041 vinum
1514 2987 1714 3041 bibere

51 3075 407 3145 praesumat,
437 3072 692 3144 exceptis
723 3072 887 3127 festis
917 3072 1124 3129 diebus
1155 3079 1329 3145 atque
1368 3074 1710 3139 Dominicis,

50 3166 110 3217 et
142 3179 180 3218 α
210 3160 441 3216 Pascha
481 3177 669 3232 usque
712 3162 782 3240 ad
837 3160 1243 3230 Pentecosten;
1278 3166 1335 3217 et
1363 3179 1714 3235 quocunque

46 3252 138 3306 ire
173 3249 434 3305 voluerit
464 3249 624 3304 nullo
654 3248 919 3305 vehiculo
950 3251 1293 3318 deducatur,
1328 3253 1429 3306 sed
1468 3252 1717 3323 pedibus

49 3338 675 3411 proficiscatur.Arma
706 3355 820 3393 non
853 3343 1050 3394 sumat
1079 3339 1192 3394 nisi
1215 3344 1416 3396 eontra
1436 3357 1712 3413 paganos.

1259 527 1667 590 EPISTOLIE
1709 528 1810 589 ET
1854 526 2239 590 DEGRETA.

1720 662 1773 728 Α
1803 660 1884 715 ita
1913 658 2227 715 ridiculum
2259 662 2348 713 est
2394 662 2451 713 et
2494 656 2911 713 inconveniens
2961 655 3236 712 clericum
3288 674 3455 715 arma

3302 527 3457 588 “30

1808 749 2113 805 sustollere
2143 753 2199 804 et
2229 749 2302 803 ad
2335 745 2487 803 bella
2516 748 2846 819 procedere,
2880 763 3015 801 cum
3047 746 3262 801 Paulus
3292 764 3457 816 egre-

1805 840 1939 912 gius
1972 838 2314 911 praedicator
2342 838 2497 892 dicat
2528 854 2541 891 :
2576 838 2739 891 Nemo
2768 838 3018 891 militans
3064 837 3170 890 Dco
3212 837 3461 906 implicat

1806 944 1863 983 se
1886 928 2118 996 negotiis
2145 927 2509 984 saecularibus
2540 927 2613 993 (II
2645 927 2777 980 Tim.
2815 942 2873 991 ιι,
2908 924 2994 996 4);
3030 940 3096 979 ac
3127 922 3210 979 sic
3234 923 3455 995 liquido

1804 1033 1973 1071 versa
2000 1016 2143 1082 vice,
2179 1031 2351 1070 nemo
2382 1014 2646 1069 militans
2669 1013 2889 1068 mundo
2917 1012 3180 1085 implicat
3202 1028 3459 1084 se-nego-

1807 1105 1906 1160 tiis
1937 1103 2364 1177 spiritualibus.

2509 1217 2758 1274 CXXXV.

1940 1328 2013 1366 AD
2054 1326 2310 1366 ELECTUM
2349 1326 2417 1363 ετ
2454 1325 2681 1363 CLERUM
2723 1324 2995 1363 NONENSIS
3034 1324 3327 1362 ECCLESL‘E.

2165 1400 2605 1470 Fragmentum.
2639 1428 2707 1436 —
2738 1399 2923 1465 (Anno
2954 1398 3103 1465 867.)
3260 1398 3265 1403 ’

1806 1486 1937 1543 Sine
1966 1496 2100 1542 nutu
2133 1487 2275 1543 sedis
2295 1486 2607 1558 apostolica?
2635 1486 2861 1541 ecclesia
2890 1501 2999 1541 non
3025 1486 3179 1542 debet
3219 1487 3456 1542 institui.

2194 1573 2477 1647 [Gratian.
2515 1574 2580 1629 D.
2616 1591 2698 1643 III,
2732 1574 2790 1629 d.
2828 1575 2877 1641 1,
2911 1590 2960 1630 c.
2992 1576 3070 1645 8.]

1879 1690 2156 1758 Ecclesia,
2190 1689 2245 1746 id
2281 1696 2371 1747 est
2401 1690 2822 1747 catholicorum
2860 1690 3121 1746 collectio
3170 1691 3460 1764 quomodo

1809 1780 1934 1835 sine
1965 1779 2293 1852 apostolicae
2317 1780 2473 1837 sedis
2496 1779 2838 1835 instituetur
2858 1781 3272 1852 nutu,quando
3289 1780 3462 1851 juxta

1808 1885 1973 1923 sacra
2003 1869 2233 1923 decreta
2262 1886 2365 1923 nec
2406 1868 2533 1940 ipsa
2580 1868 2751 1924 debet
2800 1868 3023 1940 absque
3072 1867 3458 1941 prmecptione

1810 1974 1970 2030 papa:
2002 1956 2246 2012 basilica
2276 1956 2497 2011 noviter
2526 1956 2807 2025 construi,
2842 1974 2969 2029 qua:
3002 1957 3190 2029 ipsam
3222 1955 3465 2012 catholi-

1732 2029 1780 2095 Β
1809 2029 2012 2102 corum
2072 2046 2225 2102 intra
2272 2050 2456 2100 semet
2508 2044 2778 2117 amplecti
2826 2050 3115 2101 catervam
3167 2044 3464 2118 dignosci-

1818 2139 1933 2190 tur.

2501 2250 2788 2306 CXXXVI.

2200 2358 2273 2395 AD
2315 2355 2690 2395 RIVOLADRUM
2738 2355 3081 2395 EPISCOPUM.

2461 2429 2647 2500 (Anno
2678 2430 2828 2497 867.)

1817 2522 1889 2576 De
1912 2519 2243 2591 paenitentia
2270 2520 2521 2643 impastis
2569 2518 2825 2643 Wimaqo,
2858 2520 2956 2590 qui
3000 2525 3107 2574 tres
3152 2519 3299 2590 ﬁlios
3344 2534 3470 2574 suos

2517 2605 2757 2644 eremera
2786 2631 2798 2643 .

2161 2678 2349 2750 [Apud
2381 2677 2588 2743 Mansi,
2624 2678 2781 2732 Coac.
2814 2682 2956 2733 tom.
2991 2678 3127 2747 XV.]

1889 2796 2176 2849 NICOIAUS
2206 2794 2535 2865 episcopus,
2570 2810 2772 2849 servus
2807 2809 3106 2848 servorum
3149 2792 3273 2858 Dei,
3307 2809 3468 2849 reve-

1822 2883 2156 2938 rentissimo
2186 2887 2243 2936 et
2273 2882 2647 2937 sanctissimo
2680 2882 3008 2937 RIVOLADRO
3038 2881 3329 2954 episcopo.

1893 2971 2178 3027 Dominici
2212 2970 2406 3043 gregis
2436 2987 2635 3026 curam
2670 2969 2881 3025 cmlesti
2914 2970 3185 3042 dogmate
3231 2969 3464 3040 plenam

1822 3061 1904 3115 ita
1934 3059 2202 3116 convenit
2231 3059 2520 3131 episc0pis
2547 3059 3169 3130 observare,quatenus
3201 3075 3303 3130 pro
3334 3075 3466 3113 sus-

1823 3150 1972 3222 cepti
2002 3148 2167 3204 ovilis
2198 3146 2465 3219 neglectu
2500 3146 2731 3219 aliquod
2764 3146 3086 3218 periculum
3118 3164 3234 3204 non
3268 3146 3472 3201 incur-

1826 3242 1977 3293 rant.
2010 3237 2276 3309 Undique
2308 3237 2523 3292 etenim
2554 3236 2849 3291 venientes
2880 3236 3198 3292 admodum
3230 3233 3470 3306 plurimi

1826 3343 2071 3381 suorum
2105 3325 2428 3381 facinorum
2452 3324 3089 3397 proditores,quantum
3110 3322 3368 3379 dolorem
3389 3321 3474 3376 in-

50 3395 301 3499 :lejunet
331 3432 526 3482 autem
558 3431 674 3483 tres
706 3427 829 3483 dies
854 3445 956 3500 per
985 3428 1412 3484 hebdomadam
1436 3395 1621 3502 usque

1870 3419 2016 3469 :rant
2047 3414 2263 3487 pectori
2295 3418 2515 3483 nostro,
2548 3412 2681 3485 plus
2725 3411 2987 3485 singultu
3018 3410 3471 3479 reminiscimur,

51 3516 450 3588 vesperam.A
465 3515 701 3588 propria
717 3532 783 3571 ac
800 3516 1061 3588 legitima
1078 3516 1314 3588 quidem
1334 3520 1580 3592 conjuge
1602 3537 1718 3575 non

52 3609 394 3678 separetur,
429 3621 500 3659 ne
532 3604 589 3658 in
632 3604 1030 3660 fornicationis
1079 3606 1415 3679 voraginem
1466 3612 1717 3675 corruat,

55 3695 226 3767 quod
264 3711 335 3749 ne
358 3694 460 3748 ﬁat
480 3693 832 3765 optamus.Si
858 3699 1052 3749 autem
1078 3700 1210 3751 ante
1233 3695 1408 3751 trium
1432 3714 1720 3753 annorum

55 3799 312 3838 cursum
348 3781 482 3835 finis
513 3785 638 3836 vitae
670 3781 828 3838 illius
858 3783 1430 3855 oppropinquaverit,
1464 3785 1722 3857 corporis

56 3871 306 3928 Domini
330 3872 515 3927 nostri
536 3872 674 3927 Jesu
699 3872 911 3927 Christi
936 3872 1226 3944 particeps
1244 3875 1343 3929 fiat
1362 3892 1375 3941 ;
1395 3875 1485 3928 sin
1504 3880 1719 3943 autem,

54 3966 123 4017 ut
157 3978 349 4033 supra
376 3960 1032 4028 statuimus,efﬁciatur.
1064 3963 1281 4017 Tamen
1316 3963 1364 4017 si
1399 3962 1557 4018 illius
1587 3980 1723 4018 con-

49 4051 465 4107 versationem
495 4054 551 4105 et
582 4050 800 4105 fontem
833 4050 1226 4124 lacrymarum
1261 4052 1318 4105 in
1351 4052 1627 4107 omnibus
1647 4052 1726 4106 vi-

50 4140 275 4195 deritis
307 4138 534 4216 ﬂoridis
564 4139 897 4195 actionibus
927 4144 983 4194 et
1013 4138 1250 4211 optimis
1291 4139 1565 4211 operibus
1596 4140 1724 4212 pul-

49 4226 606 4294 lulare,bumanius
637 4227 791 4283 circa
819 4245 955 4284 eum
977 4233 1169 4284 vestra
1190 4227 1520 4284 sollicitudo
1545 4229 1728 4300 pervi-

51 4317 139 4391 gil
179 4320 488 4390 appareat,
522 4316 803 4389 mitisque
835 4317 1114 4373 omnibus
1139 4318 1591 4373 demonstretur.
1613 4318 1726 4389 0p-

46 4412 263 4462 tamus
301 4421 404 4460 vos
434 4404 495 4460 in
526 4404 755 4461 Christo
784 4405 933 4462 bene
960 4405 1170 4461 valere.

762 4519 1043 4576 CXXXIV.

276 4627 353 4665 AD
393 4616 731 4666 GUIFREDUM
769 4626 1139 4666 NORINENSEM
1179 4627 1522 4668 EPISCOPUM.

438 4700 876 4772 Fragmentum.
910 4731 977 4740 —-—
1007 4701 1195 4769 (Anno
1226 4702 1375 4773 867.)

382 4791 466 4844 De
493 4788 690 4845 clerico
719 4790 817 4862 qui
838 4806 1120 4862 paganum
1149 4790 1423 4846 occiderit.

593 4886 783 4960 [Apud
817 4886 1026 4956 Mansi,
1063 4887 1175 4942 ibid
1183 4893 1215 4955 .]

133 5002 441 5058 NICOLAUS
472 5001 790 5068 Germano,
827 5001 1175 5058 Morinensis
1201 5002 1467 5059 Ecclesia:
1508 5005 1730 5077 episco-

98 5110 160 5147 0.

98 5110 160 5147 o.

53 5110 93 5165 Ρ
133 5177 441 5235 Clericu‘m
472 5178 575 5251 qui
606 5196 900 5253 paganum
934 5180 1211 5235 occiderit
1242 5198 1355 5236 non
1408 5187 1634 5253 oportet
1663 5184 1733 5238 ad

56 5269 336 5342 gradum
378 5269 662 5339 majorem
713 5269 971 5341 provehi,
1004 5269 1103 5340 qui
1136 5286 1330 5325 carere
1361 5271 1535 5326 debet
1564 5272 1737 5327 etiam

56 5355 708 5429 acquisito.Homicida
733 5357 887 5413 enim
920 5358 1180 5413 est.Nam
1209 5376 1340 5413 cum
1368 5359 1601 5416 discreti
1625 5362 1743 5417 sint

59 5445 307 5501 milites
351 5444 547 5500 saeculi
581 5464 614 5501 a
646 5446 933 5501 militibus
985 5445 1274 5514 Ecclesiae,
1311 5465 1426 5503 non
1478 5450 1745 5505 convenit

59 5534 341 5591 militem
376 5534 644 5590 Ecclesiae
678 5535 887 5591 saeculo
918 5534 1193 5599 militare,
1215 5553 1317 5607 per
1338 5537 1490 5607 quod
1516 5538 1586 5592 ad
1610 5540 1748 5593 etfu-

58 5625 316 5681 sionem
351 5622 660 5695 sanguinis
692 5640 927 5681 necesse
956 5623 1034 5679 sit
1061 5623 1655 5697 pervenire.Denique
1677 5628 1750 5682 si-

60 5716 181 5769 cut
210 5716 392 5782 turpe
425 5727 491 5767 ac
522 5712 920 5784 perniciosum
951 5716 1039 5768 est
1062 5710 1277 5767 laicum
1304 5712 1520 5769 missas
1537 5714 1747 5786 facere,

56 5802 463 5861 sacramenta
494 5801 756 5873 corporis
786 5806 843 5858 et
872 5799 1183 5874 sanguinis
1208 5799 1419 5859 Christi
1444 5818 1509 5859 co

414 5925 678 5990 PATROL.
725 5928 931 5992 CXIX.

1829 3521 2006 3576 quam
2026 3503 2249 3560 calamo
2268 3502 2443 3557 scribi
2460 3502 2821 3573 queat.lnter
2839 3518 2986 3573 quos
3004 3500 3273 3557 videlicet
3294 3499 3473 3556 istum

1828 3593 2159 3648 Wimarum
2191 3591 2263 3646 ad
2296 3591 2689 3662 apostolorum
2712 3590 2919 3668 limina
2940 3590 3248 3646 festinasse
3269 3604 3478 3659 cogno-

1830 3682 2055 3747 scite,et
2086 3679 2435 3753 pcenitentiae
2466 3680 2707 3734 modum
2740 3697 2843 3752 pro
2865 3683 3193 3752 perpetrato
3217 3677 3394 3733 trium
3416 3677 3476 3731 ﬁ-

1831 3770 2044 3825 liorum
2076 3786 2318 3825 suorum
2350 3768 2666 3824 homicidio
2698 3769 2810 3823 sibi
2844 3768 3187 3841 impositum
3211 3766 3482 3822 manifes-

1832 3861 2272 3924 tasse.Quorum
2307 3857 2571 3929 quaedam
2602 3856 3153 3928 temperavimus,eo
3181 3856 3333 3928 quod
3366 3854 3484 3911 suf-

1833 3948 2019 4020 fragia
2048 3946 2449 4020 apostolorum
2485 3944 2766 4017 principis
2797 3944 3106 4000 nutritoris
3139 3943 3323 4000 nostri
3353 3960 3484 4015 pos-

1831 4035 2022 4091 tulare
2054 4037 2255 4091 devote
2284 4033 2596 4089 festinavit.
2620 4033 2765 4087 Nam
2796 4033 3071 4088 eumdem
3103 4033 3172 4087 ad
3204 4031 3357 4087 beati
3388 4048 3480 4086 ar-

1834 4124 2100 4196 changeli
2134 4123 2436 4179 oraculum
2469 4122 2552 4177 ire
2580 4121 2866 4176 volentem
2899 4119 3181 4176 instantia
3200 4119 3483 4191 temporis

1837 4212 2148 4268 revocavit:
2167 4217 2340 4284 atque
2359 4209 2790 4267 constitutionis
2808 4210 2919 4265 sibi
2937 4208 3223 4280 impositae
3241 4209 3483 4263 modum

1836 4300 2232 4356 continentem
2252 4298 2559 4372 epistolam
2579 4303 2779 4354 vestrae
2798 4297 3094 4353 sanctitati
3113 4296 3485 4352 deferendam

1840 4387 2160 4461 apostolica
2182 4388 2514 4444 sollicitudo
2536 4386 2952 4443 transmisit.1n
2974 4403 3043 4442 ea
3063 4385 3378 4459 igitur,hoc
3400 4388 3490 4441 est

1836 4477 1897 4533 in
1930 4476 2151 4543 ista,ita
2180 4481 2470 4533 statutum
2501 4481 2682 4548 est,ut
2712 4475 2939 4531 trienno
2971 4479 3103 4531 ante
3133 4475 3285 4530 fores
3305 4472 3488 4529 eccle-

1840 4567 1937 4623 siae
1970 4581 2074 4638 pro
2105 4566 2358 4637 peccatis
2392 4565 2516 4621 suis
2547 4570 2822 4621 oraturus
2866 4562 3165 4631 consistat,
3194 4567 3253 4618 et
3280 4561 3490 4616 deinde

1838 4654 1991 4711 inter
2015 4653 2312 4709 auditores
2344 4658 2685 4725 permaneat
2715 4652 3099 4727 quadriennio
3124 4669 3137 4706 :
3171 4655 3236 4706 ut
3266 4652 3491 4721 septem

1764 4763 1808 4827 ι)
1841 4759 2129 4801 annorum
2161 4742 2457 4797 curricula
2486 4743 2707 4814 absque
2760 4741 3173 4799 communione
3204 4738 3491 4795 Dominici

1840 4831 2097 4903 corporis
2125 4834 2183 4886 et
2210 4829 2517 4902 sanguinis
2549 4831 2836 4898 ducat,ita
2866 4832 3103 4904 quidem
3135 4832 3199 4884 ut
3217 4825 3493 4883 omnibus

1839 4922 2047 4977 diebus
2078 4920 2204 4974 vitae
2257 4936 2375 4975 suae
2427 4934 2637 4989 panem
2672 4935 2787 4974 non
2820 4921 3170 4987 manducet;
3204 4921 3260 4973 et
3288 4916 3347 4971 in
3379 4915 3490 4971 isto

1839 5009 2143 5082 septennio
2175 5008 2371 5062 vinum
2405 5023 2522 5061 non
2552 5008 2900 5072 sumat,nisi
2934 5010 3140 5065 diebus
3172 5004 3493 5063 Dominicis

1842 5105 1899 5156 et
1930 5097 2308 5154 festivitatum
2339 5114 2353 5150 :
2380 5094 2592 5151 abinde
2623 5094 3049 5166 quinquennio,
3069 5096 3259 5151 tribus
3292 5094 3497 5150 diebus

1845 5206 1948 5261 per
1970 5188 2360 5259 septimanam
2384 5202 2417 5239 a
2439 5184 2571 5238 vino
2594 5182 2981 5249 abstineat,ut
3003 5186 3307 5240 duodecim
3332 5182 3501 5239 annis

1851 5276 2150 5349 quantitas
2183 5272 2530 5346 pmnitentize
2563 5271 2931 5327 extendatur.
2969 5273 3163 5327 Liceat
3192 5273 3389 5345 itaque
3420 5271 3505 5326 illi

1852 5382 2090 5422 uxorem
2125 5361 2417 5436 propriam
2453 5379 2565 5416 non
2599 5361 2884 5427 deserere,
2921 5377 2991 5416 ne
3022 5361 3167 5414 forte
3193 5361 3414 5416 incidat
3444 5361 3505 5415 in

1855 5453 2232 5513 adulterium.
2262 5456 2317 5505 et
2350 5467 2451 5522 pro
2480 5448 2781 5504 occasione
2814 5450 2990 5504 unius
3021 5447 3213 5502 delicti
3246 5449 3506 5519 praecipi-

1856 5547 2014 5599 tetur
2040 5540 2349 5614 fragilitate
2382 5538 2573 5595 carnis
2604 5538 2662 5592 in
2696 5536 3318 5610 pejus.Concessimus
3351 5538 3509 5592 enim

1860 5631 1911 5687 ei
1944 5630 2265 5685 calceatum
2297 5628 2368 5683 ad
2400 5644 2503 5683 vos
2547 5627 2864 5699 pervenire,
2894 5644 2959 5682 ac
3003 5624 3213 5680 deinde
3259 5623 3510 5679 triennio

1863 5717 2281 5775 discalceatum
2315 5716 2398 5771 ire
2429 5715 2659 5785 debere,
2694 5719 2750 5772 et
2776 5714 3140 5773 vestimentis
3188 5712 3515 5768 secundum

1877 5805 2214 5885 qualitatem
2231 5803 2513 5878 temporis
2535 5808 2593 5863 et
2619 5805 2771 5863 aeris
2794 5803 3133 5881 temperiem
3153 5798 3521 5872 indui,atque

3122 5928 3200 5996 36
