3894 6218
190 372 355 447 1145

1414 370 1821 433 EPISTOLIE
1854 369 1964 430 ET
2007 365 2392 429 DECRETA.

3451 360 3609 425 1146

191 505 490 579 frigescat,
523 505 642 561 imo
691 504 853 562 nullo
894 508 1062 579 pacto
1119 508 1411 578 tepescat;
1470 506 1570 560 sed
1628 504 1844 578 potius,
1877 503 1931 570 Α
1964 497 2470 573 scripserimus,in
2491 496 2736 572 epistola
2755 513 2932 571 quam
2950 495 3034 554 eis
3055 493 3609 570 misimus,potestis
3660 528 3665 533 -

194 601 489 668 quantum
518 594 671 651 vires
701 595 931 651 ccelitus
961 594 1182 651 collatae
1215 596 1571 664 ministrant,
1607 597 1848 652 nullate—

196 701 314 738 nus
343 684 395 739 ei
437 700 642 739 nocere
694 701 1044 757 quocunque
1091 684 1323 757 gemina
1356 686 1534 757 [forte,
1569 686 1845 757 genuina,

71 836 109 857 Γ
195 772 411 846 Hann]
433 773 691 829 charitas
709 779 902 829 vestra
925 774 1225 846 permittat
1252 773 1509 846 ingenio,
1526 791 1616 839 ne,
1634 773 1681 829 si
1705 774 1848 830 forte

196 861 525 933 quidquam
547 862 800 918 laesionis
822 862 1114 929 inciderit,
1140 863 1250 935 ipsi
1274 880 1375 935 pro
1391 862 1498 919 illa
1519 863 1578 918 in
1603 863 1849 919 terribili

195 949 396 1004 divino
434 950 659 1022 judicio
691 951 981 1023 cogamini
1032 952 1273 1007 reddere
1320 951 1641 1020 rationem;
1676 955 1846 1025 cujus

195 1056 327 1106 nos,
342 1042 622 1110 tanquam
637 1040 773 1107 Deo,
790 1040 958 1095 sicuti
981 1040 1375 1111 praediximus,
1393 1041 1844 1113 contemplante,

194 1126 363 1182 illam
394 1126 515 1183 vice
546 1128 828 1200 principis
860 1130 1280 1201 apost_olorum,
1309 1131 1478 1201 cujus
1508 1130 1846 1201 praesidium

193 1216 423 1282 ascivit,
450 1216 786 1272 salvandam
818 1218 1047 1273 tuitioni
1082 1219 1507 1274 commisimus.
1545 1220 1627 1273 Ad
1671 1224 1848 1274 extre-

180 1300 366 1360 mum
388 1310 611 1373 vero,et
635 1308 869 1378 quando
901 1308 1018 1378 iam
1042 1307 1203 1362 nulla
1225 1308 1529 1375 securitas,
1554 1312 1609 1363 et
1639 1309 1849 1363 immu-

196 1392 404 1449 nitatis
420 1396 567 1466 ejus,
584 1395 738 1466 quod
756 1400 1055 1468 gementes
1078 1395 1351 1462 dicimus,
1370 1396 1613 1451 inveniri
1637 1398 1849 1469 poterit

195 1483 737 1557 remedium,atque
755 1484 1072 1540 imminens
1095 1485 1205 1541 sibi
1230 1485 1556 1542 certissimo
1578 1487 1849 1558 praevide-

198 1576 302 1627 tur
328 1571 623 1642 interitus,
648 1573 884 1646 recipite
914 1573 1075 1629 illam
1106 1574 1178 1628 ad
1207 1591 1329 1641 vos,
1355 1579 1411 1629 et
1441 1591 1749 1648 quousque
1780 1576 1848 1631 de

196 1676 269 1717 ea
300 1662 456 1733 quod
504 1661 790 1718 Dominus
839 1662 1175 1719 revelaverit
1213 1660 1531 1731 ordinetur,
1566 1665 1624 1719 in
1671 1681 1847 1737 regno

192 1753 392 1805 vestro
425 1751 624 1820 fovete,
650 1768 716 1807 ac
755 1752 805 1807 ei
837 1751 1010 1807 solita
1057 1751 1288 1823 pietatis
1336 1757 1535 1807 vestrae
1569 1754 1850 1809 beneﬁcia

1961 606 2274 662 agnoscere
2299 606 2313 643 :
2348 590 2630 660 cujusque
2658 587 3081 659 transcriptum
3115 585 3410 657 exemplar
3436 603 3609 642 vene-

1957 679 2160 733 randis
2190 678 2554 734 antistitibus
2603 678 2660 731 in
2713 693 2889 748 regno
2919 680 3109 731 vestro
3158 674 3475 729 Ecclesiam
3506 676 3607 730 Dei

1948 767 2423 837 gubernantibus
2453 770 2645 822 vestra
2672 765 2850 820 tribui
2894 764 3079 838 gloria
3112 763 3303 818 faciat.
3331 764 3609 820 Praeterea

1958 872 2256 928 rogamus,
2281 860 2345 910 ut
2375 860 2564 912 vestra
2611 853 2944 910 sublimitas
2972 853 3097 907 sine
3137 852 3295 907 omni
3329 851 3609 908 dilatione

1957 945 2542 1017 praesentem,crebro
2569 942 2709 998 dicti
2742 942 2893 1014 regis
2915 941 3169 997 Lotharii
3202 941 3438 996 nomine
3468 942 3609 995 titu-

1957 1032 2160 1099 latam,
2184 1050 2286 1104 per
2315 1031 2545 1088 ﬁdelem
2579 1049 2643 1086 ac
2686 1031 3029 1102 prudentem
3072 1030 3259 1084 virum
3294 1030 3481 1084 eidem
3513 1030 3609 1085 de-

1960 1122 2176 1177 stinare
2209 1124 2461 1177 maturet
2490 1120 2823 1192 epistolam,
2851 1120 3021 1190 cujus
3052 1118 3347 1190 exemplar
3377 1134 3506 1173 ecce
3528 1118 3612 1174 di-

1958 1208 2193 1265 lectioni
2217 1213 2418 1265 vestrae
2439 1206 2899 1263 transmisimus.
2934 1206 3193 1277 ldipsum
3215 1205 3390 1260 etiam
3415 1222 3517 1261 vos
3539 1206 3608 1261 de

1957 1298 2056 1353 illa
2088 1315 2362 1369 rogamus
2402 1314 2592 1370 agere,
2628 1313 2806 1368 quam
2866 1294 3215 1368 praesulibus
3273 1296 3401 1365 ejus
3446 1294 3607 1367 regni

1957 1387 2416 1442 transmisimus.
2443 1387 2554 1442 Sed
2587 1384 2891 1441 sciendum
2935 1388 3023 1439 est
3061 1381 3338 1455 quoniam
3369 1382 3607 1454 quidam

1957 1477 2185 1531 timoris
2218 1480 2318 1531 aut
2348 1476 2560 1531 favoris
2591 1491 2770 1529 causa
2804 1477 3063 1528 nostram
3098 1471 3395 1544 suscipere
3426 1466 3612 1543 parvi-

1957 1566 2221 1637 pendunt
2269 1564 2617 1638 epistolam:
2653 1563 2892 1636 quidam
2913 1578 3048 1617 vero
3096 1551 3438 1633 suscipiunt
3477 1560 3611 1632 qui-

1958 1654 2112 1719 dem,
2138 1654 2237 1708 sed
2271 1653 2464 1726 palam
2497 1654 2900 1708 demonstrare
2930 1651 3274 1717 formidant;
3308 1647 3398 1705 vel
3431 1649 3609 1705 etiam

1962 1741 2231 1798 Lothario
2255 1741 2479 1814 placere
2500 1741 2777 1808 volentes,
2802 1740 2954 1795 hanc
2976 1738 3222 1794 aliorum
3246 1737 3465 1793 visione
3484 1754 3614 1809 per-

197 1838 533 1896 ministrate
557 1857 570 1894 :
594 1845 652 1896 et
681 1840 761 1895 ita
786 1842 1045 1908 demum,
1071 1840 1119 1896 si
1148 1841 1286 1913 quid
1318 1840 1403 1895 illi
1434 1838 1728 1913 objicitur,
1754 1861 1850 1898 au-
1882 1871 1929 1936 B
1960 1830 2347 1887 niciosissime
2376 1830 2624 1902 privant.
2650 1830 3011 1901 Quapropter
3045 1827 3253 1884 obnixe
3301 1843 3612 1926 precamur

196 1928 471 1984 ctoritate
519 1934 722 1985 nostra
769 1930 1173 2002 praeveniente,
1207 1929 1395 2002 ipsius
1429 1930 1621 1985 aemuli
1652 1948 1851 2004 prose-

197 2021 479 2089 quantur.
505 2018 617 2073 Sed
648 2023 842 2075 notate
883 2018 1161 2091 quoniam
1192 2022 1330 2073 tunc
1377 2018 1499 2075 haec
1549 2020 1672 2075 fieri
1724 2035 1852 2092 per-

200 2105 517 2174 mittimus,
543 2123 677 2163 cum
727 2124 761 2163 a
806 2106 1119 2181 prudentia
1146 2112 1357 2177 vestra,
1378 2107 1468 2163 vel
1517 2125 1719 2163 eorum
1753 2109 1853 2181 qui

199 2195 513 2250 nobiscum
563 2197 821 2268 sapiunt,
844 2196 1007 2253 nulla
1036 2214 1171 2269 spes
1220 2196 1427 2252 salutis
1474 2198 1853 2272 Theutbergae

202 2300 508 2340 remanere
538 2285 862 2357 praescitur.
887 2286 1167 2341 Praeterea
1206 2285 1323 2340 sive
1356 2286 1426 2341 de
1458 2287 1713 2359 conjugii
1750 2288 1855 2341 foe-

207 2372 365 2440 dere,
392 2371 509 2428 sive
539 2373 610 2429 de
641 2373 908 2429 adulterii
941 2372 1183 2429 crimine
1206 2373 1499 2445 judicium
1533 2375 1609 2429 sit
1637 2375 1858 2447 agitan-

207 2461 374 2530 dum,
399 2461 562 2518 nulla
590 2463 737 2518 ratio
776 2464 997 2535 patitur
1023 2463 1451 2535 Theutbergam
1484 2481 1617 2518 cum
1652 2464 1858 2520 Lotha-

207 2550 296 2605 rio
346 2568 515 2622 posse
562 2551 807 2624 legalem
837 2552 985 2607 inire
1018 2551 1475 2620 conﬂictum,vel
1527 2552 1854 2624 legitimum

208 2640 612 2696 controversiae
635 2641 830 2697 subire
860 2646 1173 2707 certamen,
1201 2641 1311 2696 nisi
1344 2641 1507 2713 prius
1530 2642 1600 2696 ad
1625 2646 1856 2713 tempus

205 2728 385 2783 fuerit
416 2746 533 2783 sua:
567 2730 839 2803 potestati
881 2731 1127 2801 reddita,
1156 2734 1213 2786 et
1243 2730 1694 2803 consanguineis
1723 2747 1854 2803 pro-

205 2816 352 2889 priis
374 2817 552 2874 libere
576 2819 813 2875 sociata.
831 2820 987 2875 Inter
1007 2837 1153 2891 quos
1175 2820 1349 2875 etiam
1374 2819 1536 2875 locus
1558 2820 1856 2891 providen-

204 2908 320 2962 dus
341 2911 450 2973 est,
467 2907 524 2961 in
545 2925 658 2979 quo
676 2907 837 2963 nulla
854 2908 1027 2964 sitvis
1045 2908 1444 2965 multitudinis
1462 2909 1852 2977 formidanda,

200 2999 260 3051 et
282 3012 397 3050 non
420 2995 497 3051 sit
518 2996 755 3052 difficile
785 3001 964 3053 testes
996 2996 1435 3069 producere,vel
1466 3001 1701 3053 caeteras
1726 3015 1853 3069 per-

201 3101 547 3157 sonas,quw
574 3089 693 3141 tam
726 3103 757 3141 a
788 3086 1007 3142 sanctis
1043 3086 1386 3152 canonibus,
1411 3103 1589 3158 quam
1622 3104 1656 3141 a
1683 3104 1853 3142 vene-

172 3172 407 3228 ‘randis
433 3173 711 3230 Romanis
730 3174 979 3248 legibus,
999 3174 1056 3229 in
1080 3173 1420 3245 bujusmodi
1445 3175 1854 3231 controversiis

1964 1925 2030 1975 ut
2060 1937 2161 1992 per
2183 1919 2357 1975 talem
2379 1920 2644 1974 eamdem
2666 1918 2971 1990 epistolam
2996 1921 3258 1972 nostram
3277 1916 3467 1970 virum
3483 1916 3610 1986 jam

1963 2008 2286 2079 designatis
2326 2008 2687 2064 antistitibus
2716 2011 2907 2063 vestra
2944 2005 3231 2078 sapientia
3267 2004 3480 2070 mittat,
3507 2003 3609 2075 qui

1964 2097 2282 2168 prudenter
2314 2096 2607 2161 incedens,
2640 2093 2868 2148 nullum
2902 2108 3142 2165 prorsus
3172 2107 3373 2146 eorum
3405 2094 3612 2161 praete-

1964 2189 2107 2252 reat,
2138 2185 2229 2239 cui
2262 2185 2414 2239 hanc
2445 2201 2559 2238 non
2592 2181 2904 2237 tradidisse
2925 2196 3273 2252 quocunque
3294 2179 3468 2234 modo
3499 2177 3613 2233 cla-

1965 2279 2173 2328 rescat.
2197 2278 2319 2340 Quo
2369 2278 2538 2329 caute
2591 2289 2658 2327 ac
2707 2271 3104 2327 indifferenter
3132 2273 3280 2333 acto,
3312 2268 3415 2339 qui
3462 2267 3613 2323 hanc

1966 2363 2308 2435 susceperit,
2330 2362 2418 2417 vel
2451 2378 2567 2417 non
2599 2358 2941 2432 susceperit,
2984 2375 3086 2430 per
3136 2356 3437 2412 charitatis
3485 2373 3612 2411 ves-

1963 2452 2065 2503 trae
2098 2449 2357 2520 legatum
2397 2448 2484 2505 vel
2543 2449 2768 2504 litteras
2820 2447 3088 2520 protinus
3145 2462 3211 2501 ac
3266 2443 3611 2510 certissime,

1965 2539 2064 2593 sed
2098 2538 2347 2610 plcniter
2389 2538 2559 2593 nobis
2607 2537 2906 2610 poscimus
2968 2534 3249 2591 intimari.
3278 2534 3426 2589 Nam
3482 2532 3617 2588 licet

1963 2643 2168 2681 omnes
2198 2625 2481 2697 arguendi
2514 2625 2632 2680 sint
2668 2625 2742 2680 ob
2794 2623 2989 2678 nimiae
3037 2638 3307 2693 soporem
3355 2619 3612 2686 desidiae,

1964 2714 2149 2769 multo
2198 2720 2393 2770 tamen
2454 2714 2535 2768 illi
2589 2713 2845 2769 severius
2902 2711 3240 2783 increpandi
3270 2709 3359 2765 vel
3408 2726 3612 2781 pereu-

1963 2803 2144 2859 tiendi
2175 2804 2525 2870 consistunt,
2551 2803 2648 2875 qui
2684 2802 2854 2856 toties
2884 2800 3058 2856 etiam
3085 2817 3119 2855 a
3144 2799 3314 2854 nobis
3345 2799 3485 2853 moti
3517 2814 3613 2853 ex-

1963 2892 2131 2947 citari
2162 2892 2433 2964 pestifero
2473 2890 2724 2963 torporis
2767 2906 2974 2945 somno
3006 2887 3266 2961 depressi
3294 2886 3610 2957 refugiunt.

1964 2982 2074 3037 Sed
2107 2982 2450 3054 priusquam
2477 2980 2759 3036 veraciter
2786 2979 2891 3034 hos
2924 2993 3341 3050 agnoscamus,
3366 2973 3511 3030 nihil
3542 2974 3615 3029 de

1964 3070 2058 3126 bis
2082 3070 2447 3125 definitivum
2471 3069 2790 3125 deliberare
2813 3084 3054 3140 prorsus
3080 3064 3367 3131 absentia,
3391 3080 3493 3119 seu
3518 3079 3614 3136 po-

1962 3160 2081 3215 tius
2105 3159 2453 3233 ignorantia,
2471 3157 2705 3230 justitia
2724 3153 3614 3228 dictante,permittit.0ptamus

201 3261 602 3334 requiruntur.
619 3242 830 3320 Verum
861 3262 985 3319 haec
1015 3280 1129 3318 non
1160 3242 1228 3319 ut
1259 3264 1401 3319 fiant
1430 3263 1851 3337 decimus,quae
1883 3246 1925 3311 (ἶ
1963 3248 2210 3321 gloriam
2238 3253 2488 3337 W35th
2513 3247 2817 3337 ίῐξαξνίδίο
2844 3247 3077 3337 Πυῇθρθί
3098 3259 3331 3337 item???
3357 3242 3613 3337 δέδηε-π’

200 3350 331 3406 sine
361 3351 591 3408 decreto
621 3351 709 3407 vel
739 3351 1103 3408 ordinatione
1147 3357 1351 3408 nostra
1379 3352 1502 3408 fieri
1536 3370 1651 3407 non
1683 3370 1856 3424 posse

200 3457 386 3512 supra
415 3440 724 3496 docuimus
757 3459 769 3496 :
805 3442 907 3496 sed
939 3446 1003 3495 ut
1031 3442 1413 3497 ostendamus
1443 3458 1618 3513 quem
1654 3441 1851 3514 legum

201 3528 542 3585 conflictum
566 3529 879 3585 Lotharius
903 3530 1177 3603 congredi
1212 3547 1382 3602 posse
1412 3534 1702 3596 autumat,
1718 3547 1851 3585 cum

201 3634 539 3690 personam,
556 3635 730 3690 quam
761 3618 822 3674 in
856 3618 980 3674 suis
1008 3618 1407 3691 penetralibus
1437 3618 1697 3691 quotidie
1718 3619 1856 3675 fati-

199 3710 320 3780 gat,
357 3707 618 3778 quotidie
674 3708 937 3774 conterit,
970 3708 1203 3781 quando
1252 3707 1377 3762 vult
1436 3709 1508 3764 ad
1558 3708 1852 3780 judicium

198 3794 418 3863 educit,
441 3796 675 3867 quando
722 3796 846 3851 vult
898 3797 969 3851 ad
1029 3795 1287 3852 claustra
1335 3796 1579 3863 reducit,
1615 3801 1670 3853 et
1718 3814 1851 3853 cum

197 3885 415 3940 educta
435 3884 628 3952 fuerit,
654 3884 765 3940 nisi
798 3902 865 3940 ea
895 3885 1235 3957 profiteatur
1254 3902 1382 3957 quae
1412 3884 1537 3956 ipse
1567 3902 1853 3957 praecepe-

198 3976 313 4039 rat,
328 3972 464 4046 quis
494 3977 582 4028 est
613 3972 714 4045 qui
745 3973 934 4028 dicere
972 3972 1159 4045 possit
1189 3972 1427 4044 quantis
1468 3972 1639 4028 malis
1670 3974 1850 4029 intro-

197 4061 378 4116 ducta
393 4061 797 4117 submittitur?
814 4062 1047 4134 Pr0prie
1068 4062 1249 4135 igitur
1264 4060 1516 4116 libertati
1535 4061 1849 4130 committi,

197 4152 258 4205 et
288 4150 362 4205 ab
400 4150 560 4204 omni
589 4149 968 4223 oppressione
1018 4167 1084 4206 ac
1142 4152 1426 4222 potestate
1482 4149 1692 4222 ipsius,
1717 4167 1850 4205 cum

197 4255 317 4311 quo
350 4237 531 4293 initur
561 4239 887 4306 conflictus,
912 4242 1138 4311 oportet
1169 4237 1424 4304 liberari,
1449 4241 1620 4310 atque
1644 4238 1702 4293 in
1727 4238 1851 4295 suis

196 4325 444 4382 licenter
472 4327 578 4395 uti,
600 4330 658 4382 et
688 4330 991 4399 suspectas
1040 4324 1333 4398 personas'
1371 4326 1638 4382 convenit
1666 4326 1849 4382 decli-

197 4432 362 4483 nare,
379 4432 505 4487 quze
536 4432 598 4471 se
626 4416 699 4471 ab
720 4415 964 4487 objectis
986 4415 1291 4471 ostendere
1317 4415 1479 4487 cupit
1500 4414 1848 4472 immunem.

194 4504 313 4559 Sed
328 4504 455 4575 jam
477 4507 563 4570 ut,
575 4503 658 4559 ﬁli
677 4504 1043 4570 charissime,
1067 4502 1323 4575 epistolae
1338 4504 1513 4559 tinem
1536 4520 1849 4575 ponamus,

1964 3337 2101 3402 lere,
2116 3336 2493 3392 dilectissime
2517 3335 2616 3391 fili.
2641 3336 2786 3413 Data
2804 3351 2904 3390 vm
2926 3333 3212 3389 Kalendas
3243 3329 3610 3397 Februarias,

1963 3426 2280 3482 indictione
2305 3443 2396 3481 xv.

2679 3521 2908 3577 CXLIX.

2438 3630 2511 3667 AD
2552 3628 2880 3667 L0'l‘HARIUM
2922 3625 3113 3664 REGEM
3122 3651 3134 3663 .

2600 3703 2788 3770 (Anno
2824 3700 2974 3770 867.)

1963 3794 2121 3866 Quod
2157 3792 2482 3863 Theutberga
2530 3791 2693 3866 taedio
2717 3791 3282 3866 _aﬂic_tionum.cor_ztm
3330 3802 3387 3841 se
3437 3787 3615 3856 ipsam

2030 3866 2265 3929 scribat,-
2289 3859 2545 3920 czeterum
2563 3859 2788 3917 dissolvi
2814 3861 2930 3931 ejus
2958 3859 3276 3929 confugium
3305 3874 3413 3931 non
3441 3872 3611 3927 posse,

2031 3939 2146 3992 nisi
2176 3928 2463 3992 Lotharius
2492 3935 2741 3991 caelibem
2765 3928 2971 4004 quoque
2996 3928 3165 3985 vitam
3193 3928 3469 4000 spondeat.

2034 4053 2327 4107 Lornamo
2398 4048 2651 4123 glorioso
2710 4046 2859 4119 [edit.
2920 4046 3097 4112 Rom,
3164 4042 3614 4116 gloriosissimo]

1962 4141 2103 4212 regi.

2030 4228 2265 4296 Audito,
2290 4231 2609 4284 revertente
2641 4226 2822 4282 misso
2854 4227 3075 4290 nostro,
3100 4219 3477 4277 correctionis
3501 4223 3614 4274 tuae

1960 4322 2026 4373 ut
2044 4318 2126 4373 ita
2146 4317 2415 4373 dicamus
2438 4314 2859 4389 initio,gratias
2880 4314 2995 4369 Deo
3017 4310 3341 4384 condignas
3361 4308 3612 4381 egimus,

1961 4412 2017 4464 et
2049 4410 2115 4461 ut
2145 4406 2249 4461 tibi
2281 4422 2514 4478 quoque
2553 4409 2748 4477 grates
2786 4400 3188 4474 competibiles
3241 4400 3611 4464 referremus,

1962 4497 2225 4553 animum
2267 4495 2744 4568 praeparavimus.
2779 4493 2913 4560 Sed,
2946 4490 3093 4547 heu!
3136 4490 3380 4544 adversa
3408 4487 3617 4542 nuntia

196 4608 435 4665 semper
462 4609 562 4649 vos
590 4591 733 4649 illud
766 4594 921 4667 quod
952 4595 1023 4648 de
1056 4593 1201 4648 bene
1232 4596 1508 4664 operante
1539 4593 1709 4648 beato
1739 4593 1848 4648 Job
1880 4612 1926 4676 D
1959 4582 3024 4676 venientiahujusintentionisnostra:
3038 4576 3333 4652 proposito
3351 4575 3617 4676 celeriter

196 4684 382 4754 supra
401 4682 1009 4751 commemoravimus,
1031 4680 1302 4748 recolere,
1327 4698 1558 4754 semper
1584 4682 1643 4737 in
1671 4698 1850 4738 causa

195 4771 520 4842 sapedictee
560 4771 771 4844 regina:
817 4771 1031 4827 habere
1062 4788 1177 4842 prae
1208 4769 1393 4827 oculis
1422 4771 1847 4827 admonemus:

195 4860 339 4932 quia
368 4860 586 4915 frustra
615 4859 909 4916 laudabile
940 4858 1080 4933 quid
1109 4860 1354 4932 geritur,
1389 4859 1437 4914 si
1470 4860 1696 4915 cunctis
1727 4860 1847 4916 die-

192 4948 579 5021 bus.quibus
626 4948 785 5018 vivit,
827 4948 936 5004 hoc
984 4965 1100 5003 non
1149 4946 1489 5020 exsequitur
1534 4953 1846 5021 operator:

194 5042 374 5109 atque
405 5037 703 5093 incassum
732 5038 793 5095 in
826 5037 1014 5094 stadio
1064 5037 1265 5105 currit,
1282 5036 1384 5109 qui
1427 5041 1743 5109 antequam
1776 5038 1848 5093 ad

193 5127 571 5199 designatum
603 5126 902 5200 perveniat
937 5125 1131 5182 locum
1170 5126 1519 5183 succumbit.
1553 5125 1849 5197 Scriptum

194 5215 416 5287 quippe
447 5217 535 5270 est
559 5232 572 5270 :
601 5215 686 5271 Vm
716 5217 814 5287 qui
844 5214 1204 5287 perdiderunt
1247 5216 1632 5270 sustinentium
1660 5215 1846 5284 (Eccli.

192 5304 275 5377 ιι).
312 5305 410 5361 Vos
438 5312 618 5361 autem
666 5307 747 5360 sic
788 5306 1011 5372 currite,
1044 5311 1107 5359 ut
1148 5303 1612 5376 comprehendatis
1641 5306 1699 5372 (Ι
1725 5303 1846 5359 Cor.

193 5394 290 5466 lx).
317 5395 456 5460 Quae
491 5397 772 5465 praeterea
791 5393 862 5449 de
890 5392 1213 5449 Waldrada
1238 5392 1467 5448 moecha
1514 5396 1572 5448 et
1618 5407 1846 5448 excom-

192 5482 497 5538 municata
545 5481 990 5549 decreverimus,
1016 5499 1116 5537 vos
1158 5498 1273 5536 non
1325 5480 1489 5535 latet.
1515 5482 1648 5547 Quae
1689 5498 1842 5550 vero,

186 5572 473 5646 quoniam
497 5571 666 5626 nobis
689 5588 805 5626 non
828 5569 1225 5626 annuentibus
1254 5568 1315 5623 in
1336 5566 1587 5625 Galliam
1613 5568 1843 5624 habita-

181 5665 319 5718 tura
349 5660 669 5734 repedavit,
697 5676 873 5732 super
921 5676 987 5716 ea
1034 5659 1322 5732 episcopis
1371 5656 1533 5731 regni
1584 5657 1844 5715 Lotharii

1957 4675 2285 4733 obviarunt.
2312 4674 2676 4743 Quapropter
2704 4668 2994 4743 compulsi
3020 4684 3229 4724 sumus
3259 4668 3487 4720 mutare
3516 4680 3613 4719 vo-

1961 4780 2107 4832 cem,
2133 4767 2191 4817 et
2221 4761 2322 4833 qui
2346 4761 2416 4816 ad
2442 4760 2765 4832 gratiarum
2800 4760 3056 4815 actiones
3079 4773 3143 4813 os
3166 4754 3386 4828 aperire
3416 4753 3612 4825 dispo-

1960 4867 2287 4918 sueramus,
2314 4850 2373 4903 in
2396 4847 2590 4903 luctus
2611 4851 2667 4901 et
2688 4847 3115 4920 increpationes
3138 4844 3331 4900 adhuc
3350 4842 3611 4898 officium

1958 4942 2172 5015 linguze
2205 4938 2385 4994 coacti
2420 4935 2751 5008 dirigimus.
2786 4935 3091 5007 Siquidem
3123 4932 3431 5005 epistolam
3457 4946 3613 4985 nunc

1959 5027 2353 5103 suggestionis
2383 5024 2765 5095 Theutbergae
2795 5023 3059 5096 gloriosae
3097 5023 3309 5095 reginae
3341 5020 3611 5087 missam,

1960 5117 2353 5177 deferentibus
2382 5114 2588 5187 legatis
2635 5113 2783 5182 ejus,
2819 5111 3214 5183 suscepimus,
3236 5127 3414 5183 quam
3464 5107 3611 5163 nihil

1955 5210 2230 5265 intimare
2259 5203 2584 5277 reperimus
2624 5198 2854 5264 litteris,
2882 5199 2996 5254 nisi
3029 5200 3186 5270 quod
3228 5199 3313 5252 illi
3352 5213 3612 5253 asserere

1954 5298 2305 5354 videbantur
2332 5292 2545 5348 verbis.
2578 5290 2793 5345 Verum
2837 5287 2897 5341 in
2941 5290 3189 5357 utroque
3221 5285 3610 5358 obstupefacti

1956 5388 2175 5462 pariter
2204 5388 2261 5441 et
2290 5381 2486 5438 mirati
2513 5395 2721 5437 sumus
2748 5394 2760 5433 :
2792 5379 2967 5448 atque
2996 5378 3118 5429 tam
3141 5378 3377 5462 repente
3399 5371 3533 5462 styli
3555 5378 3613 5462 et

1955 5459 2255 5549 petitionis
2288 5473 2522 5526 mutatas
2563 5483 2772 5524 sensus
2814 5462 3262 5538 aprpendentes,
3298 5460 3445 5515 nihil
3494 5459 3610 5516 tale

1954 5548 2117 5622 illam
2150 5562 2319 5618 nobis
2350 5560 2653 5615 intimasse
2694 5570 2925 5628 quoque
2957 5552 3078 5623 [αἱ.⁷
3104 5566 3359 5623 quoque,
3394 5548 3604 5619 Hann]

1950 5660 2212 5727 tempore
2253 5648 2626 5708 recoluimus.
2649 5644 2950 5718 Siquidem
2977 5657 3110 5697 cum
3153 5640 3222 5696 ad
3267 5635 3606 5695 relationem
