3894 6218
317 313 476 401 ιιιγ

1686 322 1998 388 NICOLAI
2040 322 2270 387 PAP/E
2309 325 2360 387 Ι.

3575 321 3729 385 1148

316 453 582 512 omnium
612 471 779 529 pene,
802 454 903 529 qui
933 472 1001 513 ex
1031 455 1347 515 Gallicanis
1386 463 1445 514 et
1480 459 1841 516 Germanicis
1872 475 1962 515 re-
1988 458 2046 524 Α
2075 462 2324 527 mortua,
2365 462 2428 514 tu
2468 457 2648 514 nullis
2689 455 2939 532 legibus,
2971 456 3150 515 nullis
3195 455 3418 532 regulis
3464 472 3727 529 unquam

316 545 591 617 gionibus
616 546 857 600 Romam
882 546 1164 602 orationis
1195 548 1383 619 gratia
1410 549 1671 620 veniunt,
1698 549 1785 605 vel
1820 549 1968 605 mul-

315 638 510 689 torum
542 633 661 688 illic
691 634 1049 706 degentium,
1074 635 1275 692 oculos
1324 638 1537 693 mentis
1591 639 1964 705 inﬂectimus,

316 721 642 793 plurimum
661 722 877 778 distare
897 724 1311 796 conspicimus,
1328 727 1482 797 quod
1503 727 1631 799 ipsa
1648 745 1802 782 nunc
1823 728 1967 782 dun-

316 814 477 864 taxat
507 809 817 883 signifieat,
845 815 903 866 et
934 813 1089 883 quod
1131 812 1189 867 hi
1230 831 1433 870 omnes
1473 815 1731 886 quotidie
1761 832 1968 887 prope-

321 899 563 954 modum
596 900 788 955 verbis
819 905 874 955 et
906 901 1169 972 apicibus
1209 902 1465 958 innuunt
1499 920 1510 957 :
1545 904 1760 976 quippe
1790 921 1968 976 quam

319 986 671 1043 inremotam
732 991 926 1044 cuncti
986 991 1383 1058 afﬂictionem,
1425 1010 1491 1047 ac
1544 993 1968 1049 intolerabilem

320 1092 680 1148 pressuram,
715 1077 1073 1150 nimiamque
1113 1079 1443 1135 violentiam
1494 1082 1610 1152 pati
1661 1087 1968 1147 testantur,

324 1164 596 1236 quamvis
628 1165 731 1221 illa
761 1172 981 1232 contra,
1007 1172 1213 1239 sponte
1244 1186 1309 1224 ac
1338 1169 1586 1225 libenter
1629 1189 1662 1226 a
1702 1171 1861 1243 regia
1891 1172 1973 1226 di-

324 1253 547 1325 gnitate
577 1254 705 1308 exui
740 1273 801 1310 se
829 1256 975 1312 velle
1024 1274 1090 1312 ac
1140 1262 1339 1329 optare
1379 1260 1628 1315 fateatur
1658 1265 1712 1316 et
1743 1260 1971 1333 copula.

324 1343 457 1407 Quae
479 1341 560 1396 illi
588 1342 824 1413 quidem
850 1345 1037 1416 aliter,
1057 1346 1179 1402 haec
1208 1360 1341 1403 vero
1368 1349 1536 1404 aliter
1556 1350 1829 1421 prosequi
1852 1367 1973 1405 cer-

326 1430 506 1497 nitur,
531 1431 612 1487 ita
661 1437 723 1487 ut
771 1434 1036 1489 omnium
1064 1436 1485 1492 assertionibus
1531 1438 1795 1510 legaliter
1842 1456 1875 1494 a
1920 1443 1977 1494 te

323 1518 606 1587 admissa,
640 1520 838 1593 inique
877 1523 1088 1579 deinde
1132 1530 1421 1592 accusata,
1457 1527 1697 1598 posthac
1728 1526 1977 1596 judicio,

326 1624 443 1679 quo
468 1608 573 1663 tibi
596 1613 653 1664 et
676 1610 950 1666 omnibus
972 1613 1254 1684 subjectis
1275 1614 1415 1680 tuis,
1439 1632 1663 1670 necnon
1687 1621 1743 1671 et
1762 1616 1980 1687 episco-

325 1696 418 1768 pis
440 1696 681 1768 placuit,
706 1698 1001 1755 evidenter
1029 1701 1354 1773 purificata,
1372 1703 1581 1759 deinde
1604 1705 1860 1760 secundo
1887 1722 1979 1760 re-

322 1784 835 1890 pulsa,.postr’e‘mo
884 1790 1122 1890 monitis
1153 1796 1209 1847 et
1238 1792 1468 1848 decreto
1508 1797 1729 1859 nostro,
1762 1793 1981 1865 pariter
2007 1824 2056 1890 Β

324 1878 382 1929 et
412 1873 647 1931 hortatu
688 1877 793 1932 ﬁlii
834 1879 1019 1934 nostri
1062 1880 1393 1937 excellentis
1431 1882 1698 1953 Augusti,
1725 1883 1859 1953 jure
1891 1899 1978 1936 re-

324 1968 492 2036 cepta
546 1966 793 2022 dicatur.
826 1968 957 2039 Ipsa
987 1973 1184 2025 autem
1240 1970 1335 2026 his
1366 1972 1641 2027 omnibus
1689 1971 1982 2027 contraria

325 2070 482 2109 nunc
514 2055 740 2123 etfecta,
771 2060 828 2112 et
857 2074 975 2111 suae
1008 2058 1194 2129 ipsius
1224 2058 1403 2115 oblita
1431 2060 1827 2131 profectionis,
1851 2077 1978 2115 nes-

326 2142 519 2198 cimus
548 2160 677 2215 quaa
707 2144 911 2200 frivola
939 2147 1220 2202 fateatur:
1249 2166 1375 2219 quae
1408 2148 1673 2204 videlicet
1703 2149 1979 2204 nolumus

323 2234 842 2305 exaggerare,quia
860 2233 1139 2291 nolumus
1158 2253 1513 2307 supervacue
1536 2237 1981 2294 laborare.Didi-

323 2319 515 2375 cimus
542 2324 740 2376 tamen
769 2322 1087 2378 multorum
1113 2323 1299 2379 relatu
1331 2342 1397 2380 ac
1419 2325 1622 2381 multis
1646 2325 1899 2391 indiciis,
1923 2330 1978 2381 te

325 2408 397 2462 ad
422 2408 811 2466 imitationem
836 2427 1037 2467 eorum
1061 2430 1403 2469 conversum
1427 2415 1495 2469 de
1518 2414 1732 2486 quibus
1753 2420 1977 2488 aposto-

323 2494 515 2551 lorum
550 2496 822 2571 princeps
865 2500 1006 2555 dicit
1038 2517 1051 2555 :
1085 2501 1148 2557 Si
1175 2504 1324 2557 enim
1368 2505 1700 2574 refugientes
1728 2506 1978 2575 coinqui-

324 2587 578 2642 nationes
607 2588 804 2644 mundi
832 2591 891 2644 in
912 2592 1272 2661 cognitionem
1291 2593 1513 2648 Domini
1530 2595 1706 2649 nostri
1724 2602 1775 2649 et
1792 2594 1980 2650 Salva-

331 2675 465 2729 toris
508 2677 633 2731 Jesu
678 2677 902 2742 Christi,
930 2680 1015 2734 his
1068 2696 1260 2736 rursus
1316 2683 1577 2753 impliciti
1627 2691 1975 2754 superantur,

334 2765 480 2835 facta
505 2774 633 2821 sunt
674 2769 754 2822 eis
795 2770 1101 2839 porteriora
1148 2770 1419 2827 deteriora
1461 2772 1760 2843 prioribus.
1789 2772 1979 2828 Helius

335 2854 483 2908 enim
510 2862 628 2910 erat
674 2856 790 2911 illis
826 2874 938 2913 non
965 2874 1277 2929 cognoscere
1322 2862 1471 2915 viam
1506 2861 1766 2933 justitiaz,
1813 2878 1980 2934 quam

328 2949 451 3012 post
490 2945 822 3015 agnitionem
878 2954 1171 3003 retrorsum
1225 2951 1423 3005 reverti
1452 2951 1534 3004 'ab
1563 2967 1644 3015 eo,
1676 2950 1815 3022 quod
1862 2951 1978 3006 illis

328 3030 596 3087 traditum
623 3040 703 3089 est
719 3043 907 3090 sancto
926 3036 1201 3093 mandato.
1226 3039 1508 3107 Contingit
1535 3040 1677 3094 enim
1700 3040 1817 3094 illis
1838 3039 1979 3094 illud

327 3121 445 3175 veri
465 3122 761 3191 proverbii,
783 3125 935 3178 canis
964 3141 1209 3181 reversus
1230 3125 1299 3181 ad
1328 3142 1491 3181 suum
1512 3129 1795 3193 vomitum,
1817 3135 1871 3183 et
1885 3144 1977 3183 sus

2074 546 2448 605 Waldradam
2472 548 2529 602 in
2554 565 2791 603 uxorem
2824 546 3016 621 possis
3045 551 3148 604 aut
3177 546 3546 620 permittaris
3566 562 3728 601 assu-

2075 653 2252 692 mere.
2270 637 2474 692 Utrum
2499 653 2635 709 ergo
2656 635 2980 692 Waldrada
3006 635 3270 709 legitima
3298 640 3401 691 tua
3430 635 3613 691 fuerit
3630 634 3731 689 ali-

2077 727 2311 798 quando
2334 727 2546 798 conjux
2575 724 2834 781 Ecclesia
2855 724 2957 780 Dei
2987 724 3385 780 satisfactione
3409 723 3730 779 Theutber-

2076 830 2159 886 gae
2179 831 2291 869 non
2316 815 2662 888 eget.Unum
2684 812 3150 884 tamenﬁscimus,
3166 811 3447 884 quoniam
3474 827 3583 865 nee
3606 826 3729 876 nos,

2079 920 2183 958 nec
2201 904 2404 959 eadem
2432 901 2943 975 sanctazEcclcsia,
2971 904 3206 957 auctore
3231 900 3484 972 Deo,qui
3518 898 3734 955 adulte-

2079 994 2500 1063 rosjudicabit,
2534 998 2613 1061 te,
2647 993 2695 1049 si
2725 991 3107 1047 Waldradam
3139 990 3615 1062 quandocunque
3645 1006 3731 1044 re-

2080 1083 2424 1154 sumpseris,
2467 1083 2644 1138 etiam
2685 1081 3055 1152 Theutberga
3090 1080 3429 1144 decedente,
3480 1078 3735 1133 dimittet

2081 1172 2272 1227 modis
2287 1172 2563 1227 omnibus
2582 1170 2965 1243 impunitum.
2982 1168 3131 1224 Illud
3143 1185 3277 1224 vero
3295 1167 3452 1240 quod
3469 1166 3613 1222 dicit
3637 1168 3737 1222 Ro-

2082 1277 2239 1315 mam
2264 1260 2488 1333 se2velle
2509 1260 2723 1326 venire,
2740 1259 3027 1331 nobisque
3056 1256 3365 1330 passiones
3393 1260 3450 1311 et
3470 1256 3736 1327 quedam

2082 1354 2306 1405 secreta
2332 1350 2421 1405 sui
2466 1349 2714 1421 pectoris
2769 1362 3046 1414 reserare,
3079 1344 3201 1401 ﬁeri
3251 1361 3365 1400 non
3421 1343 3737 1400 convenit:

2085 1438 2361 1511 quoniam
2387 1442 2443 1494 et
2464 1438 2748 1493 securitas
2768 1434 3011 1502 itineris,
3028 1451 3202 1506 quam
3227 1432 3561 1506 praetendit,
3580 1431 3741 1487 nulla

2085 1532 2203 1595 est;
2237 1532 2295 1582 et
2325 1527 2587 1599 quandiu
2617 1525 2936 1582 Waldrada
2964 1523 3047 1579 ita
3073 1523 3179 1579 tibi
3201 1523 3375 1594 juxta
3404 1521 3599 1594 posita
3630 1526 3740 1588 est,

2086 1615 2300 1670 diaboli
2329 1615 2585 1671 versutia
2611 1632 2728 1670 non
2758 1614 2966 1668 abesse
2991 1610 3375 1668 convincitur.
3405 1611 3553 1666 Dum
3584 1610 3737 1666 enim

2087 1704 2467 1777 Theutberga;
2496 1704 2761 1770 discedit,
2795 1700 3114 1756 Waldrada
3148 1701 3561 1755 incunctanter
3591 1715 3744 1755 acce-

2088 1794 2173 1849 dit
2197 1810 2209 1848 :
2234 1793 2514 1849 nimirum
2542 1793 2681 1865 quia
2711 1793 2854 1847 dum
2880 1790 2971 1846 lex
3003 1788 3321 1861 repellitur,
3345 1787 3743 1861 praevaricatio

2089 1882 2393 1938 confestim
2427 1882 2747 1937 inducitur.
2781 1881 3067 1936 Caeterum
3100 1878 3233 1950 quis
3265 1876 3500 1950 ignorat
3526 1876 3744 1931 Theut-

2088 1971 2325 2043 bergam
2358 1970 2481 2027 haec
2511 1975 2716 2026 contra
2762 1986 2825 2025 se
2865 1966 3066 2023 multis
3101 1965 3395 2038 pressuris
3435 1964 3743 2021 subactam

2089 2060 2396 2131 deponere,
2423 2076 2488 2114 ac
2519 2058 2845 2114 innumeris
2873 2055 3045 2111 malis
3070 2054 3353 2121 attritam,
3387 2054 3506 2108 imo
3538 2053 3743 2109 mortis

2089 2147 2413 2219 periculum
2448 2146 2879 2210 formidantem,
2896 2145 3049 2217 quod
3081 2142 3204 2200 solo
3227 2143 3343 2199 Deo
3365 2142 3613 2197 custode
3635 2142 3741 2197 fre-

2088 2240 2334 2307 quenter
2381 2234 2581 2303 evasit,
2624 2232 2920 2290 asserere?
2944 2233 3089 2288 Cum
3138 2232 3337 2299 etiam,
3368 2236 3434 2286 ut
3483 2229 3746 2302 praedixi-

2088 2341 2402 2396 mus,pene
2434 2341 2638 2379 omnes
2665 2320 2921 2395 religiosi
2951 2324 3007 2376 et
3036 2320 3176 2375 clari
3202 2318 3307 2374 viri
3333 2318 3659 2375 Galliarum
3689 2322 3743 2373 et

2088 2413 2410 2469 Germaniae
2442 2413 2563 2468 haec
2594 2412 2673 2467 ita
2720 2428 2781 2467 se
2830 2410 3043 2465 habere
3091 2407 3372 2463 relatione
3420 2410 3735 2473 testentur;

2088 2502 2229 2557 adeo
2262 2507 2327 2557 ut
2356 2502 2477 2557 hinc
2499 2517 2650 2568 eam,
2674 2517 2803 2572 quae
2835 2516 2991 2554 nunc
3017 2496 3273 2569 scripsit,
3300 2496 3473 2552 nobis
3500 2495 3741 2568 scriptu-

2088 2607 2213 2645 ram
2247 2591 2366 2646 fore
2393 2594 2527 2647 ante
2559 2589 2812 2646 multum
2838 2587 3120 2660 temporis
3151 2584 3608 2659 praescierimus.
3635 2584 3742 2640 Ve-

2088 2696 2217 2734 rum
2238 2697 2344 2735 nos
2361 2679 2537 2736 talem
2550 2678 2977 2735 confessionem
2990 2678 3323 2748 ejus,quam
3340 2692 3459 2730 non
3470 2673 3739 2729 voluntas

2086 2769 2189 2825 sed
2216 2768 2301 2825 vis
2321 2768 2581 2834 extorsit,
2605 2782 2979 2839 nequaquam
3011 2782 3112 2837 pro
3143 2762 3513 2819 confessione
3538 2761 3738 2834 recipi-

2086 2874 2239 2913 mus.
2274 2857 2664 2923 Quamobrem
2722 2852 2993 2927 quisquis
3040 2855 3242 2908 contra
3298 2850 3735 2922 Theutbergam

2087 2946 2227 3019 agit,
2243 2963 2359 3002 non
2381 2945 2572 3002 solum
2594 2942 2913 3002 Ecclesiam
2937 2941 3039 2997 Dei
3069 2939 3321 3014 graviter
3343 2938 3526 3007 leadit,
3540 2954 3737 2994 verum

2087 3035 2264 3091 etiam
2284 3035 2483 3091 sedem
2515 3031 2917 3107 apostolicam,
2939 3030 3112 3101 cujus
3130 3027 3424 3101 judicium
3458 3044 3578 3083 non
3609 3025 3743 3082 licet

2088 3127 2421 3190 retractare,
2435 3122 2806 3178 vehementer
2825 3120 3107 3175 adversus
3126 3133 3188 3173 se
3208 3132 3581 3172 commovere
3601 3132 3736 3171 con-

331 3208 440 3264 lata
482 3211 540 3264 in
562 3211 842 3267 volutabra
891 3213 1014 3267 luti.
1065 3213 1413 3283 Didicimus,
1462 3215 1724 3287 inquam,
1764 3192 1841 3282 te,
1875 3216 1973 3288 qui
2007 3192 2050 3258 (αἶ
2087 3211 2644 3283 vincitur,quoniam
2670 3209 2863 3279 illajex
2883 3212 3133 3279 utraque
3154 3209 3318 3279 parte
3334 3203 3739 3277 provocata,id

330 3296 549 3367 prolixo
581 3302 840 3372 tempore
866 3299 923 3355 in
948 3300 1162 3357 scelere
1194 3319 1563 3374 permanens,
1587 3303 1851 3360 Ecclesia:
1874 3304 1973 3360 Dei

331 3402 445 3440 non
479 3388 774 3443 modicum
801 3388 1072 3454 nocuisti,
1096 3407 1299 3446 nocere
1322 3391 1603 3459 adhuc,et
1629 3393 1729 3464 qui
1763 3393 1820 3447 in
1852 3410 1974 3448 sor-

331 3473 505 3529 dibus
526 3493 675 3543 eras,
693 3477 1024 3533 sordescere
1054 3478 1264 3533 adhuc.
1292 3480 1356 3533 Et
1377 3485 1529 3535 certe
1560 3480 1617 3536 in
1650 3481 1977 3538 reversione

329 3561 505 3633 legati
552 3564 738 3618 nostri
787 3566 843 3619 te
890 3569 1221 3637 correptum
1270 3568 1593 3633 audientes,
1619 3568 1771 3624 ultra
1800 3587 1976 3642 quam

334 3650 448 3705 dici
495 3650 682 3705 valeat
727 3651 1168 3723 exsultavimus,
1201 3659 1258 3710 et
1295 3656 1678 3729 omnipotenti
1729 3658 1977 3715 Domino

333 3737 555 3810 gratias
584 3738 906 3797 immensas
938 3742 1245 3799 retulimus
1269 3762 1281 3799 :
1307 3749 1581 3817 putantes
1608 3745 1891 3814 videlicet,
1908 3747 1980 3802 de

336 3826 827 3898 apprehensisate
845 3830 1106 3887 honestis
1124 3833 1651 3901 moribus,tandem
1666 3834 1979 3907 aliquando

336 3915 703 3987 ﬂagrantiam
728 3919 786 3973 in
801 3919 1034 3975 odorem
1050 3922 1351 3978 suavitatis
1363 3923 1433 3977 ad
1456 3923 1768 3979 Dominum
1783 3923 1978 3995 dirigi,

336 4020 451 4060 non
484 4005 745 4063 faetorem
769 4008 839 4063 de
859 4006 1075 4064 iterata:
1104 4011 1378 4083 nequitiae
1401 4015 1513 4067 tum
1535 4011 1860 4069 colluvione
1882 4031 1984 4086 per

337 4095 624 4150 mundum
658 4095 811 4152 ultra
848 4097 1122 4172 dispergi.
1151 4100 1256 4155 Sed
1297 4100 1438 4156 heu!
1474 4118 1504 4156 e
1536 4102 1846 4169 contrario,
1879 4119 1982 4175 pro

337 4183 503 4238 suavi
535 4184 710 4239 odore
740 4185 926 4254 fcetor,
961 4204 1076 4242 non
1108 4187 1166 4243 in
1212 4206 1327 4260 quo
1366 4191 1719 4246 currendum
1752 4191 1847 4256 sit,
1882 4192 1983 4246 sed

340 4270 437 4342 qui
470 4275 591 4327 tota
618 4272 919 4330 velocitate
947 4276 1258 4349 fugiendus
1289 4278 1519 4344 existat,
1542 4279 1802 4350 eccehac
1832 4278 1988 4335 illac-

340 4376 455 4431 que
497 4360 865 4419 diffunditur.
901 4364 1223 4438 Siquidem,
1257 4371 1323 4422 ut
1361 4367 1694 4440 opinamur,
1724 4368 1827 4423 tibi
1868 4385 1984 4424 non

339 4448 559 4504 sufficit
588 4450 776 4507 solum
799 4450 1150 4511 adulterium
1179 4460 1563 4528 perpetrasse,
1591 4456 1703 4512 nisi
1727 4474 1987 4529 apponas

2070 3304 2175 3354 'est
2194 3303 2316 3353 tam
2338 3303 2447 3354 ate
2468 3314 2645 3370 quam
2672 3314 2708 3352 a
2731 3294 3219 3367 Theutberga,ch
3230 3310 3297 3348 us
3320 3291 3502 3347 vestri
3524 3291 3738 3364 negotii

2084 3386 2590 3459 exsecutrix[Edit.
2626 3387 2800 3451 Rom.,
2832 3382 3223 3456 interpretrix]
3244 3386 3302 3436 et
3331 3379 3740 3453 interempti-ix

2084 3476 2287 3532 effecta
2318 3480 2424 3531 est.
2451 3475 2583 3531 Jam
2611 3491 2744 3530 vero
2775 3474 2823 3529 si
2856 3472 3060 3529 eadem
3089 3470 3460 3543 Theutberga
3493 3469 3737 3525 Romam

2085 3564 2281 3620 venire
2310 3564 2587 3637 disponit,
2611 3568 2669 3619 et
2698 3562 2995 3618 licentiam
3029 3577 3063 3615 a
3094 3563 3171 3628 te,
3197 3559 3447 3632 conjuge
3480 3558 3743 3614 videlicet

2088 3670 2215 3721 suo,
2230 3652 2635 3725 proficiscendi
2658 3652 2869 3723 adepta
2888 3648 3083 3716 tuerit,
3099 3647 3386 3705 securitas
3405 3651 3499 3703 est
3515 3647 3565 3702 ei
3590 3664 3745 3719 pror-

2088 3758 2191 3797 sus
2213 3740 2543 3797 certissima
2561 3739 3018 3809 tribuenda,qua
3039 3738 3184 3792 freta
3200 3752 3501 3808 nusquam
3524 3739 3743 3791 metuat

2090 3847 2151 3887 se
2164 3829 2573 3902 perhominem
2589 3828 2812 3901 aliquid
2830 3826 3082 3882 incidere
3098 3824 3549 3890 lesionis.Quod
3563 3824 3742 3879 omni-

2092 3937 2165 3975 no
2187 3936 2298 3974 non
2314 3918 2617 3990 provenire
2633 3917 2847 3989 poterit
2864 3916 2976 3971 nisi
2992 3913 3310 3970 Waldrada
3322 3914 3569 3969 Romam
3584 3912 3743 3985 prius

2091 4007 2378 4073 mittatur,
2394 4011 2453 4062 et
2483 4008 2553 4062 de
2575 4023 2640 4061 ea
2663 4005 2817 4078 quod
2840 4003 3192 4060 conveniens
3218 4002 3297 4058 sit
3316 4002 3746 4057 dittiniaturzet

2090 4097 2175 4153 ita
2194 4098 2432 4152 demum
2454 4095 2589 4151 talis
2606 4094 3001 4175 immanitatis
3019 4091 3304 4147 certitudo
3327 4092 3740 4163 subsequatur.

2092 4190 2159 4242 ut
2188 4184 2499 4257 saepedicta
2518 4183 2889 4256 Theutberga
2918 4198 3025 4237 nec
3056 4180 3314 4247 veniens,
3347 4196 3457 4235 nec
3487 4194 3745 4235 commo-

2095 4292 2253 4343 rans,
2288 4290 2393 4329 nec
2433 4273 2684 4340 rediens,
2709 4271 2944 4344 aliquod
2986 4269 3244 4342 patiatur
3282 4267 3745 4324 incommodum.

2096 4364 2259 4430 Quod
2292 4363 2341 4418 si
2376 4361 2624 4417 minime
2652 4377 2757 4431 pro
2789 4358 3121 4430 repellenda
3141 4374 3175 4412 a
3204 4359 3260 4413 te
3290 4356 3533 4412 sinistra
3563 4356 3750 4427 suspi-

2098 4452 2262 4507 cione
2302 4448 2641 4522 promiseris
2684 4463 2874 4521 agere,
2898 4447 3253 4502 cessandum
3286 4449 3397 4514 est,
3422 4461 3494 4500 ne
3532 4443 3748 4499 talibus

339 4542 404 4591 ut
424 4539 601 4595 etiam
624 4542 854 4599 animas
869 4542 1177 4600 hominum
1208 4544 1449 4615 perjurii
1478 4545 1703 4617 laqueis
1732 4545 1987 4602 irretitas
2018 4551 2065 4616 D
2098 4540 2319 4596 fraudis
2336 4536 2570 4594 insidiis
2585 4533 3749 4609 acquiescamus,omnimodisprmcaven-

341 4625 399 4680 in
418 4631 743 4684 extremum
767 4631 1072 4703 demergas
1104 4631 1431 4686 interitum.
1448 4632 1557 4685 Sed
1584 4631 1725 4701 quid
1749 4634 1986 4703 mirum,

340 4715 389 4769 si
422 4733 740 4787 paucorum
772 4718 1083 4775 animabus
1114 4736 1217 4789 per
1255 4718 1573 4788 perjurium
1609 4719 1851 4776 exitium
1885 4740 1986 4779 ac-

340 4803 593 4875 quisisti,
617 4807 852 4877 quando
893 4807 951 4860 in
982 4809 1146 4861 tanta
1196 4803 1554 4862 sublimitate
1610 4809 1855 4879 positus,
1888 4829 1990 4883 per

339 4893 668 4965 exemplum
686 4898 797 4948 tuae
819 4894 1079 4954 moechis:
1096 4897 1181 4947 tot
1195 4892 1501 4957 hominum
1521 4895 1707 4951 millia
1724 4898 1779 4953 in
1802 4901 1990 4971 perdi-

339 4979 516 5035 tionis
547 4980 724 5036 chaos
756 4981 1247 5053 praecipitaveris?
1280 4981 1424 5038 Nam
1462 4985 1684 5056 majora
1714 4986 1852 5042 facit
1880 4988 1989 5043 cri-

340 5070 502 5124 mina
526 5068 863 5124 sublimitas
883 5069 1254 5141 dignitaium.
1275 5069 1423 5126 Illud
1446 5077 1822 5148 autem,quod
1846 5094 1989 5148 prte-

342 5158 641 5212 nominata
656 5158 858 5229 regina
870 5156 1374 5229 quasiWaldradse
1387 5163 1786 5219 testimonium
1801 5165 1991 5235 perhi-

341 5246 459 5313 bet,
484 5245 682 5299 dicens
704 5260 834 5299 eam
866 5244 1046 5300 fuisse
1067 5249 1230 5303 tuam
1257 5266 1495 5306 uxorem
1518 5250 1862 5325 legitimam,
1886 5258 1989 5309 aut

343 5334 652 5403 invita,aut
674 5333 889 5388 frustra
907 5340 1151 5391 conatur
1166 5338 1493 5395 adstruere:
1511 5342 1987 5414 quandoquidem

341 5421 503 5475 illius
536 5418 698 5475 nulla
728 5438 968 5492 prorsus
1007 5423 1142 5479 hinc
1182 5427 1515 5484 testimonio
1546 5431 1677 5500 quis
1707 5431 1985 5503 indigeat.

345 5507 486 5561 Cum
523 5508 708 5578 magis
740 5527 844 5567 nos
875 5511 957 5568 ita
986 5514 1310 5573 sentiamus
1350 5518 1504 5588 quod
1537 5518 1793 5587 justum,
1823 5524 1880 5575 et
1910 5519 1991 5576 ita

345 5592 745 5663 intelligamus
766 5602 917 5673 quod
948 5620 1180 5675 aequum
1203 5609 1313 5672 est,
1328 5609 1395 5661 ut
1417 5605 1595 5661 etiam
1620 5607 1990 5679 Theutberga

2100 4630 2260 4685 dum.
2285 4629 2490 4699 Tuque
2511 4642 2745 4683 summo
2768 4625 2962 4681 studio
2984 4624 3286 4697 praafatam
3313 4622 3743 4693 Theutbergam

2094 4720 2222 4790 conj
2232 4732 2405 4790 ugem
2425 4720 2590 4772 tuam
2611 4719 2894 4787 tanquam
2911 4712 3206 4786 propriam
3220 4728 3458 4767 carnem
3472 4711 3662 4766 fovere
3683 4725 3744 4764 ac

2098 4807 2340 4880 diligere
2370 4808 2699 4879 procurate,
2723 4808 2780 4859 et
2810 4820 2882 4858 ne
2919 4801 3080 4857 illam
3133 4800 3394 4874 separari
3444 4817 3481 4857 a
3526 4802 3586 4854 te
3632 4796 3743 4853 ullo

2097 4900 2265 4968 pacto
2296 4893 2649 4961 consentias,
2668 4891 2977 4965 vigilanter
3009 4890 3266 4947 attende.
3308 4888 3473 4945 Unde
3522 4888 3572 4945 si
3629 4885 3743 4943 vult

2099 5002 2133 5041 a
2154 4988 2209 5041 te
2230 4983 2546 5051 discedere,
2562 4980 2939 5053 corripe,imo
2961 4978 3184 5052 corrige
3209 4993 3360 5047 eam,
3391 4982 3449 5033 et
3475 4995 3510 5032 a
3534 4976 3636 5033 tali
3666 4975 3743 5030 in-

2099 5073 2357 5129 tentione
2404 5088 2509 5145 per
2555 5070 2754 5127 omnia
2801 5073 3003 5141 satage
3051 5084 3339 5123 revocare.
3370 5067 3506 5123 Jam
3534 5082 3668 5122 vero
3697 5063 3740 5119 si

2099 5178 2295 5219 amore
2316 5160 2611 5233 pudicitiae
2644 5158 3074 5231 separationem
3098 5155 3327 5228 quierit,
3341 5160 3401 5211 et
3420 5153 3739 5227 conjugalis

2098 5250 2373 5307 connubii
2396 5248 2747 5304 solutionem
2780 5246 3323 5319 efﬂagitat,certum
3343 5248 3452 5312 est,
3475 5243 3741 5316 Apostolo

2100 5336 2757 5411 praedicante,quoniam
2775 5334 2986 5390 mulier
3004 5333 3096 5390 sui
3119 5333 3379 5406 corporis
3403 5336 3739 5405 potestatem

2099 5446 2213 5484 non
2232 5428 2427 5495 habet,
2445 5428 2547 5483 sed
2570 5425 2897 5481 vir.Verum
2917 5424 2966 5478 si
2985 5428 3042 5478 et
3060 5422 3184 5495 ipse
3201 5421 3550 5495 pudicitiam
3574 5426 3742 5477 secta-

2098 5522 2197 5574 tus
2222 5515 2522 5589 religionis
2544 5516 2783 5571 obtentu
2797 5511 3065 5585 copulam
3078 5510 3395 5567 dissolvere
3405 5510 3741 5578 vis,tantum

2100 5623 2172 5661 ne
2201 5604 2505 5660 simultate
2534 5605 2656 5672 fiat,
2678 5601 3073 5659 concedimus.
3107 5600 3255 5657 Nam
3292 5599 3428 5655 licet
3465 5599 3743 5671 scriptum
