3894 6218
152 437 317 500 1149

1384 438 1788 501 EPIS’I‘OLzE
1832 440 1933 500 ET
1978 440 2362 502 DECRETA.

3420 428 3577 504 1150

147 572 255 641 sit,
291 570 441 641 Quod
485 573 624 628 Deus
667 571 978 644 conjunxit,
1027 571 1183 627 homo
1230 587 1340 627 non
1384 580 1615 644 separet,
1658 571 1814 629 Deus
1843 572 1898 640 Α
1928 573 2193 631 mulieris
2251 573 2542 647 passione,
2602 575 2660 629 et
2723 572 2797 629 ad
2854 570 3147 629 sulfureos
3204 570 3462 641 foetores,
3518 575 3578 629 et

148 665 358 717 tamen
388 665 447 717 et
475 677 592 717 non
620 660 795 716 homo
829 664 1081 733 separat,
1117 661 1351 732 quando
1383 661 1562 716 divini
1604 662 1820 717 amoris

148 749 476 817 intuitu,ex
505 766 796 805 consensu
820 748 1129 821 utriusque
1149 750 1415 821 conjugis
1447 750 1823 806 matrimonia

151 839 581 896 dissolvuntur.
618 838 678 894 Si
710 855 848 911 ergo
879 838 988 893 hoc
1023 839 1194 893 modo
1224 838 1453 910 vis,non
1485 843 1649 911 grato
1692 856 1819 911 per-

152 928 457 984 mittimus
490 927 707 994 animo,
734 927 1098 999 celeremque
1128 928 1457 999 praebemus
1489 944 1818 984 assensum.

150 1017 341 1073 Aliter
368 1020 565 1072 autem
619 1016 744 1071 fleri
796 1020 1063 1071 mutuam
1104 1021 1357 1072 vestram
1391 1017 1819 1089 separationem

151 1104 539 1178 prohibemus
557 1122 569 1160 :
587 1104 881 1176 siquidem
914 1104 1198 1177 scriptum
1224 1105 1503 1178 legimus:
1519 1108 1694 1161 Erunt
1714 1106 1820 1161 duo

149 1196 217 1250 in
248 1211 415 1250 carne
439 1195 743 1259 una.0uod
776 1193 944 1250 divus
974 1194 1290 1267 Gregorius
1322 1196 1557 1267 exponit
1578 1196 1748 1251 dicen
1767 1208 1816 1251 s:

149 1282 216 1339 Si
243 1283 426 1355 igitur
454 1283 543 1338 vir
585 1285 643 1338 et
690 1299 836 1338 uxor
886 1300 1006 1339 una
1042 1286 1196 1339 'caro
1244 1288 1400 1352 sunt,
1436 1288 1493 1339 et
1522 1283 1819 1356 religionis

148 1388 334 1427 causa
363 1370 451 1426 vir
478 1371 723 1426 dimittit
750 1372 1106 1439 uxorem,vel
1139 1372 1352 1428 mulier
1379 1373 1571 1429 virum
1601 1372 1661 1427 in
1709 1373 1818 1428 hoc

151 1460 380 1515 mundo
412 1460 929 1524 remanentem,vel
954 1461 1201 1517 fortasse
1232 1462 1303 1517 ad
1334 1460 1540 1517 illicita
1563 1461 1819 1534 migran-

150 1552 296 1616 tem,
331 1565 461 1620 quae
492 1553 583 1604 est
612 1548 726 1604 ista
757 1550 1077 1617 conversio,
1112 1550 1171 1605 in
1204 1567 1320 1623 qua
1348 1568 1465 1607 una
1496 1552 1818 1623 eademque

151 1652 315 1702 caro,
345 1640 404 1692 et
448 1654 517 1693 ex
568 1640 730 1709 parte
778 1636 993 1692 transit
1043 1638 1113 1693 ad
1166 1638 1607 1709 continentiam,
1642 1643 1700 1695 et
1749 1657 1817 1696 ex

151 1730 321 1798 parte
351 1729 615 1781 remanet
645 1724 705 1780 in
737 1725 1061 1798 pollutione
1082 1728 1111 1782 ?
1140 1727 1198 1783 Si
1230 1744 1362 1783 vero
1392 1728 1660 1800 utrisque
1680 1746 1815 1785 con-

148 1814 352 1869 veniat
380 1814 779 1871 continentem
812 1814 990 1870 vitam
1022 1816 1255 1883 ducere,
1288 1816 1397 1872 hoc
1441 1818 1574 1889 quis
1605 1819 1816 1873 audeat

150 1903 473 1959 accusare?
518 1904 751 1975 quando
810 1909 1034 1959 certum
1090 1909 1179 1961 est
1234 1906 1389 1977 quod
1445 1907 1815 1979 omnipotens

150 1992 467 2058 Dominus,
491 1991 591 2065 qui
622 1993 852 2049 minora
880 1993 1189 2061 concessit,
1216 1995 1438 2065 majora
1467 2012 1582 2050 non
1616 1995 1808 2067 prohi-

152 2080 306 2136 buit.
343 2081 519 2137 Porro
568 2081 617 2137 si
667 2080 951 2138 sterilitas
1004 2086 1333 2149 accusatur,
1367 2084 1561 2156 cogita
1606 2089 1808 2140 Saram

149 2169 635 2242 nonagenariam.
663 2171 887 2226 Annam
914 2188 1147 2243 quoque
1174 2170 1351 2227 simul
1382 2177 1440 2227 et
1470 2171 1764 2229 Elisabelh
1796 2191 1808 2229 :

149 2275 334 2330 quam
368 2262 567 2315 tamen
598 2258 963 2316 sterilitatem
995 2260 1240 2316 fortasse
1262 2277 1377 2315 non
1401 2260 1536 2315 facit
1556 2260 1813 2316 infecun-

148 2347 329 2414 ditas,
363 2348 465 2403 sed
492 2347 795 2420 iniquitas.
831 2352 907 2403 De
947 2347 1078 2403 aliis
1129 2353 1421 2417 postremo
1459 2349 1639 2415 vitiis,
1673 2350 1811 2405 audi

148 2436 297 2507 quid
331 2434 583 2491 caelestis
614 2435 975 2492 bibliothecae
1000 2436 1189 2492 cultor
1208 2436 1362 2493 dicat
1384 2438 1771 2512 Hieronymus
1796 2457 1809 2495 :

148 2524 817 2597 Grave,inquit,pondus
838 2542 1083 2581 uxorum
1116 2526 1303 2597 est,si,
1334 2532 1613 2599 exccepta
1636 2544 1815 2584 causa

152 2612 585 2678 fornicationis,
623 2630 723 2670 eas
753 2613 1047 2671 dimittere
1075 2632 1192 2670 non
1223 2615 1377 2671 licet.
1414 2616 1562 2680 Quid
1585 2615 1740 2672 enim
1762 2617 1811 2673 si

150 2701 480 2757 temulenta
504 2702 698 2768 fuerit,
733 2702 782 2758 si
812 2703 1115 2770 iracunda,
1147 2704 1198 2759 si
1230 2703 1403 2760 malis
1443 2705 1726 2770 moribus,
1760 2706 1810 2762 si

151 2789 536 2860 luxuriosa,si
553 2790 837 2863 gulosa,si
857 2791 1078 2864 vaga,si
1091 2793 1383 2866 jurgatrix
1414 2798 1470 2849 et
1501 2793 1807 2864 maledica,

155 2880 415 2935 tenenda
442 2880 555 2935 erit
585 2880 957 2936 istiusmodi?
984 2881 1277 2949 volumus,
1315 2882 1809 2949 nolumus,susti-

152 2968 351 3024 nenda
377 2972 485 3023 est.
517 2972 659 3024 Cum
693 2968 848 3024 enim
882 2986 1149 3026 essemus
1178 2970 1343 3026 liberi
1374 2971 1672 3026 voluntate
1703 2989 1810 3029 nos

150 3056 522 3128 subjecimus
554 3057 836 3125 servituti,
880 3062 937 3113 et
979 3075 1195 3127 revera,
1227 3063 1293 3113 ut
1336 3060 1531 3116 verbis
1574 3064 1813 3116 utamur

148 3144 703 3217 Apostoli,alligatus
731 3162 787 3202 es
816 3146 1017 3203 uxori?
1046 3149 1164 3203 noli
1193 3163 1437 3220 quwrere
1464 3150 1807 3207 solutionem.

150 3235 329 3307 Ergo,
386 3233 811 3307 gloriosissime
859 3252 977 3302 rex,
1028 3240 1152 3292 esto
1213 3236 1446 3309 propria
1502 3243 1812 3296 contentus

150 3306 353 3390 uxore,
387 3306 444 3379 et
468 3328 677 3396 praeter
705 3323 884 3392 illius,
916 3323 1157 3381 alterius
1189 3342 1450 3397 unquam
1483 3344 1555 3383 ne
1584 3344 1811 3400 quaeras
1841 3306 1884 3373 (ἶ

151 3411 538 3467 consortium.
574 3413 640 3467 Et
671 3416 844 3480 certe,
877 3416 1165 3484 quantum
1205 3413 1504 3471 humanus
1554 3415 1814 3472 invenire

153 3500 381 3555 sufﬁcit
412 3498 975 3566 intellectus,eadem
1006 3501 1208 3556 crebro
1240 3507 1562 3559 memorata
1601 3504 1815 3560 mulier

151 3605 274 3644 non
307 3587 500 3644 solum
534 3589 739 3645 insons
768 3606 920 3661 saepe
951 3592 1331 3662 comprobata
1372 3597 1479 3660 est,
1511 3610 1712 3649 verum
1755 3601 1813 3651 et

151 3675 424 3733 Ecclesiae
455 3676 737 3732 auxilium
789 3681 967 3749 atque
1004 3678 1301 3750 judicium
1350 3698 1693 3753 provocasse
1721 3682 1811 3738 di-

152 3764 480 3838 gnoscitur.
518 3767 764 3839 Insuper
794 3770 851 3821 et
876 3766 1064 3822 sancti
1093 3768 1488 3840 apostolorum
1528 3770 1813 3843 principis

151 3853 306 3909 Petri
358 3854 698 3927 prmsidium
748 3855 1038 3927 expetivit.
1074 3856 1236 3913 Unde
1279 3859 1447 3914 sedes
1495 3859 1815 3931 apostolica

150 3959 397 3999 causam
421 3947 674 3998 vestram
708 3960 809 4016 per
837 3943 1026 4016 ipsam
1049 3945 1222 4018 cmpit
1242 3945 1615 4015 discutere,et
1635 3948 1811 4019 quid-

152 4031 298 4105 quid
329 4031 671 4104 quaestionis
702 4033 1303 4107 emersisset,speciali
1326 4035 1551 4106 judicio
1581 4053 1689 4091 suo
1722 4053 1809 4092 re-

150 4136 386 4177 servare
415 4120 870 4193 proposuit.Qua
889 4122 961 4176 de
992 4139 1051 4178 re
1074 4140 1190 4178 non
1212 4127 1491 4195 putamus
1518 4128 1574 4180 te
1604 4124 1665 4179 in
1687 4129 1812 4180 tan-

146 4212 274 4265 tam
304 4208 389 4263 tui
423 4208 737 4281 perniciem
771 4210 1214 4279 devolvendum,
1247 4215 1313 4267 ut
1345 4218 1549 4268 contra
1577 4216 1808 4271 nostras

149 4296 562 4366 difﬁnitiones,
592 4296 680 4354 vel
712 4298 995 4355 adversus
1025 4300 1227 4357 crebro
1258 4299 1473 4356 dictam
1506 4300 1805 4370 feminam,

150 4385 307 4441 beati
360 4385 513 4441 Petri
562 4386 832 4460 confugio
876 4405 1116 4459 prorsus
1148 4388 1430 4457 innixam,
1464 4407 1633 4464 agere
1665 4408 1808 4463 quo-

149 4489 387 4545 cunque
417 4475 591 4530 modo
621 4475 953 4532 consentias
985 4493 997 4530 :
1035 4494 1169 4533 cum
1202 4477 1307 4533 tibi
1342 4478 1619 4551 potius,et
1635 4496 1810 4553 regno

147 4566 277 4629 tuo,
308 4579 491 4634 quam
523 4563 989 4638 Theutbergze,si
1021 4567 1091 4621 ad
1118 4565 1228 4622 hoc
1254 4571 1372 4623 tam
1407 4568 1662 4624 immane
1682 4568 1808 4641 pia-

1929 663 2256 720 brevissimi
2288 665 2570 735 temporis
2600 662 2909 731 desiderio,
2933 661 3161 718 vinctus
3192 666 3249 717 et
3285 661 3576 735 obligatus

1928 755 2001 808 ad
2033 769 2286 826 perenne
2334 752 2587 808 traharis
2636 752 2904 807 exitium.
2957 750 3221 806 Deterius
3269 751 3485 822 quippe
3514 751 3576 806 in

1929 840 2162 915 populis
2193 840 2415 914 praelati
2445 840 2796 913 delinquunt
2845 857 2858 894 :
2911 856 2977 895 ac
3024 856 3126 911 per
3174 842 3283 895 hoc
3314 838 3426 911 ipsi
3451 856 3578 894 cru-

1930 929 2118 986 delius
2176 947 2355 1002 quam
2413 928 2602 985 caeteri
2641 929 2986 1001 puniuntur.
3021 928 3131 983 Sed
3182 931 3246 983 ut
3295 928 3576 983 manifes-

1929 1018 2047 1074 tius
2073 1036 2208 1075 vera
2238 1036 2344 1074 nos
2375 1018 2565 1073 dicere
2605 1017 2777 1084 scias,
2813 1017 3046 1072 beatum
3099 1032 3309 1088 papam
3360 1015 3574 1087 Grego-

1929 1108 2084 1163 rium
2123 1106 2281 1174 audi,
2316 1107 2418 1179 qui
2451 1108 2533 1161 ait
2565 1123 2577 1160 :
2610 1107 2768 1161 Scire
2807 1104 3022 1160 etenim
3070 1103 3294 1177 praelati
3340 1104 3574 1174 debent,

1929 1197 2067 1268 quia
2113 1196 2161 1250 si
2210 1212 2481 1267 perversa
2527 1211 2790 1265 unquam
2838 1197 3193 1265 perpetrant,
3243 1197 3329 1248 tot
3374 1192 3574 1248 morti-

1928 1286 2041 1342 bus
2070 1285 2233 1356 digni
2265 1288 2423 1349 sunt,
2458 1287 2601 1355 qnot
2630 1283 2700 1337 ad
2736 1282 3005 1337 subditos
3054 1299 3193 1337 suos
3232 1281 3576 1353 perditionis

1928 1374 2194 1446 exempla
2217 1370 2814 1428 transmittunt.Unde
2846 1387 3080 1426 necesse
3107 1374 3195 1426 est
3224 1374 3289 1425 ut
3318 1373 3480 1425 tanto
3515 1387 3577 1426 se

1926 1461 2157 1518 cautius
2197 1479 2231 1517 a
2280 1461 2456 1533 culpa
2484 1458 2834 1527 custodiant,
2859 1463 3078 1531 quanto
3111 1475 3213 1531 per
3243 1475 3418 1531 prava
3446 1475 3574 1529 quae

1927 1550 2150 1607 faciunt
2206 1567 2322 1605 non
2371 1548 2479 1605 soli
2527 1548 2878 1604 moriuntur.
2913 1548 3042 1603 Haec
3091 1552 3286 1603 autem
3331 1563 3439 1602 nos
3471 1546 3573 1601 tibi

1925 1657 2082 1696 nunc
2112 1638 2506 1712 scripsisse,et
2536 1637 2704 1710 quasi
2756 1638 2911 1692 inter
2958 1653 3064 1692 nos
3095 1640 3152 1692 et
3181 1642 3235 1692 te
3262 1636 3437 1691 verba
3464 1652 3574 1691 no-

1925 1733 2047 1786 stra
2066 1745 2338 1785 excessus
2370 1731 2504 1783 tuos
2533 1725 2904 1798 corripientia
2925 1724 3274 1781 discurrisse
3296 1724 3569 1781 sufficiat.

1924 1822 2204 1873 Caeterum
2236 1832 2490 1889 praecave
2522 1814 2831 1887 nequando
2863 1814 3054 1879 nobis,
3087 1814 3412 1869 secundum
3442 1813 3573 1881 ‘Do-

1924 1906 2068 1962 mini
2101 1905 2630 1979 praeceptum,duos
2661 1908 2764 1959 aut
2791 1908 2910 1959 tres
2938 1906 3117 1958 testes
3148 1902 3570 1957 adhibeamus:

1923 1996 2042 2051 imo
2071 2011 2224 2062 vero,
2251 2010 2322 2048 ne
2354 1993 2461 2048 hoc
2492 1992 2762 2048 Ecclesiae
2794 1996 3008 2048 sanctae
3040 1990 3572 2062 dicamus,et,quod

1922 2101 2038 2140 non
2070 2087 2361 2155 optamus,
2396 2082 2466 2137 de
2497 2085 2702 2137 caetero
2738 2081 2844 2136 ﬁas
2866 2078 3093 2135 cunctis
3124 2079 3275 2135 sicut
3303 2078 3573 2134 ethnicus

1922 2178 1980 2229 ct
2011 2172 2384 2245 publicanus.

1994 2262 2168 2316 Porro
2225 2258 2625 2315 excellentiam
2677 2262 2928 2312 vestram
2981 2256 3308 2325 hortamur,
3355 2260 3421 2311 ut
3464 2256 3575 2312 hoc

1922 2348 2220 2423 exemplar
2252 2347 2509 2421 epistolae
2544 2348 2616 2403 ad
2648 2346 2990 2401 Lotharium
3022 2345 3236 2413 missas,
3270 2361 3577 2417 quousque

1920 2438 2089 2495 illum
2122 2438 2340 2494 nostris
2370 2435 2608 2491 monitis
2629 2434 2864 2491 obedire
2890 2434 3141 2507 perfecte
3168 2432 3571 2505 cognoveritis.

1921 2530 2076 2601 apud
2107 2545 2228 2595 vos,
2264 2525 2504 2581 nemine
2534 2524 2647 2580 alio
2679 2523 2918 2590 sciente,
2954 2523 3273 2579 retineatis.
3298 2523 3357 2578 Si
3380 2526 3577 2578 autem

1921 2632 2039 2671 suae
2072 2612 2451 2671 obstinationi
2476 2629 2591 2667 non
2623 2610 2947 2679 cesserit,et
2977 2628 3103 2683 quae
3135 2610 3186 2665 ei
3218 2611 3286 2667 ad
3322 2627 3576 2682 praesens

1919 2704 2263 2776 dirigemus,
2298 2702 2574 2774 perficere
2604 2699 2920 2767 distulerit,
2946 2697 3034 2753 vel
3067 2698 3116 2754 si
3145 2699 3575 2771 Theutbergam

1919 2793 2179 2866 reginam
2226 2791 2421 2847 debito
2470 2790 2691 2845 honore
2736 2805 2850 2842 non
2903 2786 3226 2854 retinuerit,
3260 2790 3453 2842 vestra
3499 2787 3575 2841 ad

1919 2883 2183 2939 omnium
2215 2879 2504 2946 notitiam,
2540 2895 2667 2950 quae
2701 2878 2771 2931 de
2804 2893 2869 2932 eo
2901 2875 3220 2931 statuimus
3272 2874 3449 2930 faciat
3474 2890 3570 2929 ve-

1919 2972 2044 3027 nire
2074 2969 2430 3033 sublimitas,
2464 2972 2521 3022 et
2557 2967 2731 3038 juxta
2777 2971 2990 3020 nostra:
3037 2980 3296 3019 censura:
3329 2964 3571 3018 modum

1918 3061 1990 3116 ad
2021 3058 2267 3132 gloriam
2296 3061 2549 3113 vestram
2580 3053 2996 3110 transmissum
3023 3052 3137 3108 huc
3168 3052 3426 3125 illucque
3457 3051 3573 3109 dis-

1918 3152 2141 3223 pergat.

2694 3242 2800 3297 CL.

2226 3352 2294 3390 AD
2334 3349 2665 3389 LUDOVICUM
2704 3347 2893 3387 REGEM
2932 3346 3258 3385 GERMANIE.

2559 3422 2748 3490 (Anno
2778 3419 2926 3491 867.)

1925 3517 1988 3572 Ut
2018 3515 2336 3570 Lotharium
2382 3511 2454 3567 ad
2499 3508 2839 3579 diligendum
2894 3508 3289 3576 Theutbergam
3334 3507 3574 3579 excitare

1987 3593 2214 3658 pergat,
2234 3591 2284 3640 et
2314 3576 2677 3655 bigati-rudem
2708 3580 2778 3635 ad
2809 3584 3078 3635 Bosonem
3104 3580 3367 3633 maritum
3396 3576 3573 3632 redire

1992 3657 2293 3728 Compellat.

2438 3742 2623 3815 [Apud
2659 3739 2869 3808 Mansi,
2904 3739 3066 3813 ibid.]

1992 3863 2266 3917 NICOLAUS
2296 3860 2628 3932 episcopus,
2660 3874 2863 3912 servus
2894 3872 3192 3911 servorum
3227 3851 3577 3920 Dei,dilecto

1923 3950 2042 4005 filio
2074 3950 2358 4005 Lunovrco
2388 3945 2640 4019 glorioso
2673 3943 2813 4016 regi.

1992 4040 2304 4094 Precamur
2358 4033 2668 4091 amabilem
2717 4030 3085 4087 dilectionem
3116 4032 3369 4085 vestram
3400 4031 3465 4083 ut
3495 4045 3579 4083 re-

1919 4144 2051 4200 gem
2084 4124 2426 4182 Lotharium
2477 4137 2712 4176 monere
2761 4118 2923 4175 nullo
2968 4122 3136 4191 pacto
3183 4115 3479 4172 desistatis
3511 4120 3577 4170 ut

1918 4215 2177 4271 debitam
2209 4212 2579 4269 dilectionem
2601 4208 2984 4280 Theutbergaa
3012 4206 3225 4279 reginae
3252 4203 3416 4260 uxori
3449 4220 3569 4259 suae

1919 4320 2151 4376 semper
2178 4302 2505 4374 impendat:
2526 4314 2633 4354 nec
2654 4297 2766 4354 sibi
2782 4292 3316 4367 blandiatur,quasi
3337 4293 3575 4348 studeat

1919 4410 2047 4449 eam
2086 4408 2289 4465 cogere
2337 4394 2403 4445 ut
2452 4387 2692 4459 aliquod
2743 4385 2854 4443 sibi
2904 4384 3125 4440 crimen
3176 4383 3484 4455 impingat,
3517 4384 3575 4436 et

1920 4498 2022 4555 per
2057 4480 2168 4536 hoc
2216 4478 2404 4534 valeat
2433 4476 2596 4532 illam
2629 4493 2663 4531 a
2694 4492 2801 4531 suo
2827 4473 3122 4529 consortio
3153 4475 3521 4543 sequestrare
3554 4487 3566 4524 :

1920 4570 2197 4644 quoniam
2228 4568 2338 4623 hoc
2372 4583 2475 4622 nec
2505 4565 2631 4637 ipse
2662 4563 2925 4637 legaliter
2955 4578 3126 4634 agere
3168 4558 3570 4644 prmvaletmec

149 4651 355 4707 culum
377 4651 644 4725 dilapsus
669 4653 1145 4726 fueris.acquiras
1160 4654 1398 4713 omnino
1412 4657 1810 4729 dispendium.
1840 4673 1886 4738 ι)
1919 4643 2027 4714 nos
2060 4657 2278 4714 talibus
2301 4653 2697 4729 przestigiis,et
2719 4658 2839 4707 tam
2863 4648 3243 4738 fraudulentae
3266 4643 3571 4738 calliditati

147 4740 343 4813 Igitur
372 4740 687 4797 consilium
721 4746 1008 4809 nostrum,
1042 4742 1257 4816 accipe,
1282 4749 1340 4799 et
1362 4746 1586 4801 monita
1611 4750 1811 4803 nostra

149 4833 442 4900 tanquam
495 4829 795 4886 affectuosi
852 4830 1037 4903 patris
1094 4831 1462 4904 amplectere,
1508 4839 1685 4907 atque
1733 4836 1805 4892 ab

148 4917 312 4973 omni
327 4916 611 4989 pravitate
626 4918 1377 4994 mentem,linguam,corpu
1386 4940 1530 4995 sque
1543 4924 1805 4992 refraena,

147 5005 444 5079 praecipue
467 5004 799 5061 Waldradaa
831 5006 1057 5079 pellicis
1086 5012 1281 5076 tuaa,et
1310 5011 1534 5066 dudum
1566 5029 1600 5066 a
1632 5015 1688 5067 te
1720 5030 1807 5069 re-

149 5094 429 5167 pudiatae,
463 5095 939 5152 communionem
971 5096 1294 5168 declinans,
1328 5103 1384 5155 et
1413 5100 1808 5173 ejusZconsor-

147 5183 301 5239 tium
328 5185 622 5254 perpetua:
634 5182 1811 5246 oblivionicontradens.Excommunicata

147 5275 240 5326 est
259 5270 507 5339 enim,et
528 5287 716 5343 usque
739 5272 811 5327 ad
835 5273 1207 5345 praesentiam
1229 5280 1513 5345 nostram,
1547 5278 1619 5334 ab
1649 5278 1809 5333 omni

147 5358 623 5416 Christianorum
655 5361 1040 5418 contubernio
1072 5368 1455 5435 sequestrata,
1481 5365 1633 5422 sicut
1650 5371 1809 5424 totus

138 5448 268 5519 jam
323 5448 488 5505 novit
536 5448 841 5518 Occidens,
875 5454 932 5505 et
966 5452 1094 5521 jam
1136 5453 1383 5525 jamque
1432 5471 1663 5528 quoque
1708 5472 1812 5528 per

149 5537 368 5594 missos
401 5540 637 5593 nostros
661 5538 902 5594 minime
951 5556 1085 5594 cum
1135 5540 1325 5614 plagis
1355 5544 1577 5599 caeteris
1604 5544 1808 5602 Oriens

145 5626 468 5700 ignorabit.
500 5626 892 5694 Quamobrem
924 5629 1248 5685 cavendum
1292 5635 1400 5701 est,
1436 5649 1507 5688 ne
1556 5650 1688 5689 cum
1742 5652 1811 5691 ea

146 5715 275 5788 pari
328 5730 610 5772 mucrone
658 5715 993 5789 percellaris
1037 5718 1359 5787 sententiae,
1393 5738 1460 5778 ac
1497 5738 1601 5794 pro
1633 5722 1809 5780 unius

1919 4747 2112 4804 locum
2143 4748 2281 4802 dare
2328 4743 2743 4818 permittimus.
2794 4740 2905 4796 Sed
2949 4735 3178 4795 etiamsi
3228 4734 3567 4790 abundante

1916 4836 2246 4909 iniquitate,
2277 4831 2537 4905 qualibet
2567 4829 2802 4893 astutia,
2822 4828 3015 4901 potius
3044 4828 3237 4882 autem
3270 4820 3565 4888 violentia,

1914 4924 2031 4979 tale
2060 4922 2199 4995 quid
2234 4919 2555 4977 maehinari
2597 4918 2905 4991 potuisset,
2937 4913 3310 4973 Waldradam
3342 4910 3395 4965 ei
3424 4927 3563 4964 ma:-

1917 5013 2111 5080 cham,
2140 5012 2311 5083 cujus
2339 5009 2645 5065 immundo
2675 5004 2963 5063 desiderio
3012 5004 3084 5060 ad
3133 5002 3246 5057 ista
3292 4998 3566 5066 intendit,

1917 5100 2174 5167 anhelat,
2204 5104 2261 5154 et
2285 5097 2584 5171 pervenire
2613 5097 2911 5152 dementer
2930 5093 3178 5157 aJl‘ectat,
3212 5087 3411 5144 nullus
3435 5103 3567 5141 con-

1908 5188 2098 5263 jugali
2140 5188 2350 5244 fcedere
2400 5186 2760 5258 permitteret
2806 5181 3036 5247 sociari,
3070 5179 3183 5235 nisi
3244 5179 3388 5233 forte
3432 5173 3564 5247 quis

1917 5277 2181 5334 omnium
2212 5274 2550 5349 legum,nisi
2581 5278 2927 5329 cunctarum
2959 5268 3295 5343 regularum
3316 5269 3564 5321 temera-

1919 5375 2009 5423 lor
2037 5370 2093 5422 et
2122 5366 2401 5420 infractor
2424 5364 2665 5419 inveniri
2689 5360 2988 5417 voluisset.
3020 5357 3186 5431 Agite
3215 5354 3393 5427 igitur
3413 5352 3566 5407 circa

1917 5472 2052 5511 eum
2086 5454 2419 5527 benigne,et
2441 5452 2718 5524 quoniam
2751 5449 2908 5505 filius
2939 5445 3201 5521 germani
3231 5442 3407 5498 vestri
3453 5445 3563 5510 est,

1918 5550 2200 5614 tanquam
2233 5559 2298 5598 os
2324 5546 2580 5597 vestrum
2613 5545 2669 5596 et
2693 5555 2927 5595 carnem
2960 5551 3216 5599 monere,
3242 5545 3561 5601 increpare.

1917 5634 2035 5689 imo
2064 5648 2197 5687 vero
2229 5630 2404 5686 etiam
2436 5629 2712 5697 severius,
2740 5626 3050 5700 corripere,
3074 5624 3216 5696 quin
3248 5625 3306 5678 et
3329 5634 3563 5692 quoquo

1917 5722 2089 5778 modo
2120 5719 2407 5792 corrigere
2436 5717 2740 5789 studeatis,
2770 5715 2985 5774 mentis
3012 5712 3235 5772 scilicet
3262 5711 3391 5783 ejus
3412 5704 3566 5765 salu-
