3894 6218
319 382 477 450 1151

318 610 683 673 charissime,
709 627 823 664 non
861 627 963 665 vos
997 610 1175 665 latere
1206 610 1520 673 credimus.
1546 615 1687 682 quot
1711 616 1767 666 et
1795 628 1976 683 quan-

317 704 409 754 tos
441 698 668 753 labores
700 715 802 769 pro
835 700 1037 770 refuga
1064 698 1164 753 illa
1195 700 1436 755 Bosonis
1466 717 1638 756 uxore
1665 718 1814 771 swpe
1846 717 1974 771 per-

318 786 585 853 tulimus,
611 794 668 842 et
700 788 925 857 quoties
973 806 1121 854 eam,
1160 792 1223 844 ut
1276 789 1348 843 ad
1394 789 1643 860 justitiaa
1680 790 1976 844 tramitem

318 880 623 939 remearet,
657 876 969 931 salubriter
1018 878 1501 932 admonuerimus
1555 896 1567 932 :
1621 883 1679 933 et
1727 877 1979 948 qualiter

314 964 495 1019 etiam
530 981 642 1018 non
677 963 1138 1035 resipiscentem,
1168 967 1267 1020 sed
1302 967 1567 1037 nequitia
1597 984 1704 1022 sua
1734 967 1981 1037 pertina~

318 1053 464 1107 citer
492 1052 926 1123 persistenseni,
962 1053 1153 1125 gladio
1187 1056 1577 1109 anatheinatis
1617 1056 1976 1127 percusseri—

321 1159 476 1196 mus.
507 1141 642 1204 Quae
679 1158 782 1195 nec
831 1159 1109 1212 percussa
1157 1143 1362 1210 doluit,
1395 1162 1497 1199 nec
1551 1145 1751 1199 attrita
1795 1144 1977 1198 voluit

321 1230 575 1301 recipere
606 1230 1112 1301 disciplinam.\"ir
1143 1238 1334 1287 autem
1370 1232 1807 1304 ejus,innocens
1830 1234 1977 1287 vidc-

321 1318 541 1385 licet,in
575 1321 700 1388 ejus
732 1321 998 1375 absentia
1030 1320 1165 1374 hinc
1195 1321 1329 1377 inde
1360 1322 1555 1376 labore
1600 1340 1714 1375 non
1751 1323 1976 1376 modico

321 1407 622 1479 fatigatur,
674 1408 952 1479 quoniam
1002 1426 1106 1464 nec
1156 1408 1268 1480 ipsi
1332 1410 1690 1464 reconciliari
1749 1410 1977 1465 absenti

324 1496 621 1569 praevalet,
651 1514 756 1551 nec
810 1496 1051 1552 alterius
1101 1497 1201 1553 illa
1247 1498 1471 1554 vivente
1513 1499 1874 1554 consortium
1924 1499 1974 1553 ei

322 1584 629 1657 conjugale
657 1585 1015 1640 conceditur.
1048 1587 1171 1649 Qua
1197 1588 1268 1642 de
1299 1604 1361 1643 re
1394 1588 1669 1658 quoniam
1700 1588 1974 1659 improbi-

324 1677 505 1728 tatem
539 1678 595 1728 et
625 1672 995 1729 insolentiam
1026 1676 1290 1745 ejusdem
1322 1676 1427 1731 viri
1461 1677 1799 1730 continuam
1832 1677 1978 1748 pati-

326 1779 480 1829 mur,
510 1761 756 1817 volentis
787 1762 1009 1817 scilicet
1037 1764 1309 1819 ardenter
1352 1765 1424 1819 ad
1475 1765 1825 1829 secundum,
1860 1766 1977 1819 imo

325 1850 399 1905 ad
430 1850 702 1905 illicitum
736 1850 1040 1906 convolare
1071 1852 1451 1919 connubium,
1480 1853 1691 1908 obnixe
1722 1852 1978 1908 dilectio-

328 1956 461 1994 nem
490 1942 743 1995 vestram
804 1940 1197 2011 deposcimus,
1254 1945 1319 1996 ut
1376 1958 1480 2013 pro
1534 1943 1855 1997 revocanda
1910 1959 1979 1997 ea

325 2045 498 2084 omne
530 2028 792 2084 studium
826 2046 931 2101 pro
962 2029 1063 2085 Dei
1096 2047 1293 2085 amore
1324 2031 1593 2097 sumatis,
1626 2032 1891 2103 quinimo
1922 2037 1979 2087 et

325 2118 588 2172 eamdem
640 2119 921 2190 perditam
971 2136 1037 2173 ac
1086 2138 1236 2191 saepe
1296 2120 1637 2175 damnatam
1691 2122 1971 2176 feminam

324 2205 538 2262 lucrari
570 2206 815 2262 Domino
844 2207 1204 2273 valeatis,ita
1228 2213 1292 2262 ut
1322 2209 1368 2263 si
1404 2209 1643 2264 monitis
1671 2214 1977 2280 provocata

324 2294 478 2351 viam
512 2312 629 2351 sua:
661 2296 870 2351 salutis
901 2314 1016 2351 non
1048 2298 1272 2368 arripit,
1306 2297 1511 2352 saltem
1552 2299 1843 2369 pressuris
1876 2316 1978 2370 per

326 2388 577 2439 vestram
626 2385 977 2440 industriam
1021 2391 1334 2458 angustata
1382 2387 1689 2458 resipiscat
1720 2404 1734 2443 :
1762 2392 1817 2443 et
1848 2406 1974 2459 quae

327 2473 399 2527 ad
430 2472 794 2528 Dominicam
825 2491 1046 2529 cmnam
1090 2480 1297 2545 sponte
1346 2474 1561 2529 intrare
1593 2475 1796 2542 noluit,
1831 2477 1973 2531 dum

326 2565 555 2616 tantum
587 2560 782 2627 intret,
814 2562 903 2617 vel
936 2562 1321 2634 compellatur
1349 2563 1698 2620 invita.Nam
1732 2565 1876 2619 forte
1903 2566 1973 2619 de

326 2649 667 2721 hujusmodi
701 2651 987 2706 Dominus
1019 2669 1121 2723 per
1151 2652 1495 2723 prophetam
1528 2653 1669 2708 dicit
1692 2671 1703 2708 :
1728 2655 1859 2708 Ecce
1877 2670 1973 2723 ego

325 2740 534 2810 sepiam
564 2741 710 2794 viam
737 2748 887 2795 tuam
910 2743 1106 2812 spinis.
1133 2748 1185 2796 et
1211 2743 1418 2812 sepiam
1462 2758 1584 2797 eam
1629 2745 1889 2808 maceria,
1922 2751 1974 2798 et

326 2830 545 2883 semitas
573 2845 702 2883 suas
729 2844 841 2884 non
869 2831 1181 2895 inveniet,et
1217 2839 1473 2901 sequetur
1518 2840 1789 2887 amatores
1827 2849 1970 2898 suos,

325 2925 376 2972 et
400 2934 512 2972 non
540 2918 901 2989 apprehendet
929 2934 1017 2974 eos
1050 2938 1069 2974 :
1100 2928 1307 2991 quaeret
1355 2927 1410 2975 et
1456 2938 1565 2975 non
1597 2922 1833 2976 inveniet
1861 2938 1969 2986 eos,

326 3013 378 3062 et
393 3006 534 3061 dicet
560 3024 580 3061 :
616 3006 815 3062 Vadam
842 3015 895 3062 et
922 3017 1167 3064 revertar
1200 3008 1269 3063 ad
1302 3011 1483 3064 virum
1501 3025 1683 3065 meum
1708 3011 1969 3081 priorem,

326 3096 458 3166 quia
490 3094 619 3149 bene
648 3096 790 3150 mihi
816 3104 934 3151 erat
964 3104 1092 3152 tunc
1121 3099 1293 3168 magis
1322 3114 1485 3168 quam
1512 3114 1660 3152 nunc
1701 3098 1840 3167 (Ose.
1885 3099 1970 3170 ιι.)

326 3183 486 3247 Quod
519 3185 915 3239 venerandum
948 3184 1251 3240 oraculum
1285 3185 1333 3239 si
1362 3186 1580 3255 tropice
1627 3185 1973 3240 disseratur-

1691 389 2006 451 NICOLAI
2048 388 2277 450 PAP/E
2320 387 2370 449 Ι.

316 523 438 578 tem
469 518 657 592 magis
686 536 862 592 quam
893 519 1149 593 corporis
1181 519 1966 589 anhelantes.Postremo,{ili
1997 523 2054 590 Α
2082 520 2415 578 rentissimo
2469 523 2525 574 et
2565 514 2939 573 sanctissimo
2978 510 3259 570 confratri
3308 514 3515 568 uestro
3564 512 3732 566 Anon

3589 374 3751 439 1152

3736 484 3756 523 ῐ

2083 609 2519 681 archiepiscopo
2551 608 2849 663 decretum
2882 608 3231 676 perpetuum
3264 598 3621 656 Viennensis
3643 600 3752 656 Ec-

2086 700 2293 755 clesiar.

2157 789 2315 855 Quod
2337 790 2660 842 reverenter
2692 784 2855 857 petiit
2877 782 3157 838 sanctitas
3178 785 3281 836 tua
3302 798 3338 835 a
3360 780 3499 834 sede
3522 785 3754 850 aposto-

2086 878 2216 945 lica,
2250 884 2306 932 et
2335 875 2635 931 humiliter
2663 871 3141 945 expostulavit,ut
3174 869 3549 941 privilegium
3597 869 3744 922 anti-

2088 984 2270 1039 quum
2303 984 2337 1022 a
2369 965 2632 1038 patribus
2664 968 2721 1017 et
2751 960 3278 1034 praedecessoribus
3319 956 3542 1012 nostris
3572 957 3747 1011 Vien-

2088 1058 2251 1111 nensi
2286 1072 2461 1111 sacrae
2495 1054 2617 1109 sedi
2650 1067 2994 1107 concessum
3028 1063 3464 1111 renovarcmus,
3497 1043 3752 1100 auctori-

2085 1150 2176 1201 tas
2207 1146 2386 1214 hujus
2416 1148 2628 1199 sanctze
2661 1140 2838 1204 sedis,
2872 1138 3012 1211 quia
3042 1138 3221 1210 digna
3272 1152 3364 1191 res
3416 1134 3749 1206 petebatur,

2088 1253 2200 1290 non
2235 1233 2460 1288 abnuit.
2496 1232 2661 1287 Sicut
2710 1246 2845 1301 ergo
2897 1228 2969 1283 ab
2999 1224 3474 1281 antecessoribus
3505 1222 3750 1286 nostris,

2087 1323 2429 1379 beatissimo
2456 1320 2678 1376 scilicet
2710 1319 2898 1373 Leone
2928 1321 2986 1372 et
3015 1333 3050 1371 a
3076 1314 3321 1385 reliquis
3353 1330 3501 1385 pene
3530 1313 3605 1366 ad
3637 1328 3745 1366 no-

2087 1417 2209 1468 stra
2240 1409 2648 1482 tempora,tuis
2679 1404 3152 1461 antecessoribus
3174 1402 3508 1473 praestitum
3529 1404 3620 1455 est
3638 1400 3751 1454 lar-

2087 1500 2307 1572 gitione
2338 1496 2756 1570 apostolica,ut
2777 1494 2900 1565 juri
2928 1490 3278 1547 Viennensis
3308 1488 3581 1545 Ecclesia:
3604 1505 3749 1560 qua—

2086 1595 2222 1644 tuor
2251 1587 2512 1642 civitates
2541 1584 2626 1640 vel
2658 1578 3329 1655 oppida,Gratianopolis
3360 1578 3608 1642 scilicet,
3641 1576 3753 1631 Va-

2087 1677 2286 1746 lentia,
2320 1678 2571 1741 Genava,
2611 1671 2970 1733 Darentasia.
3002 1674 3278 1743 perpetue
3302 1668 3583 1739 subjecta
3626 1683 3753 1721 ma-

2088 1767 2399 1833 nerent,ita
2421 1765 2591 1820 modo
2624 1766 2823 1818 noster
2848 1760 3198 1832 priesulatus
3227 1757 3442 1812 futuris
3464 1755 3751 1827 tempori—

2088 1855 2198 1909 bus
2229 1856 2466 1909 firmum
2487 1858 2544 1908 et
2566 1848 2972 1907 inconvulsum
2987 1849 3199 1902 durare
3213 1845 3488 1919 praesenti
3514 1845 3750 1899 decreto

2085 1943 2409 2013 constituit,
2462 1947 2518 1997 et
2566 1947 2631 1996 ut
2675 1941 2748 1995 ad
2799 1942 3145 2011 potestatem
3190 1941 3249 1992 et
3295 1934 3748 2007 dispositionem

2083 2030 2430 2087 Viennensis
2462 2027 2802 2101 metropolis
2833 2027 3160 2100 pertineant
3191 2023 3576 2079 immobiliter
3603 2023 3749 2077 deli-

2086 2120 2246 2176 nivit.
2283 2122 2478 2192 Neque
2511 2124 2703 2174 tamen
2737 2122 3041 2189 propterea
3062 2111 3537 2170 Darentasiensis
3559 2111 3749 2165 Ecc1e~

2085 2210 2172 2265 sia
2203 2210 2251 2265 si
2284 2209 2519 2280 aliquod
2552 2224 2770 2262 munus
2800 2204 3083 2277 privilegii
3135 2202 3217 2256 illi
3271 2217 3625 2257 concessum
3656 2205 3749 2255 est

2085 2298 2459 2371 perdet,quia
2489 2313 2594 2352 nec
2624 2296 2732 2350 hoc
2764 2294 2935 2349 modo
2961 2291 3311 2347 Viennensis
3343 2288 3740 2360 archiepisco-

2084 2406 2194 2459 pus
2211 2393 2267 2443 et
2290 2386 2509 2458 primas
2535 2385 2722 2456 ipsius
2743 2401 2777 2438 a
2803 2388 3003 2437 nostra
3022 2379 3371 2436 auctoritate
3400 2377 3744 2450 postulavit,

2085 2481 2150 2531 ut
2181 2476 2388 2531 iisdem
2419 2474 2480 2529 in
2512 2473 2701 2528 tribus
2720 2471 2951 2544 oppidis
2969 2469 3053 2524 vel
3075 2468 3414 2523 civitatibus
3435 2483 3565 2538 quae
3589 2483 3746 2521 uunc

2083 2565 2292 2620 additae
2324 2568 2382 2619 et
2410 2562 2739 2618 commissa:
2769 2559 3043 2614 videntur
3073 2574 3187 2612 non
3220 2556 3605 2621 ordinaret,et
3625 2554 3745 2626 epi-

2082 2671 2290 2726 scopos
2319 2669 2521 2708 eorum
2550 2652 2622 2706 ad
2655 2666 2736 2717 se,
2770 2665 2905 2703 cum
2938 2650 3335 2719 opportunum
3358 2643 3602 2711 videret,
3629 2660 3745 2697 non

2083 2744 2405 2798 advocaret.
2440 2741 2552 2796 Sed
2584 2743 2650 2795 ut
2680 2738 2791 2793 sub
2812 2738 2948 2809 jure
2977 2733 3327 2790 Viennensis
3358 2730 3632 2787 Ecclesiae
3666 2733 3749 2786 ita

2081 2848 2143 2886 se
2173 2829 2428 2902 positum
2451 2845 2681 2899 semper
2701 2825 2939 2891 sciat,ut
2954 2841 3056 2895 per
3076 2821 3525 2893 dispositionem
3556 2820 3749 2892 ipsius

2081 2920 2201 2974 haec
2232 2919 2430 2975 omnia
2459 2915 2851 2972 ecclesiastice
2882 2919 3038 2986 agat,
3071 2916 3129 2967 et
3158 2912 3231 2966 ad
3263 2910 3563 2983 synodum
3587 2911 3744 2981 ejus-

2081 3008 2212 3063 dem
2242 3005 2665 3078 archiepisc0pi
2697 3007 2753 3059 et
2780 3000 3051 3074 primatis
3082 3003 3325 3055 vocatus
3351 2998 3573 3070 pariter
3600 3015 3740 3052 cum

2080 3096 2300 3152 eisdem
2319 3095 2464 3167 ipsis
2483 3093 2593 3150 sibi
2607 3092 2902 3148 concessis
2918 3094 3179 3147 occurrat
3196 3106 3234 3157 ;,
3269 3091 3325 3143 et
3355 3090 3650 3159 quantum
3666 3087 3738 3141 ad

2079 3185 2408 3255 generalem
2441 3180 2902 3237 observationem
2934 3179 3161 3246 attinet,
3188 3176 3331 3231 nihil
3366 3182 3578 3248 praeter
3596 3191 3739 3230 auc-

325 3288 441 3326 non
471 3289 705 3343 parvam
738 3273 1047 3330 utilitatem
1073 3279 1328 3344 generat.
1360 3273 1574 3328 Verum
1606 3290 1759 3329 nunc
1794 3274 1971 3329 brevi—
2002 3257 2044 3323 C
2085 3274 2376 3329 toritatem
2407 3271 2757 3327 Viennensis
2790 3268 3056 3341 praesulis
3087 3266 3329 3322 definire
3369 3267 3691 3337 praesumat
3719 3280 3734 3318 :

324 3363 413 3415 ter
440 3361 748 3415 dicendum
782 3367 892 3431 est,
927 3362 1203 3432 quoniam
1233 3361 1281 3415 si
1312 3362 1512 3415 eadem
1545 3361 1783 3425 femina,
1817 3360 1971 3415 sicut

324 3464 429 3504 nec
461 3448 881 3513 debet,nullius
911 3450 1319 3504 communione
1342 3449 1711 3515 frueretur,et
1744 3468 1855 3504 non
1879 3466 1968 3505 ex-

324 3536 561 3607 quisitis
590 3535 987 3607 voluptatibus
1019 3536 1319 3607 potiretur,
1336 3537 1384 3591 si
1414 3537 1666 3608 denique
1684 3536 1807 3592 vias
1827 3555 1967 3592 suas

323 3624 511 3695 spinis
541 3628 736 3695 septas
766 3628 1080 3695 pateretur,
1115 3624 1165 3678 si
1196 3624 1255 3679 in
1286 3625 1533 3680 terrenis
1562 3625 1863 3681 desideriis
1896 3626 1967 3680 de

321 3711 797 3782 impossibilitate
827 3711 1163 3781 lassaretur,
1189 3713 1315 3784 jam
1366 3718 1547 3768 Deum
1596 3714 1851 3785 profecto
1891 3715 1963 3769 ad

322 3805 579 3855 mentem
611 3802 929 3866 reduceret,
962 3806 1019 3857 et
1066 3803 1137 3857 ad
1185 3819 1442 3858 amorem
1474 3802 1579 3857 viri
1630 3802 1848 3875 proprii
1877 3803 1964 3859 vel

321 3888 499 3944 invita
529 3890 759 3945 rediret.
794 3890 886 3946 Sic
918 3906 1053 3961 ergo
1083 3891 1347 3962 pervicax
1377 3890 1477 3946 illa
1507 3896 1563 3946 et
1591 3891 1964 3963 impmnitens

318 3978 536 4047 anima,
570 3996 695 4050 quae
724 3979 824 4035 diu
854 3983 943 4034 est
972 3980 1256 4048 adultera,
1290 3985 1499 4036 conata
1530 3981 1858 4052 persistere,
1880 3980 1963 4036 sic

317 4066 647 4133 fortasse,si
680 4072 874 4123 tamen
907 4069 1226 4124 necessitas
1258 4068 1307 4124 ei
1339 4086 1441 4140 per
1469 4086 1568 4125 vos
1598 4086 1790 4125 rerum
1814 4071 1962 4126 inte-

315 4156 428 4210 rim
460 4156 824 4212 titulatarum
850 4157 1465 4230 imponereturﬁdelis
1479 4159 1606 4229 jam
1628 4160 1965 4215 decerneret

316 4260 444 4299 esse
473 4246 705 4315 conjux,
728 4264 856 4317 quae
889 4247 1097 4303 merito
1127 4265 1194 4302 ac
1222 4247 1504 4303 veraciter
1531 4247 1741 4304 deinde
1771 4249 1964 4305 dicere

315 4336 514 4403 posset
544 4348 559 4386 :
594 4334 850 4389 Reveer
876 4334 947 4390 ad
974 4337 1157 4390 virum
1183 4352 1365 4391 meum
1388 4338 1651 4407 priorem,
1674 4340 1805 4408 quia
1834 4339 1964 4394 bene

312 4428 431 4473 erat
457 4419 605 4474 mihi
630 4428 762 4476 tunc
787 4424 965 4491 magis
995 4440 1160 4494 quam
1188 4441 1352 4481 nunc.
1389 4425 1671 4496 Optamus
1716 4426 1961 4499 gloriam

313 4510 566 4562 vestram
610 4508 754 4564 bene
801 4509 1010 4578 valere,
1043 4511 1422 4566 dilectissime
1471 4510 1566 4566 illi.
1601 4513 1748 4567 Data
1784 4515 1963 4572 Nonis

316 4594 529 4666 Martii,
557 4596 877 4654 indictione
906 4616 998 4656 xv.

1067 4755 1204 4810 CLI.

486 4876 554 4915 Δῐ)
592 4877 820 4916 ΑΒΟΝΕΜ
861 4876 1222 4916 νιεΝΝΒΝεΒΜ
1260 4873 1783 4922 ARCHIBPISCOPUM.

951 4975 1138 5045 (Anno
1168 4976 1318 5047 867.)

310 5087 677 5157 Conﬁrmatur
702 5090 1038 5173 auctoritate
1072 5092 1353 5173 pontiﬁcio
1402 5101 1551 5173 vetus
1593 5100 1958 5173 privilegium

778 5162 1127 5230 metropoleos
1163 5164 1494 5221 Viennensis.

823 5274 1008 5347 [Apud
1042 5277 1248 5347 Mansi,
1281 5281 1439 5351 ibid]

377 5386 661 5443 NICOLAUS
691 5387 1019 5463 episcopus,
1064 5410 1267 5450 servus
1303 5412 1601 5453 servorum
1636 5399 1756 5469 Dei,
1793 5420 1955 5459 reve-

380 5504 745 5597 {qlﬂlnnium
774 5526 1137 5597 nes‘portare.
1176 5508 1341 5585 ’ρυοά
1393 5521 1502 5576 sub
1552 5522 1728 5578 ﬁnem
1770 5524 1954 5597 hujus

306 5574 564 5657 epistola;
595 5580 781 5641 facere
803 5574 1045 5657 jubetur
1072 5574 1523 5656 Hincmarus,ut
1552 5574 1954 5653 eamad—alios

310 5643 776 5726 archiepiscopos
803 5643 1520 5729 "deiciendsmeaia1'a
1545 5643 1783 5735 ᾆᾶἷρέὃ
1808 5643 1953 5724 an}:

2078 3362 2268 3433 sitque
2299 3360 2625 3424 humiliter,
2650 3359 2805 3413 sicut
2833 3375 2867 3411 a
2896 3362 3109 3412 sanctis
3142 3353 3567 3410 recordationis
3586 3369 3731 3424 pra:-

2075 3450 2484 3506 decessoribus
2514 3448 2731 3503 nostris
2761 3446 2994 3502 salubre
3025 3446 3323 3500 firmatum
3355 3447 3411 3499 et
3439 3447 3731 3499 statutum

2075 3544 2184 3610 est,
2216 3538 2529 3595 Viennensi
2566 3536 2833 3593 Ecclesiae
2866 3534 2947 3590 ita
2977 3534 3342 3605 suppositus,
3376 3537 3442 3587 ut
3472 3535 3730 3603 postmo-

2075 3628 2218 3683 dum
2248 3627 2493 3683 liberius
2521 3625 2869 3698 dignitatem
2903 3640 3072 3679 suam
3103 3640 3137 3678 a
3168 3621 3341 3678 nobis
3361 3620 3479 3676 sibi
3501 3636 3735 3675 conces-

2075 3734 2201 3772 sam
2236 3717 2447 3772 habere
2477 3722 2533 3772 et
2563 3721 2760 3771 tenere
2791 3713 3126 3786 praevaleat;
3180 3728 3254 3767 ne
3304 3712 3454 3766 forte
3486 3708 3537 3764 si
3567 3708 3735 3765 aliter

2075 3806 2275 3861 fecerit
2306 3810 2407 3861 aut
2436 3803 2899 3877 priesumpserit,
2953 3818 3070 3857 non
3123 3799 3317 3855 solum
3370 3798 3575 3870 aliqua
3620 3796 3731 3851 sibi

2074 3912 2352 3950 concessa
2374 3892 2732 3959 amittat,sed
2753 3891 2929 3947 etiam
2947 3894 3183 3962 propter
3198 3887 3729 3960 transgressionem

2072 3987 2129 4038 et
2158 3982 2609 4039 inobedientiam
2641 3981 2851 4035 durius
2881 3979 3199 4034 damnatus
3223 3976 3283 4031 in
3317 3977 3585 4055 futurum
3620 3974 3730 4029 hu-

2074 4069 2353 4127 milietur.
2386 4071 2534 4125 Data
2562 4068 2700 4123 ldus
2729 4067 2892 4133 Jun.,
2926 4064 3246 4121 indictione
3275 4080 3368 4119 xv.

2821 4190 2982 4246 CLII.

2072 4300 2145 4341 AD
2186 4298 2531 4341 HINCMARUM
2571 4299 2638 4336 ET
2675 4296 2935 4335 CETEROS
2974 4295 3277 4334 EPISCOPOS
3318 4294 3377 4332 ΙΝ
3418 4293 3601 4332 REGNO
3628 4293 3726 4331 CA-

2618 4387 2749 4425 ηοω
2789 4386 2894 4423 CON
2902 4382 3166 4423 STITUTOS
3175 4408 3187 4421 .

2709 4460 2895 4530 (Anno
2924 4457 3072 4529 867.)

2004 4564 2011 4569 ’
2072 4552 2319 4624 Exponit
2359 4567 2549 4605 causas
2586 4548 2708 4624 radii
2753 4557 2804 4603 et
2852 4547 3083 4624 invidiae
3114 4545 3430 4624 Gra'cmjum
3469 4544 3725 4624 adversus

2139 4618 2438 4677 Ecclesium
2468 4623 2724 4676 Latinam
2753 4638 2772 4674 :
2803 4620 2971 4673 mittit
3016 4619 3245 4673 illorum
3282 4618 3633 4688 objectiones,
3666 4625 3725 4669 ut
3786 4644 3789 4647 -

2140 4711 2231 4752 eas
2259 4694 2538 4765 refellant,
2568 4700 2621 4748 et
2647 4706 2773 4763 qua:
2801 4698 2991 4746 contra
3025 4690 3149 4746 illos
3183 4689 3513 4754 invenerint,
3537 4690 3595 4741 in
3631 4688 3726 4743 Ur-

2142 4769 2259 4823 bem
2289 4767 2686 4821 transmittunt.

2585 4853 2777 4925 [Apud
2808 4850 3018 4933 Mansi,
3051 4851 3212 4923 ibid]

2138 4964 2413 5019 NICOLAUS
2443 4961 2775 5033 episcopus,
2807 4975 3013 5015 servus
3042 4974 3351 5014 servorum
3403 4957 3521 5023 Dei,
3563 4971 3719 5011 reve-

2066 5051 2422 5108 rentissimis
2478 5053 2535 5104 et
2581 5047 2974 5104 sanctissimis
3034 5047 3340 5103 HINCMABO
3398 5050 3457 5102 et
3500 5044 3721 5100 caeteris

2065 5140 2458 5196 confratribus
2488 5137 2704 5193 nostris
2734 5136 3195 5207 archiepiscopis
3244 5140 3303 5191 et
3342 5132 3631 5206 episcopis
3662 5132 3717 5186 in

2065 5246 2242 5302 regno
2272 5227 2461 5285 Caroli
2493 5226 2732 5299 gloriosi
2764 5225 2917 5298 regis
2949 5224 3228 5282 ecclesias
3258 5224 3612 5279 constitutas
3634 5237 3719 5276 re-

2063 5318 2492 5477 Bagigmium
2514 5422 2621 5461 nos
2653 5407 2888 5477 portare
2920 5420 3098 5460 onera
3128 5402 3229 5475 qui
3259 5404 3581 5473 gravantur
3600 5398 3714 5455 imo

2064 5538 2267 5671 genter
2295 5531 2622 5615 praestitum
2650 5531 2823 5613 docet
2854 5528 3217 5613 Flodoardus
3248 5527 3354 5581 lib.
3390 5539 3631 5609 n.1,.cap.

2112 5621 2256 5671 uam,
2302 5607 2514 5671 inquit,
2566 5602 2863 5671 epistolam
2906 5603 3239 5656 [Immanis
3285 5609 3714 5671 suscipiens,__m

2112 5621 2256 5671 uam,
2295 5602 2514 5675 inquit,
2566 5602 2863 5673 epistolam
2906 5603 3239 5675 Hinemarus
3263 5602 3717 5675 _suscipiens,._ie

2063 5664 2373 5731 Carbonaca
2385 5664 2610 5746 palatio
2635 5675 2954 5730 consistenti
2972 5674 3095 5742 regi
3115 5671 3309 5730 Carolo
3324 5664 3453 5727 eum
3466 5665 3621 5740 piari
3624 5664 3716 5722 bus
