3894 6218
431 641 505 679 ΑΟ
544 639 847 679 EPISCOPOS
888 641 944 678 IN
983 639 1164 678 REGNO
1206 637 1466 677 LUDOVICI
1507 637 1903 677 CONSTITUTOS.

989 730 1173 802 (Anno
1213 729 1361 798 867.)

345 855 854 929 Reprehenditqiltos
885 855 1026 925 quod
1062 854 1490 929 Theutgualdum
1537 861 1595 929 et
1635 852 2000 908 Guntharium

415 926 533 983 suis
562 927 825 995 gradibus
855 928 1073 981 restitui
1102 929 1348 996 cupiant.
1381 926 1619 995 Exponit
1665 941 1842 996 quam
1869 940 1996 991 gra-

416 994 1081 1078 viter’deliquerinthtum
1111 994 1538 1078 insuscipienda
1568 994 1872 1078 Ingeltrude
1906 998 2001 1048 Bo-

414 1086 564 1126 sonzs
590 1067 819 1139 conjuge
865 1070 1059 1138 refuga
1103 1069 1590 1131 accommunicatu,
1643 1075 1759 1139 tum
1809 1067 1864 1119 in
1909 1081 1998 1139 as:

418 1140 645 1196 truendo
683 1135 770 1194 ’θεέ
805 1135 1135 1208 defendendo
1185 1139 1439 1194 Lotharii
1486 1136 1730 1208 repudio,
1762 1143 1814 1190 ct
1860 1135 2000 1206 quod

418 1219 701 1284 propterea
728 1213 922 1284 merito
941 1212 1150 1281 fuerint
1175 1210 1422 1284 depositi.
1459 1209 1636 1284 Quare
1663 1209 1913 1284 hortatur
1943 1214 2004 1260 ut

418 1279 691 1346 desinant,
722 1290 772 1337 et
794 1290 852 1336 ut
877 1279 1188 1337 Lo'tharium
1222 1279 1291 1335 ad
1320 1279 1659 1352 exsequenda
1679 1280 1838 1350 jussu
1862 1294 1998 1350 pon-

424 1355 588 1424 tiﬁcis
617 1353 915 1422 inﬂectunt.

869 1477 1056 1548 [Apud
1091 1476 1300 1542 Mansi,
1335 1476 1494 1546 ibid]

419 1603 706 1659 NICOLAUS
737 1601 1070 1674 episcopus,
1103 1618 1305 1656 servus
1336 1617 1637 1655 servorum
1683 1601 1803 1667 Dei,
1839 1617 2000 1655 reve-

347 1691 718 1746 rendissimis
747 1696 805 1746 et
835 1689 1230 1746 sanctissimis
1260 1690 1654 1745 confratribus
1677 1689 1894 1745 nostris
1917 1706 2003 1744 ar-

346 1779 734 1851 chiepiscopis
765 1783 821 1834 et
850 1779 1141 1851 episcopis
1172 1778 1228 1832 in
1264 1794 1441 1849 regno
1467 1777 1741 1831 Ludovici
1764 1776 1997 1849 gloriosi

347 1867 500 1941 regis
531 1867 892 1924 constitutis.

415 1957 750 2013 Gaudemus
782 1957 1044 2027 quidem,
1079 1957 1309 2022 fratres,
1347 1960 1403 2010 et
1453 1954 1621 2027 plane
1668 1955 1833 2010 vobis
1885 1971 1999 2010 non

348 2045 640 2101 immerito
654 2043 1400 2116 congaudemus,quoniam
1421 2061 1523 2115 per
1541 2043 1883 2099 charitatem
1901 2060 2001 2099 vos

347 2133 754 2205 Theutgualdo
772 2137 827 2187 et
847 2132 1168 2187 Gunthario
1191 2132 1414 2186 dudum
1432 2132 1726 2187 damnatis
1745 2131 1999 2203 compati

347 2226 404 2278 et
434 2221 740 2276 condolere
765 2220 1210 2292 conspicientes,
1235 2220 1410 2275 etiam
1443 2237 1545 2292 pro
1587 2220 1999 2291 recuperandis

346 2309 438 2365 his
456 2310 514 2364 in
538 2308 850 2381 pristinum
870 2308 1173 2380 dignitatis
1194 2309 1442 2380 gradum
1466 2325 1581 2364 non
1601 2309 1828 2364 modice
1851 2313 2000 2364 sata.

346 2414 479 2470 gere
511 2396 997 2468 contemplamur.
1030 2396 1141 2451 Sed
1173 2396 1499 2462 tristamur,
1534 2401 1590 2452 et
1617 2397 1784 2452 valde
1807 2397 2001 2452 trista-

349 2484 869 2554 mur,charissimi,
886 2485 1022 2556 quia
1054 2483 1137 2540 sic
1168 2501 1270 2555 pro
1292 2485 1543 2540 duorum
1568 2485 1874 2540 hominum
1899 2487 1999 2540 de-

343 2574 592 2646 jectione
623 2572 910 2645 satagitis,
931 2577 995 2627 ut
1025 2572 1290 2644 plurimae
1317 2572 1686 2628 multitudini
1714 2574 1999 2630 Christia-

345 2680 432 2718 na:
464 2660 652 2734 plebis
681 2678 784 2733 per
813 2678 912 2716 eos
942 2661 1088 2716 laesae
1120 2661 1361 2716 minime
1389 2661 1713 2717 consulatis
1739 2678 1750 2717 :
1779 2663 1862 2716 sic
1896 2680 1997 2733 pro

345 2753 598 2807 duorum
624 2750 930 2806 hominum
951 2751 1334 2806 restaurando
1357 2754 1511 2806 statu
1536 2767 1639 2823 pro
1653 2751 1998 2807 criminibus

347 2839 673 2896 manifestis
703 2839 846 2894 eliso
887 2838 1140 2902 certatis,
1168 2843 1232 2892 ut
1262 2843 1347 2893 tot
1372 2839 1632 2894 ﬁdelium
1666 2840 1999 2912 casum,qui

342 2945 442 2986 eos
469 2945 569 3000 per
591 2928 908 3000 przecipitia
932 2933 1072 2983 sunt
1107 2927 1310 2994 secuti,
1344 2927 1506 2983 nullo
1540 2929 1712 2983 modo
1744 2945 1996 3001 perpen-

345 3017 517 3074 datis:
552 3017 664 3073 Sed
697 3015 840 3088 quid
873 3016 1114 3087 mirum,
1146 3017 1382 3088 quando
1415 3017 1591 3071 etiam
1623 3034 1758 3072 cum
1789 3017 1998 3074 essetis

341 3105 515 3162 vicini
545 3105 686 3161 locis
715 3103 918 3172 illis,in
951 3105 1167 3176 quibus
1190 3104 1634 3177 Theutgualdus
1653 3110 1708 3160 et
1729 3106 1998 3162 Guntha-

345 3195 468 3250 rius
514 3194 800 3250 Ecclesiae
849 3193 1065 3248 Christi
1115 3193 1222 3248 sibi
1280 3194 1628 3250 commissas
1651 3194 2000 3251 videbantur

1718 397 2026 461 NICOLAI
2072 397 2300 459 PAP/E
2341 399 2389 460 Ι.

3606 403 3750 462 1164

2024 532 2082 600 Α
2110 539 2225 588 tare
2251 534 2389 603 facit
2416 536 2705 590 unanimes
2735 535 2795 590 in
2825 533 2979 590 domo
3011 534 3176 607 (Psal.
3207 550 3354 592 van
3389 551 3401 589 :
3427 538 3484 590 et
3515 552 3748 591 rursus:

2107 622 2236 674 Ecce
2263 637 2427 692 quam
2459 623 2658 677 bonum
2685 631 2736 678 et
2764 639 2931 693 quam
2950 622 3262 694 jucundum
3287 623 3542 679 habitare
3559 624 3755 696 fratres

2107 711 2165 764 in
2196 715 2412 765 unum?
2441 712 2927 783 (Psal.cxxxu.)in
2961 729 3144 766 unum
3178 712 3398 767 scilicet
3431 717 3624 768 mente
3643 729 3754 768 ma-

2107 798 2198 870 gis
2232 816 2408 870 quam
2440 817 2699 872 corpore.
2719 801 2883 865 Quod
2915 800 2964 855 si
2999 800 3143 856 nihil
3177 801 3389 856 horum
3425 801 3752 874 egistis,nec

2108 887 2166 942 in
2201 887 2360 942 nullo
2395 888 2704 944 nobiscum
2765 889 3072 944 convenire
3125 889 3397 946 voluistis
3434 906 3446 943 :
3484 891 3583 945 sed
3615 891 3759 946 sicut

2108 975 2408 1031 laboribus
2443 976 2657 1032 nostris
2690 977 2918 1032 diverso
2949 983 3230 1050 tempore,
3256 996 3360 1050 pro
3391 978 3755 1034 destruendis

2109 1080 2235 1135 qua:
2265 1064 2371 1118 viri
2406 1065 2666 1136 praedicti
2709 1066 3132 1122 fabricaverant
3181 1067 3491 1138 impensis,
3525 1067 3758 1122 minime

2110 1152 2612 1218 communicastis,
2647 1153 2728 1208 ita
2768 1159 2824 1208 et
2855 1153 3122 1209 dolorum
3155 1161 3496 1210 nostrorum
3531 1156 3762 1226 partici-

2110 1258 2232 1313 pes,
2268 1242 2388 1296 ﬁeri
2425 1242 2741 1297 recusastis
2775 1259 2787 1296 :
2819 1243 2956 1316 quid
2992 1260 3148 1298 nunc
3177 1243 3468 1316 satagitis,
3495 1249 3553 1298 et
3574 1244 3760 1298 anxia-

2111 1330 2341 1399 mini,et
2360 1347 2463 1401 pro
2486 1331 2735 1386 duorum
2762 1331 3018 1386 virorum
3044 1332 3488 1397 restauratione,
3507 1333 3763 1387 innume-

2111 1435 2309 1472 rorum
2342 1420 2654 1490 praevenire
2683 1420 2860 1476 vultis
2892 1419 3158 1476 ﬁdelium
3181 1421 3664 1476 subversionem?
3679 1424 3759 1475 An

2111 1505 2367 1578 plurium
2385 1507 2682 1562 interitum
2707 1508 3481 1580 parvipenditis,etduorum
3505 1509 3758 1564 virorum

2109 1595 2269 1650 casui
2285 1595 2659 1652 solummudo
2673 1597 2995 1652 condoletis
3011 1597 3038 1652 ἰ)
3052 1597 3255 1652 Etsola
3267 1597 3506 1668 quidem
3533 1597 3762 1653 illorum

2109 1684 2273 1738 vobis
2307 1685 2716 1756 ruinafgravis,
2749 1690 2951 1740 nostra
2979 1701 3112 1740 vero
3162 1691 3219 1741 et
3260 1685 3443 1741 totius
3474 1685 3762 1755 Ecclesiae,

2110 1773 2202 1826 cui
2239 1773 2352 1827 Deo
2385 1779 2623 1828 auctore
2654 1774 3317 1844 servimus,quotidiana
3347 1774 3767 1841 sollieitudo,et

2111 1878 2214 1932 pro
2245 1862 2612 1916 eradicandis
2646 1880 2771 1933 quae
2803 1862 2912 1934 ipsi
2944 1861 3550 1933 plantaveruntmalis
3573 1865 3767 1919 inell'a-

2111 1950 2245 2005 bilis
2275 1967 2416 2005 cura
2445 1950 2494 2006 ei
2530 1950 2915 2006 intolerabilis
2949 1951 3205 2022 profecto
3237 1952 3485 2019 vexatio,
3516 1951 3661 2007 levis
3711 1958 3765 2007 et

2108 2040 2534 2094 contemnenda
2565 2039 2830 2094 videtur?
2854 2040 2965 2095 Sed
2988 2056 3094 2095 nos
3117 2057 3241 2111 quae
3263 2040 3761 2111 pertulimus,imo

2110 2144 2235 2198 quae
2269 2128 2338 2182 de
2371 2128 2654 2183 factorum
2688 2127 2950 2199 ipsorum
2985 2128 3208 2200 origine
3240 2129 3502 2199 quotidie
3552 2129 3764 2184 tolera-

2109 2233 2384 2282 mus,non
2409 2217 2834 2272 contemnenda
2851 2217 3257 2281 ducimus,nec
3281 2217 3430 2272 levia
3449 2235 3762 2289 possumus

2108 2303 2688 2376 aestimare,quorum
2718 2304 3065 2376 gravissima
3097 2321 3204 2360 nos
3237 2305 3629 2372 cernimus,et
3651 2323 3763 2362 non

2105 2410 2228 2460 vos,
2259 2394 2519 2464 pondera
2540 2392 2821 2465 bajulare,
2853 2394 3122 2466 quamvis
3154 2397 3210 2449 et
3243 2394 3591 2449 charitatem
3634 2412 3762 2450 ves-

2107 2487 2258 2536 tram
2291 2481 2680 2538 incommodis
2712 2482 2931 2538 nostris
2961 2483 3214 2555 cognitis
3237 2483 3491 2555 compati
3515 2484 3762 2539 minime

2107 2571 2468 2638 difﬁdamus,
2505 2577 2562 2625 et
2583 2572 2708 2642 jam
2741 2588 2898 2626 nunc
2928 2572 3191 2644 exposita
3221 2589 3596 2644 nequaquam
3633 2591 3758 2645 per-

2105 2659 2391 2714 functorie
2423 2677 2592 2732 posse
2624 2661 2953 2716 credamus.

2176 2748 2490 2804 Ordiamur
2507 2766 2643 2822 ergo
2664 2749 2972 2804 historiam
2986 2749 3376 2823 Theutgualdi
3407 2756 3464 2806 et
3497 2751 3760 2806 Guntha-

2105 2835 2196 2901 rii,
2229 2835 2278 2890 si
2294 2841 2489 2892 tamen
2515 2854 2629 2892 non
2662 2836 2945 2909 tragcedia
2975 2837 3166 2908 potius
3190 2840 3268 2893 sit
3299 2839 3547 2894 dicenda
3572 2857 3586 2894 :
3611 2845 3670 2895 et
3700 2845 3761 2894 ut

2105 2925 2318 2996 partim
2351 2924 2558 2981 saltem
2587 2943 2714 2998 qua
2748 2943 2854 2981 nos
2883 2927 3102 2998 experti
3135 2943 3364 2994 sumus,
3399 2929 3470 2982 de
3502 2927 3620 2982 illis
3653 2946 3755 2984 vos

2104 3029 2336 3084 quoque
2368 3013 2516 3069 scire
2547 3013 2807 3080 valeatis,
2843 3018 3130 3086 quantum
3179 3015 3436 3087 epistolae
3487 3022 3758 3072 caventes

2104 3100 2473 3173 prolixiorem
2505 3118 2835 3157 sermonem
2867 3103 3085 3157 cursim
3109 3103 3395 3159 disserere
3419 3121 3756 3175 possumus,

2103 3191 2434 3246 texentibus
2458 3191 2626 3246 nobis
2649 3191 2947 3247 advertite.
2970 3191 3154 3264 Igitur
3187 3209 3320 3246 cum
3355 3192 3754 3264 Engeltrudis,

348 3284 588 3356 quidem
607 3300 824 3355 regere,
840 3299 954 3337 non
975 3287 1168 3336 autem
1193 3283 1486 3353 regebant,
1507 3283 1563 3337 in
1589 3283 1803 3355 quibus
1819 3285 1995 3341 etiam
2026 3266 2068 3332 C
2108 3295 2252 3333 uxor
2273 3279 2516 3334 Bosonis
2538 3279 2791 3348 comitis,
2816 3281 2887 3335 ad
2910 3279 3128 3335 Gallias
3151 3279 3349 3335 relicto
3368 3281 3601 3352 proprio
3629 3282 3753 3337 viro

345 3372 686 3439 1iccnter,ad
709 3371 834 3426 sine
857 3369 1062 3442 quavis
1085 3369 1491 3440 prohibitione,
1508 3375 1628 3425 tam
1655 3372 1992 3442 Waldrada,

350 3477 528 3533 quam
555 3458 933 3532 Engeltrudis
965 3474 1110 3512 uxor
1139 3458 1403 3524 Bosonis,
1422 3459 1854 3529 prostitutionis
1876 3479 1993 3517 sua:

349 3549 462 3604 sibi
510 3547 817 3620 lupanaria
874 3546 1306 3617 quodammodo
1364 3553 1844 3619 praeparaverant,
1888 3567 1994 3606 nec

344 3635 960 3706 contrainsurgentem
976 3635 1247 3689 morbum
1271 3635 1615 3691 medicinale
1629 3636 1843 3692 ferrum
1867 3653 1994 3693 exa-

341 3724 568 3790 cuistis,
603 3739 707 3778 nec
737 3722 808 3777 ad
842 3722 1177 3778 excitandos
1225 3739 1430 3794 sopore
1479 3723 1648 3779 noxio
1681 3742 1990 3797 oppressos

336 3812 541 3868 eodem
575 3815 835 3883 tempore
865 3811 1075 3866 fratres
1106 3811 1410 3867 charitatis
1441 3813 1689 3883 pedibus
1727 3816 1989 3869 cucurri-

335 3899 910 3973 stis,sapientissimo
943 3899 1256 3956 Salomone
1287 3901 1357 3956 de
1390 3899 1609 3957 talibus
1640 3903 1990 3960 admonente

333 3994 508 4062 atque
538 3989 1511 4060 dicente,Discurre,/"estina,suscita
1534 3993 1772 4047 amicum
1794 3997 1989 4048 tuum?

328 4078 506 4150 (Prov.
539 4080 642 4147 γι.)
673 4078 834 4143 Quod
868 4095 982 4133 non
1015 4076 1205 4132 solum
1239 4083 1378 4133 tunc
1412 4078 1654 4135 minime
1670 4098 1771 4137 vos
1794 4083 1985 4154 egisse

329 4165 515 4238 liquet
545 4183 557 4221 :
587 4183 790 4221 verum
822 4167 997 4222 etiam
1029 4183 1134 4222 nec
1168 4172 1481 4239 postquam
1515 4186 1621 4224 nos
1669 4170 1845 4225 erecti
1897 4188 1984 4226 sa-

329 4254 507 4326 gittas
528 4254 733 4308 divinaa
755 4255 1037 4326 pharetrae
1053 4255 1317 4326 jaculare
1342 4257 1620 4313 adversus
1644 4257 1983 4330 hujusmodi

330 4342 604 4415 pronefas
625 4341 796 4415 longe
825 4343 1055 4416 lateque
1087 4346 1390 4417 coepimus,
1425 4347 1596 4402 nobis
1628 4347 1982 4405 collaborare

329 4429 577 4488 sollicite
608 4433 966 4504 procurastis
1000 4450 1013 4488 :
1039 4434 1291 4506 denique
1322 4433 1421 4489 ubi
1453 4423 1632 4507 super
1662 4436 1770 4491 hoc
1819 4436 1982 4492 labor

330 4525 523 4577 vester
553 4521 861 4594 apparuit?
883 4522 983 4577 ubi
1015 4523 1455 4588 concursus,vel
1492 4524 1589 4577 ubi
1623 4526 1980 4582 sacerdotale

329 4610 593 4665 studium
624 4609 870 4664 claruit?
897 4611 1131 4682 quando
1154 4609 1504 4665 ascendistis
1520 4627 1697 4680 super
1717 4619 1976 4668 montem

325 4697 617 4754 excelsum
629 4698 657 4753 ?
671 4698 904 4769 quando
918 4696 1358 4768 evangelizastis
1373 4695 1510 4750 Sion
1521 4697 1549 4750 ?
1561 4700 1795 4768 quando
1810 4703 1979 4773 quasi

323 4787 468 4841 tuba
489 4785 788 4841 exaltastis
810 4784 1047 4840 vocem?
1070 4784 1306 4854 quando
1328 4784 1723 4842 annuntiastis
1741 4790 1979 4846 cuilibet

323 4874 383 4928 in
404 4874 513 4928 hac
544 4875 718 4946 culpa
747 4873 978 4928 detento
1017 4870 1237 4963 scelera
1269 4871 1415 4925 sua?
1445 4875 1679 4943 quando
1713 4879 1974 4933 ascendi-

323 4963 432 5018 stis
481 4979 549 5016 ex
594 4963 933 5028 adverso,et
979 4958 1337 5030 opposuistis
1388 4977 1621 5017 murum
1667 4981 1770 5036 pro
1801 4967 1974 5022 domo

324 5050 598 5106 Domini?
631 5049 865 5121 quando
898 5064 1001 5118 pro
1033 5063 1101 5101 ea
1133 5045 1376 5102 latratus
1426 5050 1709 5108 dedistis?
1740 5056 1973 5125 quando

325 5139 663 5204 Phinees,ut
686 5139 936 5192 cessaret
967 5135 1505 5206 quassatio,imitati
1537 5141 1678 5197 estis
1699 5145 1972 5214 i’quando

325 5226 621 5282 Danielem
655 5225 712 5279 in
747 5223 1057 5295 puniendis
1081 5223 1360 5281 adulteris
1383 5229 1735 5301 presbyteris
1768 5234 1971 5287 sectati

325 5315 507 5372 estis?
528 5313 616 5369 vel
646 5312 879 5384 quando
912 5312 1215 5368 nobiscum
1247 5320 1312 5370 ut
1344 5322 1670 5374 castrorum
1703 5321 1857 5376 acies
1879 5338 1970 5376 or-

327 5401 509 5458 dinati
525 5399 1052 5471 stetistis?quando
1068 5402 1370 5458 nobiscum
1388 5406 1702 5462 Dominum
1724 5409 1778 5462 in
1796 5408 1970 5466 choro

321 5489 652 5546 laudastis?
682 5488 766 5544 vel
799 5491 1030 5562 quando
1076 5491 1378 5549 columbas
1426 5495 1636 5550 imitati
1686 5499 1970 5570 gregatim

326 5581 526 5631 contra
557 5577 760 5636 milvos
789 5578 1054 5636 incedere
1085 5583 1434 5638 studuistis?
1457 5585 1690 5655 quando
1722 5589 1972 5643 cantavi-

323 5679 456 5722 mus
487 5664 662 5724 simul
697 5683 710 5724 :
742 5669 882 5728 Deus
908 5674 962 5728 in
994 5669 1106 5731 loco
1135 5678 1320 5728 sancto
1349 5687 1466 5742 suo,
1501 5673 1638 5727 Deus
1669 5676 1766 5751 qui
1813 5675 1966 5732 habi-

2105 3386 2240 3424 cum
2271 3367 2534 3424 adultero
2563 3367 2828 3424 adultera
2858 3369 3339 3442 transmigrasset
3371 3386 3382 3423 :
3418 3375 3470 3424 et
3502 3370 3590 3424 vir
3627 3372 3757 3441 ejus

2103 3475 2234 3512 eam
2264 3473 2398 3513 cum
2432 3457 2616 3513 multo
2650 3457 2847 3513 labore
2873 3459 3149 3513 reducere
3180 3457 3482 3526 voluisset,
3521 3475 3629 3513 nec
3679 3465 3763 3514 ta-

2103 3561 2234 3601 men
2266 3544 2458 3618 aliquo
2489 3546 2660 3600 modo
2683 3545 3390 3617 potuisset,eeclesiastica
3410 3548 3589 3618 erepit
3606 3547 3768 3602 auxi-

2101 3633 2179 3689 lia
2202 3633 2496 3706 postulare
2523 3651 2535 3689 :
2560 3633 2944 3706 ordinemque
2965 3651 3225 3703 servans,
3259 3634 3513 3707 primam
3545 3636 3604 3690 in
3638 3641 3758 3692 toto

2099 3726 2386 3778 terrarum
2416 3723 2552 3779 orbe
2583 3723 2780 3778 sedem
2813 3722 3136 3795 appellans,
3155 3727 3219 3778 ut
3239 3723 3638 3779 ecclesiastico
3663 3725 3759 3779 de-

2099 3817 2254 3867 creto
2277 3828 2404 3867 eam
2435 3812 2508 3868 ab
2540 3811 2654 3882 his,
2682 3812 2782 3883 qui
2813 3811 2974 3866 illam
3007 3812 3373 3878 muniebant,
3399 3813 3523 3866 erui
3553 3818 3607 3868 et
3642 3813 3757 3868 sibi

2098 3901 2257 3955 reddi
2290 3900 3031 3973 prazciperet,supplicavit.
3057 3901 3220 3956 Unde
3249 3902 3524 3956 decessor
3560 3907 3761 3956 noster

2095 3993 2306 4043 sanctae
2339 3990 2630 4044 memoria:
2654 3989 2998 4045 Benedictus
3029 4006 3525 4061 papa,quousque
3550 4007 3757 4061 super-

2094 4082 2212 4132 stes
2244 4078 2489 4145 exstitit,
2513 4079 2666 4150 apud
2695 4079 3105 4150 imperatorem
3129 4083 3185 4134 et
3217 4095 3410 4151 regem
3439 4096 3503 4133 ac
3537 4079 3754 4150 princi-

2093 4183 2194 4237 pes
2226 4166 2618 4223 interveniens
2649 4172 2705 4223 et
2736 4172 3102 4235 concertans,
3138 4171 3314 4238 atque
3364 4167 3663 4239 episcopis
3696 4173 3756 4222 et

2091 4255 2318 4310 cunctis
2350 4255 2622 4311 ﬁdelibus
2653 4257 2936 4325 scribens,
2965 4260 3029 4310 ut
3060 4259 3428 4311 revocaretur
3480 4257 3753 4321 suadere,

2091 4348 2147 4399 et
2196 4345 2538 4400 auctoritate
2583 4344 2902 4416 apostolica
2942 4345 3152 4415 jubere
3202 4362 3318 4400 non
3369 4346 3613 4400 destitit.
3651 4345 3756 4400 Cui

2090 4432 2412 4501 decedenti,
2447 4433 2652 4488 eli'ectu
2686 4432 2843 4488 nullo
2892 4436 3184 4504 percepto,
3218 4450 3322 4505 per
3366 4432 3583 4488 Christi
3627 4451 3760 4506 gra-

2087 4519 2227 4576 tiam
2253 4539 2359 4578 nos
2381 4522 2439 4576 in
2462 4522 2801 4594 episcopatu
2825 4522 3554 4595 subrogati,successimus
3569 4522 3754 4576 etiam

2011 4633 2058 4698 D
2087 4609 2147 4664 in
2181 4610 2394 4677 labore,
2427 4610 2520 4666 cui
2551 4609 2687 4665 licet
2717 4610 2886 4682 longe
2909 4609 3133 4666 meritis
3154 4610 3411 4682 impares
3454 4613 3757 4666 successi-

2089 4715 2223 4754 mus
2256 4699 2313 4753 in
2346 4699 2705 4763 honore.Qui
2738 4704 2803 4753 ut
2833 4703 3198 4754 revocaretur
3215 4699 3420 4753 eadem
3448 4700 3759 4764 lemina,et

2086 4789 2299 4855 verbis,
2332 4793 2388 4843 et
2417 4789 2822 4858 frequentibus
2851 4787 3058 4842 litteris
3088 4788 3160 4842 ad
3212 4804 3419 4843 omnes
3461 4805 3752 4860 personas

2085 4877 2142 4930 in
2176 4894 2378 4933 omnes
2411 4883 2604 4949 partes
2627 4877 2933 4944 missis,ad
2968 4893 3116 4948 quas
3137 4877 3457 4931 necessitas
3489 4876 3758 4949 postula-

2082 4967 2200 5033 bat,
2232 4984 2345 5021 non
2378 4966 2712 5022 destitimus
2741 4981 2930 5039 agere.
2955 4965 3067 5020 Sed
3099 4971 3154 5020 et
3196 4965 3281 5021 sic
3305 4965 3551 5020 minime
3575 4965 3750 5021 nobis

2083 5055 2542 5126 proﬁcientibus,
2561 5059 2861 5126 coeperunt
2889 5055 3026 5108 hinc
3055 5053 3190 5108 inde
3219 5071 3254 5108 a
3285 5054 3588 5126 pontificio
3613 5071 3752 5110 nos-

2083 5147 2170 5198 tro
2201 5143 2560 5215 episcopales
2590 5144 2792 5198 litterae
2825 5142 3127 5207 destinari,
3164 5148 3548 5215 suggerentes
3581 5143 3743 5198 vide-

2081 5231 2236 5300 licet,
2273 5238 2338 5287 ut
2367 5237 2488 5288 tam
2522 5233 2789 5287 morbida
2819 5232 2960 5298 ovis,
2989 5249 3060 5287 ne
3099 5236 3287 5286 totum
3322 5249 3560 5305 gregem
3610 5249 3746 5287 con-

2081 5321 2818 5389 taminaret,ecclesiastico
2843 5320 3068 5392 judicio
3101 5320 3171 5376 de
3201 5321 3328 5392 ipso
3352 5338 3526 5393 grege
3549 5322 3746 5376 Domi-

2081 5411 2210 5465 nico
2243 5410 2572 5482 pelleretur,
2608 5410 2858 5465 maxime
2890 5427 3014 5482 qum
3048 5413 3134 5465 tot
3165 5409 3508 5465 salubribus
3558 5409 3749 5464 moni-

2079 5499 2306 5554 tionum
2342 5499 2784 5556 medicamentis
2817 5499 3012 5555 sanari
3046 5498 3291 5553 minime
3313 5500 3742 5554 consensisset.

2080 5587 2439 5660 Decretoque
2491 5593 2549 5645 et.
2607 5589 2950 5644 auctoritate
3005 5588 3332 5660 praemissa,
3365 5593 3603 5660 Jussum
3657 5591 3748 5642 est

2080 5677 2391 5733 Mediolani
2414 5678 2822 5754 episcoporum
2837 5676 3148 5736 concilium
3163 5677 3287 5735 ﬁeri
3306 5695 3319 5750 ;
3336 5679 3406 5735 ad
3432 5677 3580 5752 quod
3611 5677 3747 5750 ipsa
