3894 6218
188 437 216 495 1
234 436 356 496 165
1413 439 1726 514 Ειηετοι

2065 439 2387 506 ECRETA.
3446 455 3474 513 1
3486 453 3603 514 {66

180 574 395 625 vocata
423 569 473 624 si
529 574 685 626 certo
734 574 997 643 tempore
1046 589 1161 627 non
1219 578 1563 639 occurreret,
1594 575 1667 629 ab
1720 575 1846 647 ipso
1873 576 1930 643 Α
1959 574 2049 631 bis
2070 575 2410 647 hujusmodi
2434 578 2630 649 potius
2647 578 3050 636 auctoritatem
3073 586 3129 637 et
3143 583 3434 653 judicium
3454 591 3606 657 pete-

179 663 418 713 sacrato
471 658 715 732 collegio
756 659 1006 715 vinculis
1061 660 1453 716 anathematis
1509 662 1841 718 vinciretur.
1956 665 2537 734 re,atqueconsilium
2557 668 3603 739 praestolari.Quonosaudito,missos

176 747 468 818 Quodque
488 746 593 802 illa
612 752 835 803 statuto
856 752 1119 821 tempore
1144 767 1256 805 non
1284 755 1620 804 occurrente
1651 755 1843 821 patra-
1955 750 2192 821 quidem
2209 753 2503 810 destinare
2520 760 2639 810 tam
2660 758 2881 813 concite
2898 774 3006 814 nos
3028 776 3130 830 pro
3149 758 3488 829 hujusmodi
3511 778 3606 815 ne-

170 840 305 891 tum
331 840 441 901 est,
466 837 938 910 sententiamque
970 838 1028 893 in
1063 838 1251 911 ipsam
1276 855 1310 893 a
1340 839 1562 910 synodo
1591 840 1842 894 auctori-
1952 839 2109 910 gotio
2136 857 2250 895 non
2283 859 2454 913 posse
2484 845 2934 916 respondimus:
2962 847 3248 903 missuros
3278 853 3472 903 tamen
3504 867 3605 905 eos

172 928 300 980 tate
327 931 532 980 nostra
550 931 865 981 convocata
895 943 1003 982 nos
1034 944 1286 999 quoque,
1313 932 1378 982 ut
1407 926 1557 982 sacri
1590 944 1842 983 canones
1951 932 2155 998 postea
2174 928 2497 985 certissime
2519 934 3381 1003 repromisimus,admonentes
3402 938 3600 1005 etiam,

170 1012 849 1086 praecipiunt,consensu
882 1020 1083 1071 nostro
1117 1015 1502 1070 ﬁrmavimus.
1535 1016 1690 1071 Inter
1719 1016 1840 1072 haec

167 1117 333 1167 vero,
356 1107 778 1174 cognoscentes
807 1105 1075 1159 eamdem
1108 1105 1387 1159 feminam
1432 1104 1491 1159 in
1534 1121 1711 1177 regno
1737 1105 1836 1160 de-

166 1204 311 1261 gere
336 1190 594 1246 Lotharii
616 1192 794 1264 regis,
819 1208 934 1247 non
956 1193 1102 1249 satis
1124 1192 1443 1247 habuimus
1465 1209 1591 1264 quae
1613 1194 1684 1248 de
1705 1194 1835 1265 ipsa

169 1283 343 1351 gesta
381 1279 600 1335 femina
645 1280 924 1336 fuerant:
957 1282 1059 1336 sed
1106 1282 1180 1337 ad
1236 1282 1389 1337 hanc
1451 1282 1833 1337 revocandam

169 1369 475 1441 prioribus
491 1369 709 1425 nostris
728 1368 1030 1426 laboribus
1046 1371 1238 1427 adhuc
1256 1370 1553 1443 quaerendi
1571 1370 1833 1426 studium

167 1458 563 1530 apposuimus
588 1475 602 1513 :
626 1458 1070 1515 reminiscentes
1090 1459 1359 1515 videlicet
1379 1459 1739 1531 Domini,qui
1762 1460 1834 1515 de

166 1546 337 1601 oculis
367 1545 498 1603 ideo
528 1547 599 1601 ad
648 1551 864 1602 terram
912 1548 1231 1615 descendit,
1258 1553 1322 1603 ut
1358 1552 1645 1619 quaereret
1676 1548 1831 1619 quod

163 1634 445 1707 perierat,
468 1636 643 1707 juxta
678 1636 833 1708 quod
880 1653 915 1691 a
951 1636 1262 1692 Psalmista
1300 1636 1618 1709 rogabatur
1655 1636 1831 1692 confi-

162 1728 330 1780 tente
359 1727 534 1796 atque
564 1723 795 1781 dicente
820 1741 833 1779 :
866 1727 1065 1781 Erravi
1098 1727 1243 1781 sicut
1267 1727 1382 1781 ovis
1413 1740 1538 1797 qua
1562 1727 1822 1797 perierat,

158 1814 391 1884 require
416 1829 637 1869 servum
664 1821 819 1869 tuum
841 1813 1011 1885 (Psal.
1034 1814 1250 1884 cxvm).
1266 1814 1561 1887 Missaque
1581 1813 1829 1886 epistola

164 1906 397 1970 nostra,
450 1902 697 1957 fratrum
757 1906 815 1957 et
859 1903 1337 1975 coepiscoporum
1389 1907 1724 1958 nostrorum
1768 1901 1827 1956 in
1861 1939 1908 2003 Β

163 2006 352 2063 regno
413 1990 637 2062 prwfati
697 1991 852 2064 regis
907 1992 1382 2058 constitutorum,
1432 1996 1490 2046 et
1545 1992 1831 2063 praecipue

165 2078 573 2152 Theutgualdi
593 2083 768 2151 atque
781 2079 1113 2147 Guntharii,
1131 2079 1191 2134 in
1213 2096 1465 2152 quorum
1483 2080 1832 2135 dimcesibus

165 2168 378 2222 eadem
408 2168 637 2240 perdita
669 2166 849 2223 libere
887 2167 1102 2223 mulier
1146 2168 1831 2241 morabatur,§torporem

163 2254 363 2311 valide
393 2256 825 2329 redarguimus,
842 2261 901 2312 et
927 2258 1311 2329 quamobrem
1345 2258 1498 2312 inter
1524 2274 1623 2313 eos
1652 2256 1831 2312 licen-

168 2350 265 2400 ter
312 2343 477 2401 illam
507 2346 815 2418 degentem
874 2346 1119 2401 minime
1164 2347 1236 2401 ad
1280 2345 1472 2401 virum
1530 2347 1832 2418 proprium

170 2432 367 2489 redire
416 2433 732 2507 coegerint,
766 2451 882 2489 non
934 2434 1308 2491 mediocriter
1353 2433 1830 2505 increpavimus:

179 2521 512 2578 indicantes
541 2523 717 2579 etiam
748 2522 900 2579 hanc
928 2540 962 2578 a
986 2524 1154 2579 nobis
1185 2522 1575 2579 anathematis
1603 2521 1834 2577 vinculo

176 2609 550 2679 innodatam,
573 2616 633 2667 et
662 2612 734 2666 ab
763 2611 925 2667 omni
946 2611 1281 2668 Christiana
1304 2612 1716 2667 communione
1743 2627 1833 2666 re-

177 2700 552 2755 motam.Sed
596 2699 1039 2772 Theutgualdus
1083 2704 1259 2772 atque
1279 2699 1658 2766 Guntharius,
1694 2703 1835 2754 tunc

176 2788 527 2861 episcopi,et
541 2787 898 2861 praecipuum
916 2787 1109 2844 locum
1126 2793 1184 2844 et
1203 2787 1655 2843 familiaritatem
1678 2788 1833 2859 apud

177 2876 506 2950 principem
530 2878 882 2944 obtinentes,
902 2894 1017 2933 non
1040 2876 1232 2933 solum
1250 2893 1401 2944 eam,
1417 2893 1549 2931 cum
1572 2878 1834 2948 possent,

176 2981 558 3037 nequaquam
580 2967 654 3022 ad
674 2966 986 3039 conjugem
1008 2966 1311 3039 proprium
1337 2964 1541 3020 reverti
1561 2963 1835 3020 suasione

173 3055 463 3121 fecerunt,
489 3059 592 3110 aut
649 3055 999 3111 auctoritate
1056 3054 1355 3119 canonica,
1396 3054 1567 3125 juxta
1614 3053 1769 3125 quod
1802 3070 1836 3108 a

172 3144 317 3199 sede
347 3143 670 3216 apostolica
716 3144 919 3199 crebro
963 3143 1196 3199 fuerant
1243 3140 1556 3208 adhortati,
1591 3141 1835 3197 minime

172 3231 618 3304 compulerunt;
650 3232 974 3305 praesertim
1004 3248 1138 3287 cum
1169 3232 1228 3286 in
1250 3230 1600 3287 diceeesibus
1631 3247 1832 3286 eorum

1950 1016 2292 1072 nullatenus
2323 1018 2558 1075 interim
2591 1038 2624 1075 a
2655 1023 2908 1093 quodam
2941 1024 3012 1077 de
3054 1023 3393 1094 hujusmodi
3425 1042 3605 1080 causa

1949 1104 2273 1176 quidquam
2309 1108 2543 1177 penitus
2574 1108 3037 1165 deliberandum.
3073 1112 3185 1167 Sed
3229 1112 3325 1168 ille
3365 1113 3597 1181 horum,

1945 1192 2339 1266 Theutgualdi
2362 1200 2419 1251 et
2442 1197 2770 1267 Guntharii,
2786 1204 2926 1254 tunc
2945 1200 3368 1272 episcoporum,
3386 1207 3449 1256 ut
3475 1219 3603 1273 pos-

1945 1285 2041 1336 tea
2067 1280 2298 1350 claruit,
2334 1284 2679 1342 auctoritate
2730 1288 2936 1353 fretus,
2955 1287 3178 1361 legatos
3216 1294 3451 1345 nostros
3482 1307 3597 1346 non

1946 1369 2308 1441 praestolans,
2326 1371 2558 1444 publico
2576 1375 2838 1447 festoque
2860 1377 3197 1448 nuptiarum
3215 1379 3329 1433 ritu
3346 1378 3598 1434 celebra-

1944 1466 2020 1525 to,
2035 1458 2411 1515 Waldradam
2434 1460 2542 1517 sibi
2553 1463 2690 1532 jure
2712 1465 3072 1521 matrimonii
3090 1466 3597 1522 sociavit.Verum-

1942 1550 2138 1602 tamen
2161 1549 2318 1603 sedis
2340 1550 2691 1623 apostolicae,
2716 1552 2815 1624 qui
2840 1555 2966 1625 jam
2998 1555 3239 1626 profecti
3271 1555 3502 1611 fuerant
3532 1556 3591 1610 in

1941 1634 2180 1705 Gallias,
2204 1641 2379 1710 atque
2409 1639 2480 1694 ad
2517 1640 2857 1697 Lotharium
2889 1643 3310 1715 pervenientes,
3333 1645 3489 1716 quod
3519 1644 3592 1699 ad

1940 1722 2107 1779 illum
2140 1725 2358 1781 fuerint
2388 1727 2556 1784 missi
2599 1731 2927 1786 secundum
2973 1731 3451 1804 pollicitationem
3484 1749 3592 1787 no-

1940 1817 2127 1868 stram
2159 1814 2450 1882 dixerunt,
2475 1821 2533 1871 et
2559 1819 2712 1889 quod
2747 1819 2915 1876 binos
2947 1837 3016 1876 ex
3041 1837 3218 1893 regno
3246 1820 3595 1894 gloriosissi-

1942 1917 2169 1956 morum
2203 1919 2433 1976 regum,
2464 1906 2737 1961 Ludovici
2776 1907 3018 1974 scilicet,
3036 1908 3223 1964 Caroli
3255 1910 3496 1981 majoris
3536 1915 3594 1966 et

1940 1988 2127 2045 Caroli
2150 1991 2428 2062 junioris,
2453 1996 2761 2050 convenire
2803 2012 3004 2051 secum
3036 1996 3252 2068 pariter
3286 2014 3421 2052 cum
3469 1998 3591 2071 epi-

1942 2079 2134 2150 scopis
2152 2081 2314 2153 regni
2332 2082 2423 2136 sui
2443 2082 2675 2150 faceret,
2685 2084 2854 2153 juxta
2871 2086 3310 2157 praeceptionem
3328 2092 3590 2142 nostram

1939 2167 2052 2238 ipsi
2086 2168 2205 2241 regi
2238 2186 2552 2242 suggerere
2577 2172 2932 2228 studuerunt
2962 2190 2977 2228 :
3011 2178 3067 2229 et
3091 2176 3245 2245 quod
3270 2174 3592 2231 Theutber-

1942 2272 2076 2329 gam
2109 2258 2308 2313 sedem
2338 2260 2719 2331 apostolicam
2741 2260 3303 2332 appellantem,data
3331 2264 3541 2319 idonea
3560 2282 3596 2320 a

1943 2360 2077 2416 rege
2122 2345 2395 2402 Lothario
2434 2348 2765 2415 securitate,
2790 2349 2980 2405 eidem
3034 2351 3341 2405 conventui
3387 2352 3594 2409 adesse

1942 2433 2620 2504 praceperimus,verhis
2667 2442 3066 2494 asseruerunt.
3090 2438 3215 2493 Non
3258 2437 3415 2494 enim
3473 2439 3592 2511 epi-

1944 2519 2310 2593 stolas,quas
2337 2524 2408 2578 ad
2428 2541 2529 2580 vos
2555 2529 3001 2597 vestrorumque
3028 2542 3340 2599 regnorum
3371 2527 3594 2599 episco-

1942 2625 2051 2680 pos
2099 2610 2473 2678 miseramus,
2516 2629 2716 2667 secum
2764 2613 2979 2669 habere
3021 2619 3333 2685 poterant:
3376 2616 3595 2688 quippe

1944 2715 2091 2769 quas
2124 2700 2234 2754 sibi
2267 2700 2339 2755 ab
2393 2701 2600 2757 amicis
2632 2701 2888 2757 Lotharii
2921 2703 3074 2774 regis
3115 2703 3243 2773 jam
3293 2705 3598 2760 constabat

1943 2786 2190 2842 ablatas.
2217 2791 2479 2844 At-vero
2537 2806 2634 2844 rex
2695 2789 3027 2856 Lotharius,
3075 2789 3285 2846 horum
3341 2792 3594 2847 duorum

1944 2875 2282 2947 magisterio
2312 2893 2477 2942 usus,
2503 2893 2610 2931 nec
2647 2877 3026 2950 Theutbergze
3063 2878 3277 2950 reginae
3306 2878 3599 2934 indubita-

1943 2968 2065 3019 tam
2096 2964 2167 3020 de
2197 2965 2482 3021 servanda
2502 2964 2759 3036 justitia,
2782 2964 2870 3021 vel
2901 2966 2973 3021 de
3006 2982 3119 3021 non
3152 2966 3454 3023 inferenda
3482 2967 3599 3024 vio-

1944 3051 2142 3120 lentia,
2177 3052 2587 3109 certitudinem
2622 3053 2876 3109 tribuere
2904 3052 3106 3126 voluit,
3139 3071 3241 3110 nec
3272 3054 3418 3111 alios
3448 3072 3595 3127 pras-

1943 3143 2032 3195 ter
2060 3140 2222 3213 regni
2248 3141 2340 3196 sui
2372 3142 2685 3208 antistites,
2711 3141 2978 3197 videlicet
2997 3158 3145 3213 quos
3165 3141 3253 3197 vel
3275 3142 3593 3212 beneficiis,

1943 3228 2032 3284 vel
2065 3229 2262 3297 minis,
2279 3230 2406 3301 jam
2439 3231 2508 3286 ad
2542 3236 2743 3286 votum
2774 3247 2949 3286 suum
2977 3231 3305 3299 deﬂexerat,
3328 3232 3398 3287 ad
3424 3231 3593 3287 illum

172 3321 532 3376 commorari
561 3338 714 3393 sepe
743 3325 1201 3377 commemorata
1230 3324 1289 3375 et
1318 3321 1596 3375 damnata
1617 3319 1835 3375 femina
1864 3299 1907 3365 C
1946 3323 2317 3389 conventum,
2335 3319 2434 3391 qui
2458 3336 2637 3392 penes
2659 3320 2860 3375 urbem
2895 3320 3242 3376 Metensium
3272 3336 3596 3392 congrega-

175 3409 472 3464 diceretur
502 3425 515 3464 :
551 3426 754 3464 verum
798 3408 997 3475 etiam,
1021 3413 1086 3464 ut
1114 3408 1269 3463 licite
1318 3412 1516 3480 posset
1563 3408 1829 3463 omnium

173 3497 293 3552 frui
325 3497 760 3565 communione,
775 3502 949 3569 atque
974 3496 1033 3552 in
1057 3497 1257 3569 refuga
1277 3495 1831 3561 obstinatione,sine

172 3587 532 3659 cujusquam
563 3585 1018 3641 contradictione
1045 3584 1135 3641 vel
1165 3585 1586 3657 impedimento
1629 3584 1830 3639 subsi-

173 3674 623 3742 stendi,valeret
642 3678 946 3747 potentum
970 3689 1457 3747 quorumcunque
1479 3673 1649 3746 potiri
1675 3672 1829 3729 sola-

171 3763 296 3829 tiis,
317 3763 473 3819 hanc
522 3762 841 3828 absolvere,
872 3766 1160 3835 quantum
1204 3761 1264 3817 in
1314 3761 1460 3834 ipsis
1492 3762 1621 3829 fuit,
1655 3766 1830 3834 atque

168 3852 432 3925 recipere
448 3857 670 3908 temere
690 3868 1134 3924 praesumpsere.
1162 3851 1223 3906 In
1250 3867 1367 3922 quo
1397 3849 1627 3905 etiamsi
1670 3850 1829 3905 sedis

169 3941 509 4014 apostolica;
529 3940 828 4013 judicium
867 3958 902 3996 a
938 3940 1145 4013 quovis
1184 3939 1619 3995 retractandum
1650 3941 1827 4005 esset,

167 4030 407 4087 etiamsi
430 4030 503 4086 ab
523 4029 902 4086 inferioribus
928 4029 1217 4102 potiorum
1241 4027 1530 4083 sententia
1551 4025 1829 4082 solvenda

170 4136 419 4194 prorsus
466 4119 760 4185 existeret,
799 4122 1090 4190 quantum
1149 4114 1592 4189 Theutgualdus
1650 4120 1833 4187 atque

169 4207 538 4265 Guntharius
559 4208 717 4263 circa
736 4224 935 4263 sacros
956 4223 1229 4272 canones,
1243 4209 1300 4262 et
1329 4205 1616 4277 praecipue
1644 4203 1826 4260 Niem-

169 4314 307 4367 nos,
320 4298 420 4369 qui
443 4295 775 4354 luculenter
791 4295 1052 4352 innuunt
1071 4311 1185 4350 non
1203 4294 1409 4350 debere
1428 4294 1526 4366 qui
1550 4292 1830 4365 abjiciun-

167 4392 272 4442 tur
296 4386 370 4442 ab
400 4386 536 4442 aliis
567 4385 768 4458 recipi,
802 4389 1180 4440 contumaces
1217 4382 1561 4449 exstiterint,
1584 4382 1696 4454 ipsi
1727 4399 1829 4438 vos

167 4475 421 4532 solerter
451 4474 882 4531 advertite.Sed
916 4489 989 4528 ne
1017 4472 1134 4528 tale
1164 4471 1303 4544 quid
1333 4488 1431 4527 eos
1462 4471 1831 4527 commisisse

167 4564 479 4632 dubitetis,
503 4563 709 4619 scitote
752 4578 948 4619 coram
981 4560 1141 4617 omni
1173 4559 1431 4617 Ecclesia
1468 4564 1669 4616 nostra
1697 4559 1829 4615 illos

165 4652 285 4709 hoc
315 4669 379 4709 se
409 4651 707 4726 peregisse
732 4652 1052 4707 confessos.

245 4742 473 4797 Interea
485 4739 773 4813 ﬂagitium
790 4739 849 4793 in
865 4738 1245 4809 Theutbergaa
1263 4737 1475 4811 regina:
1489 4737 1829 4808 dejectione,

168 4835 224 4887 et
260 4828 623 4886 admissione
644 4826 993 4891 Waldradaz,
1018 4843 1053 4882 a
1083 4842 1217 4900 rege
1241 4826 1512 4881 Lothario
1543 4829 1832 4898 perpetra-

166 4926 323 4986 tum,
339 4918 552 4974 horum
576 4916 750 4988 coepit
770 4914 1128 4971 adulationis
1148 4918 1205 4969 et
1235 4914 1449 4985 iniquas
1476 4913 1830 4970 defensionis

169 5006 450 5064 fomentis
498 5021 781 5070 crescere,
814 5008 991 5075 atque
1036 5001 1214 5058 latius
1244 5002 1555 5057 dill‘amari.
1591 5004 1713 5069 Qua
1759 5002 1832 5057 de

172 5113 236 5153 re
268 5112 377 5152 nos
409 5098 815 5169 agnoscentes,
841 5095 1062 5164 quanta
1099 5089 1399 5163 potuimus
1427 5089 1726 5156 instantia,
1760 5107 1833 5146 ne

168 5189 407 5241 tantum
420 5182 615 5240 scelus
636 5181 1101 5239 committeretur
1114 5178 1563 5246 inbibuimus,et
1577 5194 1681 5250 per
1692 5178 1832 5234 {ide-

168 5273 256 5331 les
288 5288 581 5346 quosque,
610 5287 837 5328 necnon
867 5273 923 5326 et
952 5269 1169 5342 scripta
1197 5272 1399 5324 nostra
1427 5267 1671 5323 suadere
1702 5283 1835 5322 con-

163 5362 495 5420 tendimus.
520 5360 699 5417 Mittit
719 5376 819 5416 rex
839 5357 1150 5415 Lotharius
1172 5356 1319 5412 duos
1341 5356 1413 5411 ad
1435 5372 1541 5411 nos
1562 5355 1828 5423 comites,

164 5468 271 5525 per
291 5468 443 5524 quos
469 5450 529 5505 in
553 5446 789 5522 scriptis
810 5451 869 5503 et
888 5446 1078 5503 verbis
1108 5445 1302 5500 innuit
1331 5443 1635 5517 episcopos
1668 5445 1828 5517 regni

161 5541 279 5607 sui,
305 5555 442 5596 cum
494 5536 625 5593 aliis
665 5535 1042 5609 quibusdam,
1071 5532 1184 5589 sibi
1233 5533 1371 5589 dare
1420 5531 1826 5587 auctoritatem

160 5628 607 5701 Theutbergam
648 5623 985 5698 repellendi,
1009 5627 1067 5678 et
1089 5621 1462 5679 Waldradam
1514 5620 1573 5675 in
1624 5620 1824 5675 matri-

159 5718 436 5781 monium
456 5713 741 5779 sortiendi
762 5731 775 5775 :
795 5713 895 5773 sed
919 5714 1072 5785 se,ut
1087 5711 1228 5771 ordo
1244 5708 1655 5785 custodiretur,
1671 5726 1705 5767 a
1726 5726 1825 5770 no-

1939 3406 2130 3475 batur,
2158 3408 2390 3479 penitus
2416 3409 2789 3481 exspectavit.
2814 3408 2924 3464 Sed
2948 3408 3256 3480 corruptis,
3284 3408 3401 3463 imo
3434 3412 3490 3463 et
3519 3409 3593 3463 ad

1940 3496 2195 3551 favorem
2226 3513 2401 3552 suum
2433 3497 2720 3553 traductis
2741 3497 2950 3569 legatis
2981 3497 3218 3563 nostris,
3233 3497 3389 3569 quod
3419 3495 3594 3551 libuit

1939 3583 2101 3639 nullo
2122 3585 2431 3641 resistente
2455 3586 2732 3659 patravit:
2758 3586 3029 3658 factoque
3052 3585 3592 3654 conventu,antisti~

1937 3676 2027 3729 tes
2056 3673 2156 3745 qui
2186 3678 2599 3741 convenerant,
2625 3676 2777 3730 inter
2805 3692 2952 3747 quos
2984 3674 3341 3748 prmeipuum
3371 3674 3591 3729 Theut-

1936 3761 2209 3833 gualdus,
2234 3766 2409 3835 atque
2438 3763 2802 3819 Guntharius
2833 3764 3135 3836 fastigium
3165 3764 3514 3831 retinebant,
3537 3765 3595 3818 et

1936 3850 2306 3906 eminentiori
2356 3855 2643 3923 potestate
2680 3852 2975 3924 vigebant,
3012 3852 3451 3924 praevenientes,
3476 3852 3595 3907 imo

1936 3938 2046 3993 sibi
2064 3943 2624 4011 usurpantes,atque
2637 3940 3287 4011 vindicantesjudicium
3306 3945 3594 4007 nostrum,

1932 4026 2201 4082 videlicet
2222 4028 2377 4098 quod
2400 4032 2458 4083 et
2482 4027 2694 4100 reginae
2718 4027 3100 4099 Theutbergaa
3123 4028 3380 4100 primum
3404 4027 3601 4099 appel.

1936 4115 2172 4183 latione,
2198 4132 2263 4171 ac
2294 4116 2505 4171 deinde
2541 4115 2801 4171 Lotharii
2831 4116 2987 4187 regis
3016 4115 3293 4188 petitione
3323 4117 3594 4187 permoti,

1928 4204 2057 4275 jam
2105 4220 2214 4259 nos
2262 4203 2487 4260 laturos
2549 4204 3095 4276 repromiseramus,
3139 4203 3597 4277 inchoatumque

1937 4296 2059 4347 tam
2092 4309 2195 4363 per
2224 4291 2460 4360 missos,
2486 4308 2786 4365 quamque
2808 4309 2913 4364 per
2940 4291 3221 4364 epistolas
3241 4297 3473 4349 nostras
3499 4293 3598 4348 ha-

1938 4380 2073 4435 bere
2098 4378 2225 4436 luce
2246 4380 2464 4436 clarius
2488 4382 2852 4449 videbamur,
2868 4380 3299 4454 Theutbergam
3331 4383 3592 4455 reginam

1938 4468 2248 4524 obnoxiam
2271 4469 2666 4537 crediderunt,
2683 4474 2860 4541 atque
2881 4470 3388 4526 condemnandam
3412 4472 3471 4525 in
3497 4472 3596 4527 ab-

1941 4556 2130 4613 sentia
2162 4561 2531 4629 putaverunt.
2566 4559 2907 4631 Scriptoque
2938 4559 3010 4615 de
3042 4558 3156 4627 his,
3180 4575 3307 4631 qua:
3339 4558 3456 4614 illic
3486 4576 3590 4631 pro

1862 4650 1910 4715 Ι)
1940 4650 2072 4702 voto
2103 4646 2257 4718 regis
2290 4646 2493 4719 iniqua
2529 4651 2669 4702 sunt
2717 4647 2882 4703 fauce
2928 4648 3296 4720 deprompta,
3332 4648 3589 4719 quodam

1943 4735 2185 4807 profano
2216 4733 2433 4803 libello,
2460 4752 2527 4790 ea
2547 4735 2631 4792 sic
2662 4740 2988 4805 censentes,
3010 4735 3235 4791 illibata
3252 4736 3586 4807 persistere,

1938 4822 2191 4896 propriis
2202 4823 2736 4895 subscriptionibus
2748 4824 3590 4897 roboraverunt,Theutgualdo

1939 4910 2216 4983 primitus
2239 4915 2298 4967 et
2328 4912 2652 4968 Gunthario
2678 4913 2737 4967 in
2771 4913 2915 4985 ipsis
2945 4913 3494 4986 subscriptionibus,
3519 4914 3593 4968 si-

1940 5005 2040 5055 cut
2066 5004 2125 5055 et
2163 4999 2223 5054 in
2263 4999 2484 5056 caeteris
2523 5001 2725 5073 gestis,
2751 5000 3238 5073 prrecellentibus,
3260 5006 3319 5057 et
3351 5001 3497 5059 alios
3526 5020 3589 5059 se

1941 5088 2107 5178 sequi
2138 5088 2407 5161 pestifero
2457 5089 2965 5161 compellentibus.
2997 5090 3103 5153 Qui
3153 5107 3288 5146 mox
3341 5092 3588 5147 Romam

1939 5183 2239 5246 venturos,
2272 5194 2337 5233 ac
2368 5178 2537 5234 nobis
2575 5179 2647 5234 de
2676 5178 2768 5233 his
2797 5194 2924 5249 quas
2963 5184 3266 5251 gesserant
3304 5180 3587 5238 rationem

1940 5268 2239 5339 posituros
2268 5284 2331 5323 se
2361 5284 2465 5339 per
2494 5268 2692 5323 omnia
2720 5267 3179 5339 spoponderunt.
3208 5269 3589 5342 Tandemque

1943 5356 2343 5427 pervenientes
2374 5360 2571 5413 nostro
2620 5362 2759 5412 sunt
2795 5357 3134 5429 conspectui
3182 5373 3379 5414 coram
3426 5358 3587 5415 omni

1940 5443 2194 5500 Ecclesia
2224 5446 2647 5517 prmsentati,et
2674 5445 2815 5500 dum
2848 5445 2920 5500 ab
2952 5446 3036 5500 eis
3067 5444 3317 5517 qualiter
3337 5446 3437 5502 illa
3457 5448 3585 5502 fue-

1936 5532 2055 5587 rint
2083 5537 2248 5605 gesta
2278 5533 2730 5606 requireremus,
2746 5535 2872 5606 jam
2902 5540 3291 5591 memoratum
3320 5534 3584 5593 libellum

1934 5622 2264 5689 offerentes,
2298 5622 2722 5695 perhibuerunt
2760 5639 2865 5680 nec
2905 5622 3058 5697 plus,
3093 5641 3197 5680 nec
3228 5624 3444 5693 minus,
3477 5641 3585 5682 nec

1934 5708 2104 5775 aliter
2131 5710 2458 5792 quidquam
2479 5728 2542 5772 se
2563 5713 2839 5790 gessisse,
2862 5711 2977 5778 nisi
3007 5717 3075 5774 ut
3097 5712 3326 5774 oblatus
3349 5712 3586 5799 videba:
