3894 6218
287 410 355 471 11
366 412 440 471 ϐἾ

1656 413 1966 474 NICOLAI
2011 413 2240 473 PA'PIE
2282 414 2331 474 Ι.

3545 411 3707 474 H68

280 546 381 600 tur
421 544 714 600 continere
755 543 1008 600 libellus.
1042 546 1164 610 Quo
1203 549 1459 617 accepto,
1486 562 1551 601 ac
1587 562 1782 601 coram
1814 544 1934 617 epi-
1963 544 2020 613 Α
2046 545 2135 601 vel
2159 545 2517 614 favendo,vcl
2540 563 2655 601 non
2681 545 3295 617 corripiendo,similis
3317 544 3435 600 illis
3456 544 3613 600 sicut
3628 546 3710 599 vi-

279 649 589 705 sc0porum
613 638 944 689 nostrorum
967 638 1140 703 ccetu,
1158 634 1258 705 qui
1282 634 1588 690 nobiscum
1610 636 1829 702 aderat,
1851 639 1933 689 at-

278 739 390 794 que
416 737 611 776 coram
635 722 1221 796 ipsis,Theutgualdo
1253 722 1474 778 scilicet
1503 728 1559 778 et
1586 723 1929 790 Gunthario,

276 810 777 883 recensito,quam
810 811 1212 882 multipliciter
1242 812 1398 866 hunc
1426 811 1931 884 reprehendimus,

277 916 342 953 ac
366 916 467 970 per
487 900 685 954 omnia
722 900 1238 972 reprehensibilem
1274 901 1695 971 judicavimus,
1720 906 1777 955 et
1806 918 1933 971 quae

275 988 336 1043 in
375 1006 442 1043 eo
486 994 652 1060 gesta
696 988 1059 1061 legebantur,
1092 989 1344 1061 qualiter
1390 989 1628 1044 inimica
1667 989 1932 1061 justitise,

276 1078 512 1149 Deoque
545 1094 753 1149 perosa
778 1079 1189 1147 consisterent,
1213 1078 1591 1133 audientibus
1616 1078 1759 1150 ipsis
1783 1078 1931 1147 [cc/it.

278 1169 455 1235 Rom,
504 1166 814 1239 episcopis]
865 1167 1161 1223 elimatius
1210 1166 1613 1239 exposuimus.
1660 1166 1936 1232 Quamvis

279 1272 386 1311 nec
416 1258 555 1310 tunc
587 1256 787 1311 omnia
823 1255 1343 1328 reprehensionum
1375 1256 1503 1327 ejus
1546 1254 1671 1311 loca
1699 1255 1760 1310 in
1790 1254 1937 1328 ipsis

278 1343 540 1417 profanis
568 1344 750 1417 gestis
780 1344 1015 1400 inventa
1045 1344 1185 1413 sint,
1210 1361 1315 1400 nec
1348 1362 1553 1399 rursus
1586 1344 1784 1399 omnia
1808 1360 1939 1415 qua:

279 1432 514 1489 inventa
544 1437 700 1500 sunt,
736 1450 893 1489 nunc
925 1434 995 1489 ad
1030 1433 1374 1489 memoriam
1411 1437 1672 1495 nostram
1707 1432 1940 1488 valeant

280 1522 560 1594 repedare
593 1540 606 1578 :
641 1526 804 1579 tanta
830 1527 1028 1579 tamen
1083 1540 1149 1578 ac
1198 1522 1342 1577 talia
1392 1524 1574 1589 fuere,
1604 1526 1667 1576 ut
1717 1538 1818 1594 pro
1845 1521 1939 1576 his

282 1611 489 1667 merito
520 1612 862 1668 canonicam
904 1610 1291 1685 depositionis
1350 1610 1826 1684 Theulgualdum
1884 1616 1941 1666 et

280 1698 672 1755 Guntharium
696 1705 959 1773 oportere
982 1700 1180 1756 subire
1203 1700 1577 1763 sententiam,
1602 1705 1805 1755 sancta
1826 1717 1941 1755 me-

282 1803 416 1843 cum
448 1789 708 1860 synodus
740 1790 1003 1845 residens
1043 1790 1259 1860 saepius
1310 1788 1679 1844 acclamaret.
1716 1792 1838 1855 Qua
1869 1789 1940 1845 de

2043 634 2139 689 tiis
2162 634 2242 689 ita
2261 639 2319 691 et
2339 634 2525 706 pmnis
2543 634 2796 689 efficitur
2811 651 2824 688 :
2838 636 3012 706 juxta
3028 635 3183 705 quod
3202 638 3257 690 et
3274 632 3580 705 apostolus
3596 633 3707 691 huc

2035 723 2295 793 jusmodi
2321 722 2550 778 scribit:
2577 724 2851 791 Quoniam
2870 724 2968 795 qui
3005 723 3141 778 talia
3169 730 3362 792 agunt,
3386 723 3549 791 digni
3576 730 3708 779 sunt

2041 819 2230 877 morte,
2252 828 2359 867 non
2391 812 2589 879 solum,
2621 813 2723 882 qui
2748 813 2988 883 faciunt,
3009 810 3101 867 sed
3141 819 3191 867 el
3232 814 3332 884 qui
3360 813 3711 867 consentiunt

2042 901 2389 971 facientibus.
2416 900 2629 965 Quinto
2654 900 2790 971 quia
2813 901 2883 954 de
2908 901 3137 972 negotio
3166 900 3320 955 unde
3343 900 3417 954 ab
3450 905 3705 971 utraque

2045 994 2228 1060 parte,
2264 990 2321 1044 id
2364 993 2471 1055 est,
2495 994 2551 1043 et
2581 1006 2616 1043 a
2657 989 3048 1061 Theutberga,
3072 994 3129 1043 et
3157 1006 3191 1043 a
3220 988 3711 1058 Lothario,juxta

2046 1078 2199 1149 quod
2207 1079 2333 1149 jam
2352 1078 2863 1145 memoravimus,f
2864 1082 3030 1133 uerat
3050 1077 3431 1149 appellatum,
3451 1077 3550 1132 isti
3574 1094 3714 1149 pra:-

2044 1170 2134 1222 ter
2156 1166 2561 1222 auctoritatem
2596 1171 2858 1223 nostram
2891 1166 2948 1221 id
2981 1166 3093 1222 sibi
3122 1166 3520 1238 subripientes
3540 1166 3708 1236 judi-

2046 1272 2177 1312 care
2196 1272 2261 1311 ac
2284 1254 2539 1311 diffinire
2572 1259 2790 1310 temere
2812 1259 3317 1327 praesumpserunt
3344 1272 3357 1310 :
3387 1260 3447 1311 et
3470 1255 3579 1310 hoc
3601 1255 3709 1309 ad-

2046 1362 2249 1401 versus
2297 1360 2583 1412 canones;
2636 1343 2930 1415 siquidem
2980 1345 3051 1399 de
3108 1343 3542 1416 appellationis,
3576 1359 3712 1415 quae

2046 1434 2203 1505 apud
2234 1430 2577 1488 memoriam
2605 1432 2794 1488 sancti
2824 1432 2972 1487 Petri
3002 1432 3171 1499 ﬁunt,
3187 1431 3586 1503 judicandum
3608 1432 3713 1486 Ro-

2048 1522 2209 1577 mani
2240 1519 2506 1592 praesulis
2555 1520 2794 1576 arbitrio
2838 1525 2894 1577 et
2946 1520 3193 1581 consilio
3260 1537 3436 1577 sacrae
3496 1518 3713 1593 regulae

2048 1610 2489 1666 commiserunt.
2516 1610 2731 1664 Verum
2764 1609 2881 1677 isti,
2913 1609 3065 1664 beati
3116 1608 3265 1663 Petri
3318 1610 3714 1665 reverentiam

2048 1718 2163 1771 pra:
2182 1698 2368 1755 oculis
2400 1715 2513 1754 non
2544 1698 2846 1764 habentes,
2877 1702 2934 1752 et
2954 1697 3248 1768 judicium
3268 1699 3425 1769 quod
3463 1701 3712 1769 utraque

2048 1806 2182 1861 pars
2206 1806 2239 1843 a
2262 1787 2429 1843 nobis
2455 1786 2885 1859 efﬂagitavit,et
2915 1803 3021 1842 nos
3050 1786 3288 1858 exsequi
3313 1802 3709 1858 cmperamus,

282 1891 344 1932 re
362 1874 484 1931 zelo
505 1875 867 1946 divino,ecce
888 1895 1083 1934 coram
1108 1879 1223 1934 Deo
1246 1878 1521 1943 dicimus,
1541 1878 1810 1949 permoti,
1834 1894 1940 1933 nec
1974 1912 2021 1977 Β
2052 1876 2361 1932 temeraria
2392 1875 2847 1947 praesumptione
2878 1875 3273 1944 defﬁnierunt,
3292 1880 3351 1931 et
3379 1875 3711 1930 Theutber-

284 1963 439 2019 aliud
465 1964 580 2021 nisi
592 1966 825 2036 justum
847 1967 1138 2039 judicium
1161 1983 1425 2028 exercere
1445 1968 1769 2038 cupientes,
1787 1984 1939 2021 com-

285 2052 451 2108 muni
482 2059 924 2123 sensu,cassato
956 2055 1215 2127 primum
1248 2054 1527 2111 adulteris
1560 2056 1784 2111 favente
1811 2073 1945 2110 con-

286 2140 609 2213 cilio,quod
657 2144 813 2215 apud
867 2144 1218 2200 Metensium
1261 2146 1465 2199 urbem
1524 2149 1943 2216 congregatum

285 2229 470 2285 fuisse
493 2247 672 2302 supra
692 2233 1306 2300 commemoravimus,
1324 2233 1381 2287 in
1402 2249 1521 2301 eos,
1542 2234 1689 2303 quod
1716 2249 1947 2305 gemen-

284 2321 373 2374 tes
405 2334 823 2387 memoramus,
851 2320 1235 2391 depositionis
1264 2321 1617 2375 sententiam
1650 2321 1941 2387 dedimus,

287 2409 344 2460 et
376 2406 425 2462 si
450 2407 621 2477 juxta
648 2409 1074 2480 praecedentem
1107 2410 1595 2464 consuetudinem
1619 2409 1841 2481 aliquid
1874 2410 1944 2465 de

287 2494 612 2551 ministerio
643 2513 808 2551 sacro
839 2497 1115 2569 deinceps
1149 2499 1293 2553 forte
1340 2497 1689 2570 tetigissent,
1713 2515 1941 2553 excom-

288 2583 742 2641 municavimus.
759 2585 950 2641 Primo
971 2586 1377 2658 quidem,quia
1393 2587 1608 2642 nostris
1626 2604 1727 2657 pro
1743 2586 1947 2659 Engel-

287 2672 573 2739 trudi,vel
600 2673 992 2746 Theutberga,
1018 2692 1119 2730 seu
1150 2675 1466 2731 Waldrada
1497 2674 1792 2731 salubrius
1814 2677 1943 2746 jus-

286 2759 373 2816 sis
406 2760 639 2817 obedire
678 2767 1173 2835 contempserunt.
1208 2764 1356 2819 Nam
1400 2763 1795 2820 inobedientia
1824 2769 1943 2819 tam

290 2848 648 2905 horrendum
674 2850 892 2907 malum
919 2856 1026 2919 est,
1042 2857 1107 2907 ut
1127 2852 1468 2908 idololatriae
1492 2853 1699 2908 merito
1716 2867 1949 2926 compa-

290 2941 470 3006 retur,
505 2938 731 2995 dicente
761 2939 1029 2996 Samuelc
1053 2958 1066 2997 :
1094 2942 1264 3009 Quasi
1305 2950 1584 3013 peccatum
1630 2942 1948 2997 hariolamii

293 3031 373 3082 est
394 3043 702 3099 repugnare
723 3048 741 3083 :
757 3036 808 3084 et
828 3032 988 3100 quasi
1006 3031 1180 3085 scelus
1212 3030 1543 3087 idololatriae
1562 3032 1708 3087 nolle
1726 3032 1946 3103 acquie-

293 3131 440 3171 scere
476 3119 523 3186 (1
564 3119 690 3188 Reg.
734 3118 1058 3189 xv)).,Unde
1109 3120 1314 3175 merito
1361 3119 1674 3191 Apostolus
1722 3120 1851 3175 ait:
1884 3120 1948 3174 In

287 3214 546 3278 promptu
564 3208 820 3263 habentes
840 3209 1035 3263 ulcisci
1053 3225 1263 3264 omnem
1288 3208 1709 3264 inobedientiam
1728 3211 1800 3278 (Il
1817 3212 1941 3265 Cor.

2057 1982 2214 2038 gam,
2232 1965 2406 2021 etiam
2435 1966 2507 2019 ad
2527 1964 2832 2020 ecclesiam
2855 1964 3309 2037 confugientem,
3336 1963 3717 2019 damnatione

2052 2054 2305 2127 opprimi
2327 2058 2699 2110 censuerunt.
2718 2055 2909 2121 Sexto,
2926 2054 3067 2125 quia
3085 2053 3195 2109 hoc
3218 2054 3276 2107 in
3295 2052 3565 2108 absentia
3583 2069 3716 2124 per-

2051 2147 2533 2215 egerunt,contra
2562 2140 2706 2196 illud
2742 2142 2899 2213 quod
2934 2142 3154 2213 tropice
3185 2140 3404 2196 dicitur
3431 2158 3447 2195 :
3482 2141 3560 2196 Ne
3586 2157 3714 2194 ma-

2053 2230 2253 2287 ledicas
2280 2230 2464 2286 surdo.
2482 2231 2670 2286 Surdo
2694 2229 2911 2302 quippe
2940 2229 3375 2301 maledicit,qui
3406 2229 3713 2284 absentem

2052 2320 2422 2374 condemnat.
2446 2320 2670 2375 Surdus
2711 2335 2967 2390 namque
3001 2318 3437 2391 quodammodo
3470 2321 3581 2386 est,
3605 2317 3709 2388 qui

2054 2409 2113 2463 in
2145 2409 2410 2465 absentia
2440 2408 2670 2480 positus
2696 2425 2822 2479 quae
2854 2407 2966 2463 sibi
2992 2407 3357 2478 objiciuntur
3380 2424 3498 2463 non
3524 2406 3713 2463 audit.

2052 2497 2327 2562 Quamvis
2357 2497 2626 2553 absentia
2654 2496 2803 2568 ipsa,
2827 2513 2943 2552 non
2975 2496 3168 2551 studio
3194 2495 3601 2568 Theutbergm,
3619 2495 3708 2551 vel

2051 2586 2407 2641 conscientia
2435 2585 2756 2653 vulnerata,
2790 2584 2855 2639 ut
2878 2585 2974 2640 isti
3006 2589 3235 2656 putant,
3252 2584 3352 2639 sed
3379 2583 3592 2639 timore
3620 2600 3708 2639 re-

2052 2674 2142 2747 gis
2171 2674 2442 2730 idoneam
2484 2673 2569 2728 illi
2612 2673 2864 2729 nolentis
2915 2673 3172 2729 tribuere
3220 2672 3621 2739 securitatem,
3650 2680 3711 2728 et

2054 2763 2281 2818 factiosi
2312 2761 2540 2819 consilii
2565 2761 2919 2833 suspicione,
2944 2761 3119 2817 fuerit
3138 2761 3348 2817 merito
3378 2766 3713 2832 procurata.

2055 2852 2337 2922 Septimo,
2359 2851 2638 2923 quoniam
2671 2869 2785 2906 non
2818 2849 3009 2907 solum
3042 2849 3154 2923 ipsi
3184 2849 3626 2906 subscribentes
3652 2849 3716 2904 in

2054 2940 2316 3012 profanis
2338 2939 2540 3013 gestis,
2557 2944 2766 2995 cuncta
2786 2957 2912 3011 quae
2945 2938 3098 2995 male
3118 2937 3436 3011 compilata
3458 2939 3712 3005 fuerant,

2054 3028 2181 3085 sine
2212 3033 2475 3102 respectu
2509 3030 2663 3085 sedis
2689 3027 3020 3100 apostolicae
3049 3028 3490 3095 roboraverunt,
3505 3044 3709 3083 verum

2053 3116 2229 3171 etiam
2244 3115 2391 3172 alios
2403 3116 2771 3172 subscribere
2783 3114 3426 3187 compellentes,eorum
3439 3115 3709 3171 omnium

2054 3205 2546 3276 praevaricationis
2576 3209 2842 3261 auctores
2872 3204 3059 3260 effecti
3090 3209 3249 3274 sunt,
3274 3208 3328 3259 et
3363 3208 3451 3259 tot
3480 3204 3709 3260 anima-

289 3272 370 3362 x).
394 3272 683 3364 secundo,
702 3297 842 3368 quia
866 3298 1132 3352 eamdem
1157 3296 1565 3368 Engeltrudem
1590 3315 1623 3352 a
1644 3272 1812 3353 nobis

2170 3310 2186 3348 1
2220 3294 2300 3349 rei
2333 3293 2636 3350 constituti
2676 3298 2835 3364 sunt,
2859 3297 3021 3365 quot,
3046 3272 3243 3364 utpote
3273 3292 3708 3365 praeminentes,

289 3385 510 3455 synodo
534 3384 825 3456 abjectam
843 3389 901 3441 et
930 3384 1477 3440 anathematizatam
1501 3386 1754 3457 recipere
1777 3390 1832 3441 et
1851 3388 1947 3442 ab-

286 3471 508 3528 solvere
539 3477 1043 3545 praesumpserunt
1074 3490 1087 3527 :
1121 3477 1179 3528 et
1208 3473 1318 3528 hoc
1350 3478 1552 3529 contra
1580 3491 1854 3543 canones,
1888 3481 1945 3531 et

285 3562 576 3633 praecipue
606 3566 809 3617 contra
847 3561 1044 3632 ipsum
1078 3561 1379 3617 Nicaanum
1422 3578 1699 3634 magnum
1744 3563 1937 3619 conci-

284 3648 645 3719 lium,quod,
674 3648 734 3703 hi
756 3648 855 3720 qui
879 3649 1239 3720 abjiciuntur
1265 3651 1337 3706 ab
1361 3650 1493 3706 aliis
1514 3668 1629 3706 non
1653 3651 1940 3723 recipian-

282 3740 399 3805 tur,
415 3736 678 3793 sanxisse
708 3736 1090 3810 dignoscitur.
1109 3739 1220 3795 Sed
1261 3743 1318 3794 et
1357 3740 1565 3795 beatus
1594 3757 1744 3812 papa
1774 3740 1936 3797 Gela-

283 3823 600 3896 sius,quod
624 3825 825 3881 eadem
856 3842 982 3897 qua:
1015 3826 1237 3899 ligavit,
1263 3832 1319 3883 et
1351 3827 1604 3883 maxime
1636 3828 1826 3901 prima
1854 3847 1939 3885 se-

282 3913 406 3980 des,
421 3914 627 3970 debeat
644 3914 942 3971 absolvere
960 3932 1075 3971 non
1104 3916 1283 3972 semel
1307 3916 1559 3989 exponit.
1577 3917 1936 3990 Tertio,quia

279 4001 505 4059 fraudis
532 4001 620 4059 vel
652 4003 924 4060 falsitatis
956 4004 1038 4060 rei
1065 4006 1548 4061 manifestissime
1574 4006 1930 4076 claruerunt,

279 4090 421 4146 dum
437 4090 694 4164 epistolas
715 4097 949 4160 nostrae,
965 4093 1166 4150 missis
1182 4094 1400 4150 nostris
1416 4111 1521 4167 pro
1538 4112 1713 4151 causa
1732 4096 1935 4169 Engel-

278 4180 470 4236 trudis
494 4181 710 4253 refugae
727 4182 1110 4249 transmissae,
1127 4186 1302 4255 atque
1321 4184 1472 4256 apud
1496 4185 1700 4240 urbem
1719 4185 1933 4241 Meten-

277 4268 435 4323 sium
464 4268 523 4322 in
546 4270 672 4339 jam
705 4271 1010 4343 designato
1054 4272 1305 4328 nefando
1337 4277 1623 4328 conventu
1657 4273 1927 4341 recitatae,

277 4357 545 4428 quaedam
565 4358 767 4415 fraude
780 4360 1435 4434 subtraxisse,quzedam
1456 4378 1590 4417 vero
1609 4361 1755 4418 falso
1773 4362 1932 4418 addi-

275 4444 632 4518 disse,atque
643 4453 1037 4505 commutasse
1058 4451 1269 4523 reperti
1290 4451 1749 4522 sunt,talcmque
1766 4449 1927 4506 illam

273 4534 831 4609 effecerint,qualem
852 4537 1043 4595 libitui
1058 4555 1165 4595 suo
1179 4556 1499 4611 congruere
1520 4556 1692 4609 posse
1701 4540 1725 4609 j
1737 4539 1929 4596 udica—

2054 3381 2113 3437 iu
2145 3382 2254 3438 hoc
2283 3382 2371 3439 vel
2401 3383 2577 3438 verbo
2606 3381 2693 3437 vel
2725 3382 2875 3438 facto
2916 3382 3413 3453 praevaricationis
3442 3382 3707 3454 praecipi~

2052 3473 2200 3528 tium
2233 3474 2654 3529 demerserunt.
2690 3473 2800 3528 Sed
2834 3471 2885 3527 si
2913 3471 3186 3527 volumus
3215 3476 3447 3538 cuncta,
3473 3488 3603 3543 qua
3634 3471 3707 3526 ab

2050 3561 2169 3617 illis
2202 3565 2367 3634 gesta
2409 3562 2611 3629 fuisse,
2641 3565 2764 3617 tam
2815 3578 2918 3633 per
2966 3560 3225 3616 oblatum
3258 3578 3294 3616 a
3323 3577 3387 3616 se
3415 3558 3708 3632 libellum,

2049 3667 2226 3721 quam
2259 3667 2361 3721 per
2391 3650 2506 3706 alia
2536 3649 2772 3718 indicia,
2797 3650 2969 3705 nobis
3006 3654 3063 3705 et
3105 3653 3319 3705 sanctae
3351 3649 3575 3721 synodo
3603 3665 3705 3719 pa-

2048 3742 2307 3807 tuerunt,
2341 3738 2519 3795 latius
2573 3737 2807 3811 scriptis
2854 3737 3175 3805 insinuare,
3204 3736 3441 3793 facilius
3479 3738 3703 3807 charta,

2047 3844 2224 3899 quam
2255 3827 2423 3884 nobis
2467 3844 2659 3883 sermo
2692 3826 2939 3883 deﬁciet.
2968 3828 3202 3899 Septem
3241 3842 3381 3899 ergo
3421 3825 3699 3898 capitula,

2046 3934 2173 3988 quas
2203 3934 2441 3973 causam
2471 3916 2855 3988 depositionis
2886 3914 3277 3988 Theutgualdi
3307 3919 3367 3970 et
3390 3913 3701 3969 Guntharii

2044 4006 2331 4077 praecipue
2374 4007 2723 4077 genuerunt,
2756 4020 2863 4059 nos
2893 4020 3390 4059 commemorasse
3420 4002 3697 4059 sufﬁciat.

2044 4094 2200 4150 Solet
2218 4110 2471 4166 namque
2487 4110 2589 4165 per
2604 4092 2998 4165 septenarium
3019 4108 3333 4147 numerum
3347 4092 3698 4148 universitas

2042 4182 2671 4255 significari.Cisterum
2695 4182 2829 4253 quis
2848 4198 3050 4237 eorum
3072 4180 3291 4249 omnia,
3306 4196 3437 4252 quae
3459 4181 3583 4235 sive
3601 4197 3698 4236 an-

2040 4274 2116 4338 te,
2133 4271 2253 4327 sive
2277 4274 2410 4343 post
2430 4270 2889 4339 damnationem,
2906 4286 3210 4342 perperam
3243 4269 3694 4338 commiserunt,

2037 4374 2309 4416 enarrare
2339 4359 2632 4416 sufﬁciat?
2660 4358 2918 4423 Qualiter
2946 4358 3213 4414 videlicet
3243 4375 3351 4415 nos
3383 4376 3447 4414 se
3478 4358 3696 4414 frustra

2037 4449 2407 4523 redarguisse
2429 4448 2656 4504 mentiti
2680 4465 2747 4504 su
2757 4452 3057 4516 nt,contra
3077 4446 3222 4502 illud
3240 4448 3396 4520 quod
3421 4452 3536 4503 Deo
3557 4447 3694 4502 dici-

2035 4542 2133 4593 tur
2155 4555 2167 4592 :
2192 4538 2387 4594 Perdes
2410 4554 2597 4593 omnes
2616 4539 2713 4611 qui
2733 4538 3033 4609 loquuntur
3049 4536 3409 4593 mendacium
3430 4536 3599 4609 (Psal.
3613 4536 3691 4606 v.)

269 4628 496 4680 verunt.
522 4627 757 4694 Quarto,
783 4628 1063 4698 quoniam
1086 4627 1373 4682 adulterio
1401 4626 1658 4682 detentis
1690 4644 1801 4683 non
1834 4646 1926 4684 so-
1958 4643 2004 4707 D
2036 4626 2292 4691 Qualiter
2312 4626 2571 4698 primum
2594 4625 2832 4697 quidem
2855 4625 3290 4698 Theutbergam
3314 4641 3419 4697 per
3439 4624 3689 4680 electum

267 4711 391 4767 lum
415 4714 785 4785 pastoraliter
801 4733 914 4770 non
939 4716 1299 4779 restiterunt,
1316 4730 1419 4767 nec
1443 4718 1507 4767 ut
1528 4714 1924 4785 speculatores

265 4799 593 4856 venientem
626 4802 891 4875 gladium
941 4800 1457 4867 annuntiaverunt,
1490 4818 1690 4858 verum
1741 4806 1917 4862 etiam

264 4886 358 4941 his
380 4890 797 4945 consentiendo
820 4892 877 4943 et
896 4888 1161 4954 favendo,
1185 4887 1244 4941 in
1279 4888 1539 4959 nequitia
1567 4891 1917 4962 persistendi

262 4975 543 5030 ﬁduciam
566 4978 983 5042 tribuerunt,et
1002 4979 1231 5030 tantum
1254 4976 1537 5048 ﬂagitium
1570 4984 1688 5035 tota
1706 4981 1919 5037 virtute

263 5063 574 5119 defendere
592 5065 705 5120 ﬁne
720 5068 893 5119 tenus
916 5066 1300 5119 tentaverunt.
1317 5064 1480 5121 Unde
1502 5068 1707 5124 merito
1730 5069 1919 5125 adhae-

262 5168 487 5207 rescere
518 5153 653 5207 fecit
683 5149 969 5207 Dominus
1001 5150 1258 5221 linguam
1293 5171 1496 5210 eorum
1529 5155 1723 5228 palato
1756 5159 1915 5231 ipso-

261 5238 702 5295 rumzvidelicet
726 5242 791 5294 ut
812 5238 911 5307 qui
945 5238 1205 5311 linguam
1242 5242 1468 5297 facinus
1492 5247 1771 5317 arguendi
1797 5265 1910 5303 non

257 5327 608 5393 habuerant,
624 5326 774 5382 hanc
796 5340 902 5380 nec
928 5327 999 5382 ad
1033 5327 1185 5383 bona
1213 5345 1444 5401 quoque
1472 5334 1909 5403 praedicandum

256 5416 469 5472 saltem
487 5414 701 5471 habere
716 5413 1064 5487 potuissent,
1074 5417 1244 5487 juxta
1264 5420 1417 5491 quod
1440 5420 1585 5478 alias
1608 5428 1908 5480 cantatur:

251 5504 537 5562 Peccalori
558 5510 737 5559 autem
759 5503 905 5560 dixit
924 5507 1276 5580 Deus,usquc
1297 5518 1346 5565 et
1368 5527 1489 5564 cum
1511 5512 1772 5568 adulteris
1790 5530 1913 5585 por-

253 5600 458 5647 tionem
476 5596 630 5645 tuam
642 5595 880 5663 ponebas
894 5596 1296 5667 (Ps.xux).lllc
1310 5598 1525 5671 quippe
1542 5617 1674 5656 cum
1695 5601 1912 5658 adulte-

251 5675 336 5739 ris
358 5674 686 5749 portionem
713 5699 880 5742 suam
907 5686 1093 5760 ponit,
1118 5686 1216 5762 qui
1248 5685 1341 5743 his
1361 5685 1449 5744 vel
1472 5690 1907 5764 conscntiendc,

2034 4716 2107 4772 ab
2140 4714 2255 4771 illis
2285 4715 2578 4787 judicium
2608 4715 3145 4787 purgatam,denuo
3176 4715 3460 4785 impetere
3490 4718 3687 4769 contra

2029 4804 2285 4860 divinam
2314 4808 2372 4859 et
2400 4804 2721 4859 humanam
2745 4803 2932 4875 legem
2954 4802 3196 4858 minime
3220 4803 3683 4858 formidaverint.

2027 4892 2286 4957 Qualiter
2315 4892 2464 4948 hanc
2495 4896 2696 4963 postea
2728 4892 2858 4964 (hoc
2907 4896 3159 4963 utraque
3197 4890 3325 4964 lege
3366 4891 3685 4964 inhibente)

2027 4982 2153 5037 sine
2182 4985 2520 5037 accusatore
2561 4981 2993 5046 damnaverint,
3022 4979 3273 5053 qualiter
3301 4984 3484 5037 testes
3515 4997 3685 5053 quos-

2026 5071 2161 5126 dam
2185 5070 2444 5142 quidem,
2461 5070 2678 5141 quibus
2703 5069 2976 5141 imperari
3002 5086 3036 5124 a
3057 5085 3190 5142 rege
3221 5074 3683 5141 poterat,contra

2024 5157 2181 5231 leges
2198 5158 2464 5230 publicas
2485 5157 2544 5213 in
2563 5159 2690 5229 ejus
2704 5158 3164 5226 damnationem,
3178 5159 3470 5231 quosdam
3488 5164 3679 5214 autem

2023 5247 2375 5303 domesticos
2404 5247 2750 5319 imperantis
2790 5244 3156 5303 admiserint.
3183 5246 3445 5313 Qualiter
3483 5251 3680 5304 contra

2022 5335 2404 5392 reverentiam
2432 5334 3080 5408 sacerdotalem,turpis
3104 5350 3376 5408 quasque,
3401 5337 3679 5392 adversus

2023 5422 2376 5496 apostolum,
2406 5440 2473 5479 ac
2505 5423 2841 5496 criminosa,
2868 5441 3092 5480 necnon
3121 5429 3176 5480 et
3202 5441 3487 5481 nauseam
3516 5424 3675 5497 peni-

2019 5517 2116 5569 tus
2140 5517 2196 5568 et
2216 5513 2500 5585 pudorem
2518 5514 2796 5570 omnibus
2817 5513 3127 5570 inferentia
3143 5516 3320 5571 verba
3339 5515 3515 5571 etiam
3538 5514 3676 5571 scri-

2019 5601 2135 5675 ptis
2166 5601 2533 5673 tradiderint,
2556 5607 2613 5659 et
2652 5601 2848 5674 palam
2879 5604 3107 5659 cunctis
3139 5604 3521 5670 ostenderint,
3539 5620 3670 5659 cum

2017 5694 2163 5748 teste
2195 5690 2441 5751 Domino
2490 5692 2667 5751 etiam
2699 5693 2769 5752 de
2798 5692 2984 5752 otioso
3014 5693 3189 5752 verbo
3238 5692 3523 5753 reddituri
3554 5684 3675 5751 sini»
