3894 6218
189 386 330 455 M78

1392 385 1793 452 EPISTOLE
1831 382 1935 448 ET
1974 382 2363 451 DECRETA;

3424 380 3583 454 1174

187 525 425 590 constat,
452 524 519 577 ut
545 520 748 577 eadem
774 520 1096 578 Waldrada
1123 520 1182 577 in
1216 520 1442 578 Italiam
1476 522 1822 592 mitteretur,
1852 518 1910 586 Α
1938 520 2261 576 Gunthario
2290 538 2357 576 ea
2387 538 2505 593 qua
2532 538 2633 578 vos
2678 519 2847 579 nobis
2895 515 3200 580 affectione
3247 520 3575 597 scripsisse,

188 617 467 687 quatenus
489 616 689 666 utrum
706 611 952 666 Romam
976 628 1156 666 necne
1181 611 1478 683 pervenire
1508 611 1824 678 debuisset,

185 706 388 761 nostra:
410 717 668 757 censurae
692 702 921 757 decreto
951 700 1387 772 praestolaretur
1418 702 1539 772 [al.,
1564 699 1825 773 postula-

183 794 352 858 retur,
368 791 601 861 HARD.].
617 790 696 846 De
716 790 811 845 his
832 789 1046 862 quippe
1069 789 1358 862 personis,
1382 806 1635 862 quarum
1658 789 1827 845 sedes

183 880 494 955 apostolica
525 878 855 952 specialiter
882 878 1121 934 inchoat
1151 878 1371 952 agitare
1398 878 1722 951 negotium,
1748 877 1824 932 si-

183 971 285 1028 cuti
310 986 420 1026 nos
442 968 700 1024 Lotharii
725 973 783 1023 et
811 967 1193 1039 Theutbergze
1224 983 1455 1040 regum,
1473 971 1649 1039 atque
1671 966 1825 1020 Wal-

183 1060 366 1116 dradae
384 1057 610 1130 pellicis
632 1056 868 1128 exsequi
891 1057 1343 1112 controversiam
1367 1054 1823 1127 ccepimus,nulli

181 1149 260 1205 fas
282 1151 374 1203 est
402 1146 500 1202 alii
532 1146 617 1201 vel
649 1161 965 1213 removere,
997 1144 1087 1200 vel
1136 1144 1358 1216 aliquid
1405 1143 1677 1210 difﬁnire,
1711 1142 1825 1200 nisi

184 1238 319 1293 forte
380 1234 474 1290 cui
532 1233 662 1306 ipsa
715 1233 1072 1306 praeceperit.
1104 1233 1419 1289 Waldrada
1457 1249 1612 1306 ergo,
1646 1250 1823 1304 quam

182 1323 389 1382 nostris
436 1322 789 1392 hortatibus,
816 1322 1153 1394 nostrisque
1196 1322 1465 1390 decretis,
1500 1340 1534 1377 a
1567 1320 1822 1377 Lotharii

180 1416 401 1470 constat
423 1416 706 1468 remotam
730 1427 859 1467 esse
878 1409 1413 1478 lateribus,nostris
1438 1428 1670 1483 quoque
1691 1427 1822 1482 spe-

178 1501 398 1559 cialiter
423 1500 612 1568 debet,
637 1500 709 1555 ad
733 1515 1052 1572 congruam
1078 1498 1341 1555 Ecclesia:
1365 1516 1541 1571 quam
1565 1499 1713 1556 laesit
1734 1516 1822 1554 sa-

177 1589 587 1655 tisfactionem,
609 1586 874 1643 submitti
882 1587 1312 1659 judiciis.0uod
1338 1588 1598 1660 quandiu
1616 1588 1821 1643 Lotha-

174 1680 290 1736 rius
315 1695 434 1734 non
455 1676 657 1749 egerit,
683 1676 855 1732 sicuti
883 1692 987 1731 nec
1008 1676 1179 1733 nobis
1201 1676 1455 1749 requies,
1480 1693 1585 1732 nec
1607 1677 1819 1733 Theut-

172 1770 351 1840 berga:
378 1765 699 1833 securitas,.
718 1763 801 1819 sic
851 1781 955 1820 nec
1004 1764 1114 1837 ipsi
1166 1765 1381 1837 poterit
1419 1768 1545 1821 tuta
1576 1782 1685 1837 pax
1718 1770 1819 1820 aut

1937 609 2029 665 cui
2057 610 2194 683 quia
2224 627 2403 683 super
2433 610 2542 667 hoc
2583 612 2742 667 brevi
2792 612 3009 685 scripto
3058 614 3493 686 respondimus,
3528 614 3577 671 si

1936 697 2167 771 plenius
2197 717 2370 756 nosse
2399 700 2612 772 placet,
2635 718 2760 773 quae
2785 702 2855 757 de
2878 701 2995 758 illis
3018 704 3093 758 sit
3116 719 3295 775 penes
3325 721 3433 760 nos
3464 705 3580 761 fixa

1936 787 2610 856 sententia,industriam
2644 791 2771 861 ejus
2803 790 2875 845 ad
2906 790 3085 863 hujus
3115 791 3577 865 epistolaa,quam

1935 876 2283 932 fraternitati
2315 881 2518 933 vestrm
2550 879 2995 947 destinavimus,
3030 880 3288 937 tenorem
3320 886 3581 938 scrutan-

1934 966 2076 1021 dum
2100 966 2440 1021 direximus.
2457 968 2848 1033 Quamobrtm
2880 972 3015 1041 agat
3045 969 3433 1025 sanctimonia
3450 987 3576 1028 ves-

1933 1057 2117 1121 tra,ut
2132 1054 2320 1127 ipsius
2342 1054 2456 1127 piis
2477 1058 2545 1110 ad
2570 1054 2883 1127 legendum
2906 1058 3209 1115 obtutibus
3230 1075 3362 1114 cum
3381 1060 3578 1116 debita

1934 1147 2269 1216 reverentia,
2305 1160 2407 1200 seu
2439 1144 2610 1199 celeri
2642 1145 2944 1217 diligentia
2974 1147 3284 1204 deferatur.
3321 1148 3493 1204 Porro
3524 1150 3574 1204 si

1932 1230 2115 1302 aliqui
2150 1231 2395 1289 fortasse
2426 1237 2583 1299 sunt,
2617 1233 2717 1306 qui
2748 1234 2946 1289 dicant
2986 1233 3229 1291 liberam
3260 1253 3389 1293 esse
3414 1237 3574 1292 Wal-

1932 1319 2200 1390 dradam,
2232 1323 2289 1374 et
2319 1320 2446 1376 ideo
2496 1321 2653 1377 hunc
2697 1322 3104 1394 proficiscendi
3137 1324 3188 1380 ei
3219 1341 3333 1380 non
3366 1326 3576 1382 debeat

1930 1405 2153 1479 imponi
2185 1408 2534 1477 necessitas;
2559 1410 2825 1466 noverint
2857 1429 2970 1467 non
3004 1428 3133 1468 esse
3165 1412 3573 1487 liberam,quaa

1930 1511 1965 1549 a
1996 1498 2230 1567 peccato
2279 1501 2572 1569 superata,
2604 1498 2791 1570 ipsius
2822 1504 2879 1555 et
2910 1500 3123 1556 ancilla
3165 1501 3400 1558 addicta
3436 1507 3525 1559 est
3557 1520 3570 1559 :

1930 1583 2353 1641 Petro"dicente
2382 1586 2643 1658 apostolo
2677 1603 2691 1644 :
2724 1588 2763 1642 A
2796 1605 2899 1661 quo
2926 1591 3075 1645 enim
3111 1592 3235 1662 quis
3261 1600 3570 1663 superatur,

1926 1673 2045 1744 ejus
2101 1681 2151 1729 et
2205 1690 2393 1730 servus
2449 1674 2696 1732 addictus
2751 1684 2827 1733 est
2876 1680 2925 1746 (1
2950 1683 3095 1733 Petr.
3132 1681 3214 1748 II),
3252 1683 3311 1734 et
3366 1697 3574 1737 rursus

1928 1760 2066 1817 alibi
2100 1778 2111 1817 :
2149 1763 2255 1831 Qui
2297 1764 2434 1835 facit
2476 1773 2779 1835 peccatum,
2810 1782 2998 1822 servus
3048 1775 3127 1822 est
3152 1770 3361 1839 peccati
3390 1769 3569 1840 (Joan.

171 1855 577 1929 aliquainesse
608 1852 818 1909 salutis
848 1852 1081 1908 fiducia.
1099 1854 1286 1908 Tanto
1310 1852 1489 1926 igitur
1510 1852 1817 1909 sollicitius
1846 1885 1896 1950 B
1924 1850 2066 1950 vnn):
2100 1853 2145 1905 A
2185 1868 2305 1950 quo
2350 1851 2619 1950 videlicet
2669 1852 2789 1921 ista
2830 1855 3093 1911 nondum
3142 1854 3406 1924 liberata,
3442 1858 3574 1930 ejus

171 1946 238 2001 ad
269 1943 691 2001 correctionem
738 1941 895 1997 illius
945 1957 1181 2014 operam
1227 1942 1382 2009 date,
1416 1945 1694 2013 tantoque
1725 1942 1819 1996 in-

170 2033 422 2091 stantius
461 2048 576 2088 non
607 2030 799 2086 solum
831 2029 1025 2097 illum,
1055 2034 1121 2085 ut
1146 2029 1208 2085 in
1239 2029 1331 2085 his
1363 2030 1532 2086 nobis
1563 2029 1814 2097 obediat,

172 2124 497 2191 admonete,
513 2136 717 2176 verum
747 2118 922 2175 etiam
958 2122 1015 2174 et
1035 2118 1314 2174 dilectum
1338 2117 1524 2174 filium
1552 2123 1818 2173 nostrum

174 2211 527 2268 Ludovicum
573 2207 1131 2264 excellentissimum
1182 2223 1399 2279 regem,
1434 2224 1550 2279 quo
1581 2224 1714 2263 eum
1746 2208 1817 2263 ad

174 2299 673 2356 audiendanostra
686 2296 910 2351 monita
930 2311 1160 2367 semper
1180 2294 1815 2363 incitet,cohortamini,

176 2392 394 2461 quanto
447 2385 726 2442 attentius
774 2384 971 2456 legitis
1005 2400 1017 2439 :
1054 2384 1196 2452 Quia
1242 2386 1341 2456 qui
1367 2387 1606 2441 converti
1630 2386 1821 2456 fecerit

170 2485 498 2551 peccatorem
518 2476 585 2530 ab
614 2490 797 2530 errore
818 2474 921 2528 via:
940 2488 1078 2540 suae,
1105 2472 1361 2528 liberabit
1384 2475 1636 2529 animam
1662 2490 1818 2529 suam

171 2573 415 2631 amorte,
438 2572 491 2620 et
521 2564 726 2635 aperiet
754 2560 1168 2618 multitudinem
1193 2569 1540 2633 peccatorum
1566 2563 1703 2631 (Jac.
1734 2564 1813 2629 v).

171 2655 291 2711 Non
324 2652 515 2709 solum
548 2656 743 2707 autem
791 2650 928 2705 hinc
975 2649 1298 2722 gloriosum
1334 2666 1529 2722 regem
1557 2653 1815 2705 vestrum

173 2744 348 2810 adite,
381 2757 580 2797 verum
614 2740 789 2795 etiam
821 2738 1152 2812 specialiter
1180 2737 1594 2810 deprecamini,
1620 2741 1684 2792 ut
1713 2739 1815 2793 ad-

168 2835 403 2888 moneat
415 2834 471 2885 et
484 2830 730 2885 suadeat
749 2828 937 2884 eidem
961 2826 1252 2895 Lothario,
1269 2831 1557 2899 quatenus
1569 2826 1815 2882 Romam

167 2937 281 2976 non
311 2918 430 2975 nisi
461 2921 766 2990 purgatus,
790 2920 847 2971 et
877 2916 1110 2987 quando
1140 2932 1246 2971 nos
1277 2915 1682 2983 annuerimus,
1714 2931 1814 2971 ve-

168 3008 290 3064 nire
322 3008 661 3080 praesumat.
693 3005 840 3060 Nam
873 3004 986 3059 nisi
1019 3003 1189 3060 nobis
1220 3003 1500 3059 obediens
1532 3003 1816 3075 suspicio-

168 3113 306 3154 num
326 3093 568 3152 etmalaa
584 3094 749 3149 fama
764 3093 965 3148 sordes
988 3092 1210 3148 diluere
1228 3092 1484 3165 primum
1508 3092 1818 3161 curaverit,

166 3184 361 3241 videat
382 3200 453 3238 ne
470 3183 613 3238 forte
634 3181 998 3253 leprosorum
1020 3196 1180 3235 more
1211 3180 1282 3235 de
1313 3178 1521 3235 castris
1551 3180 1817 3235 Domini-

1927 1939 2183 2011 profecto
2214 1940 2406 1995 adhuc
2435 1940 2648 1996 ancilla
2676 1943 2986 2010 credenda,
3012 1960 3079 1999 ac
3109 1960 3211 2016 per
3237 1944 3348 2001 hoc
3373 1950 3572 2001 nostro

1926 2032 2015 2084 est
2026 2027 2254 2099 judicio
2277 2028 2513 2101 speciali
2527 2031 2851 2103 purganda,
2866 2033 3038 2104 cujus
3050 2033 3279 2090 decreto
3291 2033 3573 2107 iniquitas

1926 2118 2057 2189 ejus
2088 2117 2295 2190 agitari
2329 2118 2523 2190 coepit,
2558 2122 2615 2174 et
2641 2118 2870 2175 Christo
2901 2120 3152 2193 propitio
3196 2120 3573 2179 abolitionem

1926 2206 2245 2278 percipere.
2278 2206 2424 2260 Nam
2456 2205 2569 2261 nisi
2600 2205 2762 2262 illam
2794 2208 3057 2263 nondum
3090 2226 3124 2263 a
3152 2210 3395 2265 crimine
3423 2210 3572 2266 libe-

1926 2311 2053 2350 ram
2077 2310 2205 2350 esse
2226 2293 2536 2360 sciremus,
2550 2311 2924 2367 nequaquam
2947 2312 3074 2352 eam
3088 2314 3192 2369 pro
3208 2297 3572 2368 liberatione,

1925 2386 2050 2438 tam
2072 2399 2177 2437 sua
2198 2399 2377 2455 quam
2400 2382 2696 2438 fautorum
2718 2384 2867 2455 ejus,
2891 2384 2951 2439 in
2978 2384 3207 2441 Italiam
3228 2387 3424 2442 venire
3440 2404 3577 2459 quo-

1927 2472 2223 2543 quomodo
2254 2472 2581 2527 faceremus
2614 2488 2627 2527 :
2662 2471 2797 2529 licet
2825 2489 2954 2529 eam
2981 2491 3084 2545 per
3113 2474 3417 2532 ministros
3437 2493 3577 2532 suos

1925 2564 2150 2632 postea,
2183 2576 2256 2615 ne
2286 2558 2403 2614 huc
2434 2560 2780 2632 perveniret,
2810 2561 3057 2618 Satanas
3088 2562 3576 2635 impedierit.Jam

1922 2666 2078 2714 vero,
2103 2648 2153 2703 si
2175 2649 2349 2719 jussa
2380 2652 2582 2703 nostra
2610 2648 2697 2704 vel
2729 2650 3058 2705 sanctiones
3088 2650 3575 2722 impleverit,ideo

1925 2753 1988 2792 se
2019 2740 2186 2809 putat
2217 2734 2529 2804 ancillam;
2562 2752 2699 2809 ergo
2732 2736 3044 2793 Lotharius
3074 2754 3174 2793 rex
3216 2755 3419 2795 servus
3460 2739 3575 2795 dici

1924 2826 2114 2894 debet,
2140 2825 2240 2896 qui
2275 2827 2574 2896 utcunque
2604 2828 2806 2880 nostra
2835 2825 3042 2881 fecisse
3065 2828 3347 2883 mandata
3369 2827 3573 2900 digno-

1924 2913 2144 2970 scitur:
2178 2929 2315 2985 ergo
2345 2912 2461 2968 ista
2493 2917 2763 2968 teneatur
2791 2930 2895 2985 pro
2926 2914 3186 2983 domina,
3216 2931 3344 2987 quae
3375 2916 3575 2973 inobe-

1924 3002 2090 3058 diens
2103 3005 2488 3075 permanet,et
2502 3002 2839 3057 dominetur
2855 3002 3254 3076 Lothario,qui
3276 3008 3574 3077 utcunque

1926 3091 2145 3147 nostris
2185 3090 2413 3147 studuit
2461 3089 2693 3147 obedire
2722 3090 2991 3159 decretis,
3024 3092 3180 3164 quod
3212 3093 3576 3150 absurdissi-

1927 3196 2090 3235 mum
2104 3179 2524 3248 est,etomnino
2537 3179 3096 3236 nefandum.Verum
3112 3181 3161 3236 si
3176 3184 3338 3237 tanta
3350 3197 3448 3237 rex
3461 3183 3573 3239 Lo-

168 3272 250 3329 cis
266 3289 403 3327 cum
438 3269 693 3325 maxima
719 3268 1059 3324 confusione
1090 3267 1818 3340 pellatur.Quomodovero
1848 3243 1894 3313 α
1929 3268 2157 3324 tharius
2186 3267 2508 3324 intentione
2550 3267 2927 3323 Waldradam
2971 3267 3253 3326 voluisset
3282 3269 3571 3326 mmcham

167 3359 329 3432 ipsas
360 3356 549 3431 possit
580 3372 792 3429 ponere
823 3355 1043 3422 sordes,
1066 3354 1314 3409 breviter
1334 3353 1682 3409 intimamus
1706 3371 1718 3408 :
1742 3354 1823 3409 vi-

168 3447 395 3514 delicet,
419 3447 469 3501 si
488 3445 918 3517 Theutbergam
938 3459 1175 3498 uxorem
1198 3459 1364 3497 suam
1375 3442 1545 3513 juxta
1564 3443 1824 3515 praestita

162 3537 508 3608 juramenta
531 3533 780 3606 benigne
812 3535 1116 3598 tractet,et
1146 3531 1470 3586 secundum
1502 3531 1722 3604 regiam
1741 3532 1825 3587 di-

171 3625 455 3699 gnitatem
480 3622 748 3690 retineat,
762 3619 1260 3690 Waldradamque
1280 3619 1352 3673 ad
1376 3636 1483 3675 nos
1503 3620 1823 3677 accelerare

168 3710 504 3785 compellat,
524 3715 699 3782 atque
726 3709 786 3764 in
818 3708 1076 3781 praefatis
1104 3707 1404 3775 Ecclesiis,
1426 3708 1630 3763 ordine
1646 3726 1822 3781 quem

167 3801 217 3858 ei
251 3798 627 3868 dictavimus,
661 3796 958 3853 antistites
1006 3797 1275 3852 ordinare
1324 3796 1645 3868 permittat.
1676 3798 1822 3853 Nam

170 3888 436 3962 quandiu
485 3886 866 3941 Waldradam
915 3884 998 3941 sic
1047 3900 1282 3939 manere
1326 3884 1638 3952 dimiserit,
1672 3885 1826 3941 sicut

168 3975 660 4047 omnibusliquct,
676 3974 1225 4045 Theutbergamque
1238 3988 1341 4027 nec
1357 3971 1824 4045 regiocultu,nec

168 4062 468 4137 conjugali
530 4061 840 4118 dilectione
909 4058 1263 4127 tractaverit,
1326 4060 1588 4131 quandiu
1645 4061 1823 4116 etiam

165 4150 645 4226 Theutgualdum
656 4149 744 4205 vel
759 4148 1159 4205 Guntharium
1180 4146 1456 4204 ecclesias
1474 4149 1823 4205 dudum'sibi

164 4260 299 4300 cum
313 4240 639 4299 sacerdotio
662 4237 894 4295 ablatas
926 4238 1187 4294 obtinere
1214 4236 1550 4308 permiserit
1570 4255 1792 4311 occupa
1810 4273 1823 4282 -

161 4336 392 4400 tas,nec
406 4329 609 4402 alepra
621 4327 801 4384 inusti
823 4326 1110 4392 criminis,
1124 4342 1229 4381 nec
1242 4343 1275 4382 a
1288 4324 1562 4381 sordibus
1575 4327 1817 4399 pessimi

164 4418 449 4487 odoris,id
462 4416 742 4483 est,malaa
755 4414 1069 4489 opinionis,
1082 4413 1171 4471 vel
1188 4413 1565 4485 suspicionis,
1581 4414 1826 4471 liberes-

163 4526 225 4566 se
239 4507 477 4582 poterit,
493 4524 598 4562 nec
610 4504 774 4578 puris
784 4503 994 4561 ecclesi
1006 4520 1099 4558 am
1125 4501 1429 4575 gressibus
1445 4501 1660 4557 intrare
1673 4502 1824 4559 vale-

1910 3358 2001 3413 -ad
2032 3374 2139 3413 nos
2170 3357 2421 3423 mittere,
2451 3357 2523 3411 ad
2553 3357 2681 3428 ejus
2712 3355 2934 3413 scilicet
2963 3374 2997 3413 a
3025 3357 3196 3414 nobis
3226 3375 3468 3415 causam
3490 3358 3573 3415 le-

1928 3445 2133 3520 gitime
2143 3444 2556 3512 deliniendam,
2572 3448 2793 3517 quanta
2810 3444 2995 3500 voluit
3013 3444 3335 3518 legitimam
3355 3446 3573 3503 Theut-

1929 3536 2170 3608 bergam
2202 3532 2495 3589 destinare
2520 3533 2850 3606 conjugem,
2883 3534 2955 3589 ad
2988 3533 3135 3589 falsa
3163 3537 3365 3590 contra
3393 3552 3456 3591 se
3484 3552 3573 3591 ex-

1929 3626 2085 3678 torta
2139 3620 2358 3677 scelera
2415 3621 2795 3692 proferenda;
2828 3621 2974 3677 forte
3016 3622 3142 3691 jam
3199 3622 3368 3677 nobis
3427 3640 3574 3695 qua-

1929 3710 2238 3783 liscunque
2259 3727 2371 3783 pax
2392 3709 2481 3764 vel
2509 3710 2736 3765 reddita
2766 3710 2998 3782 requies
3029 3710 3360 3767 haberetur.
3392 3714 3578 3783 Atque

1931 3800 2158 3855 utinam
2199 3797 2282 3853 sic
2332 3798 2564 3853 studeat
2609 3797 2990 3854 Waldradam
3023 3799 3093 3854 ad
3128 3816 3234 3855 nos
3264 3799 3577 3866 destinare,

1931 3905 2059 3960 qua:
2083 3887 2258 3941 habet
2278 3886 2349 3941 de
2369 3885 2585 3941 scelere
2605 3903 2713 3941 suo
2736 3886 2890 3957 quod
2914 3887 3152 3959 pandat,
3183 3886 3354 3943 sicuti
3378 3886 3584 3960 gestie-

1931 3977 2032 4031 bat
2052 3974 2313 4047 reginam
2338 3973 2925 4046 Theutbergam,quze
2941 3991 3055 4029 non
3079 3974 3315 4045 quidem
3331 3974 3585 4031 habebat

1931 4064 2086 4137 quod
2119 4064 2189 4118 de
2220 4061 2465 4117 crimine
2495 4062 2795 4134 panderet,
2816 4062 2916 4117 sed
2948 4061 3101 4133 quod
3134 4062 3205 4117 de
3231 4062 3507 4117 violentia
3528 4067 3585 4117 et

1922 4151 2054 4224 jugi
2102 4167 2275 4223 poena
2332 4148 2497 4204 illata
2551 4148 2666 4204 sibi
2727 4148 3128 4221 multipliciter
3172 4153 3490 4217 enarraret,
3525 4154 3584 4205 et

1932 4256 2112 4313 quam
2144 4237 2384 4310 injustis
2415 4237 2614 4305 minis,
2649 4241 2715 4293 ut
2743 4241 2945 4293 contra
2983 4254 3047 4293 se
3095 4236 3311 4295 falsum
3358 4237 3580 4294 crimen

1931 4344 2127 4385 coram
2179 4326 2350 4382 nobis
2398 4326 2784 4399 depromeret,
2818 4324 3136 4382 multifarie
3174 4325 3579 4399 compellebat.

1932 4418 2215 4489 Optamus
2246 4414 2667 4470 fraternitatem
2702 4418 2958 4469 vestram
2988 4414 3046 4469 in
3080 4414 3308 4472 Christo
3338 4433 3495 4471 nunc
3525 4419 3585 4471 et

1932 4521 2164 4577 semper
2194 4503 2341 4558 bene
2369 4502 2581 4558 valere.
2616 4501 2761 4558 Data
2790 4502 2979 4574 pridie
3017 4502 3308 4559 Kalendas
3336 4504 3580 4559 Novem-

160 4598 270 4665 hit,
302 4613 415 4653 nec
445 4593 848 4652 sacerdotibus
880 4591 1104 4648 Christi
1135 4590 1319 4646 libera
1343 4607 1478 4646 eum
1502 4590 1591 4647 vel
1622 4608 1826 4648 secura
1852 4609 1901 4675 D
1932 4594 2075 4659 bris,
2108 4591 2429 4648 indictione
2462 4607 2500 4646 ι.

162 4684 473 4759 tangendi,
494 4682 583 4739 vel
606 4682 767 4737 intra
786 4684 978 4738 castra
1007 4678 1324 4751 recipiendi
1346 4679 1602 4750 profecto
1633 4680 1825 4752 quibit

160 4791 291 4831 esse
322 4771 601 4829 facultas.
636 4771 783 4844 Ergo
811 4769 1072 4825 laborata
1103 4768 1160 4823 in
1187 4766 1298 4823 hoc
1323 4765 1655 4837 nobiscum,
1682 4769 1824 4825 cha-

160 4862 412 4929 rissimi,
436 4862 727 4916 decertate
757 4857 995 4931 pariter,
1030 4856 1238 4911 fratres
1271 4871 1285 4909 :
1319 4853 1458 4925 quia
1488 4854 1642 4911 sicut
1663 4855 1826 4913 labor

163 4956 255 5009 est
312 4947 629 5021 multiplex
676 4947 735 5001 in
784 4945 978 5013 terris,
1010 4944 1095 4999 ita
1149 4959 1257 4999 nos
1310 4958 1535 4999 merces
1592 4945 1829 5017 copiosa

164 5037 436 5096 manebit
464 5038 522 5093 in
555 5035 737 5092 ccnlis.
769 5036 885 5091 Nec
935 5033 1181 5090 dubium
1233 5034 1323 5087 est
1367 5030 1527 5086 hunc
1550 5033 1827 5103 juvenem

164 5127 461 5201 plurimos
482 5125 696 5181 habere
718 5140 873 5179 nunc
887 5140 991 5195 pro
1005 5138 1113 5177 sua
1134 5118 1395 5192 potentia
1414 5118 1501 5174 vel
1524 5120 1827 5177 dominatu

166 5215 281 5271 sibi
314 5214 755 5271 consentientes
789 5229 802 5267 :
832 5212 903 5267 de
946 5226 1199 5283 quorum
1258 5207 1521 5263 omnium
1570 5210 1828 5279 profecto

166 5302 550 5360 conversione
581 5318 647 5357 ac
680 5299 872 5357 salute
911 5314 1118 5355 omnes
1167 5295 1344 5351 simul
1396 5295 1744 5366 laetabimur,
1780 5300 1829 5354 si

165 5393 387 5449 horum
414 5390 708 5463 princeps,
733 5388 835 5444 Dei
859 5387 1047 5461 gratia
1078 5384 1482 5459 praeveniente,
1508 5388 1833 5442 communi-

164 5481 282 5537 bus
305 5480 530 5536 nostris
551 5478 869 5534 sudoribus
898 5474 1217 5548 perfectius
1246 5469 1834 5530 emundahitur.Prze-

164 5575 328 5626 terea
364 5568 594 5624 noverit
624 5565 904 5623 sanctitas
937 5568 1152 5630 vestra,
1165 5564 1293 5635 jam
1325 5565 1713 5618 me'noratum
1739 5582 1831 5620 su-

163 5658 604 5716 blimissimum
662 5671 857 5727 regem
905 5656 1169 5710 vestrum
1201 5668 1304 5724 pro
1336 5650 1745 5721 Theutgualdo
1776 5659 1833 5710 et

2659 4704 2847 4761 CLVI.

2232 4812 2301 4852 AD
2343 4809 2677 4851 LUDOVICUM
2716 4811 2907 4851 REGEM
2945 4812 3272 4853 GERMANLE.

2573 4885 2762 4953 (Anno
2791 4884 2942 4957 867.)

1938 4992 2299 5064 Conqueritur
2332 4990 2403 5064 ide
2448 4990 2724 5064 Lothario,
2758 4990 2899 5063 quod
2936 4992 3081 5047 nihil
3130 5007 3320 5047 eorum
3361 5000 3588 5063 praestet

2008 5061 2133 5136 quae
2156 5063 2431 5136 promisit.
2465 5061 2721 5136 Prohibet
2765 5061 2835 5136 ne
2882 5067 3110 5118 Romam
3154 5061 3585 5136 veniat,iprius-

2044 5132 2191 5205 uani,
2226 5132 2593 5197 Waldradam,
2644 5140 2705 5187 ut
2753 5134 2944 5204 jussus
2996 5142 3092 5200 est,
3150 5150 3210 5189 eo
3265 5132 3489 5205 dirigat,
3534 5141 3585 5189 et

2044 5151 2173 5189 uam
2229 5151 2593 5197 waiaraaam,
2644 5151 2705 5187 ut
2753 5151 2944 5204 Jussus
2996 5151 3092 5200 est,
3150 5151 3210 5189 eo
3265 5151 3489 5205 dirigat,
3534 5151 3585 5189 et

2009 5151 2397 5273 lhcutbergam
2444 5210 2632 5276 tractet
2676 5211 2736 5258 ut
2774 5206 3047 5276 reginam,
3079 5213 3131 5260 et
3163 5206 3396 5260 Treviris
3425 5213 3587 5276 atque

2012 5277 2251 5333 Coloniae
2282 5275 2516 5344 legitimi
2542 5275 2782 5345 episcopi
2808 5275 3152 5332 ordinentur.
3182 5277 3248 5331 In
3275 5275 3587 5342 embolo,de

2012 5348 2274 5403 reditibus
2302 5347 2481 5401 sancti
2506 5346 2675 5400 Petri.

2449 5450 2638 5522 [Apud
2670 5450 2883 5520 Mansi,
2921 5453 3082 5524 ibid.]

2009 5570 2300 5625 NICOLAUS
2329 5566 2661 5639 episcopus,
2682 5583 2886 5626 servus
2916 5586 3214 5626 servorum
3238 5568 3360 5639 Dei,
3385 5566 3595 5626 dilecto

1942 5657 2060 5713 filio
2096 5659 2387 5713 Lunovwo
2418 5654 2673 5727 glorioso
2706 5656 2848 5730 regi.
