3894 6218
314 356 472 427 {[78

1678 356 1990 434 NICOLAI
2033 356 2260 433 ΡΑΡιΕ
2298 370 2349 433 1.

3559 366 3723 431 ητα

382 484 747 571 Syllabarum
779 504 1104 559 vestrarum
1136 506 1333 560 tenore
1366 505 1675 577 pandistis,
1707 522 1808 560 vos
1840 521 1957 559 una
1984 488 2039 570 Α
2068 521 2427 572 consecrare,
2460 503 2801 576 regulariter
2829 502 3258 561 ordinarentur.
3284 504 3397 561 Sed
3422 519 3561 559 cum
3595 504 3721 559 haec

309 604 440 644 cum
463 590 671 646 dilecto
703 589 822 646 filio
856 596 1055 648 nostro
1084 593 1285 648 Carolo
1315 594 1566 666 glorioso
1598 612 1751 667 rege,
1776 597 1953 651 fratre

304 677 572 733 videlicet
599 682 814 745 vestro,
849 681 918 736 ad
951 696 1264 739 commune
1294 683 1649 755 colloquium
1680 684 1910 741 venisse
1937 704 1950 755 ;

306 765 397 821 cui
421 766 561 838 quia
592 767 778 823 defuit
809 769 1120 826 Lotharius
1146 788 1266 838 rex,
1290 789 1470 843 nepos
1492 773 1711 829 scilicet
1739 778 1948 841 vester,

306 854 628 927 perhibetis
646 873 748 912 vos
771 858 843 913 ad
865 875 997 914 eum
1015 859 1141 930 jam
1173 860 1393 916 dictum
1427 862 1663 919 fratrem
1694 867 1951 919 vestrum

305 943 577 1000 Carolum
609 949 1121 1019 regem,adjuncto
1153 949 1263 1005 sibi
1298 951 1552 1023 quodam
1577 969 1642 1007 ex
1663 952 1954 1025 episcopis

307 1033 469 1106 regni
520 1035 720 1101 vestri,
754 1035 988 1093 misisse
1023 1053 1036 1092 :
1072 1043 1384 1115 quatenus,
1417 1043 1591 1112 prout
1641 1042 1804 1097 vobis
1852 1059 1955 1114 per

306 1122 583 1195 epistolas
601 1128 831 1181 nostras
851 1127 922 1181 ad
950 1144 1049 1181 vos
1071 1127 1321 1203 directas
1342 1128 1566 1199 injunxi
1575 1148 1730 1198 mus,
1744 1130 1954 1187 abillis

308 1212 811 1281 admoneretur,ut
829 1215 887 1269 in
915 1216 1575 1288 omnibusjussionibus
1598 1219 1813 1276 nostris
1826 1222 1955 1276 obe-

310 1299 476 1355 diens
507 1302 778 1358 existeret
801 1321 813 1358 :
839 1304 999 1366 Quod
1025 1305 1162 1376 quia
1186 1309 1306 1361 tam
1338 1311 1539 1379 utpote
1560 1307 1637 1380 pii
1661 1308 1955 1381 principes

298 1389 594 1460 justitiam
613 1390 943 1464 diligentes,
964 1410 1138 1465 quam
1160 1394 1409 1467 proximi
1428 1395 1676 1452 salutem
1701 1415 1803 1472 per
1822 1398 1955 1453 cha-

308 1479 537 1535 ritatem
564 1483 911 1552 quaerentes,
928 1482 1261 1555 nostrisque
1283 1484 1668 1542 nihilominus
1690 1487 1955 1545 adhorta-

307 1566 569 1623 tiOnibus
627 1568 1114 1640 obsecundantes,
1166 1570 1390 1644 egistis,
1450 1574 1674 1631 debitas
1732 1577 1951 1649 gratias

307 1657 539 1729 agimus
575 1674 588 1714 :
621 1663 907 1730 quantum
954 1663 1148 1716 tamen
1180 1660 1327 1717 lucri
1359 1663 1618 1720 efﬁcacia
1645 1669 1837 1721 vestra
1864 1665 1953 1721 vel

310 1748 510 1800 nostra
537 1745 760 1800 monita
778 1762 955 1818 penes
978 1747 1249 1803 eumdem
1274 1765 1469 1822 regem
1491 1750 1830 1806 Lotharium
1848 1751 1954 1807 im-

308 1833 614 1906 petrarint,
650 1834 833 1890 fateor
877 1834 1165 1891 hactenus
1214 1854 1331 1893 non
1379 1837 1584 1894 elucet.
1618 1839 1728 1894 Sed
1752 1840 1953 1917 dicitis

304 1936 437 1978 eum
459 1927 580 1978 tam
609 1923 909 1979 absentem
935 1941 1111 1996 quam
1135 1929 1334 1997 postea
1360 1933 1767 1998 prmsentem,a
1786 1930 1952 1985 vobis

305 2010 503 2089 ipsam.
520 2012 977 2068 admonitionem
1000 2014 1250 2085 benigne
1270 2016 1951 2091 suscepisse,deindeque

305 2101 633 2173 professum
668 2101 846 2157 fuisse
879 2103 936 2157 in
968 2103 1242 2158 omnibus
1274 2121 1337 2159 se
1369 2104 1585 2161 nostris
1615 2107 1950 2181 praeceptio-

309 2190 486 2246 nibus
517 2192 869 2262 pariturum.
905 2193 1065 2257 Quod
1098 2192 1236 2263 quia
1264 2209 1415 2264 saepe
1445 2194 1797 2263 audivimus,
1834 2214 1950 2253 non

308 2282 505 2333 tamen
537 2278 673 2335 hinc
705 2281 972 2335 effectum
1017 2279 1404 2352 percepimus,
1438 2283 1580 2338 satis
1612 2283 1949 2355 ingemisci-

307 2382 462 2433 mus,
487 2371 544 2422 et
558 2367 736 2438 hujus
758 2367 837 2423 rei
863 2368 1053 2440 gratia
1071 2368 1225 2424 ultra
1244 2386 1420 2440 quam
1453 2369 1567 2425 dici
1594 2374 1780 2443 possit
1800 2375 1949 2430 affli-

303 2455 503 2527 gimur
531 2472 543 2512 :
577 2457 859 2512 nimirum
911 2457 1010 2530 qui
1058 2458 1233 2513 etiam
1274 2475 1376 2530 pro
1410 2476 1515 2514 sua
1546 2458 1731 2532 ipsius
1764 2462 1950 2519 salute

306 2543 565 2615 quotidie
587 2544 921 2601 laborantes
943 2546 1097 2618 apud
1122 2546 1315 2618 ipsum
1340 2547 1485 2602 nihil
1509 2549 1748 2620 omnino
1770 2552 1949 2623 proti-

303 2631 515 2701 cimus,
538 2635 679 2689 dum
703 2636 856 2706 quod
880 2652 1148 2690 sermone
1169 2634 1328 2701 dicit,
1356 2635 1504 2691 facto
1528 2652 1642 2693 non
1673 2639 1899 2709 perlicit
1931 2657 1944 2695 :

301 2724 358 2776 et
378 2722 663 2797 principue
681 2740 814 2778 cum
835 2723 1010 2779 verba
1030 2725 1177 2795 ejus,
1201 2726 1268 2779 ut
1289 2720 1562 2780 arborum
1578 2724 1949 2795 folia,sonare

303 2808 539 2881 quidem
567 2811 809 2881 possint,
831 2817 1095 2868 saturare
1114 2829 1268 2880 vero,
1290 2829 1421 2868 cum
1447 2813 1565 2868 sint
1585 2813 1709 2870 sine
1734 2816 1946 2888 fructu,

304 2912 420 2953 non
444 2900 1110 2972 possint.Quamobrem,
1132 2902 1273 2956 dum
1296 2901 1613 2973 quaerimus
1634 2904 1722 2958 cui
1747 2902 1951 2976 hujus-

303 2988 461 3044 modi
481 2987 568 3043 vir
586 2987 774 3046 valeat
794 2989 1140 3063 comparari,
1176 2989 1374 3045 nullus
1407 2992 1586 3046 menti
1611 2992 1949 3049 convenien-

302 3076 421 3131 tius
451 3077 721 3147 occurrit,
752 3095 929 3150 quam
962 3077 1056 3134 ille
1087 3077 1266 3149 ﬁlius,
1300 3079 1393 3134 cui
1425 3080 1580 3151 apud
1609 3080 1945 3137 Matthaeum

301 3169 467 3237 pater
495 3166 710 3224 dixisse
741 3167 955 3241 legitur
987 3185 999 3223 :
1034 3169 1162 3235 Fili,
1194 3167 1330 3224 vade
1385 3169 1560 3236 hodie,
1620 3186 1843 3242 operare
1887 3174 1944 3228 in

298 3254 461 3308 vinea
480 3271 601 3309 mea
627 3270 640 3310 :
664 3257 723 3310 at
742 3253 839 3310 ille
861 3256 1219 3327 respondens
1243 3254 1323 3309 ait
1347 3271 1359 3308 :
1384 3255 1476 3323 Eo,
1501 3257 1744 3324 Domine,
1766 3266 1943 3315 etnon

299 3342 401 3397 ivit
425 3341 627 3413 ΧΜίιίιΙι.
651 3344 788 3415 XXI).
812 3343 975 3399 Unde
998 3344 1206 3398 merito
1234 3343 1480 3415 ﬁguram
1502 3344 1728 3401 Judaici
1745 3348 1944 3419 populi

297 3430 587 3503 exprimit.
620 3432 749 3504 lpse
779 3430 993 3504 quippe
1026 3431 1469 3503 repromittebat
1495 3433 1675 3505 Moysi
1704 3434 1938 3492 dicens:

294 3523 504 3577 Cuncta
549 3536 676 3592 quae
732 3522 946 3575 loculus
992 3528 1071 3574 est
1120 3521 1385 3574 Dominus
1429 3522 1690 3592 faciemus
1738 3524 1939 3593 (Exod.

292 3614 409 3676 xxx)
444 3625 457 3663 :
492 3626 607 3664 non
639 3614 834 3664 tamen
867 3624 993 3679 quae
1038 3607 1229 3663 verbis
1280 3609 1715 3679 repromittebat
1746 3629 1939 3669 rerum

294 3696 596 3753 effectibus
618 3696 993 3769 adimplebat.
1020 3697 1124 3765 Ita,
1150 3696 1294 3768 proh
1319 3696 1509 3752 dolor!
1534 3701 1590 3753 et
1621 3698 1731 3755 iste
1760 3718 1940 3774 nepos

291 3789 500 3856 vester,
528 3801 759 3858 semper
788 3786 1023 3857 quidem
1056 3788 1260 3840 nostra
1289 3785 1511 3841 monita
1541 3786 1684 3842 velle
1716 3790 1937 3859 audire,

299 3891 529 3946 semper
559 3873 879 3947 adimplere
918 3891 1129 3947 cupere
1160 3877 1516 3946 protestatur
1549 3891 1562 3930 :
1597 3893 1711 3932 non
1742 3882 1939 3936 tamen

296 3964 450 4039 quod
467 3981 582 4031 ore,
598 3965 752 4036 quod
775 3964 1010 4036 scriptis
1032 3967 1377 4036 opportune,
1394 3963 1725 4036 importune
1739 3968 1940 4039 saepis-

297 4060 443 4117 sime
456 4052 1069 4129 protitetur,operibus
1091 4069 1354 4107 exercere
1376 4051 1461 4107 vel
1487 4053 1653 4109 factis
1670 4055 1938 4113 exhibere

296 4145 671 4209 contendit,et
686 4141 944 4216 paternis
958 4141 1197 4196 monitis
1211 4140 1426 4195 nostris
1441 4158 1557 4197 non
1571 4145 1849 4216 tanquam
1866 4146 1938 4200 ti-

227 4280 234 4287 ,
293 4236 410 4292 lius
441 4233 719 4289 obediens
749 4234 932 4304 paret,
962 4229 1061 4285 sed
1084 4234 1364 4300 tanquam
1387 4232 1653 4302 ingratus
1671 4237 1803 4304 post
1826 4237 1938 4289 ter-

291 4332 433 4399 gum
449 4319 824 4394 repedavit.Si
846 4318 1081 4391 quidem
1104 4318 1164 4372 in
1188 4334 1300 4390 quo
1322 4317 1638 4390 aliquando
1669 4323 1940 4393 apparuit

292 4430 392 4470 rex
407 4410 710 4467 Lotharius
732 4407 900 4463 nobis
921 4406 1239 4462 obediens?
1257 4412 1359 4462 aut
1379 4407 1520 4479 quid
1543 4408 1614 4464 ab
1636 4407 1733 4465 illo
1745 4410 1936 4483 exegi-

289 4518 423 4559 mus
437 4500 548 4557 nisi
563 4499 812 4556 salutem
835 4497 1044 4552 suam?
1068 4495 1179 4550 nisi
1202 4495 1563 4565 jurationem
1591 4513 1767 4566 quam
1790 4498 1937 4555 laesit

2062 594 2261 649 omnia
2291 611 2397 649 nos
2429 600 2757 666 opportuna
2778 611 2906 650 esse
2922 611 2988 650 ac
3007 593 3335 650 necessaria
3356 593 3722 666 prospicien-

2060 685 2169 749 tes,
2202 681 2315 753 ipsi
2364 682 2483 755 regi
2531 682 2805 738 Lothario
2855 682 3058 738 crebro
3090 683 3565 749 mandassemus,
3600 698 3723 755 quo

2063 775 2273 826 nostrae
2294 771 2679 827 institutionis
2712 776 3017 827 exsecutor
3045 772 3304 840 etl‘ectus,
3336 775 3405 827 ut
3430 771 3554 827 base
3584 787 3721 827 con-

2062 864 2502 915 summarentur
2522 863 2824 927 annueret,
2848 861 2966 916 imo
2987 865 3053 915 ut
3073 877 3181 915 sua
3201 854 3445 933 prorsus
3475 877 3719 916 exsecu-

2061 948 2219 1003 tione
2244 953 2717 1020 perpetrarentur
2746 949 3063 1016 insisteret,
3088 949 3309 1021 aliquid
3341 948 3557 1005 borum
3580 950 3719 1006 etl'es

2061 1040 2219 1091 ctum
2272 1037 2591 1109 quemlibet
2618 1038 2934 1110 iaccepisse
2978 1055 3086 1093 nos
3134 1038 3390 1111 profecto
3449 1036 3719 1093 nondum

2062 1126 2462 1197 cognovimus,
2494 1130 2550 1181 et
2578 1130 2774 1181 tamen
2807 1125 2903 1180 ille
2934 1131 3134 1181 nostra
3163 1143 3225 1182 se
3253 1125 3401 1181 velle
3437 1127 3725 1197 perficere

2062 1215 2119 1268 in
2144 1215 2417 1270 omnibus
2448 1215 2669 1270 monita
2700 1215 3024 1287 proﬁtetur.
3038 1215 3298 1286 Denique
3326 1212 3721 1270 Waldradam

2061 1303 2131 1357 ad
2149 1320 2253 1359 nos
2267 1320 2382 1362 non
2395 1303 2585 1359 solum
2602 1321 2715 1359 non
2732 1303 3072 1372 misit,sicut
3084 1304 3300 1376 saepius
3312 1303 3481 1359 illum
3497 1303 3729 1359 hortati.

2061 1408 2297 1460 sumus;
2318 1409 2519 1449 verum
2550 1393 2726 1448 etiam
2750 1392 3203 1459 Ticinum,dum
3234 1392 3307 1447 ad
3340 1408 3450 1448 nos
3476 1393 3721 1448 tendere

2060 1481 2410 1547 crederetur,
2426 1483 2553 1553 jam
2574 1481 2916 1554 profectam,
2942 1480 2998 1534 in
3022 1479 3240 1537 Gallias
3268 1481 3551 1537 reducere
3577 1482 3728 1553 p'ro-v

2061 1569 2514 1625 curavit.Filiam
2536 1587 2670 1625 vero
2695 1572 2956 1625 nostram
2979 1569 3411 1642 Theutbergam
3422 1565 3715 1642 reginam,

2062 1674 2187 1730 quae
2211 1657 2364 1713 beati
2388 1657 2536 1714 Petri
2561 1675 2623 1714 se
2645 1658 2901 1730 tegmine
2923 1672 3155 1730 semper
3174 1657 3394 1713 muniri
3425 1659 3715 1730 poposcit,

2061 1763 2174 1801 non
2200 1747 2389 1802 solum
2413 1746 2567 1802 sicut
2588 1746 2851 1818 reginam
2869 1747 3192 1815 secundum
3212 1745 3543 1819 praestitum
3559 1749 3720 1818 jura-

2022 1854 2031 1907 ,
2059 1839 2325 1890 mentum
2358 1852 2472 1891 non
2506 1838 2752 1891 tractat:
2786 1850 2989 1891 verum
3020 1826 3196 1890 etiam
3228 1851 3336 1891 nec
3368 1850 3471 1907 pro
3503 1835 3729 1892 timore

2061 1923 2182 1991 Dei,
2208 1939 2312 1979 nec
2336 1940 2437 1996 pro
2460 1923 2644 1980 sancti
2671 1924 2823 1979 Petri
2857 1924 3197 1989 reverentia,
3231 1939 3337 1978 nec
3367 1940 3474 1996 pro
3505 1926 3715 1996 conju—

2059 2011 2175 2084 gali
2198 2000 2426 2080 feadere,
2453 2030 2556 2068 nec
2578 2004 2753 2068 etiam
2777 2022 2879 2084 pro
2899 2012 3102 2067 eodem
3124 2011 3335 2069 collato
3357 2013 3714 2083 iuramento,

2060 2099 2265 2156 saltem
2299 2101 2355 2155 in
2389 2099 2650 2156 minimis
2678 2100 3010 2173 quibusque
3041 2094 3295 2173 negotiis
3339 2114 3513 2157 suam
3556 2101 3709 2158 hanc

2060 2205 2188 2245 esse
2241 2190 2582 2262 participem
2640 2190 3042 2262 recognoscit;
3074 2189 3292 2262 quippe
3338 2206 3517 2262 quam
3550 2190 3713 2246 omni

2060 2276 2327 2349 egestati,
2361 2279 2521 2333 omni
2553 2278 2888 2351 opprobrio,
2922 2277 3081 2333 omni
3121 2293 3363 2350 prorsus
3394 2276 3710 2349 abjectioni

2060 2358 2553 2423 submittit.Porro
2576 2368 2646 2422 de
2660 2366 3119 2438 praeme‘moratis
3148 2366 3413 2423 ecclesiis
3433 2367 3717 2424 ordinana

2059 2455 2149 2511 dis
2182 2473 2295 2511 non
2346 2455 2537 2511 solum
2587 2446 2865 2511 mandata
2908 2458 3109 2511 nostra
3138 2455 3483 2524 contemnit,
3516 2458 3624 2512 sed
3653 2462 3712 2512 et

2059 2561 2359 2600 sacrorum
2392 2561 2682 2600 canonum
2714 2546 2999 2617 praecepta
3026 2540 3349 2610 conculcet,
3371 2546 3514 2600 dum
3548 2545 3707 2601 vide-

2058 2631 2462 2689 licetecclesiis
2485 2649 2599 2688 non
2622 2631 2995 2705 compatitur,
3012 2633 3111 2688 sed
3130 2633 3237 2688 has
3256 2636 3418 2687 tanto
3439 2638 3705 2706 tempore

2058 2710 2427 2789 sinerectore
2454 2738 2689 2777 manere
2719 2712 3025 2793 permittit.
3049 2722 3214 2788 Ecce,
3235 2720 3315 2775 ﬁli
3339 2721 3707 2788 charissime,

1984 2811 1991 2816 ’
2059 2810 2351 2882 quomodo
2384 2809 2693 2865 Lotharius
2725 2826 2822 2865 rex
2862 2809 3133 2866 instituta
3180 2813 3382 2865 nostra
3426 2812 3707 2875 custodit,

2057 2915 2186 2955 ecce
2218 2900 2510 2979 quomodo
2540 2916 2740 2954 verum
2771 2898 3051 2970 est,quod
3082 2898 3227 2953 dicit
3253 2902 3455 2954 nostra
3476 2914 3541 2955 se
3564 2899 3709 2956 velle

2056 2988 2114 3042 in
2150 2988 2425 3043 omnibus
2464 2988 2770 3042 observare
2800 2987 3051 3042 decreta.
3084 2987 3154 3041 Et
3182 2986 3377 3042 adhuc
3401 2987 3474 3041 ad
3508 3002 3620 3044 nos
3647 3004 3708 3044 se

2057 3092 2364 3155 properare
2393 3075 2538 3131 velle
2570 3076 2954 3145 demonstrat,
2988 3090 3123 3130 cum
3152 3074 3210 3129 id
3246 3091 3317 3129 ne
3347 3075 3477 3131 sine
3507 3081 3708 3132 nostra

1994 3214 2026 3241 Ὠ
2057 3164 2289 3220 licentia
2315 3168 2711 3237 praesumeret,
2746 3181 2852 3220 nos
2884 3164 2935 3220 ei
2968 3180 3120 3236 saepe
3148 3163 3478 3220 districtius
3507 3165 3704 3237 injun-

1975 3230 2025 3305 ἃ
2055 3253 2313 3310 ΧΘΓῘΥΠΠΒ
2343 3258 2400 3308 et
2446 3253 2939 3328 prohibuerimus.
2972 3252 3188 3308 Verum
3232 3268 3411 3325 quam
3455 3255 3533 3310 ob
3583 3271 3699 3310 rem

2054 3341 2363 3398 Lotharius
2420 3342 2665 3397 Romam
2723 3340 3013 3414 proficisci
3072 3342 3302 3414 gestiat,
3334 3342 3629 3398 miramur
3650 3344 3697 3398 si

2049 3432 2305 3487 vestram
2348 3430 2527 3487 latere
2575 3430 2763 3503 potuit
2800 3430 3192 3513 prudentiam.
3226 3430 3430 3502 Itaque
3458 3431 3699 3503 impleat

2051 3519 2215 3592 prius
2232 3523 2445 3599 cuncta
2475 3537 2601 3591 qua;
2630 3518 3042 3591 prazmisimus,
3064 3520 3246 3575 totius
3269 3518 3597 3575 occasionis
3614 3521 3700 3577 vel

2040 3609 2301 3663 sinistrae
2351 3608 2706 3680 suspicionis
2756 3606 3015 3663 fomitem
3048 3624 3081 3662 a
3115 3624 3177 3663 se
3206 3608 3407 3679 procul
3440 3609 3695 3679 abjiciat,

2050 3697 2167 3752 imo
2211 3714 2343 3752 vero
2373 3715 2407 3752 a
2437 3697 2655 3753 nostris
2703 3688 3003 3752 mentibus
3052 3700 3337 3769 amputet,
3370 3700 3429 3752 et
3457 3701 3617 3765 tunc,
3646 3698 3694 3753 si

2050 3786 2099 3841 ei
2124 3786 2200 3841 sit
2221 3786 2334 3840 huc
2353 3784 2730 3852 veniendum,
2753 3802 2787 3841 a
2812 3785 2978 3841 nobis
2998 3788 3089 3841 est
3118 3782 3696 3857 sollicite‘provideu-

2049 3875 2212 3930 dum.
2245 3874 2548 3946 Siquidem
2599 3874 2772 3930 etiam
2823 3873 2872 3929 si
2921 3877 3150 3942 cuncta,
3185 3889 3314 3945 quae
3365 3880 3475 3930 nos
3515 3875 3564 3930 ei
3597 3892 3694 3931 su-

2049 3980 2153 4035 pra
2203 3962 2789 4018 commemoravimus
2838 3962 3186 4034 injunxisse,
3220 3962 3457 4034 penitus
3507 3964 3692 4019 adim-

2048 4051 2204 4125 pleta
2251 4051 2536 4124 potuisset
2590 4052 2915 4119 ostendere,
2951 4066 3057 4106 nec
3094 4050 3177 4107 sic
3207 4050 3257 4106 ei
3292 4056 3499 4108 contra
3526 4052 3696 4108 inter-

2048 4140 2269 4196 dictum
2327 4144 2591 4196 nostrum
2646 4140 2890 4195 Romam
2949 4140 3139 4195 fuerat
3203 4142 3689 4212 properandum:

2048 4233 2267 4302 quanto
2324 4228 2522 4284 minus
2574 4245 2747 4296 nunc,
2778 4229 3013 4300 quando
3063 4227 3237 4284 toties
3288 4245 3322 4283 a
3372 4229 3546 4285 nobis
3592 4231 3691 4286 ad-

2048 4318 2307 4372 monitus
2355 4316 2501 4372 nihil
2553 4317 2623 4372 de
2664 4316 2747 4372 eis
2797 4331 3239 4372 consummasse
3286 4317 3690 4374 convincitur?

2046 4406 2230 4479 Igitur
2270 4404 2500 4460 dilectio
2541 4410 2731 4460 vestra
2776 4403 2946 4459 illum
2996 4416 3152 4460 nunc
3199 4405 3396 4461 venire
3444 4406 3684 4462 Romam

2045 4505 2241 4566 quaeso
2274 4492 2575 4569 prohibeat
2608 4509 2619 4548 :
2655 4491 2936 4563 alioquin,
2971 4490 3116 4546 mihi
3145 4492 3388 4559 credite,
3410 4492 3461 4547 si
3491 4497 3687 4547 contra

291 4593 473 4663 [forte,
504 4587 796 4661 prestitit]
830 4584 1137 4641 Ecclesiae?
1166 4583 1281 4637 uisi
1312 4582 1695 4654 Theutbergae
1725 4587 1935 4659 regina:
1970 4580 2017 4665 ﬁ
2046 4582 2411 4661 prepositum
2462 4583 2727 4637 nostrum
2772 4580 2916 4636 forte
2946 4579 3411 4653 praesumpserit,
3446 4580 3685 4636 minime

285 4678 555 4751 conjugis
584 4678 712 4748 ejus
734 4676 886 4746 apud
911 4674 1183 4729 sanctum
1215 4674 1452 4725 Petrum
1483 4670 1819 4740 praesidium
1844 4693 1932 4731 re-
2042 4689 2177 4727 eum
2229 4674 2345 4742 qua
2392 4669 2553 4742 cupit
2600 4669 2903 4743 honestate
2931 4668 3020 4725 vel
3065 4667 3167 4723 hic
3191 4668 3570 4741 suscipiatur,
3600 4668 3683 4724 vel

284 4767 381 4840 qui
391 4750 572 4822 rentis
586 4760 996 4822 securitatem?
1008 4758 1122 4813 nisi
1138 4761 1399 4811 nostram
1412 4755 1587 4811 etiam
1600 4764 1731 4828 post
1740 4764 1827 4817 tot
1846 4762 1929 4819 la-
2043 4758 2178 4815 hinc
2201 4759 2455 4833 profecto
2480 4756 2839 4830 regredietur
2851 4774 2864 4813 ε
2878 4756 3022 4812 Nam
3044 4757 3196 4813 sicut
3210 4750 3423 4812 mulier
3442 4756 3683 4813 Ι)οωὶηο

281 4856 452 4911 bores
468 4851 781 4925 aliquando
795 4848 1057 4920 requiem
1069 4845 1097 4899 ?
1119 4843 1264 4898 Nam
1280 4841 1414 4898 hinc
1427 4842 1578 4898 inter
1591 4844 1929 4909 innumeras

280 4942 425 5001 alias
437 4958 607 4997 curas
623 4938 909 5012 prmcipue
922 4930 1425 4996 laboramus,hinc
1441 4933 1839 4995 omnimodam
1856 4940 1927 4997 de

275 5026 597 5085 Waldrada
628 5024 853 5081 moecha
881 5027 938 5076 et
983 5017 1486 5075 excommunicata
1529 5024 1921 5096 suspicionem

274 5117 589 5175 adimenda
639 5128 790 5184 saepe
845 5108 1229 5165 decrevimus.
1264 5107 1408 5163 Hinc
1457 5110 1630 5166 etiam
1682 5118 1746 5169 ut
1790 5117 1920 5172 novi

272 5205 609 5265 Treverensi
640 5207 695 5258 et
724 5193 1055 5254 Coloniensi
1086 5194 1359 5251 Eeclesiis
1388 5199 1679 5257 antistites
1707 5203 1916 5260 daren-

269 5301 368 5350 tur
398 5292 762 5364 injunximus
795 5304 807 5341 :
844 5284 1111 5340 videlicet
1132 5283 1232 5355 qui
1265 5302 1368 5342 nec
1396 5303 1500 5359 per
1526 5287 1914 5363 Theutgualdi

271 5388 329 5439 et
345 5378 654 5438 Guntharii
677 5376 901 5431 dudum
936 5373 1364 5445 episcoporum,
1388 5392 1493 5431 nec
1518 5393 1618 5446 per
1634 5378 1761 5448 jam
1788 5381 1913 5435 fatae

266 5468 599 5527 Waldradae
650 5467 900 5520 favorem
936 5462 1407 5535 proveherentur,
1442 5465 1542 5519 sed
1575 5466 1849 5522 canonice
1880 5485 1914 5523 a

265 5558 405 5612 filiis
421 5559 474 5609 et
493 5556 561 5607 dc
583 5552 854 5622 filiisjam
872 5552 1300 5609 nominatarum
1323 5553 1637 5608 ecclesiaru
1649 5570 1702 5606 ru
1718 5553 1909 5622 electi,

264 5644 337 5697 ab
350 5640 442 5695 his
454 5639 553 5708 qui
565 5640 897 5696 earumdem
909 5640 1284 5697 ecclesiarum
1300 5640 1591 5695 antistites
1605 5639 1757 5694 soliti
1773 5646 1912 5697 sunt

2038 4846 2154 4904 ﬁde
2178 4847 2514 4921 proximans
2530 4844 2719 4919 tangit
2740 4863 2753 4914 ;
2772 4845 2947 4901 turba
2965 4861 3099 4902 vero
3121 4845 3254 4901 licet
3275 4846 3679 4918 tangintamen

2036 4935 2396 5007 comprimit;
2423 4934 2507 4990 sic
2536 4934 2679 5007 prcb
2713 4932 2905 4990 deter!
2928 4934 3041 4990 isto
3072 4933 3130 4988 in
3159 4937 3421 5006 tempore
3443 4935 3674 5007 quidam

2033 5024 2141 5080 etsi
2181 5022 2583 5096 approximare
2626 5023 2918 5089 videntur,
2970 5027 3161 5078 taetus
3208 5026 3405 5077 tamen
3454 5036 3671 5090 eorum,

2030 5112 2169 5185 quia
2194 5130 2305 5169 non
2327 5129 2393 5167 ex
2419 5110 2550 5179 fide,
2575 5114 2911 5183 pressuram
2939 5111 3145 5186 gignit,
3164 5115 3222 5167 et
3252 5112 3673 5184 approxi'matic

2027 5201 2423 5257 turbationem
2456 5200 2712 5256 adducit.
2746 5200 2895 5272 Ergo
2920 5204 3157 5257 necesse
3187 5204 3275 5256 est
3313 5204 3379 5255 ut
3407 5200 3585 5256 talem
3614 5216 3672 5257 se

2026 5290 2084 5344 in
2107 5290 2335 5345 cunctis
2365 5289 2633 5345 exhibeat
2664 5305 2762 5344 rex
2791 5289 3122 5354 Lotharius,
3150 5293 3213 5344 ut
3234 5300 3341 5345 nos
3373 5302 3510 5344 eum
3540 5305 3669 5361 grao

2022 5378 2169 5432 tanti
2204 5377 2398 5433 animo
2425 5377 2699 5449 primitus
2751 5376 3048 5448 suscipere
3099 5368 3473 5443 delectemur,
3506 5382 3564 5433 et
3590 5378 3667 5432 ita

2021 5466 2260 5520 demum
2289 5465 2613 5520 venientem
2646 5466 2920 5536 expansis
2951 5465 3204 5521 brachiis
3227 5465 3662 5538 amplectamur.

2019 5553 2181 5616 Quod
2204 5553 2370 5609 aliter
2386 5553 2506 5608 fieri
2533 5568 2644 5608 non
2671 5553 2907 5625 poterit,
2926 5554 3037 5610 nisi
3060 5552 3377 5610 Waldra'da
3400 5555 3659 5618 Romam,

2020 5641 2191 5697 sicuti
2250 5645 2502 5712 coeptum
2562 5641 2770 5711 fuerat,
2804 5638 3111 5714 dirigamr,
3146 5646 3212 5699 ut
3250 5642 3518 5700 videlicet
3556 5644 3666 5698 nos
