  <div class='ocr_page' id='page_1' title='image "/cluster/home/n/w/nwhite01/storage/ocr_20150623/119/uva.x000827049/613.png"; bbox 0 0 3894 6218; ppageno 0'>
   <div class='ocr_carea' id='block_1_1' title="bbox 353 412 509 477">
    <p class='ocr_par' dir='ltr' id='par_1_1' title="bbox 353 412 509 477">
     <span class='ocr_line' id='line_1_1' title="bbox 353 412 509 477; baseline 0.006 -1"><span class='ocrx_word' id='word_1_1' title='bbox 353 412 509 477; x_wconf 76' lang='lat' dir='ltr'><strong>H79</strong></span> 
     </span>
    </p>
   </div>
   <div class='ocr_carea' id='block_1_2' title="bbox 1716 404 2387 474">
    <p class='ocr_par' dir='ltr' id='par_1_2' title="bbox 1716 404 2387 474">
     <span class='ocr_line' id='line_1_2' title="bbox 1716 404 2387 474; baseline 0.003 -2"><span class='ocrx_word' id='word_1_2' title='bbox 1716 405 2026 472; x_wconf 84' lang='lat' dir='ltr'><strong>NICOLAI</strong></span> <span class='ocrx_word' id='word_1_3' title='bbox 2068 404 2295 472; x_wconf 75' lang='grc' dir='ltr'><strong>ΡΑΡιΕ</strong></span> <span class='ocrx_word' id='word_1_4' title='bbox 2336 408 2387 474; x_wconf 92' lang='lat' dir='ltr'><strong>I.</strong></span> 
     </span>
    </p>
   </div>
   <div class='ocr_carea' id='block_1_3' title="bbox 3605 415 3751 480">
    <p class='ocr_par' dir='ltr' id='par_1_3' title="bbox 3605 415 3751 480">
     <span class='ocr_line' id='line_1_3' title="bbox 3605 415 3751 480; baseline 0 -1"><span class='ocrx_word' id='word_1_5' title='bbox 3605 415 3751 480; x_wconf 75' lang='lat'><strong>1180</strong></span> 
     </span>
    </p>
   </div>
   <div class='ocr_carea' id='block_1_4' title="bbox 350 542 3747 626">
    <p class='ocr_par' dir='ltr' id='par_1_4' title="bbox 350 542 3747 626">
     <span class='ocr_line' id='line_1_4' title="bbox 350 542 3747 626; baseline 0.001 -21"><span class='ocrx_word' id='word_1_6' title='bbox 350 551 476 626; x_wconf 79' lang='lat' dir='ltr'><strong>loco</strong></span> <span class='ocrx_word' id='word_1_7' title='bbox 510 547 844 613; x_wconf 79' lang='lat' dir='ltr'><strong>reconditis,</strong></span> <span class='ocrx_word' id='word_1_8' title='bbox 878 544 927 600; x_wconf 92' lang='lat' dir='ltr'><strong>si</strong></span> <span class='ocrx_word' id='word_1_9' title='bbox 960 563 993 601; x_wconf 79' lang='grc' dir='ltr'><strong>ο,</strong></span> <span class='ocrx_word' id='word_1_10' title='bbox 1033 544 1267 618; x_wconf 84' lang='lat' dir='ltr'><strong>speciali</strong></span> <span class='ocrx_word' id='word_1_11' title='bbox 1323 543 1442 600; x_wconf 82' lang='lat' dir='ltr'><strong>tilio</strong></span> <span class='ocrx_word' id='word_1_12' title='bbox 1492 548 1688 600; x_wconf 87' lang='lat' dir='ltr'><strong>nostro</strong></span> <span class='ocrx_word' id='word_1_13' title='bbox 1736 546 1997 616; x_wconf 87' lang='lat' dir='ltr'><strong>Augusto</strong></span> <span class='ocrx_word' id='word_1_14' title='bbox 2028 542 2081 608; x_wconf 84' lang='grc' dir='ltr'><strong>Α</strong></span> <span class='ocrx_word' id='word_1_15' title='bbox 2108 547 2215 601; x_wconf 76' lang='lat' dir='ltr'><strong>Sed</strong></span> <span class='ocrx_word' id='word_1_16' title='bbox 2252 547 2390 619; x_wconf 85' lang='lat' dir='ltr'><strong>quia</strong></span> <span class='ocrx_word' id='word_1_17' title='bbox 2433 547 2586 603; x_wconf 92' lang='lat' dir='ltr'><strong>idem</strong></span> <span class='ocrx_word' id='word_1_18' title='bbox 2619 547 2909 622; x_wconf 87' lang='lat' dir='ltr'><strong>gloriosus</strong></span> <span class='ocrx_word' id='word_1_19' title='bbox 2966 568 3065 607; x_wconf 86' lang='lat' dir='ltr'><strong>rex</strong></span> <span class='ocrx_word' id='word_1_20' title='bbox 3120 555 3279 608; x_wconf 89' lang='lat' dir='ltr'><strong>metu</strong></span> <span class='ocrx_word' id='word_1_21' title='bbox 3338 553 3747 626; x_wconf 79' lang='lat' dir='ltr'><strong>Teulbergam,</strong></span> 
     </span>
    </p>
   </div>
   <div class='ocr_carea' id='block_1_5' title="bbox 353 633 1997 710">
    <p class='ocr_par' dir='ltr' id='par_1_5' title="bbox 353 633 1997 710">
     <span class='ocr_line' id='line_1_5' title="bbox 353 633 1997 710; baseline -0.005 -12"><span class='ocrx_word' id='word_1_22' title='bbox 353 639 614 697; x_wconf 79' lang='lat' dir='ltr'><strong>obtinere</strong></span> <span class='ocrx_word' id='word_1_23' title='bbox 631 635 1089 710; x_wconf 86' lang='lat' dir='ltr'><strong>potuerimus,ut</strong></span> <span class='ocrx_word' id='word_1_24' title='bbox 1109 651 1242 689; x_wconf 91' lang='lat' dir='ltr'><strong>cum</strong></span> <span class='ocrx_word' id='word_1_25' title='bbox 1268 634 1455 706; x_wconf 83' lang='lat' dir='ltr'><strong>ipsius</strong></span> <span class='ocrx_word' id='word_1_26' title='bbox 1477 633 1713 689; x_wconf 88' lang='lat' dir='ltr'><strong>homine</strong></span> <span class='ocrx_word' id='word_1_27' title='bbox 1734 639 1997 689; x_wconf 86' lang='lat' dir='ltr'><strong>nostrum</strong></span> 
     </span>
    </p>
   </div>
   <div class='ocr_carea' id='block_1_6' title="bbox 349 722 1999 798">
    <p class='ocr_par' dir='ltr' id='par_1_6' title="bbox 349 722 1999 798">
     <span class='ocr_line' id='line_1_6' title="bbox 349 722 1999 798; baseline -0.004 -14"><span class='ocrx_word' id='word_1_28' title='bbox 349 728 490 784; x_wconf 92' lang='lat' dir='ltr'><strong>illuc</strong></span> <span class='ocrx_word' id='word_1_29' title='bbox 515 726 925 798; x_wconf 89' lang='lat' dir='ltr'><strong>dirigamus,et</strong></span> <span class='ocrx_word' id='word_1_30' title='bbox 945 740 1012 780; x_wconf 91' lang='lat' dir='ltr'><strong>ea</strong></span> <span class='ocrx_word' id='word_1_31' title='bbox 1028 727 1093 779; x_wconf 85' lang='lat' dir='ltr'><strong>ut</strong></span> <span class='ocrx_word' id='word_1_32' title='bbox 1109 723 1278 779; x_wconf 91' lang='lat' dir='ltr'><strong>nobis</strong></span> <span class='ocrx_word' id='word_1_33' title='bbox 1310 724 1437 778; x_wconf 87' lang='lat' dir='ltr'><strong>sine</strong></span> <span class='ocrx_word' id='word_1_34' title='bbox 1467 722 1663 795; x_wconf 89' lang='lat' dir='ltr'><strong>aliquo</strong></span> <span class='ocrx_word' id='word_1_35' title='bbox 1694 723 1999 796; x_wconf 87' lang='lat' dir='ltr'><strong>dispendio</strong></span> 
     </span>
    </p>
   </div>
   <div class='ocr_carea' id='block_1_7' title="bbox 350 812 1997 886">
    <p class='ocr_par' dir='ltr' id='par_1_7' title="bbox 350 812 1997 886">
     <span class='ocr_line' id='line_1_7' title="bbox 350 812 1997 886; baseline -0.004 -12"><span class='ocrx_word' id='word_1_36' title='bbox 350 818 705 882; x_wconf 78' lang='lat' dir='ltr'><strong>deferantur,</strong></span> <span class='ocrx_word' id='word_1_37' title='bbox 732 814 1104 886; x_wconf 85' lang='lat' dir='ltr'><strong>recipiamus,</strong></span> <span class='ocrx_word' id='word_1_38' title='bbox 1128 812 1450 886; x_wconf 83' lang='lat' dir='ltr'><strong>gratiarum</strong></span> <span class='ocrx_word' id='word_1_39' title='bbox 1473 813 1732 868; x_wconf 79' lang='lat' dir='ltr'><strong>actiones</strong></span> <span class='ocrx_word' id='word_1_40' title='bbox 1750 813 1997 868; x_wconf 91' lang='lat' dir='ltr'><strong>Domino</strong></span> 
     </span>
    </p>
   </div>
   <div class='ocr_carea' id='block_1_8' title="bbox 349 902 1998 978">
    <p class='ocr_par' dir='ltr' id='par_1_8' title="bbox 349 902 1998 978">
     <span class='ocr_line' id='line_1_8' title="bbox 349 902 1998 978; baseline -0.005 -15"><span class='ocrx_word' id='word_1_41' title='bbox 349 904 727 978; x_wconf 70' lang='lat' dir='ltr'><strong>rependendie</strong></span> <span class='ocrx_word' id='word_1_42' title='bbox 759 907 916 958; x_wconf 91' lang='lat' dir='ltr'><strong>sunt.</strong></span> <span class='ocrx_word' id='word_1_43' title='bbox 937 902 1034 956; x_wconf 91' lang='lat' dir='ltr'><strong>Sin</strong></span> <span class='ocrx_word' id='word_1_44' title='bbox 1059 906 1278 972; x_wconf 86' lang='lat' dir='ltr'><strong>autem,</strong></span> <span class='ocrx_word' id='word_1_45' title='bbox 1301 902 1551 957; x_wconf 89' lang='lat' dir='ltr'><strong>missum</strong></span> <span class='ocrx_word' id='word_1_46' title='bbox 1583 906 1849 956; x_wconf 90' lang='lat' dir='ltr'><strong>nostrum</strong></span> <span class='ocrx_word' id='word_1_47' title='bbox 1883 902 1998 956; x_wconf 93' lang='lat' dir='ltr'><strong>Deo</strong></span> 
     </span>
    </p>
   </div>
   <div class='ocr_carea' id='block_1_9' title="bbox 349 990 1997 1068">
    <p class='ocr_par' dir='ltr' id='par_1_9' title="bbox 349 990 1997 1068">
     <span class='ocr_line' id='line_1_9' title="bbox 349 990 1997 1068; baseline -0.004 -17"><span class='ocrx_word' id='word_1_48' title='bbox 349 995 557 1068; x_wconf 83' lang='lat' dir='ltr'><strong>opiﬁce</strong></span> <span class='ocrx_word' id='word_1_49' title='bbox 585 992 1033 1057; x_wconf 85' lang='lat' dir='ltr'><strong>destinabimus,</strong></span> <span class='ocrx_word' id='word_1_50' title='bbox 1067 990 1167 1062; x_wconf 88' lang='lat' dir='ltr'><strong>qui</strong></span> <span class='ocrx_word' id='word_1_51' title='bbox 1217 990 1470 1062; x_wconf 87' lang='lat' dir='ltr'><strong>qualiter</strong></span> <span class='ocrx_word' id='word_1_52' title='bbox 1500 990 1560 1044; x_wconf 90' lang='lat' dir='ltr'><strong>in</strong></span> <span class='ocrx_word' id='word_1_53' title='bbox 1599 994 1789 1045; x_wconf 87' lang='lat' dir='ltr'><strong>vestro</strong></span> <span class='ocrx_word' id='word_1_54' title='bbox 1821 1007 1997 1062; x_wconf 85' lang='lat' dir='ltr'><strong>regno</strong></span> 
     </span>
    </p>
   </div>
   <div class='ocr_carea' id='block_1_10' title="bbox 351 1078 1995 1151">
    <p class='ocr_par' dir='ltr' id='par_1_10' title="bbox 351 1078 1995 1151">
     <span class='ocr_line' id='line_1_10' title="bbox 351 1078 1995 1151; baseline -0.005 -10"><span class='ocrx_word' id='word_1_55' title='bbox 351 1086 469 1141; x_wconf 88' lang='lat' dir='ltr'><strong>sint</strong></span> <span class='ocrx_word' id='word_1_56' title='bbox 498 1081 794 1138; x_wconf 88' lang='lat' dir='ltr'><strong>recondita</strong></span> <span class='ocrx_word' id='word_1_57' title='bbox 823 1097 889 1135; x_wconf 92' lang='lat' dir='ltr'><strong>ac</strong></span> <span class='ocrx_word' id='word_1_58' title='bbox 920 1080 1227 1144; x_wconf 86' lang='lat' dir='ltr'><strong>custodita,</strong></span> <span class='ocrx_word' id='word_1_59' title='bbox 1254 1096 1387 1134; x_wconf 91' lang='lat' dir='ltr'><strong>cum</strong></span> <span class='ocrx_word' id='word_1_60' title='bbox 1412 1083 1604 1133; x_wconf 90' lang='lat' dir='ltr'><strong>vestro</strong></span> <span class='ocrx_word' id='word_1_61' title='bbox 1637 1078 1817 1134; x_wconf 90' lang='lat' dir='ltr'><strong>misso</strong></span> <span class='ocrx_word' id='word_1_62' title='bbox 1850 1096 1995 1151; x_wconf 71' lang='lat' dir='ltr'><strong>prae-</strong></span> 
     </span>
    </p>
   </div>
   <div class='ocr_carea' id='block_1_11' title="bbox 347 1167 1997 1240">
    <p class='ocr_par' dir='ltr' id='par_1_11' title="bbox 347 1167 1997 1240">
     <span class='ocr_line' id='line_1_11' title="bbox 347 1167 1997 1240; baseline -0.004 -11"><span class='ocrx_word' id='word_1_63' title='bbox 347 1174 571 1239; x_wconf 91' lang='lat' dir='ltr'><strong>videat;</strong></span> <span class='ocrx_word' id='word_1_64' title='bbox 603 1175 660 1227; x_wconf 92' lang='lat' dir='ltr'><strong>et</strong></span> <span class='ocrx_word' id='word_1_65' title='bbox 684 1169 778 1225; x_wconf 81' lang='lat' dir='ltr'><strong>his</strong></span> <span class='ocrx_word' id='word_1_66' title='bbox 809 1167 1193 1223; x_wconf 89' lang='lat' dir='ltr'><strong>nihilominus</strong></span> <span class='ocrx_word' id='word_1_67' title='bbox 1227 1167 1459 1223; x_wconf 85' lang='lat' dir='ltr'><strong>interim</strong></span> <span class='ocrx_word' id='word_1_68' title='bbox 1492 1168 1548 1221; x_wconf 90' lang='lat' dir='ltr'><strong>in</strong></span> <span class='ocrx_word' id='word_1_69' title='bbox 1580 1172 1769 1223; x_wconf 90' lang='lat' dir='ltr'><strong>vestro</strong></span> <span class='ocrx_word' id='word_1_70' title='bbox 1819 1184 1997 1240; x_wconf 88' lang='lat' dir='ltr'><strong>regno</strong></span> 
     </span>
    </p>
   </div>
   <div class='ocr_carea' id='block_1_12' title="bbox 349 1257 1998 1328">
    <p class='ocr_par' dir='ltr' id='par_1_12' title="bbox 349 1257 1998 1328">
     <span class='ocr_line' id='line_1_12' title="bbox 349 1257 1998 1328; baseline -0.005 -10"><span class='ocrx_word' id='word_1_71' title='bbox 349 1264 498 1318; x_wconf 88' lang='lat' dir='ltr'><strong>bene</strong></span> <span class='ocrx_word' id='word_1_72' title='bbox 546 1258 803 1323; x_wconf 86' lang='lat' dir='ltr'><strong>salvatis,</strong></span> <span class='ocrx_word' id='word_1_73' title='bbox 837 1261 937 1312; x_wconf 89' lang='lat' dir='ltr'><strong>aut</strong></span> <span class='ocrx_word' id='word_1_74' title='bbox 967 1257 1138 1312; x_wconf 89' lang='lat' dir='ltr'><strong>nobis</strong></span> <span class='ocrx_word' id='word_1_75' title='bbox 1172 1257 1483 1322; x_wconf 81' lang='lat' dir='ltr'><strong>renuntiet,</strong></span> <span class='ocrx_word' id='word_1_76' title='bbox 1517 1260 1620 1311; x_wconf 86' lang='lat' dir='ltr'><strong>aut</strong></span> <span class='ocrx_word' id='word_1_77' title='bbox 1649 1261 1802 1312; x_wconf 91' lang='lat' dir='ltr'><strong>certe</strong></span> <span class='ocrx_word' id='word_1_78' title='bbox 1833 1257 1998 1328; x_wconf 86' lang='lat' dir='ltr'><strong>quid-</strong></span> 
     </span>
    </p>
   </div>
   <div class='ocr_carea' id='block_1_13' title="bbox 349 1345 1994 1424">
    <p class='ocr_par' dir='ltr' id='par_1_13' title="bbox 349 1345 1994 1424">
     <span class='ocr_line' id='line_1_13' title="bbox 349 1345 1994 1424; baseline -0.004 -18"><span class='ocrx_word' id='word_1_79' title='bbox 349 1351 488 1424; x_wconf 89' lang='lat' dir='ltr'><strong>quid</strong></span> <span class='ocrx_word' id='word_1_80' title='bbox 547 1347 1003 1421; x_wconf 68' lang='lat' dir='ltr'><strong>praaviderimus,</strong></span> <span class='ocrx_word' id='word_1_81' title='bbox 1054 1345 1141 1399; x_wconf 91' lang='lat' dir='ltr'><strong>vcl</strong></span> <span class='ocrx_word' id='word_1_82' title='bbox 1197 1345 1586 1415; x_wconf 86' lang='lat' dir='ltr'><strong>sanxerimus,</strong></span> <span class='ocrx_word' id='word_1_83' title='bbox 1627 1345 1814 1400; x_wconf 86' lang='lat' dir='ltr'><strong>facere</strong></span> <span class='ocrx_word' id='word_1_84' title='bbox 1880 1363 1994 1400; x_wconf 91' lang='lat' dir='ltr'><strong>non</strong></span> 
     </span>
    </p>
   </div>
   <div class='ocr_carea' id='block_1_14' title="bbox 348 1433 1991 1505">
    <p class='ocr_par' dir='ltr' id='par_1_14' title="bbox 348 1433 1991 1505">
     <span class='ocr_line' id='line_1_14' title="bbox 348 1433 1991 1505; baseline -0.004 -9"><span class='ocrx_word' id='word_1_85' title='bbox 348 1439 600 1496; x_wconf 88' lang='lat' dir='ltr'><strong>omittat.</strong></span> <span class='ocrx_word' id='word_1_86' title='bbox 633 1438 746 1491; x_wconf 89' lang='lat' dir='ltr'><strong>Aut</strong></span> <span class='ocrx_word' id='word_1_87' title='bbox 775 1435 824 1490; x_wconf 89' lang='lat' dir='ltr'><strong>si</strong></span> <span class='ocrx_word' id='word_1_88' title='bbox 854 1433 1039 1505; x_wconf 85' lang='lat' dir='ltr'><strong>gloria</strong></span> <span class='ocrx_word' id='word_1_89' title='bbox 1070 1438 1281 1499; x_wconf 87' lang='lat' dir='ltr'><strong>vestra,</strong></span> <span class='ocrx_word' id='word_1_90' title='bbox 1316 1450 1678 1505; x_wconf 62' lang='lat' dir='ltr'><strong>quascunque</strong></span> <span class='ocrx_word' id='word_1_91' title='bbox 1726 1433 1826 1488; x_wconf 90' lang='lat' dir='ltr'><strong>illa</strong></span> <span class='ocrx_word' id='word_1_92' title='bbox 1869 1435 1991 1489; x_wconf 87' lang='lat' dir='ltr'><strong>fue-</strong></span> 
     </span>
    </p>
   </div>
   <div class='ocr_carea' id='block_1_15' title="bbox 349 1521 2017 1585">
    <p class='ocr_par' dir='ltr' id='par_1_15' title="bbox 349 1521 2017 1585">
     <span class='ocr_line' id='line_1_15' title="bbox 349 1521 2017 1585; baseline -0.003 -2"><span class='ocrx_word' id='word_1_93' title='bbox 349 1528 469 1583; x_wconf 87' lang='lat' dir='ltr'><strong>rint</strong></span> <span class='ocrx_word' id='word_1_94' title='bbox 522 1526 673 1581; x_wconf 84' lang='lat' dir='ltr'><strong>infra</strong></span> <span class='ocrx_word' id='word_1_95' title='bbox 729 1522 1084 1579; x_wconf 71' lang='lat' dir='ltr'><strong>territorium</strong></span> <span class='ocrx_word' id='word_1_96' title='bbox 1136 1521 1376 1578; x_wconf 84' lang='lat' dir='ltr'><strong>ditionis</strong></span> <span class='ocrx_word' id='word_1_97' title='bbox 1440 1526 1664 1585; x_wconf 70' lang='lat' dir='ltr'><strong>vestrae,</strong></span> <span class='ocrx_word' id='word_1_98' title='bbox 1729 1521 2017 1578; x_wconf 79' lang='lat' dir='ltr'><strong>videlicet&#39;</strong></span> 
     </span>
    </p>
   </div>
   <div class='ocr_carea' id='block_1_16' title="bbox 350 1610 1993 1687">
    <p class='ocr_par' dir='ltr' id='par_1_16' title="bbox 350 1610 1993 1687">
     <span class='ocr_line' id='line_1_16' title="bbox 350 1610 1993 1687; baseline -0.004 -16"><span class='ocrx_word' id='word_1_99' title='bbox 350 1631 537 1687; x_wconf 90' lang='lat' dir='ltr'><strong>usque</strong></span> <span class='ocrx_word' id='word_1_100' title='bbox 584 1612 902 1668; x_wconf 86' lang='lat' dir='ltr'><strong>Bononiam</strong></span> <span class='ocrx_word' id='word_1_101' title='bbox 953 1615 1052 1666; x_wconf 91' lang='lat' dir='ltr'><strong>aut</strong></span> <span class='ocrx_word' id='word_1_102' title='bbox 1102 1611 1434 1665; x_wconf 84' lang='lat' dir='ltr'><strong>Ravennam</strong></span> <span class='ocrx_word' id='word_1_103' title='bbox 1488 1610 1726 1681; x_wconf 89' lang='lat' dir='ltr'><strong>perduci</strong></span> <span class='ocrx_word' id='word_1_104' title='bbox 1774 1611 1993 1676; x_wconf 83' lang='lat' dir='ltr'><strong>fecerit,</strong></span> 
     </span>
    </p>
   </div>
   <div class='ocr_carea' id='block_1_17' title="bbox 347 1698 1996 1770">
    <p class='ocr_par' dir='ltr' id='par_1_17' title="bbox 347 1698 1996 1770">
     <span class='ocr_line' id='line_1_17' title="bbox 347 1698 1996 1770; baseline -0.003 -11"><span class='ocrx_word' id='word_1_105' title='bbox 347 1707 577 1760; x_wconf 89' lang='lat' dir='ltr'><strong>tantum</strong></span> <span class='ocrx_word' id='word_1_106' title='bbox 628 1704 694 1756; x_wconf 89' lang='lat' dir='ltr'><strong>ut</strong></span> <span class='ocrx_word' id='word_1_107' title='bbox 742 1716 949 1755; x_wconf 88' lang='lat' dir='ltr'><strong>secura</strong></span> <span class='ocrx_word' id='word_1_108' title='bbox 997 1699 1135 1763; x_wconf 91' lang='lat' dir='ltr'><strong>sint,</strong></span> <span class='ocrx_word' id='word_1_109' title='bbox 1167 1699 1276 1754; x_wconf 89' lang='lat' dir='ltr'><strong>hoc</strong></span> <span class='ocrx_word' id='word_1_110' title='bbox 1326 1698 1510 1753; x_wconf 90' lang='lat' dir='ltr'><strong>multo</strong></span> <span class='ocrx_word' id='word_1_111' title='bbox 1558 1698 1813 1770; x_wconf 88' lang='lat' dir='ltr'><strong>amplius</strong></span> <span class='ocrx_word' id='word_1_112' title='bbox 1853 1698 1996 1754; x_wconf 88' lang='lat' dir='ltr'><strong>utile</strong></span> 
     </span>
    </p>
   </div>
   <div class='ocr_carea' id='block_1_18' title="bbox 350 1787 1995 1864">
    <p class='ocr_par' dir='ltr' id='par_1_18' title="bbox 350 1787 1995 1864">
     <span class='ocr_line' id='line_1_18' title="bbox 350 1787 1995 1864; baseline -0.004 -16"><span class='ocrx_word' id='word_1_113' title='bbox 350 1795 407 1848; x_wconf 88' lang='lat' dir='ltr'><strong>et</strong></span> <span class='ocrx_word' id='word_1_114' title='bbox 452 1795 685 1864; x_wconf 89' lang='lat' dir='ltr'><strong>gratum</strong></span> <span class='ocrx_word' id='word_1_115' title='bbox 742 1788 1111 1854; x_wconf 88' lang='lat' dir='ltr'><strong>habebimus,</strong></span> <span class='ocrx_word' id='word_1_116' title='bbox 1170 1787 1450 1859; x_wconf 89' lang='lat' dir='ltr'><strong>quoniam</strong></span> <span class='ocrx_word' id='word_1_117' title='bbox 1510 1790 1566 1841; x_wconf 88' lang='lat' dir='ltr'><strong>et</strong></span> <span class='ocrx_word' id='word_1_118' title='bbox 1621 1804 1729 1842; x_wconf 90' lang='lat' dir='ltr'><strong>nos</strong></span> <span class='ocrx_word' id='word_1_119' title='bbox 1784 1788 1995 1843; x_wconf 91' lang='lat' dir='ltr'><strong>deinde</strong></span> 
     </span>
    </p>
   </div>
   <div class='ocr_carea' id='block_1_19' title="bbox 2111 637 3747 715">
    <p class='ocr_par' dir='ltr' id='par_1_19' title="bbox 2111 637 3747 715">
     <span class='ocr_line' id='line_1_19' title="bbox 2111 637 3747 715; baseline 0.004 -23"><span class='ocrx_word' id='word_1_120' title='bbox 2111 637 2420 692; x_wconf 85' lang='lat' dir='ltr'><strong>admisisse</strong></span> <span class='ocrx_word' id='word_1_121' title='bbox 2453 654 2514 693; x_wconf 88' lang='lat' dir='ltr'><strong>se</strong></span> <span class='ocrx_word' id='word_1_122' title='bbox 2542 638 2685 693; x_wconf 90' lang='lat' dir='ltr'><strong>dicit</strong></span> <span class='ocrx_word' id='word_1_123' title='bbox 2715 656 2729 694; x_wconf 90' lang='lat'>:</span> <span class='ocrx_word' id='word_1_124' title='bbox 2760 657 2862 695; x_wconf 90' lang='lat' dir='ltr'><strong>vos</strong></span> <span class='ocrx_word' id='word_1_125' title='bbox 2894 639 3038 696; x_wconf 90' lang='lat' dir='ltr'><strong>illud</strong></span> <span class='ocrx_word' id='word_1_126' title='bbox 3069 641 3472 715; x_wconf 85' lang='lat' dir='ltr'><strong>evangelicum</strong></span> <span class='ocrx_word' id='word_1_127' title='bbox 3506 643 3747 709; x_wconf 87' lang='lat' dir='ltr'><strong>recolite,</strong></span> 
     </span>
    </p>
   </div>
   <div class='ocr_carea' id='block_1_20' title="bbox 2111 726 3753 804">
    <p class='ocr_par' dir='ltr' id='par_1_20' title="bbox 2111 726 3753 804">
     <span class='ocr_line' id='line_1_20' title="bbox 2111 726 3753 804; baseline 0.005 -24"><span class='ocrx_word' id='word_1_128' title='bbox 2111 726 2267 797; x_wconf 89' lang='lat' dir='ltr'><strong>quod</strong></span> <span class='ocrx_word' id='word_1_129' title='bbox 2300 726 2585 783; x_wconf 84' lang='lat' dir='ltr'><strong>Dominus</strong></span> <span class='ocrx_word' id='word_1_130' title='bbox 2618 745 2630 783; x_wconf 92' lang='lat'>:</span> <span class='ocrx_word' id='word_1_131' title='bbox 2664 729 2863 797; x_wconf 80' lang='lat' dir='ltr'><strong>Nolite,</strong></span> <span class='ocrx_word' id='word_1_132' title='bbox 2891 727 3303 802; x_wconf 81' lang='lat' dir='ltr'><strong>inquit,timere</strong></span> <span class='ocrx_word' id='word_1_133' title='bbox 3329 748 3416 788; x_wconf 76' lang='lat' dir='ltr'><strong>eos</strong></span> <span class='ocrx_word' id='word_1_134' title='bbox 3443 733 3546 803; x_wconf 91' lang='lat' dir='ltr'><strong>qui</strong></span> <span class='ocrx_word' id='word_1_135' title='bbox 3568 748 3753 804; x_wconf 72' lang='lat' dir='ltr'><strong>corpus</strong></span> 
     </span>
    </p>
   </div>
   <div class='ocr_carea' id='block_1_21' title="bbox 2110 815 3757 893">
    <p class='ocr_par' dir='ltr' id='par_1_21' title="bbox 2110 815 3757 893">
     <span class='ocr_line' id='line_1_21' title="bbox 2110 815 3757 893; baseline 0.004 -24"><span class='ocrx_word' id='word_1_136' title='bbox 2110 815 2359 870; x_wconf 84' lang='lat' dir='ltr'><strong>occidunt</strong></span> <span class='ocrx_word' id='word_1_137' title='bbox 2397 816 2611 885; x_wconf 78' lang='lat' dir='ltr'><strong>(Matth.</strong></span> <span class='ocrx_word' id='word_1_138' title='bbox 2662 817 2748 888; x_wconf 85' lang='lat' dir='ltr'><strong>x);</strong></span> <span class='ocrx_word' id='word_1_139' title='bbox 2802 821 2858 872; x_wconf 90' lang='lat' dir='ltr'><strong>et</strong></span> <span class='ocrx_word' id='word_1_140' title='bbox 2903 819 3116 874; x_wconf 88' lang='lat' dir='ltr'><strong>iterum</strong></span> <span class='ocrx_word' id='word_1_141' title='bbox 3165 820 3249 875; x_wconf 88' lang='lat' dir='ltr'><strong>ait</strong></span> <span class='ocrx_word' id='word_1_142' title='bbox 3297 836 3310 874; x_wconf 95' lang='lat'>:</span> <span class='ocrx_word' id='word_1_143' title='bbox 3364 820 3510 889; x_wconf 84' lang='lat' dir='ltr'><strong>Quid</strong></span> <span class='ocrx_word' id='word_1_144' title='bbox 3552 821 3757 893; x_wconf 70' lang='lat' dir='ltr'><strong>prodest</strong></span> 
     </span>
    </p>
   </div>
   <div class='ocr_carea' id='block_1_22' title="bbox 2109 904 3754 976">
    <p class='ocr_par' dir='ltr' id='par_1_22' title="bbox 2109 904 3754 976">
     <span class='ocr_line' id='line_1_22' title="bbox 2109 904 3754 976; baseline 0.005 -19"><span class='ocrx_word' id='word_1_145' title='bbox 2109 904 2397 969; x_wconf 83' lang='lat' dir='ltr'><strong>homini,si</strong></span> <span class='ocrx_word' id='word_1_146' title='bbox 2425 907 2745 960; x_wconf 82' lang='lat' dir='ltr'><strong>universum</strong></span> <span class='ocrx_word' id='word_1_147' title='bbox 2782 907 3049 963; x_wconf 84' lang='lat' dir='ltr'><strong>mundum</strong></span> <span class='ocrx_word' id='word_1_148' title='bbox 3096 909 3360 976; x_wconf 84' lang='lat' dir='ltr'><strong>lucretur,</strong></span> <span class='ocrx_word' id='word_1_149' title='bbox 3393 911 3604 967; x_wconf 66' lang='lat' dir='ltr'><strong>anima?</strong></span> <span class='ocrx_word' id='word_1_150' title='bbox 3637 926 3754 966; x_wconf 86' lang='lat' dir='ltr'><strong>vero</strong></span> 
     </span>
    </p>
   </div>
   <div class='ocr_carea' id='block_1_23' title="bbox 2106 993 3755 1072">
    <p class='ocr_par' dir='ltr' id='par_1_23' title="bbox 2106 993 3755 1072">
     <span class='ocr_line' id='line_1_23' title="bbox 2106 993 3755 1072; baseline 0.005 -25"><span class='ocrx_word' id='word_1_151' title='bbox 2106 1008 2225 1048; x_wconf 67' lang='lat' dir='ltr'><strong>suae</strong></span> <span class='ocrx_word' id='word_1_152' title='bbox 2273 993 2660 1050; x_wconf 78' lang='lat' dir='ltr'><strong>detrimentum</strong></span> <span class='ocrx_word' id='word_1_153' title='bbox 2708 997 2998 1066; x_wconf 79' lang='lat' dir='ltr'><strong>patiatur?</strong></span> <span class='ocrx_word' id='word_1_154' title='bbox 3043 998 3251 1066; x_wconf 80' lang='lat' dir='ltr'><strong>(Matth.</strong></span> <span class='ocrx_word' id='word_1_155' title='bbox 3286 1000 3385 1071; x_wconf 71' lang='grc' dir='ltr'><strong>γι.)</strong></span> <span class='ocrx_word' id='word_1_156' title='bbox 3429 1003 3493 1054; x_wconf 86' lang='lat' dir='ltr'><strong>In</strong></span> <span class='ocrx_word' id='word_1_157' title='bbox 3546 1000 3755 1072; x_wconf 83' lang='lat' dir='ltr'><strong>quibus</strong></span> 
     </span>
    </p>
   </div>
   <div class='ocr_carea' id='block_1_24' title="bbox 2107 1080 3752 1159">
    <p class='ocr_par' dir='ltr' id='par_1_24' title="bbox 2107 1080 3752 1159">
     <span class='ocr_line' id='line_1_24' title="bbox 2107 1080 3752 1159; baseline 0.005 -24"><span class='ocrx_word' id='word_1_158' title='bbox 2107 1080 2779 1139; x_wconf 67' lang='lat' dir='ltr'><strong>Dominicis‘sententiis</strong></span> <span class='ocrx_word' id='word_1_159' title='bbox 2828 1085 3320 1142; x_wconf 88' lang='lat' dir='ltr'><strong>considerandum</strong></span> <span class='ocrx_word' id='word_1_160' title='bbox 3369 1092 3479 1154; x_wconf 89' lang='lat' dir='ltr'><strong>est,</strong></span> <span class='ocrx_word' id='word_1_161' title='bbox 3522 1087 3676 1159; x_wconf 91' lang='lat' dir='ltr'><strong>quod</strong></span> <span class='ocrx_word' id='word_1_162' title='bbox 3707 1089 3752 1143; x_wconf 90' lang='lat' dir='ltr'><strong>si</strong></span> 
     </span>
    </p>
   </div>
   <div class='ocr_carea' id='block_1_25' title="bbox 2108 1170 3753 1247">
    <p class='ocr_par' dir='ltr' id='par_1_25' title="bbox 2108 1170 3753 1247">
     <span class='ocr_line' id='line_1_25' title="bbox 2108 1170 3753 1247; baseline 0.004 -22"><span class='ocrx_word' id='word_1_163' title='bbox 2108 1170 2395 1226; x_wconf 89' lang='lat' dir='ltr'><strong>occisores</strong></span> <span class='ocrx_word' id='word_1_164' title='bbox 2425 1188 2734 1243; x_wconf 89' lang='lat' dir='ltr'><strong>corporum</strong></span> <span class='ocrx_word' id='word_1_165' title='bbox 2765 1174 3012 1229; x_wconf 90' lang='lat' dir='ltr'><strong>timendi</strong></span> <span class='ocrx_word' id='word_1_166' title='bbox 3045 1192 3160 1231; x_wconf 90' lang='lat' dir='ltr'><strong>non</strong></span> <span class='ocrx_word' id='word_1_167' title='bbox 3190 1180 3329 1230; x_wconf 89' lang='lat' dir='ltr'><strong>sunt</strong></span> <span class='ocrx_word' id='word_1_168' title='bbox 3359 1180 3565 1232; x_wconf 89' lang='lat' dir='ltr'><strong>contra</strong></span> <span class='ocrx_word' id='word_1_169' title='bbox 3583 1176 3753 1247; x_wconf 82' lang='lat' dir='ltr'><strong>justi-</strong></span> 
     </span>
    </p>
   </div>
   <div class='ocr_carea' id='block_1_26' title="bbox 2107 1258 3751 1332">
    <p class='ocr_par' dir='ltr' id='par_1_26' title="bbox 2107 1258 3751 1332">
     <span class='ocr_line' id='line_1_26' title="bbox 2107 1258 3751 1332; baseline 0.005 -20"><span class='ocrx_word' id='word_1_170' title='bbox 2107 1258 2248 1314; x_wconf 87' lang='lat' dir='ltr'><strong>tiam</strong></span> <span class='ocrx_word' id='word_1_171' title='bbox 2282 1258 2580 1316; x_wconf 88' lang='lat' dir='ltr'><strong>hominem</strong></span> <span class='ocrx_word' id='word_1_172' title='bbox 2614 1260 3067 1332; x_wconf 84' lang='lat' dir='ltr'><strong>impellentes,et</strong></span> <span class='ocrx_word' id='word_1_173' title='bbox 3096 1262 3326 1319; x_wconf 89' lang='lat' dir='ltr'><strong>lucrum</strong></span> <span class='ocrx_word' id='word_1_174' title='bbox 3348 1264 3531 1320; x_wconf 85' lang='lat' dir='ltr'><strong>totius</strong></span> <span class='ocrx_word' id='word_1_175' title='bbox 3553 1266 3751 1321; x_wconf 88' lang='lat' dir='ltr'><strong>mundi</strong></span> 
     </span>
    </p>
   </div>
   <div class='ocr_carea' id='block_1_27' title="bbox 2106 1349 3752 1423">
    <p class='ocr_par' dir='ltr' id='par_1_27' title="bbox 2106 1349 3752 1423">
     <span class='ocr_line' id='line_1_27' title="bbox 2106 1349 3752 1423; baseline 0.003 -21"><span class='ocrx_word' id='word_1_176' title='bbox 2106 1364 2221 1403; x_wconf 91' lang='lat' dir='ltr'><strong>non</strong></span> <span class='ocrx_word' id='word_1_177' title='bbox 2272 1349 2457 1419; x_wconf 87' lang='lat' dir='ltr'><strong>prosit</strong></span> <span class='ocrx_word' id='word_1_178' title='bbox 2502 1349 2726 1405; x_wconf 88' lang='lat' dir='ltr'><strong>homini</strong></span> <span class='ocrx_word' id='word_1_179' title='bbox 2775 1350 3258 1423; x_wconf 79' lang='lat' dir='ltr'><strong>anima‘perdita,</strong></span> <span class='ocrx_word' id='word_1_180' title='bbox 3290 1358 3512 1423; x_wconf 89' lang='lat' dir='ltr'><strong>quanto</strong></span> <span class='ocrx_word' id='word_1_181' title='bbox 3562 1353 3752 1408; x_wconf 88' lang='lat' dir='ltr'><strong>minus</strong></span> 
     </span>
    </p>
   </div>
   <div class='ocr_carea' id='block_1_28' title="bbox 2107 1437 3750 1509">
    <p class='ocr_par' dir='ltr' id='par_1_28' title="bbox 2107 1437 3750 1509">
     <span class='ocr_line' id='line_1_28' title="bbox 2107 1437 3750 1509; baseline 0.004 -18"><span class='ocrx_word' id='word_1_182' title='bbox 2107 1440 2264 1492; x_wconf 87' lang='lat' dir='ltr'><strong>metu</strong></span> <span class='ocrx_word' id='word_1_183' title='bbox 2300 1437 2476 1493; x_wconf 89' lang='lat' dir='ltr'><strong>unius</strong></span> <span class='ocrx_word' id='word_1_184' title='bbox 2505 1438 2761 1495; x_wconf 88' lang='lat' dir='ltr'><strong>hominis</strong></span> <span class='ocrx_word' id='word_1_185' title='bbox 2785 1442 2989 1495; x_wconf 86' lang='lat' dir='ltr'><strong>tantus</strong></span> <span class='ocrx_word' id='word_1_186' title='bbox 3028 1456 3127 1496; x_wconf 86' lang='lat' dir='ltr'><strong>rex</strong></span> <span class='ocrx_word' id='word_1_187' title='bbox 3178 1441 3398 1509; x_wconf 86' lang='lat' dir='ltr'><strong>debuit,</strong></span> <span class='ocrx_word' id='word_1_188' title='bbox 3429 1446 3636 1497; x_wconf 88' lang='lat' dir='ltr'><strong>contra</strong></span> <span class='ocrx_word' id='word_1_189' title='bbox 3663 1443 3750 1497; x_wconf 87' lang='lat' dir='ltr'><strong>di-</strong></span> 
     </span>
    </p>
   </div>
   <div class='ocr_carea' id='block_1_29' title="bbox 2103 1524 3755 1603">
    <p class='ocr_par' dir='ltr' id='par_1_29' title="bbox 2103 1524 3755 1603">
     <span class='ocr_line' id='line_1_29' title="bbox 2103 1524 3755 1603; baseline 0.005 -24"><span class='ocrx_word' id='word_1_190' title='bbox 2103 1524 2305 1580; x_wconf 89' lang='lat' dir='ltr'><strong>vinum</strong></span> <span class='ocrx_word' id='word_1_191' title='bbox 2338 1527 2778 1599; x_wconf 86' lang='lat' dir='ltr'><strong>praeceptum,in</strong></span> <span class='ocrx_word' id='word_1_192' title='bbox 2809 1527 3067 1585; x_wconf 85' lang='lat' dir='ltr'><strong>immane</strong></span> <span class='ocrx_word' id='word_1_193' title='bbox 3098 1529 3485 1601; x_wconf 64' lang='lat' dir='ltr'><strong>praecipitium</strong></span> <span class='ocrx_word' id='word_1_194' title='bbox 3527 1531 3755 1603; x_wconf 81' lang='lat' dir='ltr'><strong>mergi?</strong></span> 
     </span>
    </p>
   </div>
   <div class='ocr_carea' id='block_1_30' title="bbox 2108 1614 3752 1690">
    <p class='ocr_par' dir='ltr' id='par_1_30' title="bbox 2108 1614 3752 1690">
     <span class='ocr_line' id='line_1_30' title="bbox 2108 1614 3752 1690; baseline 0.004 -21"><span class='ocrx_word' id='word_1_195' title='bbox 2108 1614 2169 1669; x_wconf 89' lang='lat' dir='ltr'><strong>In</strong></span> <span class='ocrx_word' id='word_1_196' title='bbox 2217 1614 2324 1671; x_wconf 89' lang='lat' dir='ltr'><strong>hoc</strong></span> <span class='ocrx_word' id='word_1_197' title='bbox 2364 1619 2517 1670; x_wconf 89' lang='lat' dir='ltr'><strong>certe</strong></span> <span class='ocrx_word' id='word_1_198' title='bbox 2544 1631 2605 1671; x_wconf 90' lang='lat' dir='ltr'><strong>se</strong></span> <span class='ocrx_word' id='word_1_199' title='bbox 2627 1616 2817 1688; x_wconf 81' lang='lat' dir='ltr'><strong>magis</strong></span> <span class='ocrx_word' id='word_1_200' title='bbox 2845 1617 3362 1690; x_wconf 88' lang='lat' dir='ltr'><strong>reprehensibilem</strong></span> <span class='ocrx_word' id='word_1_201' title='bbox 3392 1619 3668 1687; x_wconf 78' lang='lat' dir='ltr'><strong>ostendit,</strong></span> <span class='ocrx_word' id='word_1_202' title='bbox 3696 1621 3752 1676; x_wconf 89' lang='lat' dir='ltr'><strong>in</strong></span> 
     </span>
    </p>
   </div>
   <div class='ocr_carea' id='block_1_31' title="bbox 2105 1703 3753 1779">
    <p class='ocr_par' dir='ltr' id='par_1_31' title="bbox 2105 1703 3753 1779">
     <span class='ocr_line' id='line_1_31' title="bbox 2105 1703 3753 1779; baseline 0.004 -22"><span class='ocrx_word' id='word_1_203' title='bbox 2105 1719 2222 1774; x_wconf 92' lang='lat' dir='ltr'><strong>quo</strong></span> <span class='ocrx_word' id='word_1_204' title='bbox 2248 1703 2430 1758; x_wconf 90' lang='lat' dir='ltr'><strong>amori</strong></span> <span class='ocrx_word' id='word_1_205' title='bbox 2461 1704 2669 1759; x_wconf 91' lang='lat' dir='ltr'><strong>mundi</strong></span> <span class='ocrx_word' id='word_1_206' title='bbox 2701 1721 2959 1761; x_wconf 89' lang='lat' dir='ltr'><strong>amorem</strong></span> <span class='ocrx_word' id='word_1_207' title='bbox 2991 1706 3090 1761; x_wconf 91' lang='lat' dir='ltr'><strong>Dei</strong></span> <span class='ocrx_word' id='word_1_208' title='bbox 3124 1706 3589 1779; x_wconf 88' lang='lat' dir='ltr'><strong>postposuit.Ubi</strong></span> <span class='ocrx_word' id='word_1_209' title='bbox 3613 1708 3753 1764; x_wconf 88' lang='lat' dir='ltr'><strong>nihil</strong></span> 
     </span>
    </p>
   </div>
   <div class='ocr_carea' id='block_1_32' title="bbox 2102 1791 3752 1865">
    <p class='ocr_par' dir='ltr' id='par_1_32' title="bbox 2102 1791 3752 1865">
     <span class='ocr_line' id='line_1_32' title="bbox 2102 1791 3752 1865; baseline 0.004 -19"><span class='ocrx_word' id='word_1_210' title='bbox 2102 1792 2268 1847; x_wconf 92' lang='lat' dir='ltr'><strong>vobis</strong></span> <span class='ocrx_word' id='word_1_211' title='bbox 2298 1792 2457 1847; x_wconf 89' lang='lat' dir='ltr'><strong>aliud</strong></span> <span class='ocrx_word' id='word_1_212' title='bbox 2487 1791 2883 1865; x_wconf 68' lang='lat' dir='ltr'><strong>praecipimus,</strong></span> <span class='ocrx_word' id='word_1_213' title='bbox 2913 1794 3385 1852; x_wconf 87' lang='lat' dir='ltr'><strong>manifestatione</strong></span> <span class='ocrx_word' id='word_1_214' title='bbox 3414 1813 3528 1853; x_wconf 87' lang='lat' dir='ltr'><strong>sua</strong></span> <span class='ocrx_word' id='word_1_215' title='bbox 3555 1798 3752 1853; x_wconf 89' lang='lat' dir='ltr'><strong>eodem</strong></span> 
     </span>
    </p>
   </div>
   <div class='ocr_carea' id='block_1_33' title="bbox 350 1875 3753 1969">
    <p class='ocr_par' dir='ltr' id='par_1_33' title="bbox 350 1875 3753 1969">
     <span class='ocr_line' id='line_1_33' title="bbox 350 1875 3753 1969; baseline 0.002 -33"><span class='ocrx_word' id='word_1_216' title='bbox 350 1882 524 1936; x_wconf 91' lang='lat' dir='ltr'><strong>modo</strong></span> <span class='ocrx_word' id='word_1_217' title='bbox 555 1896 670 1952; x_wconf 90' lang='lat' dir='ltr'><strong>quo</strong></span> <span class='ocrx_word' id='word_1_218' title='bbox 698 1875 1056 1934; x_wconf 89' lang='lat' dir='ltr'><strong>valuerimus</strong></span> <span class='ocrx_word' id='word_1_219' title='bbox 1086 1892 1273 1947; x_wconf 89' lang='lat' dir='ltr'><strong>usque</strong></span> <span class='ocrx_word' id='word_1_220' title='bbox 1304 1876 1642 1948; x_wconf 34' lang='lat' dir='ltr'><strong>Romamyea</strong></span> <span class='ocrx_word' id='word_1_221' title='bbox 1672 1875 1804 1932; x_wconf 90' lang='lat' dir='ltr'><strong>ferri</strong></span> <span class='ocrx_word' id='word_1_222' title='bbox 1821 1877 1993 1948; x_wconf 86' lang='lat' dir='ltr'><strong>jube-</strong></span> <span class='ocrx_word' id='word_1_223' title='bbox 2026 1905 2073 1969; x_wconf 84' lang='lat' dir='ltr'><strong>B</strong></span> <span class='ocrx_word' id='word_1_224' title='bbox 2106 1897 2238 1953; x_wconf 88' lang='lat' dir='ltr'><strong>rege</strong></span> <span class='ocrx_word' id='word_1_225' title='bbox 2279 1880 2559 1946; x_wconf 91' lang='lat' dir='ltr'><strong>convicto,</strong></span> <span class='ocrx_word' id='word_1_226' title='bbox 2613 1881 2727 1938; x_wconf 90' lang='lat' dir='ltr'><strong>nisi</strong></span> <span class='ocrx_word' id='word_1_227' title='bbox 2777 1886 2843 1938; x_wconf 87' lang='lat' dir='ltr'><strong>ut</strong></span> <span class='ocrx_word' id='word_1_228' title='bbox 2889 1885 3215 1939; x_wconf 87' lang='lat' dir='ltr'><strong>secundum</strong></span> <span class='ocrx_word' id='word_1_229' title='bbox 3265 1886 3613 1941; x_wconf 86' lang='lat' dir='ltr'><strong>canonicam</strong></span> <span class='ocrx_word' id='word_1_230' title='bbox 3657 1904 3753 1942; x_wconf 90' lang='lat' dir='ltr'><strong>au-</strong></span> 
     </span>
    </p>
   </div>
   <div class='ocr_carea' id='block_1_34' title="bbox 349 1970 568 2027">
    <p class='ocr_par' dir='ltr' id='par_1_34' title="bbox 349 1970 568 2027">
     <span class='ocr_line' id='line_1_34' title="bbox 349 1970 568 2027; baseline -0.014 0"><span class='ocrx_word' id='word_1_231' title='bbox 349 1970 568 2027; x_wconf 90' lang='lat' dir='ltr'><strong>bimus.</strong></span> 
     </span>
    </p>
   </div>
   <div class='ocr_carea' id='block_1_35' title="bbox 1072 2063 1286 2118">
    <p class='ocr_par' dir='ltr' id='par_1_35' title="bbox 1072 2063 1286 2118">
     <span class='ocr_line' id='line_1_35' title="bbox 1072 2063 1286 2118; baseline 0 -1"><span class='ocrx_word' id='word_1_232' title='bbox 1072 2063 1286 2118; x_wconf 86' lang='lat' dir='ltr'><strong>CLVII.</strong></span> 
     </span>
    </p>
   </div>
   <div class='ocr_carea' id='block_1_36' title="bbox 492 2168 1854 2211">
    <p class='ocr_par' dir='ltr' id='par_1_36' title="bbox 492 2168 1854 2211">
     <span class='ocr_line' id='line_1_36' title="bbox 492 2168 1854 2211; baseline -0.004 0"><span class='ocrx_word' id='word_1_233' title='bbox 492 2174 565 2211; x_wconf 79' lang='lat' dir='ltr'><strong>AD</strong></span> <span class='ocrx_word' id='word_1_234' title='bbox 603 2170 901 2210; x_wconf 77' lang='lat' dir='ltr'><strong>EPISCOPOS</strong></span> <span class='ocrx_word' id='word_1_235' title='bbox 942 2168 1182 2208; x_wconf 77' lang='lat' dir='ltr'><strong>LEGATOS</strong></span> <span class='ocrx_word' id='word_1_236' title='bbox 1222 2169 1277 2207; x_wconf 84' lang='lat' dir='ltr'><strong>IN</strong></span> <span class='ocrx_word' id='word_1_237' title='bbox 1316 2168 1596 2208; x_wconf 74' lang='lat' dir='ltr'><strong>FRANCIAM</strong></span> <span class='ocrx_word' id='word_1_238' title='bbox 1634 2169 1854 2208; x_wconf 77' lang='lat' dir='ltr'>M18808.</span> 
     </span>
    </p>
   </div>
   <div class='ocr_carea' id='block_1_37' title="bbox 349 2240 1995 2311">
    <p class='ocr_par' dir='ltr' id='par_1_37' title="bbox 349 2240 1995 2311">
     <span class='ocr_line' id='line_1_37' title="bbox 349 2240 1995 2311; baseline -0.004 -10"><span class='ocrx_word' id='word_1_239' title='bbox 349 2246 513 2302; x_wconf 72' lang='lat' dir='ltr'><strong>Mittit</strong></span> <span class='ocrx_word' id='word_1_240' title='bbox 539 2244 609 2298; x_wconf 86' lang='lat' dir='ltr'><strong>ad</strong></span> <span class='ocrx_word' id='word_1_241' title='bbox 636 2259 723 2298; x_wconf 83' lang='lat' dir='ltr'><strong>eos</strong></span> <span class='ocrx_word' id='word_1_242' title='bbox 747 2241 1222 2296; x_wconf 84' lang='lat' dir='ltr'><strong>commonitorium</strong></span> <span class='ocrx_word' id='word_1_243' title='bbox 1263 2257 1364 2311; x_wconf 86' lang='lat' dir='ltr'><strong>pro</strong></span> <span class='ocrx_word' id='word_1_244' title='bbox 1409 2257 1577 2295; x_wconf 80' lang='lat' dir='ltr'><strong>causa</strong></span> <span class='ocrx_word' id='word_1_245' title='bbox 1630 2240 1995 2310; x_wconf 66' lang='lat' dir='ltr'><strong>Theutberga}.</strong></span> 
     </span>
    </p>
   </div>
   <div class='ocr_carea' id='block_1_38' title="bbox 719 2324 1644 2403">
    <p class='ocr_par' dir='ltr' id='par_1_38' title="bbox 719 2324 1644 2403">
     <span class='ocr_line' id='line_1_38' title="bbox 719 2324 1644 2403; baseline -0.002 -20"><span class='ocrx_word' id='word_1_246' title='bbox 719 2329 906 2403; x_wconf 82' lang='lat' dir='ltr'><strong>[Apud</strong></span> <span class='ocrx_word' id='word_1_247' title='bbox 937 2327 1149 2393; x_wconf 88' lang='lat' dir='ltr'><strong>Mansi,</strong></span> <span class='ocrx_word' id='word_1_248' title='bbox 1184 2324 1361 2384; x_wconf 49' lang='grc' dir='ltr'><strong>ϐοηθεῖ</strong></span> <span class='ocrx_word' id='word_1_249' title='bbox 1375 2332 1516 2383; x_wconf 90' lang='lat' dir='ltr'><strong>tom.</strong></span> <span class='ocrx_word' id='word_1_250' title='bbox 1548 2328 1644 2383; x_wconf 88' lang='lat' dir='ltr'><strong>XV</strong></span> 
     </span>
    </p>
   </div>
   <div class='ocr_carea' id='block_1_39' title="bbox 422 2442 1998 2503">
    <p class='ocr_par' dir='ltr' id='par_1_39' title="bbox 422 2442 1998 2503">
     <span class='ocr_line' id='line_1_39' title="bbox 422 2442 1998 2503; baseline -0.002 0"><span class='ocrx_word' id='word_1_251' title='bbox 422 2443 930 2503; x_wconf 84' lang='lat' dir='ltr'><strong>Reverentissimis</strong></span> <span class='ocrx_word' id='word_1_252' title='bbox 976 2446 1034 2498; x_wconf 91' lang='lat' dir='ltr'><strong>et</strong></span> <span class='ocrx_word' id='word_1_253' title='bbox 1093 2442 1482 2498; x_wconf 87' lang='lat' dir='ltr'><strong>sanctissimis</strong></span> <span class='ocrx_word' id='word_1_254' title='bbox 1538 2444 1882 2500; x_wconf 76' lang='lat' dir='ltr'><strong>RHODOALDO</strong></span> <span class='ocrx_word' id='word_1_255' title='bbox 1940 2449 1998 2501; x_wconf 91' lang='lat' dir='ltr'><strong>et</strong></span> 
     </span>
    </p>
   </div>
   <div class='ocr_carea' id='block_1_40' title="bbox 348 2533 898 2608">
    <p class='ocr_par' dir='ltr' id='par_1_40' title="bbox 348 2533 898 2608">
     <span class='ocr_line' id='line_1_40' title="bbox 348 2533 898 2608; baseline -0.013 -14"><span class='ocrx_word' id='word_1_256' title='bbox 348 2538 558 2594; x_wconf 75' lang='lat' dir='ltr'><strong>JOANNI</strong></span> <span class='ocrx_word' id='word_1_257' title='bbox 589 2533 898 2608; x_wconf 85' lang='lat' dir='ltr'><strong>episcopis.</strong></span> 
     </span>
    </p>
   </div>
   <div class='ocr_carea' id='block_1_41' title="bbox 420 2620 1997 2689">
    <p class='ocr_par' dir='ltr' id='par_1_41' title="bbox 420 2620 1997 2689">
     <span class='ocr_line' id='line_1_41' title="bbox 420 2620 1997 2689; baseline -0.002 -8"><span class='ocrx_word' id='word_1_258' title='bbox 420 2622 925 2689; x_wconf 83' lang='lat' dir='ltr'><strong>Quemadmodum</strong></span> <span class='ocrx_word' id='word_1_259' title='bbox 953 2624 1165 2676; x_wconf 65' lang='lat' dir='ltr'><strong>sancta:</strong></span> <span class='ocrx_word' id='word_1_260' title='bbox 1196 2621 1468 2676; x_wconf 80' lang='lat' dir='ltr'><strong>Romanae</strong></span> <span class='ocrx_word' id='word_1_261' title='bbox 1501 2620 1764 2677; x_wconf 76' lang='lat' dir='ltr'><strong>Ecclesiae</strong></span> <span class='ocrx_word' id='word_1_262' title='bbox 1797 2623 1997 2678; x_wconf 83' lang='lat' dir='ltr'><strong>fideles</strong></span> 
     </span>
    </p>
   </div>
   <div class='ocr_carea' id='block_1_42' title="bbox 350 2708 1998 2785">
    <p class='ocr_par' dir='ltr' id='par_1_42' title="bbox 350 2708 1998 2785">
     <span class='ocr_line' id='line_1_42' title="bbox 350 2708 1998 2785; baseline -0.002 -16"><span class='ocrx_word' id='word_1_263' title='bbox 350 2714 511 2782; x_wconf 77' lang='lat' dir='ltr'><strong>estis,</strong></span> <span class='ocrx_word' id='word_1_264' title='bbox 540 2717 597 2768; x_wconf 90' lang='lat' dir='ltr'><strong>et</strong></span> <span class='ocrx_word' id='word_1_265' title='bbox 644 2709 972 2785; x_wconf 64' lang='lat' dir='ltr'><strong>apostolicae</strong></span> <span class='ocrx_word' id='word_1_266' title='bbox 1031 2709 1188 2765; x_wconf 88' lang='lat' dir='ltr'><strong>sedis</strong></span> <span class='ocrx_word' id='word_1_267' title='bbox 1244 2708 1530 2764; x_wconf 78' lang='lat' dir='ltr'><strong>columnae</strong></span> <span class='ocrx_word' id='word_1_268' title='bbox 1588 2711 1864 2780; x_wconf 78' lang='lat' dir='ltr'><strong>existitis;</strong></span> <span class='ocrx_word' id='word_1_269' title='bbox 1914 2711 1998 2767; x_wconf 91' lang='lat' dir='ltr'><strong>ita</strong></span> 
     </span>
    </p>
   </div>
   <div class='ocr_carea' id='block_1_43' title="bbox 348 2797 2000 2872">
    <p class='ocr_par' dir='ltr' id='par_1_43' title="bbox 348 2797 2000 2872">
     <span class='ocr_line' id='line_1_43' title="bbox 348 2797 2000 2872; baseline -0.002 -12"><span class='ocrx_word' id='word_1_270' title='bbox 348 2801 744 2860; x_wconf 88' lang='lat' dir='ltr'><strong>custodientes</strong></span> <span class='ocrx_word' id='word_1_271' title='bbox 782 2798 981 2855; x_wconf 87' lang='lat' dir='ltr'><strong>omnia</strong></span> <span class='ocrx_word' id='word_1_272' title='bbox 1020 2797 1630 2870; x_wconf 42' lang='lat' dir='ltr'><strong>secundum/priorem</strong></span> <span class='ocrx_word' id='word_1_273' title='bbox 1670 2801 2000 2872; x_wconf 66' lang='lat' dir='ltr'><strong>praeceptio-</strong></span> 
     </span>
    </p>
   </div>
   <div class='ocr_carea' id='block_1_44' title="bbox 348 2886 1997 2961">
    <p class='ocr_par' dir='ltr' id='par_1_44' title="bbox 348 2886 1997 2961">
     <span class='ocr_line' id='line_1_44' title="bbox 348 2886 1997 2961; baseline -0.002 -13"><span class='ocrx_word' id='word_1_274' title='bbox 348 2909 481 2948; x_wconf 91' lang='lat' dir='ltr'><strong>nem</strong></span> <span class='ocrx_word' id='word_1_275' title='bbox 514 2894 775 2946; x_wconf 89' lang='lat' dir='ltr'><strong>nostram</strong></span> <span class='ocrx_word' id='word_1_276' title='bbox 800 2904 1075 2961; x_wconf 84' lang='lat' dir='ltr'><strong>peragere</strong></span> <span class='ocrx_word' id='word_1_277' title='bbox 1096 2886 1385 2952; x_wconf 81' lang='lat' dir='ltr'><strong>festinate,</strong></span> <span class='ocrx_word' id='word_1_278' title='bbox 1409 2891 1466 2942; x_wconf 92' lang='lat' dir='ltr'><strong>et</strong></span> <span class='ocrx_word' id='word_1_279' title='bbox 1487 2888 1656 2943; x_wconf 90' lang='lat' dir='ltr'><strong>Metis</strong></span> <span class='ocrx_word' id='word_1_280' title='bbox 1676 2889 1997 2960; x_wconf 89' lang='lat' dir='ltr'><strong>apostolica</strong></span> 
     </span>
    </p>
   </div>
   <div class='ocr_carea' id='block_1_45' title="bbox 347 2977 1991 3050">
    <p class='ocr_par' dir='ltr' id='par_1_45' title="bbox 347 2977 1991 3050">
     <span class='ocr_line' id='line_1_45' title="bbox 347 2977 1991 3050; baseline -0.002 -14"><span class='ocrx_word' id='word_1_281' title='bbox 347 2980 692 3036; x_wconf 87' lang='lat' dir='ltr'><strong>auctoritate</strong></span> <span class='ocrx_word' id='word_1_282' title='bbox 739 2977 958 3050; x_wconf 81' lang='lat' dir='ltr'><strong>synodo</strong></span> <span class='ocrx_word' id='word_1_283' title='bbox 1007 2979 1262 3042; x_wconf 89' lang='lat' dir='ltr'><strong>evocata,</strong></span> <span class='ocrx_word' id='word_1_284' title='bbox 1295 2980 1494 3031; x_wconf 85' lang='lat' dir='ltr'><strong>nostra</strong></span> <span class='ocrx_word' id='word_1_285' title='bbox 1518 2977 1691 3046; x_wconf 89' lang='lat' dir='ltr'><strong>jussa</strong></span> <span class='ocrx_word' id='word_1_286' title='bbox 1712 2977 1991 3048; x_wconf 80' lang='lat' dir='ltr'><strong>perficite.</strong></span> 
     </span>
    </p>
   </div>
   <div class='ocr_carea' id='block_1_46' title="bbox 346 3063 1993 3140">
    <p class='ocr_par' dir='ltr' id='par_1_46' title="bbox 346 3063 1993 3140">
     <span class='ocr_line' id='line_1_46' title="bbox 346 3063 1993 3140; baseline -0.001 -16"><span class='ocrx_word' id='word_1_287' title='bbox 346 3069 508 3133; x_wconf 85' lang='lat' dir='ltr'><strong>Quod</strong></span> <span class='ocrx_word' id='word_1_288' title='bbox 530 3068 576 3123; x_wconf 91' lang='lat' dir='ltr'><strong>si</strong></span> <span class='ocrx_word' id='word_1_289' title='bbox 602 3067 861 3140; x_wconf 84' lang='lat' dir='ltr'><strong>synodus</strong></span> <span class='ocrx_word' id='word_1_290' title='bbox 877 3065 1283 3137; x_wconf 89' lang='lat' dir='ltr'><strong>episcoporum</strong></span> <span class='ocrx_word' id='word_1_291' title='bbox 1308 3081 1369 3120; x_wconf 88' lang='lat' dir='ltr'><strong>se</strong></span> <span class='ocrx_word' id='word_1_292' title='bbox 1390 3063 1530 3120; x_wconf 90' lang='lat' dir='ltr'><strong>illuc</strong></span> <span class='ocrx_word' id='word_1_293' title='bbox 1549 3066 1793 3121; x_wconf 89' lang='lat' dir='ltr'><strong>minime</strong></span> <span class='ocrx_word' id='word_1_294' title='bbox 1815 3066 1993 3122; x_wconf 88' lang='lat' dir='ltr'><strong>colle-</strong></span> 
     </span>
    </p>
   </div>
   <div class='ocr_carea' id='block_1_47' title="bbox 346 3152 1991 3231">
    <p class='ocr_par' dir='ltr' id='par_1_47' title="bbox 346 3152 1991 3231">
     <span class='ocr_line' id='line_1_47' title="bbox 346 3152 1991 3231; baseline -0.001 -19"><span class='ocrx_word' id='word_1_295' title='bbox 346 3156 624 3231; x_wconf 90' lang='lat' dir='ltr'><strong>gerit,aut</strong></span> <span class='ocrx_word' id='word_1_296' title='bbox 637 3153 950 3210; x_wconf 87' lang='lat' dir='ltr'><strong>Lotharius</strong></span> <span class='ocrx_word' id='word_1_297' title='bbox 967 3153 1164 3209; x_wconf 89' lang='lat' dir='ltr'><strong>venire</strong></span> <span class='ocrx_word' id='word_1_298' title='bbox 1175 3152 1635 3220; x_wconf 88' lang='lat' dir='ltr'><strong>distulerit,tunc</strong></span> <span class='ocrx_word' id='word_1_299' title='bbox 1655 3172 1755 3209; x_wconf 91' lang='lat' dir='ltr'><strong>vos</strong></span> <span class='ocrx_word' id='word_1_300' title='bbox 1772 3155 1844 3210; x_wconf 90' lang='lat' dir='ltr'><strong>ad</strong></span> <span class='ocrx_word' id='word_1_301' title='bbox 1858 3172 1991 3210; x_wconf 93' lang='lat' dir='ltr'><strong>eum</strong></span> 
     </span>
    </p>
   </div>
   <div class='ocr_carea' id='block_1_48' title="bbox 346 3243 2065 3331">
    <p class='ocr_par' dir='ltr' id='par_1_48' title="bbox 346 3243 2065 3331">
     <span class='ocr_line' id='line_1_48' title="bbox 346 3243 2065 3331; baseline 0 -31"><span class='ocrx_word' id='word_1_302' title='bbox 346 3262 582 3318; x_wconf 89' lang='lat' dir='ltr'><strong>pergere</strong></span> <span class='ocrx_word' id='word_1_303' title='bbox 613 3244 927 3310; x_wconf 90' lang='lat' dir='ltr'><strong>studete,et</strong></span> <span class='ocrx_word' id='word_1_304' title='bbox 954 3246 1156 3297; x_wconf 89' lang='lat' dir='ltr'><strong>nostra</strong></span> <span class='ocrx_word' id='word_1_305' title='bbox 1174 3243 1345 3313; x_wconf 88' lang='lat' dir='ltr'><strong>jussa</strong></span> <span class='ocrx_word' id='word_1_306' title='bbox 1373 3245 1553 3331; x_wconf 8' lang='lat' dir='ltr'><strong>atque,</strong></span> <span class='ocrx_word' id='word_1_307' title='bbox 1591 3243 1860 3299; x_wconf 89' lang='lat' dir='ltr'><strong>instituta</strong></span> <span class='ocrx_word' id='word_1_308' title='bbox 1893 3245 1988 3300; x_wconf 92' lang='lat' dir='ltr'><strong>de-</strong></span> <span class='ocrx_word' id='word_1_309' title='bbox 2022 3265 2065 3331; x_wconf 69' lang='grc' dir='ltr'><strong>ρ</strong></span> 
     </span>
    </p>
   </div>
   <div class='ocr_carea' id='block_1_49' title="bbox 344 3329 1991 3401">
    <p class='ocr_par' dir='ltr' id='par_1_49' title="bbox 344 3329 1991 3401">
     <span class='ocr_line' id='line_1_49' title="bbox 344 3329 1991 3401; baseline -0.001 -11"><span class='ocrx_word' id='word_1_310' title='bbox 344 3333 580 3390; x_wconf 85' lang='lat' dir='ltr'><strong>clerate.</strong></span> <span class='ocrx_word' id='word_1_311' title='bbox 615 3333 684 3387; x_wconf 88' lang='lat' dir='ltr'><strong>Et</strong></span> <span class='ocrx_word' id='word_1_312' title='bbox 710 3331 921 3387; x_wconf 89' lang='lat' dir='ltr'><strong>deinde</strong></span> <span class='ocrx_word' id='word_1_313' title='bbox 951 3347 1086 3384; x_wconf 91' lang='lat' dir='ltr'><strong>cum</strong></span> <span class='ocrx_word' id='word_1_314' title='bbox 1119 3346 1221 3401; x_wconf 91' lang='lat' dir='ltr'><strong>pro</strong></span> <span class='ocrx_word' id='word_1_315' title='bbox 1251 3346 1430 3385; x_wconf 89' lang='lat' dir='ltr'><strong>causa</strong></span> <span class='ocrx_word' id='word_1_316' title='bbox 1460 3329 1683 3385; x_wconf 89' lang='lat' dir='ltr'><strong>Baldini</strong></span> <span class='ocrx_word' id='word_1_317' title='bbox 1716 3333 1788 3387; x_wconf 91' lang='lat' dir='ltr'><strong>ad</strong></span> <span class='ocrx_word' id='word_1_318' title='bbox 1815 3332 1991 3389; x_wconf 86' lang='lat' dir='ltr'><strong>Caro-</strong></span> 
     </span>
    </p>
   </div>
   <div class='ocr_carea' id='block_1_50' title="bbox 344 3416 1991 3493">
    <p class='ocr_par' dir='ltr' id='par_1_50' title="bbox 344 3416 1991 3493">
     <span class='ocr_line' id='line_1_50' title="bbox 344 3416 1991 3493; baseline 0 -16"><span class='ocrx_word' id='word_1_319' title='bbox 344 3421 466 3478; x_wconf 89' lang='lat' dir='ltr'><strong>lum</strong></span> <span class='ocrx_word' id='word_1_320' title='bbox 499 3417 1085 3493; x_wconf 86' lang='lat' dir='ltr'><strong>perrexeritis.eidem</strong></span> <span class='ocrx_word' id='word_1_321' title='bbox 1102 3416 1357 3489; x_wconf 87' lang='lat' dir='ltr'><strong>glorioso</strong></span> <span class='ocrx_word' id='word_1_322' title='bbox 1382 3418 1499 3491; x_wconf 88' lang='lat' dir='ltr'><strong>regi</strong></span> <span class='ocrx_word' id='word_1_323' title='bbox 1524 3419 1801 3490; x_wconf 89' lang='lat' dir='ltr'><strong>epistolas</strong></span> <span class='ocrx_word' id='word_1_324' title='bbox 1824 3438 1991 3493; x_wconf 90' lang='lat' dir='ltr'><strong>syno-</strong></span> 
     </span>
    </p>
   </div>
   <div class='ocr_carea' id='block_1_51' title="bbox 343 3504 1988 3579">
    <p class='ocr_par' dir='ltr' id='par_1_51' title="bbox 343 3504 1988 3579">
     <span class='ocr_line' id='line_1_51' title="bbox 343 3504 1988 3579; baseline 0 -14"><span class='ocrx_word' id='word_1_325' title='bbox 343 3511 589 3577; x_wconf 88' lang='lat' dir='ltr'><strong>dicas,et</strong></span> <span class='ocrx_word' id='word_1_326' title='bbox 615 3508 724 3562; x_wconf 91' lang='lat' dir='ltr'><strong>has</strong></span> <span class='ocrx_word' id='word_1_327' title='bbox 754 3523 901 3579; x_wconf 92' lang='lat' dir='ltr'><strong>quas</strong></span> <span class='ocrx_word' id='word_1_328' title='bbox 927 3521 1081 3560; x_wconf 91' lang='lat' dir='ltr'><strong>nunc</strong></span> <span class='ocrx_word' id='word_1_329' title='bbox 1096 3504 1260 3560; x_wconf 89' lang='lat' dir='ltr'><strong>vobis</strong></span> <span class='ocrx_word' id='word_1_330' title='bbox 1281 3504 1836 3579; x_wconf 88' lang='lat' dir='ltr'><strong>dirigimus,pariter</strong></span> <span class='ocrx_word' id='word_1_331' title='bbox 1855 3526 1988 3565; x_wconf 91' lang='lat' dir='ltr'><strong>cum</strong></span> 
     </span>
    </p>
   </div>
   <div class='ocr_carea' id='block_1_52' title="bbox 344 3592 1988 3666">
    <p class='ocr_par' dir='ltr' id='par_1_52' title="bbox 344 3592 1988 3666">
     <span class='ocr_line' id='line_1_52' title="bbox 344 3592 1988 3666; baseline -0.001 -12"><span class='ocrx_word' id='word_1_332' title='bbox 344 3595 788 3654; x_wconf 90' lang='lat' dir='ltr'><strong>commonitorio</strong></span> <span class='ocrx_word' id='word_1_333' title='bbox 816 3592 1201 3666; x_wconf 76' lang='lat' dir='ltr'><strong>praesentibus</strong></span> <span class='ocrx_word' id='word_1_334' title='bbox 1217 3594 1442 3649; x_wconf 88' lang='lat' dir='ltr'><strong>cunctis</strong></span> <span class='ocrx_word' id='word_1_335' title='bbox 1458 3596 1773 3664; x_wconf 87' lang='lat' dir='ltr'><strong>ostendite;</strong></span> <span class='ocrx_word' id='word_1_336' title='bbox 1797 3601 1854 3652; x_wconf 90' lang='lat' dir='ltr'><strong>et</strong></span> <span class='ocrx_word' id='word_1_337' title='bbox 1874 3614 1988 3653; x_wconf 91' lang='lat' dir='ltr'><strong>non</strong></span> 
     </span>
    </p>
   </div>
   <div class='ocr_carea' id='block_1_53' title="bbox 344 3680 1990 3754">
    <p class='ocr_par' dir='ltr' id='par_1_53' title="bbox 344 3680 1990 3754">
     <span class='ocr_line' id='line_1_53' title="bbox 344 3680 1990 3754; baseline 0.001 -13"><span class='ocrx_word' id='word_1_338' title='bbox 344 3685 537 3742; x_wconf 90' lang='lat' dir='ltr'><strong>solum</strong></span> <span class='ocrx_word' id='word_1_339' title='bbox 587 3682 660 3750; x_wconf 91' lang='lat' dir='ltr'><strong>ei,</strong></span> <span class='ocrx_word' id='word_1_340' title='bbox 690 3683 790 3737; x_wconf 88' lang='lat' dir='ltr'><strong>sed</strong></span> <span class='ocrx_word' id='word_1_341' title='bbox 836 3686 893 3737; x_wconf 93' lang='lat' dir='ltr'><strong>et</strong></span> <span class='ocrx_word' id='word_1_342' title='bbox 939 3680 1214 3736; x_wconf 91' lang='lat' dir='ltr'><strong>omnibus</strong></span> <span class='ocrx_word' id='word_1_343' title='bbox 1259 3681 1570 3754; x_wconf 88' lang='lat' dir='ltr'><strong>episcopis,</strong></span> <span class='ocrx_word' id='word_1_344' title='bbox 1605 3687 1661 3738; x_wconf 90' lang='lat' dir='ltr'><strong>et</strong></span> <span class='ocrx_word' id='word_1_345' title='bbox 1703 3684 1990 3742; x_wconf 89' lang='lat' dir='ltr'><strong>universis</strong></span> 
     </span>
    </p>
   </div>
   <div class='ocr_carea' id='block_1_54' title="bbox 342 3769 1989 3845">
    <p class='ocr_par' dir='ltr' id='par_1_54' title="bbox 342 3769 1989 3845">
     <span class='ocr_line' id='line_1_54' title="bbox 342 3769 1989 3845; baseline 0.001 -16"><span class='ocrx_word' id='word_1_346' title='bbox 342 3772 616 3830; x_wconf 86' lang='lat' dir='ltr'><strong>ﬁdelibus</strong></span> <span class='ocrx_word' id='word_1_347' title='bbox 645 3772 752 3826; x_wconf 90' lang='lat' dir='ltr'><strong>hoc</strong></span> <span class='ocrx_word' id='word_1_348' title='bbox 784 3774 986 3826; x_wconf 90' lang='lat' dir='ltr'><strong>notum</strong></span> <span class='ocrx_word' id='word_1_349' title='bbox 1020 3769 1294 3825; x_wconf 85' lang='lat' dir='ltr'><strong>facientes</strong></span> <span class='ocrx_word' id='word_1_350' title='bbox 1326 3771 1518 3842; x_wconf 87' lang='lat' dir='ltr'><strong>palam</strong></span> <span class='ocrx_word' id='word_1_351' title='bbox 1551 3772 1739 3845; x_wconf 88' lang='lat' dir='ltr'><strong>legere</strong></span> <span class='ocrx_word' id='word_1_352' title='bbox 1788 3778 1846 3829; x_wconf 90' lang='lat' dir='ltr'><strong>et</strong></span> <span class='ocrx_word' id='word_1_353' title='bbox 1891 3775 1989 3830; x_wconf 87' lang='lat' dir='ltr'><strong>de-</strong></span> 
     </span>
    </p>
   </div>
   <div class='ocr_carea' id='block_1_55' title="bbox 343 3859 1988 3919">
    <p class='ocr_par' dir='ltr' id='par_1_55' title="bbox 343 3859 1988 3919">
     <span class='ocr_line' id='line_1_55' title="bbox 343 3859 1988 3919; baseline 0 -2"><span class='ocrx_word' id='word_1_354' title='bbox 343 3860 616 3918; x_wconf 88' lang='lat' dir='ltr'><strong>nuntiare</strong></span> <span class='ocrx_word' id='word_1_355' title='bbox 646 3861 893 3916; x_wconf 88' lang='lat' dir='ltr'><strong>studete.</strong></span> <span class='ocrx_word' id='word_1_356' title='bbox 929 3859 1209 3914; x_wconf 71' lang='lat' dir='ltr'><strong>Praaterea</strong></span> <span class='ocrx_word' id='word_1_357' title='bbox 1255 3860 1461 3915; x_wconf 89' lang='lat' dir='ltr'><strong>scitote</strong></span> <span class='ocrx_word' id='word_1_358' title='bbox 1508 3877 1542 3915; x_wconf 92' lang='lat' dir='ltr'><strong>a</strong></span> <span class='ocrx_word' id='word_1_359' title='bbox 1589 3862 1758 3917; x_wconf 91' lang='lat' dir='ltr'><strong>nobis</strong></span> <span class='ocrx_word' id='word_1_360' title='bbox 1785 3867 1988 3919; x_wconf 69' lang='lat' dir='ltr'><strong>vestras</strong></span> 
     </span>
    </p>
   </div>
   <div class='ocr_carea' id='block_1_56' title="bbox 341 3947 1985 4021">
    <p class='ocr_par' dir='ltr' id='par_1_56' title="bbox 341 3947 1985 4021">
     <span class='ocr_line' id='line_1_56' title="bbox 341 3947 1985 4021; baseline 0 -14"><span class='ocrx_word' id='word_1_361' title='bbox 341 3949 639 4008; x_wconf 85' lang='lat' dir='ltr'><strong>sanctitati</strong></span> <span class='ocrx_word' id='word_1_362' title='bbox 695 3951 843 4005; x_wconf 91' lang='lat' dir='ltr'><strong>duas</strong></span> <span class='ocrx_word' id='word_1_363' title='bbox 902 3947 1077 4017; x_wconf 80' lang='lat' dir='ltr'><strong>dirigi</strong></span> <span class='ocrx_word' id='word_1_364' title='bbox 1134 3947 1412 4021; x_wconf 88' lang='lat' dir='ltr'><strong>epistolas</strong></span> <span class='ocrx_word' id='word_1_365' title='bbox 1469 3948 1591 4005; x_wconf 89' lang='lat' dir='ltr'><strong>vice</strong></span> <span class='ocrx_word' id='word_1_366' title='bbox 1638 3950 1985 4021; x_wconf 78' lang='lat' dir='ltr'><strong>ablaturum,</strong></span> 
     </span>
    </p>
   </div>
   <div class='ocr_carea' id='block_1_57' title="bbox 341 4036 1991 4113">
    <p class='ocr_par' dir='ltr' id='par_1_57' title="bbox 341 4036 1991 4113">
     <span class='ocr_line' id='line_1_57' title="bbox 341 4036 1991 4113; baseline 0 -17"><span class='ocrx_word' id='word_1_367' title='bbox 341 4056 520 4096; x_wconf 89' lang='lat' dir='ltr'><strong>unam</strong></span> <span class='ocrx_word' id='word_1_368' title='bbox 551 4037 751 4095; x_wconf 83' lang='lat' dir='ltr'><strong>Carolo</strong></span> <span class='ocrx_word' id='word_1_369' title='bbox 781 4036 922 4110; x_wconf 89' lang='lat' dir='ltr'><strong>regi,</strong></span> <span class='ocrx_word' id='word_1_370' title='bbox 956 4037 1272 4093; x_wconf 89' lang='lat' dir='ltr'><strong>secundam</strong></span> <span class='ocrx_word' id='word_1_371' title='bbox 1305 4054 1435 4093; x_wconf 91' lang='lat' dir='ltr'><strong>vero</strong></span> <span class='ocrx_word' id='word_1_372' title='bbox 1472 4038 1659 4094; x_wconf 86' lang='lat' dir='ltr'><strong>uxori.</strong></span> <span class='ocrx_word' id='word_1_373' title='bbox 1694 4039 1991 4113; x_wconf 89' lang='lat' dir='ltr'><strong>Episcopis</strong></span> 
     </span>
    </p>
   </div>
   <div class='ocr_carea' id='block_1_58' title="bbox 341 4125 1992 4201">
    <p class='ocr_par' dir='ltr' id='par_1_58' title="bbox 341 4125 1992 4201">
     <span class='ocr_line' id='line_1_58' title="bbox 341 4125 1992 4201; baseline -0.001 -15"><span class='ocrx_word' id='word_1_374' title='bbox 341 4134 536 4186; x_wconf 86' lang='lat' dir='ltr'><strong>autem</strong></span> <span class='ocrx_word' id='word_1_375' title='bbox 561 4127 755 4185; x_wconf 67' lang='lat' dir='ltr'><strong>Galliae</strong></span> <span class='ocrx_word' id='word_1_376' title='bbox 806 4131 863 4183; x_wconf 90' lang='lat' dir='ltr'><strong>et</strong></span> <span class='ocrx_word' id='word_1_377' title='bbox 912 4125 1232 4182; x_wconf 84' lang='lat' dir='ltr'><strong>Germaniae</strong></span> <span class='ocrx_word' id='word_1_378' title='bbox 1277 4125 1518 4184; x_wconf 74' lang='lat' dir='ltr'><strong>alterum</strong></span> <span class='ocrx_word' id='word_1_379' title='bbox 1550 4144 1684 4183; x_wconf 90' lang='lat' dir='ltr'><strong>cum</strong></span> <span class='ocrx_word' id='word_1_380' title='bbox 1725 4128 1834 4184; x_wconf 89' lang='lat' dir='ltr'><strong>hac</strong></span> <span class='ocrx_word' id='word_1_381' title='bbox 1862 4129 1992 4201; x_wconf 90' lang='lat' dir='ltr'><strong>ipsa</strong></span> 
     </span>
    </p>
   </div>
   <div class='ocr_carea' id='block_1_59' title="bbox 342 4215 1269 4273">
    <p class='ocr_par' dir='ltr' id='par_1_59' title="bbox 342 4215 1269 4273">
     <span class='ocr_line' id='line_1_59' title="bbox 342 4215 1269 4273; baseline -0.004 0"><span class='ocrx_word' id='word_1_382' title='bbox 342 4218 415 4273; x_wconf 87' lang='lat' dir='ltr'><strong>ad</strong></span> <span class='ocrx_word' id='word_1_383' title='bbox 445 4233 546 4272; x_wconf 88' lang='lat' dir='ltr'><strong>vos</strong></span> <span class='ocrx_word' id='word_1_384' title='bbox 575 4216 868 4272; x_wconf 89' lang='lat' dir='ltr'><strong>destinata</strong></span> <span class='ocrx_word' id='word_1_385' title='bbox 895 4215 1269 4270; x_wconf 89' lang='lat' dir='ltr'><strong>mandamus.</strong></span> 
     </span>
    </p>
   </div>
   <div class='ocr_carea' id='block_1_60' title="bbox 458 4346 1872 4388">
    <p class='ocr_par' dir='ltr' id='par_1_60' title="bbox 458 4346 1872 4388">
     <span class='ocr_line' id='line_1_60' title="bbox 458 4346 1872 4388; baseline 0 -2"><span class='ocrx_word' id='word_1_386' title='bbox 458 4346 945 4387; x_wconf 77' lang='lat' dir='ltr'><strong>COMMONITORIUM</strong></span> <span class='ocrx_word' id='word_1_387' title='bbox 987 4347 1211 4385; x_wconf 78' lang='lat' dir='ltr'><strong>LEGA&#39;I‘IB</strong></span> <span class='ocrx_word' id='word_1_388' title='bbox 1249 4346 1616 4387; x_wconf 76' lang='lat' dir='ltr'><strong>SUPRADICTIS</strong></span> <span class='ocrx_word' id='word_1_389' title='bbox 1656 4348 1872 4388; x_wconf 77' lang='lat' dir='ltr'><strong>DATUM.</strong></span> 
     </span>
    </p>
   </div>
   <div class='ocr_carea' id='block_1_61' title="bbox 416 4445 1992 4521">
    <p class='ocr_par' dir='ltr' id='par_1_61' title="bbox 416 4445 1992 4521">
     <span class='ocr_line' id='line_1_61' title="bbox 416 4445 1992 4521; baseline 0 -18"><span class='ocrx_word' id='word_1_390' title='bbox 416 4448 489 4521; x_wconf 91' lang='lat' dir='ltr'><strong>(a)</strong></span> <span class='ocrx_word' id='word_1_391' title='bbox 523 4445 832 4503; x_wconf 87' lang='lat' dir='ltr'><strong>Lotharius</strong></span> <span class='ocrx_word' id='word_1_392' title='bbox 862 4446 1169 4517; x_wconf 78' lang='lat' dir='ltr'><strong>profitetur</strong></span> <span class='ocrx_word' id='word_1_393' title='bbox 1204 4445 1585 4502; x_wconf 90' lang='lat' dir='ltr'><strong>Waldradam</strong></span> <span class='ocrx_word' id='word_1_394' title='bbox 1635 4464 1697 4503; x_wconf 92' lang='lat' dir='ltr'><strong>se</strong></span> <span class='ocrx_word' id='word_1_395' title='bbox 1749 4465 1783 4503; x_wconf 91' lang='lat' dir='ltr'><strong>a</strong></span> <span class='ocrx_word' id='word_1_396' title='bbox 1830 4452 1992 4520; x_wconf 90' lang='lat' dir='ltr'><strong>patre</strong></span> 
     </span>
    </p>
   </div>
   <div class='ocr_carea' id='block_1_62' title="bbox 342 4535 1990 4609">
    <p class='ocr_par' dir='ltr' id='par_1_62' title="bbox 342 4535 1990 4609">
     <span class='ocr_line' id='line_1_62' title="bbox 342 4535 1990 4609; baseline -0.001 -15"><span class='ocrx_word' id='word_1_397' title='bbox 342 4536 657 4609; x_wconf 88' lang='lat' dir='ltr'><strong>accepisse,</strong></span> <span class='ocrx_word' id='word_1_398' title='bbox 689 4538 747 4590; x_wconf 89' lang='lat' dir='ltr'><strong>et</strong></span> <span class='ocrx_word' id='word_1_399' title='bbox 784 4551 1042 4591; x_wconf 89' lang='lat' dir='ltr'><strong>sororem</strong></span> <span class='ocrx_word' id='word_1_400' title='bbox 1091 4535 1468 4606; x_wconf 87' lang='lat' dir='ltr'><strong>postmodum</strong></span> <span class='ocrx_word' id='word_1_401' title='bbox 1517 4535 1826 4593; x_wconf 89' lang='lat' dir='ltr'><strong>admisisse</strong></span> <span class='ocrx_word' id='word_1_402' title='bbox 1874 4537 1990 4592; x_wconf 86' lang='lat' dir='ltr'><strong>Hu-</strong></span> 
     </span>
    </p>
   </div>
   <div class='ocr_carea' id='block_1_63' title="bbox 2107 1963 3757 2039">
    <p class='ocr_par' dir='ltr' id='par_1_63' title="bbox 2107 1963 3757 2039">
     <span class='ocr_line' id='line_1_63' title="bbox 2107 1963 3757 2039; baseline 0.004 -15"><span class='ocrx_word' id='word_1_403' title='bbox 2107 1969 2434 2026; x_wconf 87' lang='lat' dir='ltr'><strong>ctoritatem</strong></span> <span class='ocrx_word' id='word_1_404' title='bbox 2491 1973 2693 2026; x_wconf 89' lang='lat' dir='ltr'><strong>nostra</strong></span> <span class='ocrx_word' id='word_1_405' title='bbox 2745 1987 2883 2027; x_wconf 90' lang='lat' dir='ltr'><strong>voce</strong></span> <span class='ocrx_word' id='word_1_406' title='bbox 2930 1971 3083 2039; x_wconf 83' lang='lat' dir='ltr'><strong>freti,</strong></span> <span class='ocrx_word' id='word_1_407' title='bbox 3110 1963 3364 2029; x_wconf 69' lang='lat' dir='ltr'><strong>&#39;causam</strong></span> <span class='ocrx_word' id='word_1_408' title='bbox 3410 1973 3573 2030; x_wconf 86' lang='lat' dir='ltr'><strong>illius</strong></span> <span class='ocrx_word' id='word_1_409' title='bbox 3621 1975 3757 2031; x_wconf 86' lang='lat' dir='ltr'><strong>deﬁ-</strong></span> 
     </span>
    </p>
   </div>
   <div class='ocr_carea' id='block_1_64' title="bbox 2108 2057 3757 2133">
    <p class='ocr_par' dir='ltr' id='par_1_64' title="bbox 2108 2057 3757 2133">
     <span class='ocr_line' id='line_1_64' title="bbox 2108 2057 3757 2133; baseline 0.004 -21"><span class='ocrx_word' id='word_1_410' title='bbox 2108 2057 2304 2113; x_wconf 88' lang='lat' dir='ltr'><strong>niatis.</strong></span> <span class='ocrx_word' id='word_1_411' title='bbox 2339 2057 2439 2114; x_wconf 90' lang='lat' dir='ltr'><strong>Sin</strong></span> <span class='ocrx_word' id='word_1_412' title='bbox 2469 2075 2603 2114; x_wconf 87' lang='lat' dir='ltr'><strong>vero</strong></span> <span class='ocrx_word' id='word_1_413' title='bbox 2635 2058 2877 2115; x_wconf 89' lang='lat' dir='ltr'><strong>minime</strong></span> <span class='ocrx_word' id='word_1_414' title='bbox 2908 2059 3219 2133; x_wconf 87' lang='lat' dir='ltr'><strong>probatum</strong></span> <span class='ocrx_word' id='word_1_415' title='bbox 3270 2062 3466 2131; x_wconf 85' lang='lat' dir='ltr'><strong>fuerit,</strong></span> <span class='ocrx_word' id='word_1_416' title='bbox 3509 2064 3757 2121; x_wconf 88' lang='lat' dir='ltr'><strong>Wadra-</strong></span> 
     </span>
    </p>
   </div>
   <div class='ocr_carea' id='block_1_65' title="bbox 2107 2147 3757 2223">
    <p class='ocr_par' dir='ltr' id='par_1_65' title="bbox 2107 2147 3757 2223">
     <span class='ocr_line' id='line_1_65' title="bbox 2107 2147 3757 2223; baseline 0.004 -22"><span class='ocrx_word' id='word_1_417' title='bbox 2107 2147 2242 2201; x_wconf 89' lang='lat' dir='ltr'><strong>dam</strong></span> <span class='ocrx_word' id='word_1_418' title='bbox 2274 2163 2514 2203; x_wconf 81' lang='lat' dir='ltr'><strong>uxorem</strong></span> <span class='ocrx_word' id='word_1_419' title='bbox 2534 2147 2715 2204; x_wconf 87' lang='lat' dir='ltr'><strong>fuisse</strong></span> <span class='ocrx_word' id='word_1_420' title='bbox 2730 2147 3271 2222; x_wconf 87' lang='lat' dir='ltr'><strong>legitimam,neque</strong></span> <span class='ocrx_word' id='word_1_421' title='bbox 3300 2150 3524 2223; x_wconf 86' lang='lat' dir='ltr'><strong>nuptiis</strong></span> <span class='ocrx_word' id='word_1_422' title='bbox 3549 2169 3757 2209; x_wconf 88' lang='lat' dir='ltr'><strong>secun-</strong></span> 
     </span>
    </p>
   </div>
   <div class='ocr_carea' id='block_1_66' title="bbox 2108 2236 3759 2310">
    <p class='ocr_par' dir='ltr' id='par_1_66' title="bbox 2108 2236 3759 2310">
     <span class='ocr_line' id='line_1_66' title="bbox 2108 2236 3759 2310; baseline 0.003 -19"><span class='ocrx_word' id='word_1_423' title='bbox 2108 2236 2249 2291; x_wconf 90' lang='lat' dir='ltr'><strong>dum</strong></span> <span class='ocrx_word' id='word_1_424' title='bbox 2284 2252 2505 2291; x_wconf 90' lang='lat' dir='ltr'><strong>morem</strong></span> <span class='ocrx_word' id='word_1_425' title='bbox 2553 2236 2877 2303; x_wconf 79' lang='lat' dir='ltr'><strong>celebratis,</strong></span> <span class='ocrx_word' id='word_1_426' title='bbox 2911 2255 3014 2310; x_wconf 89' lang='lat' dir='ltr'><strong>per</strong></span> <span class='ocrx_word' id='word_1_427' title='bbox 3060 2238 3493 2297; x_wconf 88' lang='lat' dir='ltr'><strong>beneditionem</strong></span> <span class='ocrx_word' id='word_1_428' title='bbox 3540 2241 3759 2296; x_wconf 88' lang='lat' dir='ltr'><strong>scilicet</strong></span> 
     </span>
    </p>
   </div>
   <div class='ocr_carea' id='block_1_67' title="bbox 2108 2324 3758 2401">
    <p class='ocr_par' dir='ltr' id='par_1_67' title="bbox 2108 2324 3758 2401">
     <span class='ocr_line' id='line_1_67' title="bbox 2108 2324 3758 2401; baseline 0.003 -23"><span class='ocrx_word' id='word_1_429' title='bbox 2108 2324 2449 2390; x_wconf 89' lang='lat' dir='ltr'><strong>sacerdotis,</strong></span> <span class='ocrx_word' id='word_1_430' title='bbox 2482 2324 2600 2381; x_wconf 88' lang='lat' dir='ltr'><strong>ﬁlio</strong></span> <span class='ocrx_word' id='word_1_431' title='bbox 2631 2328 2829 2381; x_wconf 83' lang='lat' dir='ltr'><strong>nostro</strong></span> <span class='ocrx_word' id='word_1_432' title='bbox 2861 2326 3132 2383; x_wconf 88' lang='lat' dir='ltr'><strong>Lothario</strong></span> <span class='ocrx_word' id='word_1_433' title='bbox 3172 2328 3469 2385; x_wconf 85' lang='lat' dir='ltr'><strong>exstitisse</strong></span> <span class='ocrx_word' id='word_1_434' title='bbox 3509 2329 3758 2401; x_wconf 85' lang='lat' dir='ltr'><strong>conjun-</strong></span> 
     </span>
    </p>
   </div>
   <div class='ocr_carea' id='block_1_68' title="bbox 2107 2414 3755 2491">
    <p class='ocr_par' dir='ltr' id='par_1_68' title="bbox 2107 2414 3755 2491">
     <span class='ocr_line' id='line_1_68' title="bbox 2107 2414 3755 2491; baseline 0.003 -23"><span class='ocrx_word' id='word_1_435' title='bbox 2107 2415 2260 2468; x_wconf 87' lang='lat' dir='ltr'><strong>ctam</strong></span> <span class='ocrx_word' id='word_1_436' title='bbox 2296 2429 2309 2467; x_wconf 92' lang='lat'>:</span> <span class='ocrx_word' id='word_1_437' title='bbox 2344 2414 2637 2487; x_wconf 84' lang='lat' dir='ltr'><strong>suggerite</strong></span> <span class='ocrx_word' id='word_1_438' title='bbox 2656 2414 2738 2469; x_wconf 92' lang='lat' dir='ltr'><strong>illi</strong></span> <span class='ocrx_word' id='word_1_439' title='bbox 2749 2419 2831 2481; x_wconf 90' lang='lat' dir='ltr'><strong>,ut</strong></span> <span class='ocrx_word' id='word_1_440' title='bbox 2856 2432 2970 2471; x_wconf 90' lang='lat' dir='ltr'><strong>non</strong></span> <span class='ocrx_word' id='word_1_441' title='bbox 2994 2414 3241 2472; x_wconf 88' lang='lat' dir='ltr'><strong>moleste</strong></span> <span class='ocrx_word' id='word_1_442' title='bbox 3264 2417 3411 2473; x_wconf 87' lang='lat' dir='ltr'><strong>ferat</strong></span> <span class='ocrx_word' id='word_1_443' title='bbox 3430 2416 3755 2491; x_wconf 87' lang='lat' dir='ltr'><strong>legitimam</strong></span> 
     </span>
    </p>
   </div>
   <div class='ocr_carea' id='block_1_69' title="bbox 2107 2500 3760 2576">
    <p class='ocr_par' dir='ltr' id='par_1_69' title="bbox 2107 2500 3760 2576">
     <span class='ocr_line' id='line_1_69' title="bbox 2107 2500 3760 2576; baseline 0.004 -19"><span class='ocrx_word' id='word_1_444' title='bbox 2107 2500 2240 2568; x_wconf 87' lang='lat' dir='ltr'><strong>sibi,</strong></span> <span class='ocrx_word' id='word_1_445' title='bbox 2275 2502 2324 2557; x_wconf 89' lang='lat' dir='ltr'><strong>si</strong></span> <span class='ocrx_word' id='word_1_446' title='bbox 2354 2502 2485 2575; x_wconf 90' lang='lat' dir='ltr'><strong>ipsa</strong></span> <span class='ocrx_word' id='word_1_447' title='bbox 2511 2502 2793 2560; x_wconf 88' lang='lat' dir='ltr'><strong>innocens</strong></span> <span class='ocrx_word' id='word_1_448' title='bbox 2823 2505 3181 2576; x_wconf 89' lang='lat' dir='ltr'><strong>apparuerit,</strong></span> <span class='ocrx_word' id='word_1_449' title='bbox 3214 2505 3579 2561; x_wconf 87' lang='lat' dir='ltr'><strong>reconciliari</strong></span> <span class='ocrx_word' id='word_1_450' title='bbox 3628 2524 3760 2563; x_wconf 81' lang='lat' dir='ltr'><strong>uxo-</strong></span> 
     </span>
    </p>
   </div>
   <div class='ocr_carea' id='block_1_70' title="bbox 2106 2591 3759 2667">
    <p class='ocr_par' dir='ltr' id='par_1_70' title="bbox 2106 2591 3759 2667">
     <span class='ocr_line' id='line_1_70' title="bbox 2106 2591 3759 2667; baseline 0.004 -22"><span class='ocrx_word' id='word_1_451' title='bbox 2106 2606 2261 2658; x_wconf 90' lang='lat' dir='ltr'><strong>rem;</strong></span> <span class='ocrx_word' id='word_1_452' title='bbox 2294 2606 2400 2646; x_wconf 89' lang='lat' dir='ltr'><strong>nec</strong></span> <span class='ocrx_word' id='word_1_453' title='bbox 2428 2591 2489 2646; x_wconf 92' lang='lat' dir='ltr'><strong>in</strong></span> <span class='ocrx_word' id='word_1_454' title='bbox 2521 2591 2630 2646; x_wconf 90' lang='lat' dir='ltr'><strong>hoc</strong></span> <span class='ocrx_word' id='word_1_455' title='bbox 2660 2591 2823 2647; x_wconf 90' lang='lat' dir='ltr'><strong>canis</strong></span> <span class='ocrx_word' id='word_1_456' title='bbox 2850 2593 2976 2647; x_wconf 90' lang='lat' dir='ltr'><strong>voci</strong></span> <span class='ocrx_word' id='word_1_457' title='bbox 3010 2592 3394 2665; x_wconf 87' lang='lat' dir='ltr'><strong>obtemperet,</strong></span> <span class='ocrx_word' id='word_1_458' title='bbox 3427 2594 3530 2650; x_wconf 88' lang='lat' dir='ltr'><strong>sed</strong></span> <span class='ocrx_word' id='word_1_459' title='bbox 3564 2595 3759 2667; x_wconf 87' lang='lat' dir='ltr'><strong>potius</strong></span> 
     </span>
    </p>
   </div>
   <div class='ocr_carea' id='block_1_71' title="bbox 2106 2677 3763 2756">
    <p class='ocr_par' dir='ltr' id='par_1_71' title="bbox 2106 2677 3763 2756">
     <span class='ocr_line' id='line_1_71' title="bbox 2106 2677 3763 2756; baseline 0.004 -23"><span class='ocrx_word' id='word_1_460' title='bbox 2106 2677 2318 2735; x_wconf 87' lang='lat' dir='ltr'><strong>divinis</strong></span> <span class='ocrx_word' id='word_1_461' title='bbox 2350 2678 2654 2751; x_wconf 59' lang='lat' dir='ltr'><strong>prxceptis</strong></span> <span class='ocrx_word' id='word_1_462' title='bbox 2684 2678 2984 2751; x_wconf 74' lang='lat' dir='ltr'><strong>obedienc,</strong></span> <span class='ocrx_word' id='word_1_463' title='bbox 3016 2681 3233 2753; x_wconf 90' lang='lat' dir='ltr'><strong>pudeat</strong></span> <span class='ocrx_word' id='word_1_464' title='bbox 3261 2698 3418 2750; x_wconf 91' lang='lat' dir='ltr'><strong>eum,</strong></span> <span class='ocrx_word' id='word_1_465' title='bbox 3440 2681 3561 2738; x_wconf 92' lang='lat' dir='ltr'><strong>imo</strong></span> <span class='ocrx_word' id='word_1_466' title='bbox 3592 2686 3763 2756; x_wconf 83' lang='lat' dir='ltr'><strong>perti-</strong></span> 
     </span>
    </p>
   </div>
   <div class='ocr_carea' id='block_1_72' title="bbox 2105 2766 3761 2841">
    <p class='ocr_par' dir='ltr' id='par_1_72' title="bbox 2105 2766 3761 2841">
     <span class='ocr_line' id='line_1_72' title="bbox 2105 2766 3761 2841; baseline 0.004 -20"><span class='ocrx_word' id='word_1_467' title='bbox 2105 2766 2412 2833; x_wconf 89' lang='lat' dir='ltr'><strong>mescat,in</strong></span> <span class='ocrx_word' id='word_1_468' title='bbox 2460 2766 2700 2825; x_wconf 60' lang='lat' dir='ltr'><strong>luxuria:</strong></span> <span class='ocrx_word' id='word_1_469' title='bbox 2757 2772 3013 2825; x_wconf 85' lang='lat' dir='ltr'><strong>stercore</strong></span> <span class='ocrx_word' id='word_1_470' title='bbox 3060 2770 3454 2841; x_wconf 86' lang='lat' dir='ltr'><strong>putrefieri,et</strong></span> <span class='ocrx_word' id='word_1_471' title='bbox 3494 2771 3761 2828; x_wconf 85' lang='lat' dir='ltr'><strong>volunta-</strong></span> 
     </span>
    </p>
   </div>
   <div class='ocr_carea' id='block_1_73' title="bbox 2102 2855 3763 2927">
    <p class='ocr_par' dir='ltr' id='par_1_73' title="bbox 2102 2855 3763 2927">
     <span class='ocr_line' id='line_1_73' title="bbox 2102 2855 3763 2927; baseline 0.005 -19"><span class='ocrx_word' id='word_1_472' title='bbox 2102 2857 2222 2909; x_wconf 90' lang='lat' dir='ltr'><strong>tem</strong></span> <span class='ocrx_word' id='word_1_473' title='bbox 2254 2855 2548 2926; x_wconf 90' lang='lat' dir='ltr'><strong>propriam</strong></span> <span class='ocrx_word' id='word_1_474' title='bbox 2581 2857 2877 2927; x_wconf 84' lang='lat' dir='ltr'><strong>sequendo</strong></span> <span class='ocrx_word' id='word_1_475' title='bbox 2910 2860 3045 2912; x_wconf 88' lang='lat' dir='ltr'><strong>ante</strong></span> <span class='ocrx_word' id='word_1_476' title='bbox 3075 2856 3335 2913; x_wconf 89' lang='lat' dir='ltr'><strong>tribunal</strong></span> <span class='ocrx_word' id='word_1_477' title='bbox 3360 2858 3575 2914; x_wconf 86' lang='lat' dir='ltr'><strong>Christi</strong></span> <span class='ocrx_word' id='word_1_478' title='bbox 3599 2861 3763 2917; x_wconf 60' lang='lat' dir='ltr'><strong>strico</strong></span> 
     </span>
    </p>
   </div>
   <div class='ocr_carea' id='block_1_74' title="bbox 2103 2944 3762 3021">
    <p class='ocr_par' dir='ltr' id='par_1_74' title="bbox 2103 2944 3762 3021">
     <span class='ocr_line' id='line_1_74' title="bbox 2103 2944 3762 3021; baseline 0.004 -23"><span class='ocrx_word' id='word_1_479' title='bbox 2103 2946 2223 2998; x_wconf 88' lang='lat' dir='ltr'><strong>tam</strong></span> <span class='ocrx_word' id='word_1_480' title='bbox 2258 2960 2471 3015; x_wconf 89' lang='lat' dir='ltr'><strong>ponere</strong></span> <span class='ocrx_word' id='word_1_481' title='bbox 2501 2944 2806 3000; x_wconf 88' lang='lat' dir='ltr'><strong>rationem.</strong></span> <span class='ocrx_word' id='word_1_482' title='bbox 2843 2944 3126 3001; x_wconf 66' lang='lat' dir='ltr'><strong>Praeterea</strong></span> <span class='ocrx_word' id='word_1_483' title='bbox 3142 2962 3246 3001; x_wconf 92' lang='lat' dir='ltr'><strong>vos</strong></span> <span class='ocrx_word' id='word_1_484' title='bbox 3277 2946 3425 3002; x_wconf 87' lang='lat' dir='ltr'><strong>scire</strong></span> <span class='ocrx_word' id='word_1_485' title='bbox 3444 2947 3597 3017; x_wconf 90' lang='lat' dir='ltr'><strong>volo,</strong></span> <span class='ocrx_word' id='word_1_486' title='bbox 3624 2948 3762 3021; x_wconf 85' lang='lat' dir='ltr'><strong>quia</strong></span> 
     </span>
    </p>
   </div>
   <div class='ocr_carea' id='block_1_75' title="bbox 2103 3031 3762 3106">
    <p class='ocr_par' dir='ltr' id='par_1_75' title="bbox 2103 3031 3762 3106">
     <span class='ocr_line' id='line_1_75' title="bbox 2103 3031 3762 3106; baseline 0.004 -21"><span class='ocrx_word' id='word_1_487' title='bbox 2103 3032 2344 3103; x_wconf 68' lang='lat' dir='ltr'><strong>praefata</strong></span> <span class='ocrx_word' id='word_1_488' title='bbox 2374 3031 2749 3106; x_wconf 86' lang='lat' dir='ltr'><strong>Theutberga</strong></span> <span class='ocrx_word' id='word_1_489' title='bbox 2777 3032 3158 3105; x_wconf 84' lang='lat' dir='ltr'><strong>apostolicam</strong></span> <span class='ocrx_word' id='word_1_490' title='bbox 3189 3034 3389 3090; x_wconf 89' lang='lat' dir='ltr'><strong>sedem</strong></span> <span class='ocrx_word' id='word_1_491' title='bbox 3421 3035 3513 3092; x_wconf 84' lang='lat' dir='ltr'><strong>bis</strong></span> <span class='ocrx_word' id='word_1_492' title='bbox 3563 3042 3623 3092; x_wconf 86' lang='lat' dir='ltr'><strong>et</strong></span> <span class='ocrx_word' id='word_1_493' title='bbox 3675 3042 3762 3092; x_wconf 83' lang='lat' dir='ltr'><strong>ter</strong></span> 
     </span>
    </p>
   </div>
   <div class='ocr_carea' id='block_1_76' title="bbox 2104 3119 3759 3197">
    <p class='ocr_par' dir='ltr' id='par_1_76' title="bbox 2104 3119 3759 3197">
     <span class='ocr_line' id='line_1_76' title="bbox 2104 3119 3759 3197; baseline 0.004 -22"><span class='ocrx_word' id='word_1_494' title='bbox 2104 3119 2435 3192; x_wconf 88' lang='lat' dir='ltr'><strong>appellavit,</strong></span> <span class='ocrx_word' id='word_1_495' title='bbox 2459 3125 2517 3176; x_wconf 86' lang='lat' dir='ltr'><strong>et</strong></span> <span class='ocrx_word' id='word_1_496' title='bbox 2547 3137 2608 3177; x_wconf 92' lang='lat' dir='ltr'><strong>se</strong></span> <span class='ocrx_word' id='word_1_497' title='bbox 2629 3138 2663 3176; x_wconf 90' lang='lat' dir='ltr'><strong>a</strong></span> <span class='ocrx_word' id='word_1_498' title='bbox 2694 3122 2933 3193; x_wconf 65' lang='lat' dir='ltr'><strong>praefato</strong></span> <span class='ocrx_word' id='word_1_499' title='bbox 2966 3138 3099 3195; x_wconf 88' lang='lat' dir='ltr'><strong>rege</strong></span> <span class='ocrx_word' id='word_1_500' title='bbox 3127 3121 3383 3195; x_wconf 91' lang='lat' dir='ltr'><strong>glorioso</strong></span> <span class='ocrx_word' id='word_1_501' title='bbox 3429 3130 3641 3197; x_wconf 85' lang='lat' dir='ltr'><strong>questa</strong></span> <span class='ocrx_word' id='word_1_502' title='bbox 3671 3132 3759 3181; x_wconf 88' lang='lat' dir='ltr'><strong>est</strong></span> 
     </span>
    </p>
   </div>
   <div class='ocr_carea' id='block_1_77' title="bbox 2102 3207 3753 3281">
    <p class='ocr_par' dir='ltr' id='par_1_77' title="bbox 2102 3207 3753 3281">
     <span class='ocr_line' id='line_1_77' title="bbox 2102 3207 3753 3281; baseline 0.005 -19"><span class='ocrx_word' id='word_1_503' title='bbox 2102 3207 2323 3280; x_wconf 88' lang='lat' dir='ltr'><strong>injuste</strong></span> <span class='ocrx_word' id='word_1_504' title='bbox 2352 3209 2534 3265; x_wconf 86' lang='lat' dir='ltr'><strong>fuisse</strong></span> <span class='ocrx_word' id='word_1_505' title='bbox 2562 3210 2870 3281; x_wconf 89' lang='lat' dir='ltr'><strong>dejectam,</strong></span> <span class='ocrx_word' id='word_1_506' title='bbox 2901 3213 2957 3265; x_wconf 88' lang='lat' dir='ltr'><strong>et</strong></span> <span class='ocrx_word' id='word_1_507' title='bbox 2980 3211 3035 3265; x_wconf 90' lang='lat' dir='ltr'><strong>vi</strong></span> <span class='ocrx_word' id='word_1_508' title='bbox 3066 3216 3324 3267; x_wconf 87' lang='lat' dir='ltr'><strong>coactam</strong></span> <span class='ocrx_word' id='word_1_509' title='bbox 3352 3211 3565 3268; x_wconf 84' lang='lat' dir='ltr'><strong>falsum</strong></span> <span class='ocrx_word' id='word_1_510' title='bbox 3610 3231 3753 3270; x_wconf 85' lang='lat' dir='ltr'><strong>con-</strong></span> 
     </span>
    </p>
   </div>
   <div class='ocr_carea' id='block_1_78' title="bbox 2102 3297 3753 3373">
    <p class='ocr_par' dir='ltr' id='par_1_78' title="bbox 2102 3297 3753 3373">
     <span class='ocr_line' id='line_1_78' title="bbox 2102 3297 3753 3373; baseline 0.005 -22"><span class='ocrx_word' id='word_1_511' title='bbox 2102 3300 2195 3351; x_wconf 92' lang='lat' dir='ltr'><strong>tra</strong></span> <span class='ocrx_word' id='word_1_512' title='bbox 2223 3313 2285 3352; x_wconf 90' lang='lat' dir='ltr'><strong>se</strong></span> <span class='ocrx_word' id='word_1_513' title='bbox 2307 3298 2708 3370; x_wconf 89' lang='lat' dir='ltr'><strong>composuisse</strong></span> <span class='ocrx_word' id='word_1_514' title='bbox 2737 3297 3056 3371; x_wconf 91' lang='lat' dir='ltr'><strong>piaculum.</strong></span> <span class='ocrx_word' id='word_1_515' title='bbox 3091 3299 3235 3355; x_wconf 86' lang='lat' dir='ltr'><strong>Nam</strong></span> <span class='ocrx_word' id='word_1_516' title='bbox 3279 3315 3346 3355; x_wconf 92' lang='lat' dir='ltr'><strong>eo</strong></span> <span class='ocrx_word' id='word_1_517' title='bbox 3370 3303 3635 3373; x_wconf 86' lang='lat' dir='ltr'><strong>tempore</strong></span> <span class='ocrx_word' id='word_1_518' title='bbox 3681 3304 3753 3358; x_wconf 86' lang='lat' dir='ltr'><strong>ad</strong></span> 
     </span>
    </p>
   </div>
   <div class='ocr_carea' id='block_1_79' title="bbox 2100 3385 3751 3461">
    <p class='ocr_par' dir='ltr' id='par_1_79' title="bbox 2100 3385 3751 3461">
     <span class='ocr_line' id='line_1_79' title="bbox 2100 3385 3751 3461; baseline 0.004 -21"><span class='ocrx_word' id='word_1_519' title='bbox 2100 3385 2479 3458; x_wconf 88' lang='lat' dir='ltr'><strong>apostolicam</strong></span> <span class='ocrx_word' id='word_1_520' title='bbox 2511 3387 2707 3442; x_wconf 88' lang='lat' dir='ltr'><strong>sedem</strong></span> <span class='ocrx_word' id='word_1_521' title='bbox 2737 3386 3001 3442; x_wconf 91' lang='lat' dir='ltr'><strong>libellum</strong></span> <span class='ocrx_word' id='word_1_522' title='bbox 3031 3387 3439 3461; x_wconf 89' lang='lat' dir='ltr'><strong>appellationis</strong></span> <span class='ocrx_word' id='word_1_523' title='bbox 3467 3407 3590 3446; x_wconf 60' lang='lat' dir='ltr'><strong>suae</strong></span> <span class='ocrx_word' id='word_1_524' title='bbox 3639 3392 3751 3447; x_wconf 90' lang='lat' dir='ltr'><strong>mi-</strong></span> 
     </span>
    </p>
   </div>
   <div class='ocr_carea' id='block_1_80' title="bbox 2100 3474 3753 3547">
    <p class='ocr_par' dir='ltr' id='par_1_80' title="bbox 2100 3474 3753 3547">
     <span class='ocr_line' id='line_1_80' title="bbox 2100 3474 3753 3547; baseline 0.004 -17"><span class='ocrx_word' id='word_1_525' title='bbox 2100 3474 2194 3541; x_wconf 89' lang='lat' dir='ltr'><strong>sit,</strong></span> <span class='ocrx_word' id='word_1_526' title='bbox 2228 3474 2289 3529; x_wconf 91' lang='lat' dir='ltr'><strong>in</strong></span> <span class='ocrx_word' id='word_1_527' title='bbox 2320 3491 2436 3546; x_wconf 89' lang='lat' dir='ltr'><strong>quo</strong></span> <span class='ocrx_word' id='word_1_528' title='bbox 2468 3492 2582 3530; x_wconf 89' lang='lat' dir='ltr'><strong>non</strong></span> <span class='ocrx_word' id='word_1_529' title='bbox 2617 3474 2855 3547; x_wconf 86' lang='lat' dir='ltr'><strong>quidem</strong></span> <span class='ocrx_word' id='word_1_530' title='bbox 2902 3476 3096 3532; x_wconf 87' lang='lat' dir='ltr'><strong>adhuc</strong></span> <span class='ocrx_word' id='word_1_531' title='bbox 3145 3477 3495 3545; x_wconf 87' lang='lat' dir='ltr'><strong>confessam,</strong></span> <span class='ocrx_word' id='word_1_532' title='bbox 3529 3480 3635 3535; x_wconf 87' lang='lat' dir='ltr'><strong>sed</strong></span> <span class='ocrx_word' id='word_1_533' title='bbox 3688 3486 3753 3536; x_wconf 88' lang='lat' dir='ltr'><strong>ut</strong></span> 
     </span>
    </p>
   </div>
   <div class='ocr_carea' id='block_1_81' title="bbox 2098 3562 3749 3638">
    <p class='ocr_par' dir='ltr' id='par_1_81' title="bbox 2098 3562 3749 3638">
     <span class='ocr_line' id='line_1_81' title="bbox 2098 3562 3749 3638; baseline 0.002 -19"><span class='ocrx_word' id='word_1_534' title='bbox 2098 3567 2302 3619; x_wconf 87' lang='lat' dir='ltr'><strong>contra</strong></span> <span class='ocrx_word' id='word_1_535' title='bbox 2330 3580 2392 3619; x_wconf 90' lang='lat' dir='ltr'><strong>se</strong></span> <span class='ocrx_word' id='word_1_536' title='bbox 2424 3562 2635 3619; x_wconf 80' lang='lat' dir='ltr'><strong>falsum</strong></span> <span class='ocrx_word' id='word_1_537' title='bbox 2667 3563 2885 3621; x_wconf 91' lang='lat' dir='ltr'><strong>diceret</strong></span> <span class='ocrx_word' id='word_1_538' title='bbox 2907 3564 3282 3638; x_wconf 91' lang='lat' dir='ltr'><strong>crimen,cogi</strong></span> <span class='ocrx_word' id='word_1_539' title='bbox 3311 3582 3440 3622; x_wconf 89' lang='lat' dir='ltr'><strong>sese</strong></span> <span class='ocrx_word' id='word_1_540' title='bbox 3469 3566 3749 3624; x_wconf 87' lang='lat' dir='ltr'><strong>innotuit.</strong></span> 
     </span>
    </p>
   </div>
   <div class='ocr_carea' id='block_1_82' title="bbox 2099 3649 3753 3726">
    <p class='ocr_par' dir='ltr' id='par_1_82' title="bbox 2099 3649 3753 3726">
     <span class='ocr_line' id='line_1_82' title="bbox 2099 3649 3753 3726; baseline 0.005 -23"><span class='ocrx_word' id='word_1_541' title='bbox 2099 3649 2345 3720; x_wconf 90' lang='lat' dir='ltr'><strong>Insuper</strong></span> <span class='ocrx_word' id='word_1_542' title='bbox 2392 3650 2778 3723; x_wconf 85' lang='lat' dir='ltr'><strong>subjungens.</strong></span> <span class='ocrx_word' id='word_1_543' title='bbox 2820 3650 2979 3713; x_wconf 89' lang='lat' dir='ltr'><strong>Quod</strong></span> <span class='ocrx_word' id='word_1_544' title='bbox 3031 3651 3077 3706; x_wconf 91' lang='lat' dir='ltr'><strong>si</strong></span> <span class='ocrx_word' id='word_1_545' title='bbox 3129 3651 3387 3724; x_wconf 88' lang='lat' dir='ltr'><strong>amplius</strong></span> <span class='ocrx_word' id='word_1_546' title='bbox 3442 3655 3753 3726; x_wconf 83' lang='lat' dir='ltr'><strong>compulsa</strong></span> 
     </span>
    </p>
   </div>
   <div class='ocr_carea' id='block_1_83' title="bbox 2098 3737 3755 3811">
    <p class='ocr_par' dir='ltr' id='par_1_83' title="bbox 2098 3737 3755 3811">
     <span class='ocr_line' id='line_1_83' title="bbox 2098 3737 3755 3811; baseline 0.005 -20"><span class='ocrx_word' id='word_1_547' title='bbox 2098 3737 2280 3804; x_wconf 86' lang='lat' dir='ltr'><strong>fuero,</strong></span> <span class='ocrx_word' id='word_1_548' title='bbox 2313 3737 2518 3793; x_wconf 88' lang='lat' dir='ltr'><strong>scitote</strong></span> <span class='ocrx_word' id='word_1_549' title='bbox 2548 3754 2663 3793; x_wconf 90' lang='lat' dir='ltr'><strong>non</strong></span> <span class='ocrx_word' id='word_1_550' title='bbox 2710 3738 2974 3809; x_wconf 88' lang='lat' dir='ltr'><strong>veritate,</strong></span> <span class='ocrx_word' id='word_1_551' title='bbox 3025 3740 3125 3795; x_wconf 92' lang='lat' dir='ltr'><strong>sed</strong></span> <span class='ocrx_word' id='word_1_552' title='bbox 3172 3739 3382 3796; x_wconf 88' lang='lat' dir='ltr'><strong>timore</strong></span> <span class='ocrx_word' id='word_1_553' title='bbox 3431 3743 3663 3811; x_wconf 87' lang='lat' dir='ltr'><strong>mortis,</strong></span> <span class='ocrx_word' id='word_1_554' title='bbox 3696 3747 3755 3799; x_wconf 88' lang='lat' dir='ltr'><strong>et</strong></span> 
     </span>
    </p>
   </div>
   <div class='ocr_carea' id='block_1_84' title="bbox 2097 3824 3752 3903">
    <p class='ocr_par' dir='ltr' id='par_1_84' title="bbox 2097 3824 3752 3903">
     <span class='ocr_line' id='line_1_84' title="bbox 2097 3824 3752 3903; baseline 0.004 -22"><span class='ocrx_word' id='word_1_555' title='bbox 2097 3824 2375 3882; x_wconf 90' lang='lat' dir='ltr'><strong>evadendi</strong></span> <span class='ocrx_word' id='word_1_556' title='bbox 2406 3826 2623 3891; x_wconf 87' lang='lat' dir='ltr'><strong>studio,</strong></span> <span class='ocrx_word' id='word_1_557' title='bbox 2661 3826 2801 3899; x_wconf 88' lang='lat' dir='ltr'><strong>quia</strong></span> <span class='ocrx_word' id='word_1_558' title='bbox 2828 3826 2995 3883; x_wconf 90' lang='lat' dir='ltr'><strong>aliter</strong></span> <span class='ocrx_word' id='word_1_559' title='bbox 3021 3845 3137 3883; x_wconf 91' lang='lat' dir='ltr'><strong>non</strong></span> <span class='ocrx_word' id='word_1_560' title='bbox 3166 3845 3433 3900; x_wconf 85' lang='lat' dir='ltr'><strong>possum,</strong></span> <span class='ocrx_word' id='word_1_561' title='bbox 3465 3832 3623 3903; x_wconf 88' lang='lat' dir='ltr'><strong>quod</strong></span> <span class='ocrx_word' id='word_1_562' title='bbox 3655 3849 3752 3886; x_wconf 83' lang='lat' dir='ltr'><strong>vo-</strong></span> 
     </span>
    </p>
   </div>
   <div class='ocr_carea' id='block_1_85' title="bbox 2096 3913 3755 3974">
    <p class='ocr_par' dir='ltr' id='par_1_85' title="bbox 2096 3913 3755 3974">
     <span class='ocr_line' id='line_1_85' title="bbox 2096 3913 3755 3974; baseline 0.003 -5"><span class='ocrx_word' id='word_1_563' title='bbox 2096 3913 2314 3971; x_wconf 90' lang='lat' dir='ltr'><strong>luerint</strong></span> <span class='ocrx_word' id='word_1_564' title='bbox 2343 3914 2557 3970; x_wconf 90' lang='lat' dir='ltr'><strong>dicam.</strong></span> <span class='ocrx_word' id='word_1_565' title='bbox 2580 3915 2696 3971; x_wconf 86' lang='lat' dir='ltr'><strong>Vos</strong></span> <span class='ocrx_word' id='word_1_566' title='bbox 2718 3920 2913 3972; x_wconf 86' lang='lat' dir='ltr'><strong>autem</strong></span> <span class='ocrx_word' id='word_1_567' title='bbox 2946 3933 3235 3974; x_wconf 88' lang='lat' dir='ltr'><strong>memores</strong></span> <span class='ocrx_word' id='word_1_568' title='bbox 3265 3922 3451 3974; x_wconf 87' lang='lat' dir='ltr'><strong>estote</strong></span> <span class='ocrx_word' id='word_1_569' title='bbox 3481 3917 3596 3974; x_wconf 89' lang='lat' dir='ltr'><strong>mei</strong></span> <span class='ocrx_word' id='word_1_570' title='bbox 3630 3919 3755 3974; x_wconf 72' lang='lat' dir='ltr'><strong>haec</strong></span> 
     </span>
    </p>
   </div>
   <div class='ocr_carea' id='block_1_86' title="bbox 2095 4002 3757 4078">
    <p class='ocr_par' dir='ltr' id='par_1_86' title="bbox 2095 4002 3757 4078">
     <span class='ocr_line' id='line_1_86' title="bbox 2095 4002 3757 4078; baseline 0.004 -21"><span class='ocrx_word' id='word_1_571' title='bbox 2095 4003 2262 4058; x_wconf 90' lang='lat' dir='ltr'><strong>vobis</strong></span> <span class='ocrx_word' id='word_1_572' title='bbox 2293 4002 2669 4059; x_wconf 78' lang='lat' dir='ltr'><strong>insinuantia.</strong></span> <span class='ocrx_word' id='word_1_573' title='bbox 2700 4004 2863 4060; x_wconf 91' lang='lat' dir='ltr'><strong>Unde</strong></span> <span class='ocrx_word' id='word_1_574' title='bbox 2892 4005 3265 4078; x_wconf 73' lang='lat' dir='ltr'><strong>praecipimus</strong></span> <span class='ocrx_word' id='word_1_575' title='bbox 3293 4006 3478 4073; x_wconf 90' lang='lat' dir='ltr'><strong>vobis,</strong></span> <span class='ocrx_word' id='word_1_576' title='bbox 3512 4011 3580 4062; x_wconf 89' lang='lat' dir='ltr'><strong>ut</strong></span> <span class='ocrx_word' id='word_1_577' title='bbox 3615 4024 3757 4063; x_wconf 88' lang='lat' dir='ltr'><strong>cum</strong></span> 
     </span>
    </p>
   </div>
   <div class='ocr_carea' id='block_1_87' title="bbox 2098 4091 3759 4167">
    <p class='ocr_par' dir='ltr' id='par_1_87' title="bbox 2098 4091 3759 4167">
     <span class='ocr_line' id='line_1_87' title="bbox 2098 4091 3759 4167; baseline 0.003 -21"><span class='ocrx_word' id='word_1_578' title='bbox 2098 4091 2300 4147; x_wconf 88' lang='lat' dir='ltr'><strong>eadem</strong></span> <span class='ocrx_word' id='word_1_579' title='bbox 2350 4091 2717 4165; x_wconf 90' lang='lat' dir='ltr'><strong>Theutberga</strong></span> <span class='ocrx_word' id='word_1_580' title='bbox 2759 4094 2833 4148; x_wconf 89' lang='lat' dir='ltr'><strong>ad</strong></span> <span class='ocrx_word' id='word_1_581' title='bbox 2882 4092 3210 4149; x_wconf 89' lang='lat' dir='ltr'><strong>condictam</strong></span> <span class='ocrx_word' id='word_1_582' title='bbox 3261 4095 3555 4167; x_wconf 81' lang='lat' dir='ltr'><strong>synodum</strong></span> <span class='ocrx_word' id='word_1_583' title='bbox 3593 4095 3759 4151; x_wconf 88' lang='lat' dir='ltr'><strong>sicut</strong></span> 
     </span>
    </p>
   </div>
   <div class='ocr_carea' id='block_1_88' title="bbox 2098 4179 3759 4256">
    <p class='ocr_par' dir='ltr' id='par_1_88' title="bbox 2098 4179 3759 4256">
     <span class='ocr_line' id='line_1_88' title="bbox 2098 4179 3759 4256; baseline 0.003 -22"><span class='ocrx_word' id='word_1_584' title='bbox 2098 4179 2415 4235; x_wconf 88' lang='lat' dir='ltr'><strong>statuimus</strong></span> <span class='ocrx_word' id='word_1_585' title='bbox 2445 4181 2764 4249; x_wconf 85' lang='lat' dir='ltr'><strong>advenerit,</strong></span> <span class='ocrx_word' id='word_1_586' title='bbox 2794 4197 3034 4237; x_wconf 91' lang='lat' dir='ltr'><strong>causam</strong></span> <span class='ocrx_word' id='word_1_587' title='bbox 3064 4182 3193 4253; x_wconf 89' lang='lat' dir='ltr'><strong>ejus</strong></span> <span class='ocrx_word' id='word_1_588' title='bbox 3223 4182 3490 4256; x_wconf 86' lang='lat' dir='ltr'><strong>diligenti</strong></span> <span class='ocrx_word' id='word_1_589' title='bbox 3535 4185 3759 4239; x_wconf 84' lang='lat' dir='ltr'><strong>exami-</strong></span> 
     </span>
    </p>
   </div>
   <div class='ocr_carea' id='block_1_89' title="bbox 2099 4267 3758 4343">
    <p class='ocr_par' dir='ltr' id='par_1_89' title="bbox 2099 4267 3758 4343">
     <span class='ocr_line' id='line_1_89' title="bbox 2099 4267 3758 4343; baseline 0.003 -20"><span class='ocrx_word' id='word_1_590' title='bbox 2099 4267 2333 4324; x_wconf 89' lang='lat' dir='ltr'><strong>natione</strong></span> <span class='ocrx_word' id='word_1_591' title='bbox 2365 4269 2656 4338; x_wconf 88' lang='lat' dir='ltr'><strong>tractetis;</strong></span> <span class='ocrx_word' id='word_1_592' title='bbox 2688 4273 2746 4325; x_wconf 92' lang='lat' dir='ltr'><strong>et</strong></span> <span class='ocrx_word' id='word_1_593' title='bbox 2777 4270 2823 4326; x_wconf 92' lang='lat' dir='ltr'><strong>si</strong></span> <span class='ocrx_word' id='word_1_594' title='bbox 2850 4270 2902 4325; x_wconf 93' lang='lat' dir='ltr'><strong>ei</strong></span> <span class='ocrx_word' id='word_1_595' title='bbox 2932 4269 3389 4343; x_wconf 87' lang='lat' dir='ltr'><strong>objicitur,quod</strong></span> <span class='ocrx_word' id='word_1_596' title='bbox 3412 4270 3514 4327; x_wconf 90' lang='lat' dir='ltr'><strong>illa</strong></span> <span class='ocrx_word' id='word_1_597' title='bbox 3531 4272 3758 4328; x_wconf 85' lang='lat' dir='ltr'><strong>crimen</strong></span> 
     </span>
    </p>
   </div>
   <div class='ocr_carea' id='block_1_90' title="bbox 2100 4355 3757 4428">
    <p class='ocr_par' dir='ltr' id='par_1_90' title="bbox 2100 4355 3757 4428">
     <span class='ocr_line' id='line_1_90' title="bbox 2100 4355 3757 4428; baseline 0.004 -18"><span class='ocrx_word' id='word_1_598' title='bbox 2100 4372 2161 4411; x_wconf 93' lang='lat' dir='ltr'><strong>se</strong></span> <span class='ocrx_word' id='word_1_599' title='bbox 2193 4355 2429 4428; x_wconf 86' lang='lat' dir='ltr'><strong>aliquod</strong></span> <span class='ocrx_word' id='word_1_600' title='bbox 2457 4356 2767 4413; x_wconf 88' lang='lat' dir='ltr'><strong>admisisse</strong></span> <span class='ocrx_word' id='word_1_601' title='bbox 2796 4358 3064 4414; x_wconf 87' lang='lat' dir='ltr'><strong>confessa</strong></span> <span class='ocrx_word' id='word_1_602' title='bbox 3092 4358 3319 4427; x_wconf 82' lang='lat' dir='ltr'><strong>fuisset,</strong></span> <span class='ocrx_word' id='word_1_603' title='bbox 3352 4365 3411 4415; x_wconf 89' lang='lat' dir='ltr'><strong>et</strong></span> <span class='ocrx_word' id='word_1_604' title='bbox 3455 4364 3664 4417; x_wconf 86' lang='lat' dir='ltr'><strong>contra</strong></span> <span class='ocrx_word' id='word_1_605' title='bbox 3691 4361 3757 4416; x_wconf 88' lang='lat' dir='ltr'><strong>il-</strong></span> 
     </span>
    </p>
   </div>
   <div class='ocr_carea' id='block_1_91' title="bbox 2097 4443 3759 4518">
    <p class='ocr_par' dir='ltr' id='par_1_91' title="bbox 2097 4443 3759 4518">
     <span class='ocr_line' id='line_1_91' title="bbox 2097 4443 3759 4518; baseline 0.003 -20"><span class='ocrx_word' id='word_1_606' title='bbox 2097 4443 2156 4499; x_wconf 91' lang='lat' dir='ltr'><strong>la</strong></span> <span class='ocrx_word' id='word_1_607' title='bbox 2200 4443 2536 4500; x_wconf 90' lang='lat' dir='ltr'><strong>violentiam</strong></span> <span class='ocrx_word' id='word_1_608' title='bbox 2587 4461 2650 4500; x_wconf 87' lang='lat' dir='ltr'><strong>se</strong></span> <span class='ocrx_word' id='word_1_609' title='bbox 2698 4445 3010 4517; x_wconf 88' lang='lat' dir='ltr'><strong>pertulisse</strong></span> <span class='ocrx_word' id='word_1_610' title='bbox 3058 4445 3527 4518; x_wconf 86' lang='lat' dir='ltr'><strong>proclamaverit,</strong></span> <span class='ocrx_word' id='word_1_611' title='bbox 3569 4448 3664 4503; x_wconf 87' lang='lat' dir='ltr'><strong>vel</strong></span> <span class='ocrx_word' id='word_1_612' title='bbox 3710 4449 3759 4505; x_wconf 85' lang='lat' dir='ltr'><strong>si</strong></span> 
     </span>
    </p>
   </div>
   <div class='ocr_carea' id='block_1_92' title="bbox 2098 4532 3759 4604">
    <p class='ocr_par' dir='ltr' id='par_1_92' title="bbox 2098 4532 3759 4604">
     <span class='ocr_line' id='line_1_92' title="bbox 2098 4532 3759 4604; baseline 0.002 -17"><span class='ocrx_word' id='word_1_613' title='bbox 2098 4532 2370 4588; x_wconf 90' lang='lat' dir='ltr'><strong>inimicos</strong></span> <span class='ocrx_word' id='word_1_614' title='bbox 2427 4532 2539 4588; x_wconf 91' lang='lat' dir='ltr'><strong>sibi</strong></span> <span class='ocrx_word' id='word_1_615' title='bbox 2588 4533 2821 4604; x_wconf 89' lang='lat' dir='ltr'><strong>judices</strong></span> <span class='ocrx_word' id='word_1_616' title='bbox 2875 4533 3059 4589; x_wconf 88' lang='lat' dir='ltr'><strong>fuisse</strong></span> <span class='ocrx_word' id='word_1_617' title='bbox 3115 4538 3331 4591; x_wconf 88' lang='lat' dir='ltr'><strong>testata</strong></span> <span class='ocrx_word' id='word_1_618' title='bbox 3370 4536 3575 4603; x_wconf 88' lang='lat' dir='ltr'><strong>fuerit;</strong></span> <span class='ocrx_word' id='word_1_619' title='bbox 3608 4540 3759 4592; x_wconf 84' lang='lat' dir='ltr'><strong>tunc</strong></span> 
     </span>
    </p>
   </div>
   <div class='ocr_carea' id='block_1_93' title="bbox 342 4618 3761 4696">
    <p class='ocr_par' dir='ltr' id='par_1_93' title="bbox 342 4618 3761 4696">
     <span class='ocr_line' id='line_1_93' title="bbox 342 4618 3761 4696; baseline 0.001 -18"><span class='ocrx_word' id='word_1_620' title='bbox 342 4624 543 4680; x_wconf 91' lang='lat' dir='ltr'><strong>cberti.</strong></span> <span class='ocrx_word' id='word_1_621' title='bbox 597 4622 705 4679; x_wconf 92' lang='lat' dir='ltr'><strong>Ubi</strong></span> <span class='ocrx_word' id='word_1_622' title='bbox 761 4622 1020 4696; x_wconf 91' lang='lat' dir='ltr'><strong>primum</strong></span> <span class='ocrx_word' id='word_1_623' title='bbox 1080 4620 1345 4691; x_wconf 85' lang='lat' dir='ltr'><strong>diligenti</strong></span> <span class='ocrx_word' id='word_1_624' title='bbox 1401 4618 1847 4693; x_wconf 87' lang='lat' dir='ltr'><strong>investigatione</strong></span> <span class='ocrx_word' id='word_1_625' title='bbox 1901 4626 1991 4681; x_wconf 90' lang='lat' dir='ltr'><strong>in-</strong></span> <span class='ocrx_word' id='word_1_626' title='bbox 2022 4620 2244 4694; x_wconf 88' lang='lat' dir='ltr'><strong>Dillud</strong></span> <span class='ocrx_word' id='word_1_627' title='bbox 2277 4621 2564 4677; x_wconf 88' lang='lat' dir='ltr'><strong>renovetis</strong></span> <span class='ocrx_word' id='word_1_628' title='bbox 2587 4621 2881 4692; x_wconf 89' lang='lat' dir='ltr'><strong>judicium</strong></span> <span class='ocrx_word' id='word_1_629' title='bbox 2911 4622 3237 4679; x_wconf 87' lang='lat' dir='ltr'><strong>secundum</strong></span> <span class='ocrx_word' id='word_1_630' title='bbox 3292 4623 3585 4695; x_wconf 66' lang='lat' dir='ltr'><strong>mquitatis</strong></span> <span class='ocrx_word' id='word_1_631' title='bbox 3619 4641 3761 4680; x_wconf 84' lang='lat' dir='ltr'><strong>nor-</strong></span> 
     </span>
    </p>
   </div>
   <div class='ocr_carea' id='block_1_94' title="bbox 341 4707 1995 4784">
    <p class='ocr_par' dir='ltr' id='par_1_94' title="bbox 341 4707 1995 4784">
     <span class='ocr_line' id='line_1_94' title="bbox 341 4707 1995 4784; baseline 0.002 -17"><span class='ocrx_word' id='word_1_632' title='bbox 341 4712 573 4784; x_wconf 89' lang='lat' dir='ltr'><strong>quirite,</strong></span> <span class='ocrx_word' id='word_1_633' title='bbox 607 4715 665 4766; x_wconf 91' lang='lat' dir='ltr'><strong>et</strong></span> <span class='ocrx_word' id='word_1_634' title='bbox 695 4709 747 4766; x_wconf 92' lang='lat' dir='ltr'><strong>si</strong></span> <span class='ocrx_word' id='word_1_635' title='bbox 775 4711 1049 4765; x_wconf 91' lang='lat' dir='ltr'><strong>eumdem</strong></span> <span class='ocrx_word' id='word_1_636' title='bbox 1079 4707 1403 4779; x_wconf 90' lang='lat' dir='ltr'><strong>gloriosum</strong></span> <span class='ocrx_word' id='word_1_637' title='bbox 1435 4723 1628 4781; x_wconf 87' lang='lat' dir='ltr'><strong>regem</strong></span> <span class='ocrx_word' id='word_1_638' title='bbox 1659 4713 1995 4782; x_wconf 73' lang='lat' dir='ltr'><strong>praedictam</strong></span> 
     </span>
    </p>
   </div>
   <div class='ocr_carea' id='block_1_95' title="bbox 339 4794 1985 4874">
    <p class='ocr_par' dir='ltr' id='par_1_95' title="bbox 339 4794 1985 4874">
     <span class='ocr_line' id='line_1_95' title="bbox 339 4794 1985 4874; baseline 0.003 -20"><span class='ocrx_word' id='word_1_639' title='bbox 339 4799 720 4856; x_wconf 86' lang='lat' dir='ltr'><strong>Waldradam</strong></span> <span class='ocrx_word' id='word_1_640' title='bbox 777 4795 1099 4868; x_wconf 66' lang='lat' dir='ltr'><strong>praemissis</strong></span> <span class='ocrx_word' id='word_1_641' title='bbox 1155 4794 1410 4861; x_wconf 88' lang='lat' dir='ltr'><strong>dotibus,</strong></span> <span class='ocrx_word' id='word_1_642' title='bbox 1461 4811 1656 4853; x_wconf 90' lang='lat' dir='ltr'><strong>coram</strong></span> <span class='ocrx_word' id='word_1_643' title='bbox 1715 4802 1985 4874; x_wconf 89' lang='lat' dir='ltr'><strong>testibus,</strong></span> 
     </span>
    </p>
   </div>
   <div class='ocr_carea' id='block_1_96' title="bbox 342 4881 1989 4957">
    <p class='ocr_par' dir='ltr' id='par_1_96' title="bbox 342 4881 1989 4957">
     <span class='ocr_line' id='line_1_96' title="bbox 342 4881 1989 4957; baseline 0.002 -13"><span class='ocrx_word' id='word_1_644' title='bbox 342 4888 668 4944; x_wconf 85' lang='lat' dir='ltr'><strong>secundum</strong></span> <span class='ocrx_word' id='word_1_645' title='bbox 711 4885 900 4956; x_wconf 90' lang='lat' dir='ltr'><strong>legem</strong></span> <span class='ocrx_word' id='word_1_646' title='bbox 947 4888 1005 4938; x_wconf 92' lang='lat' dir='ltr'><strong>et</strong></span> <span class='ocrx_word' id='word_1_647' title='bbox 1051 4881 1250 4951; x_wconf 89' lang='lat' dir='ltr'><strong>ritum,</strong></span> <span class='ocrx_word' id='word_1_648' title='bbox 1283 4898 1397 4954; x_wconf 90' lang='lat' dir='ltr'><strong>quo</strong></span> <span class='ocrx_word' id='word_1_649' title='bbox 1445 4885 1660 4957; x_wconf 69' lang='lat' dir='ltr'><strong>nuptiae</strong></span> <span class='ocrx_word' id='word_1_650' title='bbox 1709 4888 1989 4947; x_wconf 88' lang='lat' dir='ltr'><strong>celebrari</strong></span> 
     </span>
    </p>
   </div>
   <div class='ocr_carea' id='block_1_97' title="bbox 342 4968 1990 5050">
    <p class='ocr_par' dir='ltr' id='par_1_97' title="bbox 342 4968 1990 5050">
     <span class='ocr_line' id='line_1_97' title="bbox 342 4968 1990 5050; baseline 0.002 -19"><span class='ocrx_word' id='word_1_651' title='bbox 342 4974 550 5041; x_wconf 87' lang='lat' dir='ltr'><strong>solent,</strong></span> <span class='ocrx_word' id='word_1_652' title='bbox 583 4990 686 5046; x_wconf 87' lang='lat' dir='ltr'><strong>per</strong></span> <span class='ocrx_word' id='word_1_653' title='bbox 742 4970 942 5026; x_wconf 90' lang='lat' dir='ltr'><strong>omnia</strong></span> <span class='ocrx_word' id='word_1_654' title='bbox 996 4968 1336 5025; x_wconf 86' lang='lat' dir='ltr'><strong>inveneritis</strong></span> <span class='ocrx_word' id='word_1_655' title='bbox 1392 4973 1704 5045; x_wconf 87' lang='lat' dir='ltr'><strong>accepisse,</strong></span> <span class='ocrx_word' id='word_1_656' title='bbox 1765 4982 1823 5032; x_wconf 91' lang='lat' dir='ltr'><strong>et</strong></span> <span class='ocrx_word' id='word_1_657' title='bbox 1877 4996 1990 5050; x_wconf 92' lang='lat' dir='ltr'><strong>pu-</strong></span> 
     </span>
    </p>
   </div>
   <div class='ocr_carea' id='block_1_98' title="bbox 340 5057 1987 5122">
    <p class='ocr_par' dir='ltr' id='par_1_98' title="bbox 340 5057 1987 5122">
     <span class='ocr_line' id='line_1_98' title="bbox 340 5057 1987 5122; baseline 0.003 -5"><span class='ocrx_word' id='word_1_658' title='bbox 340 5061 496 5119; x_wconf 87' lang='lat' dir='ltr'><strong>blica</strong></span> <span class='ocrx_word' id='word_1_659' title='bbox 535 5057 1010 5117; x_wconf 88' lang='lat' dir='ltr'><strong>manifestatione</strong></span> <span class='ocrx_word' id='word_1_660' title='bbox 1037 5057 1240 5112; x_wconf 90' lang='lat' dir='ltr'><strong>eadem</strong></span> <span class='ocrx_word' id='word_1_661' title='bbox 1265 5059 1580 5117; x_wconf 86' lang='lat' dir='ltr'><strong>Waldrada</strong></span> <span class='ocrx_word' id='word_1_662' title='bbox 1598 5061 1658 5117; x_wconf 91' lang='lat' dir='ltr'><strong>in</strong></span> <span class='ocrx_word' id='word_1_663' title='bbox 1689 5065 1987 5122; x_wconf 90' lang='lat' dir='ltr'><strong>matrimo-</strong></span> 
     </span>
    </p>
   </div>
   <div class='ocr_carea' id='block_1_99' title="bbox 342 5144 1991 5223">
    <p class='ocr_par' dir='ltr' id='par_1_99' title="bbox 342 5144 1991 5223">
     <span class='ocr_line' id='line_1_99' title="bbox 342 5144 1991 5223; baseline 0.003 -18"><span class='ocrx_word' id='word_1_664' title='bbox 342 5151 508 5207; x_wconf 90' lang='lat' dir='ltr'><strong>nium</strong></span> <span class='ocrx_word' id='word_1_665' title='bbox 538 5150 729 5221; x_wconf 92' lang='lat' dir='ltr'><strong>ipsius</strong></span> <span class='ocrx_word' id='word_1_666' title='bbox 755 5144 1017 5201; x_wconf 88' lang='lat' dir='ltr'><strong>admissa</strong></span> <span class='ocrx_word' id='word_1_667' title='bbox 1058 5149 1175 5213; x_wconf 87' lang='lat' dir='ltr'><strong>est;</strong></span> <span class='ocrx_word' id='word_1_668' title='bbox 1207 5151 1387 5204; x_wconf 91' lang='lat' dir='ltr'><strong>restat</strong></span> <span class='ocrx_word' id='word_1_669' title='bbox 1432 5152 1497 5204; x_wconf 89' lang='lat' dir='ltr'><strong>ut</strong></span> <span class='ocrx_word' id='word_1_670' title='bbox 1541 5155 1991 5223; x_wconf 87' lang='lat' dir='ltr'><strong>perscrutemini</strong></span> 
     </span>
    </p>
   </div>
   <div class='ocr_carea' id='block_1_100' title="bbox 343 5231 1987 5307">
    <p class='ocr_par' dir='ltr' id='par_1_100' title="bbox 343 5231 1987 5307">
     <span class='ocr_line' id='line_1_100' title="bbox 343 5231 1987 5307; baseline 0.004 -14"><span class='ocrx_word' id='word_1_671' title='bbox 343 5255 448 5295; x_wconf 90' lang='lat' dir='ltr'><strong>cur</strong></span> <span class='ocrx_word' id='word_1_672' title='bbox 492 5236 596 5293; x_wconf 91' lang='lat' dir='ltr'><strong>illa</strong></span> <span class='ocrx_word' id='word_1_673' title='bbox 644 5232 952 5307; x_wconf 89' lang='lat' dir='ltr'><strong>repudiata</strong></span> <span class='ocrx_word' id='word_1_674' title='bbox 993 5233 1088 5301; x_wconf 89' lang='lat' dir='ltr'><strong>sit,</strong></span> <span class='ocrx_word' id='word_1_675' title='bbox 1120 5233 1207 5289; x_wconf 90' lang='lat' dir='ltr'><strong>vel</strong></span> <span class='ocrx_word' id='word_1_676' title='bbox 1257 5235 1375 5292; x_wconf 88' lang='lat' dir='ltr'><strong>ﬂlia</strong></span> <span class='ocrx_word' id='word_1_677' title='bbox 1420 5240 1665 5296; x_wconf 83' lang='lat' dir='ltr'><strong>Bosonis</strong></span> <span class='ocrx_word' id='word_1_678' title='bbox 1709 5231 1987 5300; x_wconf 81' lang='lat' dir='ltr'><strong>admissa.</strong></span> 
     </span>
    </p>
   </div>
   <div class='ocr_carea' id='block_1_101' title="bbox 415 5377 1991 5455">
    <p class='ocr_par' dir='ltr' id='par_1_101' title="bbox 415 5377 1991 5455">
     <span class='ocr_line' id='line_1_101' title="bbox 415 5377 1991 5455; baseline 0.003 -19"><span class='ocrx_word' id='word_1_679' title='bbox 415 5381 493 5454; x_wconf 90' lang='lat' dir='ltr'><strong>(a)</strong></span> <span class='ocrx_word' id='word_1_680' title='bbox 508 5378 812 5455; x_wconf 42' lang='grc' dir='ltr'><strong>Διίο-ιιιιιτίιιις</strong></span> <span class='ocrx_word' id='word_1_681' title='bbox 838 5377 1138 5455; x_wconf 60' lang='lat' dir='ltr'><strong>proﬁtetur.</strong></span> <span class='ocrx_word' id='word_1_682' title='bbox 1170 5379 1341 5455; x_wconf 7' lang='lat' dir='ltr'><strong>Apud,</strong></span> <span class='ocrx_word' id='word_1_683' title='bbox 1373 5381 1612 5455; x_wconf 90' lang='lat' dir='ltr'><strong>_Ivonem</strong></span> <span class='ocrx_word' id='word_1_684' title='bbox 1646 5387 1825 5455; x_wconf 86' lang='lat' dir='ltr'><strong>parte</strong></span> <span class='ocrx_word' id='word_1_685' title='bbox 1867 5401 1991 5455; x_wconf 81' lang='lat' dir='ltr'><strong>VIII,</strong></span> 
     </span>
    </p>
   </div>
   <div class='ocr_carea' id='block_1_102' title="bbox 345 5448 1990 5523">
    <p class='ocr_par' dir='ltr' id='par_1_102' title="bbox 345 5448 1990 5523">
     <span class='ocr_line' id='line_1_102' title="bbox 345 5448 1990 5523; baseline 0.004 -18"><span class='ocrx_word' id='word_1_686' title='bbox 345 5448 479 5522; x_wconf 77' lang='lat' dir='ltr'><strong>cap.</strong></span> <span class='ocrx_word' id='word_1_687' title='bbox 504 5450 629 5517; x_wconf 78' lang='grc'><strong>334,</strong></span> <span class='ocrx_word' id='word_1_688' title='bbox 663 5452 724 5523; x_wconf 91' lang='lat' dir='ltr'><strong>et_</strong></span> <span class='ocrx_word' id='word_1_689' title='bbox 749 5448 901 5523; x_wconf 88' lang='lat' dir='ltr'><strong>apud</strong></span> <span class='ocrx_word' id='word_1_690' title='bbox 950 5448 1293 5523; x_wconf 71' lang='lat' dir='ltr'><strong>Gratianum</strong></span> <span class='ocrx_word' id='word_1_691' title='bbox 1324 5452 1414 5519; x_wconf 66' lang='lat'><strong>24,</strong></span> <span class='ocrx_word' id='word_1_692' title='bbox 1448 5469 1505 5523; x_wconf 89' lang='lat' dir='ltr'><strong>q.</strong></span> <span class='ocrx_word' id='word_1_693' title='bbox 1537 5456 1592 5519; x_wconf 89' lang='lat'><strong>2,</strong></span> <span class='ocrx_word' id='word_1_694' title='bbox 1626 5448 1751 5508; x_wconf 72' lang='lat' dir='ltr'><strong>duae</strong></span> <span class='ocrx_word' id='word_1_695' title='bbox 1778 5448 1990 5512; x_wconf 66' lang='lat' dir='ltr'><strong>voculae</strong></span> 
     </span>
    </p>
   </div>
   <div class='ocr_carea' id='block_1_103' title="bbox 346 5519 1991 5590">
    <p class='ocr_par' dir='ltr' id='par_1_103' title="bbox 346 5519 1991 5590">
     <span class='ocr_line' id='line_1_103' title="bbox 346 5519 1991 5590; baseline 0.006 -17"><span class='ocrx_word' id='word_1_696' title='bbox 346 5519 651 5590; x_wconf 74' lang='lat' dir='ltr'><strong>perperam</strong></span> <span class='ocrx_word' id='word_1_697' title='bbox 709 5519 1059 5587; x_wconf 88' lang='lat' dir='ltr'><strong>inferuntur,</strong></span> <span class='ocrx_word' id='word_1_698' title='bbox 1112 5521 1400 5577; x_wconf 80' lang='lat' dir='ltr'><strong>Lotharius</strong></span> <span class='ocrx_word' id='word_1_699' title='bbox 1460 5519 1521 5579; x_wconf 76' lang='lat' dir='ltr'><strong>in</strong></span> <span class='ocrx_word' id='word_1_700' title='bbox 1580 5529 1991 5584; x_wconf 76' lang='lat' dir='ltr'><strong>commonitorio</strong></span> 
     </span>
    </p>
   </div>
   <div class='ocr_carea' id='block_1_104' title="bbox 342 5590 1989 5665">
    <p class='ocr_par' dir='ltr' id='par_1_104' title="bbox 342 5590 1989 5665">
     <span class='ocr_line' id='line_1_104' title="bbox 342 5590 1989 5665; baseline 0.007 -24"><span class='ocrx_word' id='word_1_701' title='bbox 342 5590 1008 5665; x_wconf 56' lang='lat' dir='ltr'><strong>profiteturﬂedundant</strong></span> <span class='ocrx_word' id='word_1_702' title='bbox 1036 5593 1627 5665; x_wconf 75' lang='lat' dir='ltr'><strong>enim,pertinentque</strong></span> <span class='ocrx_word' id='word_1_703' title='bbox 1655 5596 1724 5650; x_wconf 91' lang='lat' dir='ltr'><strong>ad</strong></span> <span class='ocrx_word' id='word_1_704' title='bbox 1751 5596 1989 5654; x_wconf 91' lang='lat' dir='ltr'><strong>titulum</strong></span> 
     </span>
    </p>
   </div>
   <div class='ocr_carea' id='block_1_105' title="bbox 346 5656 1991 5735">
    <p class='ocr_par' dir='ltr' id='par_1_105' title="bbox 346 5656 1991 5735">
     <span class='ocr_line' id='line_1_105' title="bbox 346 5656 1991 5735; baseline 0.01 -26"><span class='ocrx_word' id='word_1_705' title='bbox 346 5656 626 5727; x_wconf 68' lang='lat' dir='ltr'><strong>epistolae,</strong></span> <span class='ocrx_word' id='word_1_706' title='bbox 658 5675 773 5735; x_wconf 90' lang='lat' dir='ltr'><strong>quo</strong></span> <span class='ocrx_word' id='word_1_707' title='bbox 822 5666 976 5718; x_wconf 86' lang='lat' dir='ltr'><strong>recte</strong></span> <span class='ocrx_word' id='word_1_708' title='bbox 1033 5662 1092 5718; x_wconf 93' lang='lat' dir='ltr'><strong>in</strong></span> <span class='ocrx_word' id='word_1_709' title='bbox 1144 5656 1408 5723; x_wconf 67' lang='lat' dir='ltr'><strong>Romana</strong></span> <span class='ocrx_word' id='word_1_710' title='bbox 1445 5656 1709 5721; x_wconf 76' lang='lat' dir='ltr'><strong>Gratiani</strong></span> <span class='ocrx_word' id='word_1_711' title='bbox 1740 5667 1991 5724; x_wconf 87' lang='lat' dir='ltr'><strong>editione</strong></span> 
     </span>
    </p>
   </div>
   <div class='ocr_carea' id='block_1_106' title="bbox 2106 4708 3455 4783">
    <p class='ocr_par' dir='ltr' id='par_1_106' title="bbox 2106 4708 3455 4783">
     <span class='ocr_line' id='line_1_106' title="bbox 2106 4708 3455 4783; baseline 0.001 -17"><span class='ocrx_word' id='word_1_712' title='bbox 2106 4726 2286 4777; x_wconf 86' lang='lat' dir='ltr'><strong>mam,</strong></span> <span class='ocrx_word' id='word_1_713' title='bbox 2319 4712 2383 4765; x_wconf 92' lang='lat' dir='ltr'><strong>ut</strong></span> <span class='ocrx_word' id='word_1_714' title='bbox 2412 4708 2711 4781; x_wconf 72' lang='lat' dir='ltr'><strong>injustitiaa</strong></span> <span class='ocrx_word' id='word_1_715' title='bbox 2742 4708 2895 4766; x_wconf 91' lang='lat' dir='ltr'><strong>mole</strong></span> <span class='ocrx_word' id='word_1_716' title='bbox 2922 4727 3042 4767; x_wconf 92' lang='lat' dir='ltr'><strong>non</strong></span> <span class='ocrx_word' id='word_1_717' title='bbox 3068 4710 3455 4783; x_wconf 87' lang='lat' dir='ltr'><strong>opprimatur.</strong></span> 
     </span>
    </p>
   </div>
   <div class='ocr_carea' id='block_1_107' title="bbox 2801 4816 3035 4872">
    <p class='ocr_par' dir='ltr' id='par_1_107' title="bbox 2801 4816 3035 4872">
     <span class='ocr_line' id='line_1_107' title="bbox 2801 4816 3035 4872; baseline 0 0"><span class='ocrx_word' id='word_1_718' title='bbox 2801 4816 3035 4872; x_wconf 84' lang='lat' dir='ltr'><strong>CLVIII.</strong></span> 
     </span>
    </p>
   </div>
   <div class='ocr_carea' id='block_1_108' title="bbox 2182 4918 3683 4963">
    <p class='ocr_par' dir='ltr' id='par_1_108' title="bbox 2182 4918 3683 4963">
     <span class='ocr_line' id='line_1_108' title="bbox 2182 4918 3683 4963; baseline 0.001 -4"><span class='ocrx_word' id='word_1_719' title='bbox 2182 4920 2254 4959; x_wconf 81' lang='lat' dir='ltr'><strong>AD</strong></span> <span class='ocrx_word' id='word_1_720' title='bbox 2293 4919 2643 4960; x_wconf 81' lang='lat' dir='ltr'><strong>ROTLANDUM</strong></span> <span class='ocrx_word' id='word_1_721' title='bbox 2679 4918 3172 4962; x_wconf 65' lang='lat' dir='ltr'><strong>ARCHIEPISCOPUI</strong></span> <span class='ocrx_word' id='word_1_722' title='bbox 3206 4922 3683 4963; x_wconf 71' lang='lat' dir='ltr'><strong>ARBLATENSENM.</strong></span> 
     </span>
    </p>
   </div>
   <div class='ocr_carea' id='block_1_109' title="bbox 2098 4993 3759 5067">
    <p class='ocr_par' dir='ltr' id='par_1_109' title="bbox 2098 4993 3759 5067">
     <span class='ocr_line' id='line_1_109' title="bbox 2098 4993 3759 5067; baseline 0.002 -19"><span class='ocrx_word' id='word_1_723' title='bbox 2098 4993 2263 5050; x_wconf 74' lang='lat' dir='ltr'><strong>Missa</strong></span> <span class='ocrx_word' id='word_1_724' title='bbox 2312 5010 2437 5049; x_wconf 87' lang='lat' dir='ltr'><strong>cum</strong></span> <span class='ocrx_word' id='word_1_725' title='bbox 2493 4993 2667 5049; x_wconf 79' lang='lat' dir='ltr'><strong>altera</strong></span> <span class='ocrx_word' id='word_1_726' title='bbox 2720 4995 2977 5067; x_wconf 75' lang='lat' dir='ltr'><strong>epistola,</strong></span> <span class='ocrx_word' id='word_1_727' title='bbox 3018 5011 3137 5067; x_wconf 71' lang='lat' dir='ltr'><strong>qua</strong></span> <span class='ocrx_word' id='word_1_728' title='bbox 3182 4994 3440 5051; x_wconf 75' lang='lat' dir='ltr'><strong>Nicotaus</strong></span> <span class='ocrx_word' id='word_1_729' title='bbox 3485 4996 3759 5051; x_wconf 74' lang='lat' dir='ltr'><strong>Rotlamio</strong></span> 
     </span>
    </p>
   </div>
   <div class='ocr_carea' id='block_1_110' title="bbox 2609 5065 3244 5137">
    <p class='ocr_par' dir='ltr' id='par_1_110' title="bbox 2609 5065 3244 5137">
     <span class='ocr_line' id='line_1_110' title="bbox 2609 5065 3244 5137; baseline 0.002 -17"><span class='ocrx_word' id='word_1_730' title='bbox 2609 5065 2759 5121; x_wconf 60' lang='lat' dir='ltr'><strong>vices</strong></span> <span class='ocrx_word' id='word_1_731' title='bbox 2783 5081 2913 5121; x_wconf 67' lang='lat' dir='ltr'><strong>suae</strong></span> <span class='ocrx_word' id='word_1_732' title='bbox 2943 5065 3244 5137; x_wconf 69' lang='lat' dir='ltr'><strong>deiégabat.</strong></span> 
     </span>
    </p>
   </div>
   <div class='ocr_carea' id='block_1_111' title="bbox 2168 5151 3755 5225">
    <p class='ocr_par' dir='ltr' id='par_1_111' title="bbox 2168 5151 3755 5225">
     <span class='ocr_line' id='line_1_111' title="bbox 2168 5151 3755 5225; baseline 0.003 -18"><span class='ocrx_word' id='word_1_733' title='bbox 2168 5154 2456 5208; x_wconf 83' lang='lat' dir='ltr'><strong>NICOLAUB</strong></span> <span class='ocrx_word' id='word_1_734' title='bbox 2485 5151 2813 5225; x_wconf 90' lang='lat' dir='ltr'><strong>episcopus,</strong></span> <span class='ocrx_word' id='word_1_735' title='bbox 2849 5170 3051 5210; x_wconf 87' lang='lat' dir='ltr'><strong>servus</strong></span> <span class='ocrx_word' id='word_1_736' title='bbox 3081 5170 3382 5210; x_wconf 89' lang='lat' dir='ltr'><strong>servorum</strong></span> <span class='ocrx_word' id='word_1_737' title='bbox 3432 5154 3555 5224; x_wconf 89' lang='lat' dir='ltr'><strong>Dei,</strong></span> <span class='ocrx_word' id='word_1_738' title='bbox 3600 5154 3755 5211; x_wconf 57' lang='lat' dir='ltr'><strong>Rev-</strong></span> 
     </span>
    </p>
   </div>
   <div class='ocr_carea' id='block_1_112' title="bbox 2098 5238 3123 5312">
    <p class='ocr_par' dir='ltr' id='par_1_112' title="bbox 2098 5238 3123 5312">
     <span class='ocr_line' id='line_1_112' title="bbox 2098 5238 3123 5312; baseline -0.001 -15"><span class='ocrx_word' id='word_1_739' title='bbox 2098 5257 2281 5297; x_wconf 70' lang='lat' dir='ltr'><strong>unco</strong></span> <span class='ocrx_word' id='word_1_740' title='bbox 2312 5238 2747 5312; x_wconf 90' lang='lat' dir='ltr'><strong>archiepiscopo</strong></span> <span class='ocrx_word' id='word_1_741' title='bbox 2776 5241 3123 5298; x_wconf 86' lang='lat' dir='ltr'><strong>Arelatensi.</strong></span> 
     </span>
    </p>
   </div>
   <div class='ocr_carea' id='block_1_113' title="bbox 2098 5384 3756 5457">
    <p class='ocr_par' dir='ltr' id='par_1_113' title="bbox 2098 5384 3756 5457">
     <span class='ocr_line' id='line_1_113' title="bbox 2098 5384 3756 5457; baseline 0.002 -17"><span class='ocrx_word' id='word_1_742' title='bbox 2098 5385 2483 5457; x_wconf 69' lang='lat' dir='ltr'><strong>observatum</strong></span> <span class='ocrx_word' id='word_1_743' title='bbox 2528 5386 2636 5439; x_wconf 89' lang='lat' dir='ltr'><strong>est.</strong></span> <span class='ocrx_word' id='word_1_744' title='bbox 2686 5385 2751 5439; x_wconf 90' lang='lat' dir='ltr'><strong>In</strong></span> <span class='ocrx_word' id='word_1_745' title='bbox 2788 5385 3219 5457; x_wconf 75' lang='lat' dir='ltr'><strong>commonitorio</strong></span> <span class='ocrx_word' id='word_1_746' title='bbox 3249 5384 3447 5457; x_wconf 89' lang='lat' dir='ltr'><strong>itaque</strong></span> <span class='ocrx_word' id='word_1_747' title='bbox 3503 5386 3756 5452; x_wconf 85' lang='lat' dir='ltr'><strong>dictum,</strong></span> 
     </span>
    </p>
   </div>
   <div class='ocr_carea' id='block_1_114' title="bbox 2098 5452 3755 5528">
    <p class='ocr_par' dir='ltr' id='par_1_114' title="bbox 2098 5452 3755 5528">
     <span class='ocr_line' id='line_1_114' title="bbox 2098 5452 3755 5528; baseline 0.001 -18"><span class='ocrx_word' id='word_1_748' title='bbox 2098 5455 2255 5528; x_wconf 91' lang='lat' dir='ltr'><strong>quod</strong></span> <span class='ocrx_word' id='word_1_749' title='bbox 2284 5455 2359 5509; x_wconf 91' lang='lat' dir='ltr'><strong>ab</strong></span> <span class='ocrx_word' id='word_1_750' title='bbox 2389 5452 2520 5528; x_wconf 78' lang='lat' dir='ltr'><strong>aliis</strong></span> <span class='ocrx_word' id='word_1_751' title='bbox 2548 5455 3057 5528; x_wconf 71' lang='lat' dir='ltr'><strong>commonitorium;</strong></span> <span class='ocrx_word' id='word_1_752' title='bbox 3090 5460 3156 5510; x_wconf 91' lang='lat' dir='ltr'><strong>ut</strong></span> <span class='ocrx_word' id='word_1_753' title='bbox 3181 5452 3431 5511; x_wconf 69' lang='lat' dir='ltr'><strong>Zosinius</strong></span> <span class='ocrx_word' id='word_1_754' title='bbox 3449 5461 3755 5514; x_wconf 79' lang='lat' dir='ltr'><strong>commoni-</strong></span> 
     </span>
    </p>
   </div>
   <div class='ocr_carea' id='block_1_115' title="bbox 2096 5524 3758 5597">
    <p class='ocr_par' dir='ltr' id='par_1_115' title="bbox 2096 5524 3758 5597">
     <span class='ocr_line' id='line_1_115' title="bbox 2096 5524 3758 5597; baseline 0 -14"><span class='ocrx_word' id='word_1_755' title='bbox 2096 5524 2300 5597; x_wconf 73' lang='lat' dir='ltr'><strong>torium</strong></span> <span class='ocrx_word' id='word_1_756' title='bbox 2326 5524 2660 5597; x_wconf 73' lang='lat' dir='ltr'><strong>presbyteris</strong></span> <span class='ocrx_word' id='word_1_757' title='bbox 2698 5532 2751 5581; x_wconf 81' lang='lat' dir='ltr'><strong>et</strong></span> <span class='ocrx_word' id='word_1_758' title='bbox 2775 5525 3125 5597; x_wconf 12' lang='lat' dir='ltr'><strong>rdiaconibuc</strong></span> <span class='ocrx_word' id='word_1_759' title='bbox 3160 5529 3258 5597; x_wconf 88' lang='lat' dir='ltr'><strong>qui</strong></span> <span class='ocrx_word' id='word_1_760' title='bbox 3302 5528 3575 5585; x_wconf 59' lang='lat' dir='ltr'><strong>Ravenna</strong></span> <span class='ocrx_word' id='word_1_761' title='bbox 3602 5537 3758 5592; x_wconf 74' lang='lat' dir='ltr'><strong>sunt,</strong></span> 
     </span>
    </p>
   </div>
   <div class='ocr_carea' id='block_1_116' title="bbox 2098 5595 3759 5679">
    <p class='ocr_par' dir='ltr' id='par_1_116' title="bbox 2098 5595 3759 5679">
     <span class='ocr_line' id='line_1_116' title="bbox 2098 5595 3759 5679; baseline 0.001 -26"><span class='ocrx_word' id='word_1_762' title='bbox 2098 5595 2340 5679; x_wconf 42' lang='lat' dir='ltr'><strong>e_t_illud‘</strong></span> <span class='ocrx_word' id='word_1_763' title='bbox 2362 5595 2517 5668; x_wconf 88' lang='lat' dir='ltr'><strong>apud</strong></span> <span class='ocrx_word' id='word_1_764' title='bbox 2548 5596 2892 5679; x_wconf 78' lang='lat' dir='ltr'><strong>Gregorium</strong></span> <span class='ocrx_word' id='word_1_765' title='bbox 2918 5597 2976 5679; x_wconf 92' lang='lat' dir='ltr'><strong>i_n</strong></span> <span class='ocrx_word' id='word_1_766' title='bbox 3013 5595 3261 5679; x_wconf 66' lang='lat' dir='ltr'><strong>dialogis</strong></span> <span class='ocrx_word' id='word_1_767' title='bbox 3274 5615 3309 5679; x_wconf 54' lang='grc' dir='ltr'><em>λ</em></span> <span class='ocrx_word' id='word_1_768' title='bbox 3335 5598 3577 5656; x_wconf 70' lang='lat' dir='ltr'><strong>Sabinus</strong></span> <span class='ocrx_word' id='word_1_769' title='bbox 3601 5600 3759 5655; x_wconf 75' lang='lat' dir='ltr'><strong>Chri-</strong></span> 
     </span>
    </p>
   </div>
   <div class='ocr_carea' id='block_1_117' title="bbox 2095 5667 3437 5726">
    <p class='ocr_par' dir='ltr' id='par_1_117' title="bbox 2095 5667 3437 5726">
     <span class='ocr_line' id='line_1_117' title="bbox 2095 5667 3437 5726; baseline -0.001 -2"><span class='ocrx_word' id='word_1_770' title='bbox 2095 5671 2171 5724; x_wconf 75' lang='lat' dir='ltr'><strong>sti</strong></span> <span class='ocrx_word' id='word_1_771' title='bbox 2197 5684 2385 5723; x_wconf 80' lang='lat' dir='ltr'><strong>servus</strong></span> <span class='ocrx_word' id='word_1_772' title='bbox 2399 5667 2886 5724; x_wconf 74' lang='lat' dir='ltr'><strong>commonitorium</strong></span> <span class='ocrx_word' id='word_1_773' title='bbox 2914 5667 3085 5725; x_wconf 86' lang='lat' dir='ltr'><strong>Pado.</strong></span> <span class='ocrx_word' id='word_1_774' title='bbox 3116 5667 3239 5725; x_wconf 63' lang='lat' dir='ltr'><strong>Jac.</strong></span> <span class='ocrx_word' id='word_1_775' title='bbox 3273 5668 3437 5726; x_wconf 68' lang='lat' dir='ltr'><strong>Stal.</strong></span> 
     </span>
    </p>
   </div>
  </div>
