3894 6218
134 379 277 446 1181

1341 370 1746 437 ΕΡῙΞΤΟῙΛΕ
1785 368 1891 433 ET
1930 365 2318 432 DECRETA.

3388 365 3545 429 “82

200 513 500 589 Susceptis
517 511 848 570 sanctitatis
869 514 982 567 tuae
1003 508 1464 579 litterris,totius
1485 507 1778 563 humilita-
1807 506 1857 572 Α
1892 521 2096 560 omnes
2126 503 2350 575 recipit,
2385 519 2592 560 omnes
2623 504 2791 571 fovet,
2838 508 2896 560 et
2944 506 3198 579 protegit
3245 513 3543 580 proximos

138 607 207 662 tis
237 607 390 660 dono
421 602 671 667 refertis,
705 606 1172 672 cunctarumque
1210 599 1494 655 virtutum
1547 598 1789 652 floribus

140 693 442 760 redimitis,
464 689 820 762 multiplices
840 690 1162 762 gratiarum
1189 688 1383 742 cultus
1406 687 1668 742 omnium
1695 686 1789 737 bo—

138 798 342 839 norum
361 779 584 836 auctori
602 779 1009 851 rependimus;
1045 781 1329 849 tuamque
1352 795 1386 832 a
1411 775 1613 830 multis
1636 778 1788 829 retro

140 869 499 943 temporibus
531 885 669 940 erga
700 869 899 923 sedem
929 866 1314 938 apostolicam
1341 865 1600 937 agnitam
1626 864 1786 918 devo-

139 962 348 1016 tionem
383 957 708 1031 plurimum
749 957 1256 1025 commendamus,
1291 959 1465 1026 atque
1499 959 1562 1008 ut
1593 953 1651 1007 in
1682 952 1790 1006 hoc

140 1047 355 1106 salubri
387 1046 686 1118 proposito
739 1049 1087 1116 perseveret,
1141 1044 1570 1098 fraternitatem
1628 1047 1790 1096 tuam

140 1135 407 1194 obnixius
431 1134 838 1190 adhortamur.
863 1133 961 1188 Sic
984 1133 1139 1187 enim
1167 1137 1380 1188 sancta:
1403 1130 1794 1186 conversatio-

140 1226 226 1281 nis
257 1225 488 1297 pedem,
515 1240 628 1294 quo
653 1223 888 1278 tendere
910 1222 1142 1287 debeas,
1170 1220 1566 1293 perspicacius
1588 1236 1794 1290 cogno-

142 1329 298 1369 scere
330 1311 567 1384 poteris,
620 1315 677 1366 et
724 1310 1195 1382 supervenientia
1241 1325 1553 1381 pravorum
1594 1307 1795 1379 jacula

141 1401 450 1476 praevidere
481 1404 537 1456 et
566 1398 859 1454 declinare
887 1399 1152 1465 liberius,
1189 1398 1478 1454 revelante
1522 1397 1792 1466 Domino,

141 1489 497 1564 praevalebis,
528 1488 574 1544 si
609 1489 667 1542 in
701 1487 1032 1559 apostolica:
1064 1488 1222 1543 sedis
1253 1491 1441 1560 petra,
1473 1503 1637 1541 more
1670 1503 1794 1540 ma—

134 1581 354 1651 jorum,
381 1577 720 1649 praesidium
752 1581 924 1631 tuum
945 1576 1250 1645 locavcris,
1274 1579 1521 1648 ejusque
1545 1575 1677 1631 ﬁdei
1699 1576 1796 1630 do-

147 1667 350 1724 ctrinis
383 1664 748 1720 velﬂecretis
786 1665 1004 1720 arctius
1053 1665 1333 1721 inhaerere
1379 1663 1786 1734 contenderis;

149 1773 328 1830 quam
357 1754 454 1810 ille
476 1772 584 1810 sua
605 1755 854 1809 sacravit
874 1753 1156 1820 sessione,
1172 1771 1345 1826 quem
1365 1754 1648 1809 Dominus
1669 1754 1795 1824 ejus

147 1844 412 1900 Christus
441 1842 710 1898 Ecclesia:
744 1861 862 1898 sua:
905 1841 1089 1898 voluit
1136 1843 1394 1914 primum
1443 1846 1500 1897 et
1547 1841 1794 1914 speciale

141 1932 390 1989 retinere
422 1931 743 2004 fastigium,
776 1931 917 2002 quin
962 1936 1020 1986 et
1079 1931 1329 1987 caelestis
1385 1931 1519 1987 atrii
1578 1931 1793 2004 delegit

143 2037 447 2077 summum
481 2020 835 2075 constituere
859 2021 1367 2092 janitorem,quod
1391 2022 1517 2091 jam
1550 2021 1795 2075 beatitu-

142 2109 340 2165 dinem
357 2113 519 2164 tuam
534 2112 770 2164 strenue
783 2113 1228 2180 persequentem
1243 2109 1456 2164 debitis
1469 2109 1713 2163 attollim
1725 2126 1793 2163 us

143 2198 383 2254 omnino
415 2197 720 2270 praeconiis
750 2214 863 2252 non
897 2197 1088 2251 solum
1119 2198 1177 2251 in
1211 2197 1340 2264 hoc,
1373 2214 1578 2252 verum
1618 2197 1791 2253 etiam

145 2287 202 2342 in
223 2287 478 2358 eo.quod
500 2285 891 2357 apostolatum
915 2290 1183 2340 nostrum
1207 2286 1279 2340 ad
1301 2285 1793 2356 perseverantiam

145 2374 490 2430 cohortaris.
524 2375 587 2428 In
618 2391 732 2446 quo
764 2373 919 2429 enim
950 2378 1069 2428 tam
1103 2374 1412 2428 manifeste
1460 2379 1792 2429 nostrarum

145 2463 518 2518 sanctionum
552 2467 609 2517 et
638 2463 1003 2517 decretorum
1027 2463 1329 2518 ostendere
1349 2467 1404 2518 te
1427 2463 1642 2535 poteris
1667 2479 1796 2518 esse

145 2552 473 2617 custodem,
489 2568 664 2622 quam
686 2551 747 2605 in
767 2568 854 2618 eo,
875 2552 1027 2622 quod
1054 2556 1314 2606 nostram
1339 2569 1574 2623 quoque
1594 2550 1794 2606 solidi-

144 2643 326 2695 tatem
363 2657 542 2711 supra
571 2641 802 2694 ﬁrmam
850 2644 1074 2712 petram
1124 2632 1446 2707 fundatam,
1482 2644 1546 2695 ut
1592 2641 1651 2695 in
1701 2641 1794 2696 his

144 2732 497 2800 perseveret,
531 2729 853 2784 studiosius
885 2729 1145 2784 animare
1175 2730 1498 2800 procuras?

217 2817 383 2882 Quod
417 2820 612 2872 autem
636 2818 977 2888 deprecatur
997 2821 1097 2872 tua
1116 2817 1470 2884 fraternitas,
1486 2822 1552 2873 ut
1573 2823 1794 2873 scrute-

142 2904 514 2977 mur,quales
535 2907 986 2978 praedecessores
1009 2905 1190 2961 nostri
1221 2906 1372 2960 circa
1402 2907 1794 2977 praedecesso-

144 3008 237 3048 res
269 2997 408 3047 tuos
440 2993 764 3065 antiquitus
797 2993 1031 3061 fuerint,
1082 2998 1139 3048 et
1185 2994 1468 3066 postulas,
1517 2998 1581 3050 ut
1627 2995 1797 3051 liceat

139 3081 246 3136 tibi
281 3081 569 3153 rescripto
598 3087 1179 3155 cognoscere,utrum
1212 3083 1456 3138 fidenter
1480 3085 1680 3139 crebro
1701 3085 1794 3139 lit-

140 3170 290 3226 teris
322 3169 411 3225 vel
464 3170 670 3242 legatis
728 3188 843 3226 non
900 3172 1117 3226 audeas
1177 3173 1330 3240 [(096,
1393 3189 1499 3226 nos
1553 3174 1791 3238 audeas,

141 3259 360 3330 Harum]
391 3259 780 3330 frequentare,
805 3264 863 3314 et
893 3277 1136 3331 quaeque
1168 3259 1550 3331 congruentia
1574 3265 1796 3333 tempo-

143 3347 313 3404 ribus
342 3347 687 3420 opportunis
713 3364 1050 3420 suggerere;
1077 3348 1221 3404 sciat
1241 3349 1538 3404 beatitudo
1563 3354 1797 3415 tua,nos

143 3437 294 3492 bene
325 3452 696 3508 cognoscere,
720 3437 872 3508 quod
899 3438 1350 3508 praedecessores
1372 3437 1484 3493 mei
1505 3439 1658 3493 inter
1687 3439 1800 3494 alia

143 3524 391 3580 honoris
445 3525 724 3580 beneficia
770 3525 1224 3596 praedecessores
1251 3533 1384 3581 tuos
1411 3527 1554 3582 adeo
1588 3527 1800 3582 dilexe-

143 3612 284 3680 rint,
318 3617 385 3667 ut
405 3613 491 3668 eis
512 3611 666 3668 vices
688 3631 828 3668 suas
861 3613 920 3666 in
953 3613 1070 3668 illis
1100 3614 1370 3685 partibus
1401 3616 1649 3672 retinere
1671 3634 1803 3671 con-

141 3702 464 3768 senserint,
500 3701 1000 3773 quemadmodum
1031 3702 1236 3772 quinta
1277 3704 1451 3758 refert
1497 3710 1700 3760 sancta
1746 3710 1802 3761 et

141 3789 501 3845 universalis
533 3791 812 3861 synodus.
838 3791 924 3845 Tu
956 3807 1088 3845 vero
1119 3790 1165 3845 si
1199 3793 1489 3862 promissa
1518 3797 1630 3847 tuae
1662 3794 1800 3849 dile-

136 3878 356 3934 ctionis
407 3878 738 3950 perfeceris,
791 3882 847 3934 et
895 3879 1064 3934 nobis
1112 3880 1548 3948 consentiendo,
1599 3887 1801 3937 contra

133 3983 354 4039 pravos
388 3983 654 4038 quosque
684 3965 771 4022 vcl
802 3971 1003 4022 contra
1039 3967 1314 4023 molestos
1366 3968 1533 4023 nobis
1585 3969 1801 4026 haerere

133 4055 546 4130 contenderis,
588 4059 645 4110 et
674 4073 708 4110 a
737 4056 984 4110 decretis
1005 4057 1233 4111 deviare
1258 4057 1540 4128 refugeris
1573 4073 1587 4111 :
1623 4075 1801 4114 nove-

133 4143 218 4199 ris
238 4148 296 4200 te
313 4143 532 4200 deinde
548 4143 910 4215 apostolatus
928 4145 1112 4200 nostri
1130 4144 1328 4217 clypeo
1350 4147 1797 4217 protegendum,

132 4237 190 4288 et
221 4232 540 4288 charitatis
581 4249 646 4288 ac
696 4233 928 4305 pietatis
976 4233 1233 4289 brachiis
1285 4234 1476 4288 modis
1523 4235 1801 4290 omnibus

133 4319 693 4393 complectendum;
718 4326 981 4377 sanctam
1007 4339 1239 4394 quoque
1259 4321 1573 4378 Ecclesiam
1599 4323 1802 4378 divini-

130 4414 230 4465 tus
262 4411 380 4465 tibi
419 4409 702 4465 creditam
734 4415 935 4465 nostra
967 4410 1356 4467 sollicitudine
1385 4416 1442 4466 et
1476 4411 1798 4484 vigilantia,

129 4503 382 4554 auctore
415 4498 554 4562 Deo,
586 4497 945 4569 peramplius
973 4503 1030 4554 et
1060 4499 1374 4571 perfectius
1416 4503 1802 4572 augmentan-

129 4587 294 4644 dam.
336 4587 572 4641 Mittere
602 4591 800 4642 autem
830 4587 998 4642 nobis
1029 4587 1248 4672 legatos
1269 4586 1354 4642 vel
1387 4587 1612 4644 litteras
1641 4593 1802 4644 tanto
1834 4590 1880 4653 D

124 4674 318 4731 libere
352 4674 608 4740 debetis,
641 4680 860 4746 quanto
884 4675 1160 4744 charitas,
1194 4694 1310 4748 qua
1338 4675 1492 4731 circa
1523 4677 1800 4732 sanctita-

124 4768 247 4821 tem
283 4769 462 4820 tuam
496 4763 813 4836 ﬂagramus
835 4764 1033 4835 (quam
1057 4765 1239 4818 latum
1273 4767 1618 4821 mandatum
1651 4766 1801 4838 psal-

124 4851 512 4925 mographus
524 4852 1032 4923 nuncupat),intra
1044 4852 1242 4908 sinum
1257 4853 1668 4925 amplitudinis
1682 4871 1800 4910 suae

1899 609 2072 659 suos;
2106 593 2244 664 quia
2267 594 2435 661 juxta
2465 593 2796 665 apostolum
2832 593 3096 656 Paulum,
3134 597 3366 667 benigna
3386 607 3544 663 cst,ct

1897 683 2084 735 omnia
2108 682 2295 753 sti/fert
2335 688 2384 749 (Ι
2429 687 2549 739 Cor.
2600 677 2741 755 xv).~
2772 685 2983 741 Verum
3035 705 3068 743 a
3115 689 3397 746 charitate
3444 697 3546 748 tua

1899 786 2084 824 unum
2120 771 2227 825 hoc
2259 772 2584 828 necessario
2615 774 3004 845 postulamus,
3041 777 3260 834 scilicet
3298 785 3363 834 ut
3411 798 3544 837 cum

1901 856 2156 929 aliquem
2180 860 2248 913 ad
2271 860 2650 930 apostolicam
2675 863 2873 918 sedem
2894 865 3388 932 miseris,studeat
3409 887 3543 924 eum

1899 949 2002 1000 tua
2032 963 2266 1002 monere
2297 950 2650 1017 fraternitas,
2684 957 2976 1023 quatenus
3007 953 3062 1008 in
3101 957 3396 1013 redeundo
3429 975 3544 1013 non

1902 1052 2324 1108 usquequaque
2355 1038 2604 1094 festinus
2636 1047 2948 1112 appareat;
2981 1059 3046 1098 eo
3078 1046 3232 1115 quod
3279 1047 3543 1102 omnium

1902 1124 2276 1180 ecclesiarum
2310 1126 2408 1180 Dei
2442 1127 2615 1197 (sicut
2644 1129 2767 1200 ipse
2798 1132 2971 1202 nosti)
3003 1150 3142 1188 cura
3189 1135 3545 1208 constringi-

1903 1228 2056 1281 mur,
2088 1218 2144 1268 et
2173 1230 2307 1268 cum
2341 1216 2602 1286 undique
2631 1218 2701 1271 ad
2734 1220 2928 1274 sedem
2961 1223 3340 1293 apostolicam
3373 1225 3546 1282 multi

1904 1299 2129 1356 diversa
2159 1308 2484 1373 quaerentes
2505 1307 2820 1374 confluant,
2844 1309 3132 1366 efficimur
3151 1313 3300 1367 tardi
3328 1314 3399 1368 ad
3431 1315 3547 1369 sin-

1904 1388 2094 1461 gulos,
2127 1391 2266 1445 dum
2300 1391 2572 1450 volumus
2602 1395 3018 1469 benignitatem
3053 1405 3109 1454 et
3151 1401 3543 1473 dapsilitatem

1905 1495 2178 1550 spargere
2205 1497 2307 1550 per
2339 1480 2617 1537 diversos.
2653 1483 2794 1538 Illud
2844 1490 3036 1542 autem
3090 1488 3254 1545 valde
3303 1491 3542 1563 placuit,

1904 1567 2058 1622 unde
2076 1567 2248 1622 etiam
2267 1568 2556 1625 immenso
2577 1572 2832 1642 tripudio
2854 1576 3543 1647 exsultavimus,scilicet,

1905 1656 2182 1726 quoniam
2214 1658 2284 1712 ab
2315 1659 2640 1729 apostolatu
2683 1666 2878 1718 nostro
2926 1665 3208 1721 sciscitati
3258 1669 3395 1739 quid
3445 1673 3547 1724 tua

1904 1744 2185 1799 sanctitas
2215 1746 2378 1816 sequi
2403 1747 2718 1816 debuisset,
2746 1753 3200 1822 prudentissime
3222 1756 3542 1812 decrevisti.

1903 1833 2116 1888 Verum
2145 1836 2412 1905 quamvis
2435 1837 2622 1892 multa
2652 1838 2770 1894 sint
2800 1858 2926 1912 quae
2958 1843 3063 1898 tibi
3097 1845 3325 1900 mittere
3346 1863 3543 1917 posse-

1904 1939 2036 1977 mus
2063 1939 2074 1977 :
2101 1923 2333 1978 interim
2364 1929 2558 1980 tamen
2586 1944 2712 1998 qua?
2737 1929 2793 1984 in
2826 1931 2941 1986 alia
2970 1935 3155 1989 nostri
3186 1935 3545 2007 apostolatus

1902 2011 2147 2082 epistola
2177 2013 2520 2069 beatitudini
2552 2019 2664 2070 tua:
2696 2017 3060 2090 intimamus,
3094 2023 3283 2080 solum
3315 2029 3427 2081 tua:
3460 2044 3546 2082 so-

1904 2100 2082 2155 lertiae
2113 2101 2232 2156 sint
2281 2104 2541 2176 pervigili
2591 2123 2731 2162 cura
2790 2112 3089 2178 sectanda,
3139 2115 3546 2188 przecipuoque

1905 2190 2098 2244 studio
2126 2194 2474 2263 peragenda.
2510 2195 2810 2266 Siquidem
2845 2215 2971 2270 quae
3003 2201 3156 2256 circa
3206 2221 3333 2271 nos,
3366 2206 3546 2261 circa-

1905 2295 2016 2349 que
2047 2280 2245 2334 sedem
2278 2281 2430 2336 beati
2461 2283 2766 2350 Petri,non
2791 2291 2880 2341 est
2918 2287 3075 2344 aliud
3112 2291 3346 2362 signum
3379 2295 3548 2350 devo-

1904 2367 2082 2422 tionis
2114 2373 2250 2435 tum,
2282 2387 2457 2440 quam
2487 2367 2803 2443 polliceris,
2837 2376 2949 2432 nisi
2991 2379 3452 2451 obtemperantia
3495 2388 3552 2439 et

1903 2458 2334 2513 consummatio
2366 2460 2729 2516 decretorum
2762 2467 2819 2518 et
2859 2465 3266 2524 definitionum
3323 2475 3552 2527 nostra-

1904 2562 2057 2614 rum,
2077 2545 2176 2616 qui
2207 2545 2342 2601 licet
2373 2547 2620 2620 indigni,
2644 2568 2747 2622 per
2767 2553 3187 2611 abundantiam
3210 2562 3407 2614 tamen
3429 2577 3556 2633 gra-

1904 2633 1995 2687 tiae
2026 2633 2259 2704 Christi,
2289 2636 2474 2706 ipsius
2507 2638 2705 2693 vicarii
2739 2657 2969 2698 sumus.
2994 2644 3139 2700 Data
3170 2663 3369 2704 mense
3392 2649 3549 2718 Maii,

1904 2723 1996 2778 die
2034 2727 2112 2790 12,
2147 2722 2462 2780 indictione
2489 2744 2588 2780 xu.

2257 2956 2330 2993 AD
2369 2957 2638 2995 CAROLUM
2680 2960 2870 2998 REGEM
2911 2963 3199 3002 MAJOREM.

2506 3049 2942 3121 Fragmentum.

2299 3158 2377 3207 De
2403 3155 2656 3226 conjugio
2686 3159 2869 3215 Caroli
2883 3159 3149 3229 junioris.

1979 3257 2234 3313 Dilectus
2267 3258 2422 3314 filius
2454 3264 2510 3315 et
2540 3263 2938 3334 coaequivocus
2972 3272 3157 3324 voster
3185 3270 3430 3328 Carolus
3477 3277 3549 3330 ad

1905 3351 2166 3402 nostram
2184 3348 2563 3419 apostolicam
2585 3368 2741 3407 nunc
2763 3352 2820 3406 in
2843 3357 3111 3425 praesenti
3127 3358 3353 3416 destina
3371 3367 3554 3418 restu-

1908 3435 2035 3490 duit
2066 3437 2496 3506 paternitatem,
2521 3438 2804 3495 intimans
2824 3443 3093 3500 videlicet
3115 3449 3267 3518 quod
3292 3467 3392 3520 pro
3417 3469 3554 3523 qua-

1909 3523 2046 3577 dam
2081 3523 2299 3578 femina
2327 3542 2360 3579 a
2391 3524 2580 3596 primo
2604 3527 2731 3596 jam
2755 3530 3127 3588 matrimonio
3149 3534 3550 3608 relicta,quam

1911 3611 2036 3668 sine
2065 3618 2277 3680 vestro,
2311 3614 2464 3684 quod
2497 3630 2612 3669 non
2645 3616 2946 3684 debuerat,
2980 3637 3268 3678 consensu
3308 3625 3417 3679 sibi
3459 3644 3551 3682 so-

1911 3699 2165 3756 ciavitin
2199 3702 2561 3774 conjugium,
2606 3708 2806 3759 vestrae
2855 3709 3221 3778 paternitatis
3272 3714 3553 3770 offensam

1909 3788 2238 3844 incurrerit.
2730 3797 2745 3810 '

1978 3878 2127 3932 Item.
2161 3882 2239 3932 De
2271 3895 2446 3934 uxore
2476 3880 2596 3934 ﬁlio
2629 3885 2816 3937 vestro
2839 3887 3168 3956 conjuncta,
3194 3890 3398 3946 sitatis
3423 3909 3553 3947 con-

1907 3969 1999 4020 tra
2027 3965 2388 4022 divinitatem
2417 3968 2710 4024 invenitur
2728 3987 2906 4026 causa
2931 3991 3034 4044 pro
3057 3992 3174 4046 qua
3195 3978 3354 4033 nullo
3381 3982 3553 4036 modo

1908 4069 2036 4108 eam
2055 4053 2268 4108 habere
2285 4055 2789 4121 debeat,volumus
2806 4059 2978 4116 nobis
2995 4066 3228 4118 avestra
3245 4064 3551 4122 dilectione

1910 4141 2366 4208 mandari.Quod
2391 4142 2438 4198 si
2462 4144 2622 4200 nulla
2645 4145 2938 4202 invenitur
2953 4165 3020 4204 ex
3041 4149 3218 4207 latere
3239 4152 3354 4208 alia
3374 4171 3553 4211 causa

1909 4231 2064 4302 quod
2080 4247 2252 4303 grave
2266 4231 2452 4303 pariat
2463 4237 2974 4303 pecc‘atorum,non
3003 4239 3287 4312 reperitur
3297 4244 3554 4299 auctori-

1910 4321 2000 4373 tas
2028 4322 2088 4373 ut
2112 4335 2313 4374 eorum
2338 4320 2523 4375 scindi
2546 4323 2753 4378 debeat
2773 4326 2901 4396 conj
2913 4327 3136 4399 ugium,
3160 4347 3264 4385 nec
3286 4337 3553 4388 nostrum

1911 4412 2000 4463 est
2022 4407 2105 4462 eis
2136 4408 2262 4463 sine
2293 4409 2604 4466 manifesta
2633 4411 2828 4467 delicti
2858 4415 3029 4487 culpa
3068 4434 3184 4472 suae
3237 4423 3556 4492 separatio-

1911 4496 2003 4552 nis
2033 4495 2245 4552 inferre
2275 4499 2701 4570 praejudicium.

1982 4589 2132 4642 Item.
2166 4587 2511 4658 Quanquam
2543 4590 2799 4645 sciamus
2832 4591 3012 4647 tiliam
3035 4597 3372 4663 vestram,si
3395 4598 3553 4666 libet,

1911 4692 2082 4747 posse
2111 4693 2214 4730 vos
2245 4675 2530 4732 Balduino
2562 4677 2899 4751 legaliterin
2923 4699 3159 4738 uxorem
3184 4683 3559 4754 dimittere,et

1911 4763 2146 4836 pietatis
2175 4769 2377 4820 vestrae
2434 4765 2748 4822 clementer
2799 4770 3046 4842 gratiam
3095 4771 3401 4843 impertiri,
3439 4792 3554 4831 non

1908 4857 2105 4908 tamen
2129 4854 2301 4924 jussa
2330 4853 2626 4922 misimus,
2655 4857 2756 4912 sed
2788 4874 2986 4929 preces
3017 4859 3362 4918 obtulimus.
