3894 6218
334 382 491 447 “’83

887 383 993 444 AD
1034 378 1468 442 EPISTOLAS
1511 376 1612 437 ET
1654 370 2020 436 DECRETA
2067 371 2381 433 NICOLAI
2422 368 2654 432 PAPE
2692 369 2719 430 Ῑ
2762 365 3187 430 APPENDIX.

3588 352 3757 420 1184

862 528 3752 563 ____________—__________________——

1626 670 2464 825 APPENDIX.

821 1032 1337 1119 DECIIETA
1399 1029 1619 1117 SEU
1690 1027 2136 1114 llESCRIP
2166 1022 2289 1113 ΓΑ
2344 1021 2818 1110 NICOLAI
2874 1020 3166 1105 PAP/E
3222 1020 3261 1103 Ι

1691 1222 1760 1259 EX
1799 1220 2063 1258 GRATIANI
2100 1218 2390 1257 VOLUMINB

816 1362 934 1423 Per
959 1363 1247 1423 Joannes
1293 1361 1636 1420 Cocuwuu
1670 1358 1732 1415 in
1763 1374 1943 1416 unum
1973 1352 2219 1414 collecta
2247 1364 2304 1413 et
2332 1353 2394 1411 in
2424 1352 2644 1431 viginti
2669 1349 2876 1410 titulos
2901 1346 3243 1408 distributa.

1442 1543 1624 1607 (Apud
1656 1540 1842 1602 Mansi,
1868 1540 2065 1590 Concil.
2098 1538 2333 1603 general.
2360 1542 2490 1589 tom.
2518 1538 2627 1587 XV)

1820 1719 2244 1731 —_—-—

610 1857 685 1913 De
712 1853 1186 1911 constitutionibus
1218 1849 1495 1916 Ecclesu'c,
1529 1850 1615 1903 tit.
1645 1850 1687 1903 Ι.

400 1963 629 2032 I.(Dist.
654 1962 741 2029 l0,
766 1978 817 2016 c.
844 1959 897 2025 Ι,
930 1959 1207 2030 Episcopi:
1240 1958 1298 2011 in
1326 1956 1523 2010 concil.
1559 1953 1703 2026 apud
1736 1954 1977 2009 Consl.v1

326 2052 605 2124 congreg.)
637 2047 928 2121 Impériali
955 2045 1183 2118 judicio
1216 2062 1331 2100 non
1363 2047 1612 2115 possunt
1633 2043 1773 2112 jura
1801 2040 1980 2095 eccle-

328 2142 568 2199 siastica
590 2137 827 2195 dissolvi
856 2155 870 2204 ;
905 2152 1009 2190 nec
1042 2138 1292 2206 possunt
1345 2133 1763 2202 imperatorum
1821 2128 1979 2201 leges

328 2227 679 2300 evangelicis
708 2230 764 2280 et
793 2221 1150 2296 apostolicis,
1175 2226 1352 2291 atque
1381 2218 1679 2275 canonicis
1710 2218 1977 2285 decretis,

331 2319 547 2391 quibus
578 2311 990 2388 postponendze
1025 2314 1184 2376 sunt,
1220 2309 1432 2363 inferre
1464 2306 1887 2379 prazjudicium.

403 2404 471 2460 II.
504 2403 650 2458 Dist.
684 2401 773 2466 l2,
805 2398 1164 2465 Ridiculum.)
1198 2392 1532 2450 Ridiculum
1573 2396 1683 2459 est,
1733 2396 1791 2447 et
1838 2391 1982 2447 satis

330 2490 723 2549 abominabile
744 2488 1091 2553 dedecus,ut
1118 2482 1459 2540 traditiones
1486 2499 1634 2554 quas
1656 2479 1982 2552 antiquitus

331 2601 365 2640 a
395 2580 659 2657 patribus
684 2575 1075 2648 suscepimus,
1110 2571 1348 2644 infringi
1381 2570 1694 2643 patiamur.

800 2686 874 2739 De
904 2679 1312 2746 consuetudine,
1346 2680 1410 2732 tit
1438 2677 1508 2732 ιι.

402 2798 446 2854 Ι.
480 2794 645 2869 (Dist.
678 2795 732 2861 8,
757 2807 806 2846 c.
829 2792 883 2855 8,
917 2788 1120 2853 Mala.)
1154 2784 1309 2840 Mala
1339 2783 1700 2839 consuetudo
1732 2799 1848 2837 non
1881 2781 1985 2836 mi-

332 2904 446 2943 nus
476 2900 653 2957 quam
685 2876 1013 2953 perniciosa
1043 2872 1375 2946 corruptela
1418 2870 1751 2942 abjicienda
1794 2875 1851 2925 et
1897 2870 1983 2925 vi-

335 2976 518 3032 tanda
546 2976 654 3028 est.

404 3065 475 3119 II.
507 3061 677 3130 (Dist.
709 3060 799 3124 22,
832 3055 999 3113 Mich.
1032 3054 1194 3124 imp.)
1221 3049 1373 3105 Nihil
1408 3049 1625 3104 absunt
1663 3047 1839 3102 saluti
1860 3064 1984 3103 cre-

332 3153 598 3211 dentium
620 3148 863 3204 diversae
887 3160 991 3217 pro
1015 3141 1139 3197 loco
1160 3144 1217 3195 et
1246 3144 1509 3211 tempore
1538 3136 1985 3193 constitutiones

330 3240 420 3296 vel
449 3211 928 3298 consuetudines,
971 3230 1021 3286 si
1070 3227 1187 3283 illis
1240 3225 1520 3282 canonica
1569 3241 1685 3279 non
1735 3223 1988 3280 obsistat
2016 3211 2064 3278 Β

335 3327 673 3385 auctoritas.

405 3419 504 3473 III.
538 3415 707 3487 (Dist.
728 3412 819 3475 21,
846 3409 1138 3478 Denique.)
1161 3403 1248 3459 Illi
1279 3403 1381 3474 qui
1410 3406 1545 3458 ante
1578 3419 1686 3458 nos
1718 3402 1977 3471 fuerunt,

334 3505 636 3580 providam
665 3501 728 3556 in
759 3495 1031 3554 Ecclesiis
1079 3491 1563 3580 consuetudinem
1594 3491 1982 3558 tradiderunt,

334 3579 627 3664 bodieque
648 3590 707 3643 in
722 3593 983 3643 Romana
1002 3579 1413 3651 Ecclesia,qum
1439 3580 1722 3651 magistra
1746 3583 1835 3635 est
1856 3596 1985 3635 om-

339 3684 505 3738 nium
540 3675 953 3738 Ecclesiarum,
979 3669 1452 3742 impraztermisse
1482 3672 1764 3734 servatur,
1797 3668 1880 3723 ita
1923 3673 1989 3723 ut

338 3770 538 3827 nullus
565 3764 858 3828 sacerdos,
875 3760 1098 3830 majore
1120 3775 1225 3838 suo
1247 3774 1362 3812 non
1384 3756 1663 3812 innuente
1682 3774 1986 3813 consacer-

339 3861 494 3926 dote,
527 3852 845 3926 cujuslibet
876 3849 958 3904 rei
979 3846 1442 3903 benedictionem
1464 3846 1603 3901 dare
1627 3845 1987 3901 nitatur.Sed

338 3954 396 4006 et
423 3945 681 4003 anterior
700 3946 864 3998 stans
890 3939 960 3995 ad
989 3935 1486 4009 pronuntiandam
1511 3934 1769 4007 aliquam
1793 3934 1990 3990 lectio-

340 4030 969 4103 nem,benedictionem
992 4025 1233 4098 quidem
1260 4022 1646 4095 postulat,sed
1669 4024 1719 4077 ei
1743 4022 1991 4094 quilibet

339 4125 580 4183 inferior
606 4138 723 4178 non
757 4118 933 4174 audet
961 4113 1326 4180 benedicere,
1358 4111 1496 4184 quia
1520 4111 1579 4167 in
1615 4111 1873 4183 Epistola
1916 4111 1989 4166 ad

340 4215 610 4271 Hebraeos
641 4208 891 4282 legimus
920 4204 1077 4278 quod
1108 4202 1302 4258 minor
1322 4218 1357 4257 a
1378 4202 1600 4273 majore
1622 4200 1991 4256 benedicitur

341 4302 521 4375 (Hebr.
552 4302 659 4368 ιιι).

865 4403 940 4457 De
958 4399 1211 4472 judiciis,
1245 4399 1332 4453 είε.
1365 4397 1457 4452 ιιι.

415 4517 456 4572 Ι.
488 4515 656 4589 (Dist.
692 4513 779 4579 t2,
809 4526 860 4564 e.
896 4506 1173 4579 Inferior.)
1207 4502 1449 4560 Inferior
1496 4503 1665 4557 sedes
1709 4501 1991 4574 potiorem

344 4575 774 4668 absolvere,aut
788 4575 1013 4670 judicio
1041 4575 1226 4666 ligare
1255 4608 1373 4646 non
1392 4593 1717 4661 potest,nec
1739 4590 1990 4663 propriis
2028 4575 2071 4642 C

345 4690 797 4749 dilﬁnitionibus
827 4686 1165 4755 subjugare.

412 4778 482 4837 ll.
515 4778 710 4849 (Ibid.,
743 4794 791 4831 c.
824 4772 1045 4841 Nolite.)
1080 4768 1258 4824 Filios
1292 4765 1448 4820 circa
1479 4764 1842 4836 spiritualem
1892 4785 1992 4840 pa-

344 4875 515 4936 trem,
543 4871 607 4923 ut
636 4861 959 4935 discipulos
988 4873 1126 4929 erga
1154 4853 1528 4925 magistrum,
1556 4852 1638 4907 ita
1667 4853 1896 4909 sobrios
1926 4872 1993 4910 ac

345 4958 584 5013 devotos
614 4969 743 5008 esse
772 4952 955 5013 decet,
990 4950 1054 5000 ut
1084 4941 1247 4998 nulla
1279 4940 1511 5013 penitus
1549 4942 1873 4998 temeritate
1918 4944 1992 4999 ad

346 5061 548 5102 eorum
578 5041 758 5097 vitam
790 5032 1253 5108 dijudicandam,
1314 5045 1420 5084 nec
1476 5028 1683 5084 saltem
1741 5032 1995 5086 tenuiter

347 5127 908 5204 reprehendendam,
937 5118 1264 5193 prosiliant.

420 5219 495 5275 III
524 5214 720 5285 (Ibid.,
753 5230 803 5266 c.
836 5210 1036 5276 Nunc.)
1064 5208 1187 5262 Non
1220 5210 1410 5279 potest
1438 5205 1753 5278 quisquam
1783 5207 1889 5264 rite
1920 5211 1992 5265 ab

347 5307 441 5362 his
454 5303 551 5375 qui
575 5296 867 5353 inferioris
886 5294 1109 5351 ordinis
1130 5293 1217 5349 vel
1240 5293 1547 5365 dignitatis
1569 5298 1727 5356 sunt,
1734 5296 1759 5365 j
1769 5294 1995 5353 udicia-

348 5394 503 5448 libus
515 5383 810 5444 submittti
831 5381 1476 5439 difﬁnitionibus.Unde
1498 5381 1718 5436 factum
1739 5387 1829 5437 est
1847 5389 1913 5438 ut
1934 5386 1992 5440 in

346 5477 592 5537 concilio
605 5472 1009 5547 episcoporum
1033 5471 1231 5528 nullus
1253 5473 1311 5526 in
1327 5469 1733 5527 Marcellinum
1756 5487 1992 5543 papam,

348 5567 450 5637 qui
477 5571 735 5630 tempore
766 5562 1104 5619 Diocletiani
1134 5565 1191 5617 et
1226 5558 1566 5616 Maximiani
1591 5560 1994 5629 Augustorum

350 5650 523 5706 idolis
552 5650 891 5721 compulsus
920 5649 1367 5713 sacriﬁcaverat,
1392 5648 1493 5702 sed
1520 5650 1725 5717 postea
1744 5646 1995 5718 insignis

2006 1846 2061 1913 Α
2092 1848 2313 1917 martyr
2343 1842 2582 1898 ell'ectus
2605 1844 2717 1901 est.
2741 1838 3092 1894 sententiam
3125 1836 3386 1909 proferre
3416 1850 3605 1888 ausus
3629 1831 3763 1886 fue-

2090 1934 2184 2001 rit,
2214 1934 2356 1987 dum
2384 1931 2436 1987 ei
2466 1929 2788 2002 saepissime
2818 1943 3023 1982 omnes
3053 1925 3350 1980 dicerent:
3377 1924 3505 1977 Tuo
3537 1938 3639 1976 ore
3661 1921 3757 1991 ju-

2089 2022 2220 2076 dica
2250 2036 2489 2076 causam
2520 2022 2707 2083 tuam,
2742 2033 2860 2071 non
2893 2019 3091 2070 nostro
3114 2011 3360 2085 judicio.
3394 2011 3465 2065 Et
3486 2010 3705 2064 iterum
3737 2026 3752 2061 :

2090 2108 2219 2165 Noli
2251 2106 2441 2163 audiri
2472 2106 2531 2161 in
2565 2110 2761 2161 nostro
2785 2101 3150 2176 judicio,sed
3172 2098 3383 2173 collige
3403 2098 3465 2153 in
3486 2096 3625 2153 sinu
3652 2099 3751 2150 tuo

2089 2214 2329 2253 causam
2363 2201 2549 2262 tuam,
2582 2199 2690 2250 etc.

2162 2286 2257 2340 IV.
2293 2285 2486 2355 (Ibid.,
2519 2300 2570 2338 c.
2605 2278 2754 2355 seq.)
2775 2279 3132 2353 Acepbalum
3163 2277 3352 2350 liquet
3379 2291 3510 2331 esse
3551 2274 3752 2329 conci-

2088 2374 2257 2443 lium,
2292 2374 2391 2428 ubi
2424 2375 2494 2428 de
2526 2376 2691 2427 tanta
2718 2387 2970 2443 persona
2989 2367 3201 2441 agitur,
3226 2370 3285 2421 et
3306 2364 3604 2435 majorum
3627 2378 3745 2417 non

2089 2466 2458 2534 exspectatur
2487 2458 2794 2525 sententia,
2810 2472 2943 2513 cum
2975 2460 3033 2511 et
3065 2455 3123 2509 in
3154 2469 3335 2509 causa
3354 2450 3633 2506 clericum
3661 2448 3744 2503 in-

2092 2550 2318 2606 ferioris
2330 2549 2548 2623 gradus
2570 2546 2755 2603 solius
2778 2542 3035 2618 episcopi
3059 2542 3151 2598 sui
3165 2539 3464 2613 judicium
3486 2541 3743 2593 tantum-

2091 2641 2263 2695 modo
2296 2636 2711 2709 postulandum
2744 2635 2863 2702 [al.,
2899 2629 3378 2706 praestolantium]
3408 2627 3491 2681 ﬁt.

2163 2728 2231 2783 V.
2266 2726 2456 2799 (Ibid.,
2472 2742 2522 2780 c.
2544 2726 2694 2796 seq.)
2713 2724 2777 2778 In
2800 2726 3029 2778 tantum
3052 2719 3203 2774 hanc
3224 2715 3746 2790 praesumptionem

2092 2816 2278 2872 sancti
2310 2816 2507 2870 Patres
2538 2812 2693 2885 apud
2724 2809 3148 2866 Chalcedonem
3181 2804 3453 2862 detestati
3484 2807 3655 2869 sunt,
3686 2806 3751 2855 ut

2092 2905 2434 2961 Dioscorum
2475 2900 2935 2957 Alexandrinum
2966 2896 3292 2952 antistitem
3342 2894 3495 2948 inter
3542 2895 3752 2946 cetera

2091 2993 2307 3049 idcirco
2339 2990 2712 3065 potissimum
2746 2987 2874 3044 sine
2905 2985 3026 3042 ulla
3054 2982 3426 3040 restitutione
3441 2981 3749 3039 damnave-

2093 3083 2233 3148 rint,
2268 3082 2421 3154 quod
2455 3094 2679 3151 ponens
2709 3077 2768 3131 in
2800 3074 3011 3131 cmlhm
3043 3090 3110 3129 os
3141 3087 3340 3137 suum,
3374 3068 3580 3142 lingua
3615 3068 3747 3137 ejus

2092 3172 2435 3227 transeunte
2465 3184 2642 3240 super
2678 3170 2917 3232 terram,
2970 3158 3635 3219 excommunicationem
3686 3154 3746 3211 in

2095 3264 2365 3316 sanctum
2398 3258 2647 3313 Leonem
2680 3271 2890 3327 papam
2923 3250 3180 3308 dictavit.

2160 3348 2256 3404 VI.
2290 3351 2366 3417 (2,
2401 3364 2458 3418 q.
2490 3350 2545 3413 2,
2580 3362 2631 3399 c.
2662 3347 2717 3415 2,
2751 3343 2941 3399 Carolo
2970 3342 3093 3410 regi
3118 3338 3500 3404 Francorum.)
3529 3334 3748 3390 Omnes

2092 3436 2272 3510 leges,
2302 3442 2424 3491 tam
2455 3431 2858 3489 ecclesiasticae
2890 3446 3067 3502 quam
3089 3427 3361 3500 vulgares
3389 3428 3445 3479 et
3474 3420 3745 3495 publicae,

2092 3507 2440 3599 priecipiunt
2468 3526 2534 3577 ut
2563 3520 2762 3577 omnia
2792 3519 2904 3575 sibi
2935 3517 3131 3573 ablata
3160 3514 3549 3572 restituantur
3569 3510 3621 3565 ei
3649 3507 3749 3582 qui

2095 3616 2225 3671 suis
2254 3618 2343 3669 est
2374 3612 2548 3667 rebus
2577 3608 2956 3682 exspoliatus.

2166 3703 2289 3758 VII.
2324 3702 2396 3773 (3,
2428 3717 2485 3772 q.
2516 3702 2572 3767 5,
2605 3716 2656 3753 c.
2686 3700 2740 3766 2,
2776 3696 2933 3751 Hich.
2978 3693 3136 3765 imp.)
3170 3691 3333 3758 Quod
3387 3687 3642 3761 suspecti
3692 3692 3749 3741 et

2094 3791 2315 3847 inimici
2337 3789 2574 3861 judices
2604 3804 2733 3842 esse
2763 3803 2878 3840 non
2909 3784 3179 3848 debeant,
3213 3784 3269 3836 et
3299 3780 3432 3851 ipsa
3470 3776 3618 3832 ratio
3659 3774 3749 3830 di-

2096 3884 2235 3947 ctat,
2252 3884 2309 3935 et
2336 3875 2609 3950 plurimis
2640 3876 2923 3947 probatur
2951 3867 3415 3943 exemplis.Nam
3448 3865 3587 3939 quid
3618 3880 3748 3936 gra-

2094 3969 2215 4025 tius
2245 3974 2301 4023 et
2334 3963 2648 4023 amabilius
2669 3964 2807 4018 dare
2828 3962 2962 4033 quis
2983 3959 3222 4014 inimico
3251 3959 3464 4030 potest,
3488 3969 3671 4026 quam
3701 3952 3745 4006 si

2096 4058 2148 4114 ei
2178 4058 2252 4114 ad
2285 4053 2688 4129 impetendum
2720 4049 3102 4118 commiserit,
3148 4063 3326 4120 quem
3356 4044 3566 4099 ledere
3605 4042 3747 4097 forte

2095 4145 2366 4203 voluerit.

2165 4235 2317 4290 VIII.
2337 4233 2409 4306 (3,
2430 4249 2487 4305 q.
2504 4229 2821 4300 9,Rcvera.)
2851 4228 3070 4282 Revera
3090 4225 3295 4297 justus
3321 4220 3610 4278 mediator
3636 4234 3748 4273 non

2097 4329 2208 4392 est,
2241 4322 2344 4395 qui
2376 4338 2492 4377 uno
2526 4318 2813 4392 litigante,
2847 4320 2904 4372 et
2933 4314 3114 4371 altero
3144 4314 3409 4377 absente,
3441 4308 3747 4364 amborum

2098 4413 2463 4484 emergentes
2491 4407 2625 4463 lites
2656 4405 2919 4461 decidere
2951 4421 3064 4458 non
3095 4399 3392 4457 formidat.

2168 4480 2486 4571 IX.'(Ibid.,
2520 4513 2569 4552 c.
2602 4495 2907 4561 Indicam.)
2938 4490 3168 4548 Indicas
3195 4490 3603 4545 Hermannum
3632 4480 3749 4554 epi-

2100 4605 2343 4663 scopum
2376 4603 2553 4658 super
2582 4583 2940 4656 quibusdam
2963 4580 3297 4652 frequenter
3318 4576 3501 4631 fuisse
3521 4587 3752 4629 accusa-

2099 4662 2255 4736 tum:
2273 4694 2376 4750 pro
2397 4671 2780 4748 quibus,quia
2801 4687 2870 4726 ex
2892 4673 3055 4742 parte
3079 4668 3269 4739 ipsius
3291 4679 3548 4738 persona
3569 4662 3747 4750 deest,

2101 4785 2210 4824 nos
2240 4766 2341 4822 uni
2374 4745 2525 4837 parti
2556 4762 2629 4818 ad
2659 4759 2976 4817 discrimen
3009 4755 3252 4813 alterius
3283 4753 3520 4810 credere
3554 4745 3747 4822 procul

2098 4855 2281 4912 dubio
2314 4870 2429 4909 non
2460 4866 2802 4924 possumus.

2171 4945 2235 4999 X.
2268 4943 2465 5013 (Ibid.,
2492 4957 2543 4995 ο.
2573 4941 2629 5006 6,
2661 4938 2724 4993 Si
2753 4935 2938 5008 forte.)
2987 4935 3237 4990 Necesse
3287 4934 3379 4987 est
3425 4925 3747 4984 secundum

2101 5048 2402 5089 sacrarum
2416 5028 2853 5100 Scripturarum
2879 5025 3322 5087 documentum,
3338 5035 3408 5074 ac
3429 5013 3746 5072 secundum

2092 5120 2336 5193 justitia:
2368 5116 2687 5182 tramitem,
2714 5118 2772 5169 et
2801 5116 3145 5168 accusatum
3174 5113 3233 5165 et
3260 5108 3662 5163 accusatorem
3682 5100 3749 5156 si-

2102 5209 2226 5264 mul
2257 5209 2486 5271 adesse,
2506 5210 2566 5261 et
2586 5219 2767 5259 unam
2800 5206 3045 5274 partem,
3063 5202 3521 5273 quantacunque
3541 5195 3600 5246 et
3620 5206 3748 5262 qua-

2100 5298 2377 5369 licunque
2410 5293 2651 5367 praadita
2680 5291 2759 5347 sit
2790 5288 3257 5357 auctoritate,sic
3288 5298 3536 5358 prorsus
3565 5278 3743 5335 audiri

2102 5391 2168 5442 ut
2196 5385 2362 5442 alteri
2395 5383 2543 5455 parti
2576 5379 2806 5436 nullum
2838 5377 3244 5450 praeiudicium
3277 5374 3587 5444 irrogetur.

2174 5476 2265 5530 x1.
2301 5453 2454 5546 (1.3;.
2491 5473 2542 5536 1,
2575 5486 2626 5525 c.
2658 5471 2713 5535 2,
2747 5466 2971 5522 Michael
2996 5465 3153 5538 imp.)
3184 5459 3484 5519 Haereticis
3516 5472 3633 5511 non
3682 5453 3746 5507 li—

2103 5568 2193 5619 cet
2221 5560 2625 5618 accusationes
2654 5560 2858 5611 contra
2900 5554 3253 5610 orthodoxos
3300 5548 3607 5623 episcopos
3652 5556 3745 5613 pm

2102 5649 2517 5709 ecclesiasticis
2547 5648 2735 5702 facere
2765 5644 3036 5719 negotiis.
3051 5641 3365 5700 Haereticos
3394 5639 3592 5694 autem
3618 5629 3748 5689 dici-
