3894 6218
108 410 259 474 1485

1102 406 1467 470 DECRETA
1515 407 1615 469 EX
1659 408 2063 475 GBA'l‘IANO
2106 411 2525 477 COLLECTA.

3370 414 3531 475 1186

111 560 241 600 mus
271 546 396 600 tam
427 560 526 599 eos
554 542 653 615 qui
696 538 835 597 olim
886 540 959 595 ab
1007 539 1264 595 Ecclesia
1312 540 1552 612 projecti
1603 545 1761 608 sunt,
1791 542 1847 609 Α
1878 560 1993 597 non
2024 560 2175 616 papa
2204 545 2291 600 vel
2339 545 2716 619 apostolicus,
2761 547 2861 601 sed
2908 546 3268 617 apostaticus
3315 546 3532 603 habea-

112 650 287 705 quam
322 632 422 705 qui
456 637 587 706 post
614 631 725 687 hoc
767 648 802 686 a
852 629 1022 685 nobis
1070 628 1547 684 anathematizati
1600 633 1758 685 sunt.

107 722 321 779 Praeter
347 721 455 777 bos
486 725 683 778 autem
714 723 771 775 et
796 736 895 775 eos
928 718 1028 791 qui
1062 718 1237 773 {idem
1290 734 1493 774 sanam
1547 723 1764 791 negant

104 810 189 866 vel
223 810 517 867 simulant
546 808 831 865 confiteri.

174 899 297 955 XII.
332 900 405 972 (4,
442 900 559 971 q.4,
594 915 643 954 c.
678 898 811 967 fin.)
844 896 1055 951 Contra
1087 896 1265 951 ritum
1299 896 1762 953 ecclesiasticum

109 992 427 1060 contraque
459 987 817 1042 venerandas
838 986 994 1058 leges
1008 983 1349 1057 producitur
1361 990 1666 1041 accusator
1676 984 1761 1040 vel

108 1075 274 1132 testis
306 1076 378 1132 de
396 1074 799 1148 imperialibus
821 1074 1233 1144 aedibus,etcui
1260 1073 1531 1147 imperari
1553 1077 1759 1146 potest.

106 1164 175 1219 ad
205 1162 425 1219 falsum
459 1163 773 1219 dicendum
807 1162 1216 1217 testimonium
1247 1162 1587 1231 adhibetur;
1614 1163 1763 1217 fiunt

107 1252 368 1325 suspecti
390 1251 661 1323 judices;
697 1255 752 1307 et
781 1250 929 1323 lupi,
962 1251 1257 1307 custodes.

173 1341 327 1397 XIII.
363 1342 435 1413 (6,
471 1358 527 1413 q.
562 1342 615 1411 4,
650 1339 800 1409 Quod
832 1342 962 1396 bene
993 1340 1187 1395 Carolo
1222 1342 1339 1411 regi
1384 1341 1761 1408 Francorum.)

105 1430 267 1493 Quod
301 1430 447 1486 bene
480 1428 657 1485 semel
691 1429 1009 1485 difﬁnitum
1042 1433 1151 1495 est,
1180 1432 1235 1484 et
1277 1429 1636 1501 interpositis
1658 1430 1763 1500 ju-

106 1518 390 1575 ramentis
438 1517 849 1585 deliberatum,
884 1517 1047 1573 nulla
1087 1518 1258 1572 debet
1289 1517 1611 1581 iteratione,
1649 1517 1759 1572 nisi

108 1607 378 1663 fortassis
408 1607 508 1662 ubi
539 1606 711 1662 fuerit
741 1608 930 1678 major
960 1605 1298 1673 auctoritas,
1332 1606 1652 1661 retractari.

174 1696 317 1753 XIV.
352 1698 469 1769 (24,
504 1713 560 1769 q.
598 1698 647 1767 1,
697 1697 787 1752 Ait
828 1696 985 1751 Mich.
1042 1697 1173 1767 imp.
1225 1697 1472 1766 August.)
1502 1695 1596 1749 Ait
1638 1694 1760 1749 Cm-

106 1766 365 1841 lestinus
402 1766 571 1857 papa,
608 1766 1005 1840 Orientalibus
1036 1766 1325 1856 episcopis
1356 1783 1620 1838 scribens
1654 1800 1665 1837 :
1702 1782 1761 1837 Si

107 1873 237 1946 quis
270 1875 345 1929 ab
376 1873 647 1946 episcopo
676 1872 963 1940 Neslorio,
996 1872 1084 1928 vel
1115 1872 1187 1929 ab
1219 1870 1350 1927 aliis
1383 1871 1479 1943 qui
1513 1888 1647 1978 cum
1679 1888 1764 1927 se-
1795 1913 1843 1978 B

110 1966 395 2035 quuntur,
432 1978 499 2017 ex
531 1978 647 2034 quo
681 1961 821 2016 talia
851 1961 1166 2033 praedicare
1198 1963 1514 2033 coeperunt,
1545 1959 1633 2014 vel
1666 1976 1763 2014 ex-

109 2051 583 2107 communicatus
613 2050 699 2105 vel
731 2054 940 2105 exutus
972 2054 1061 2104 est
1092 2066 1193 2105 seu
1226 2048 1510 2104 antistitis
1534 2064 1635 2103 seu
1656 2047 1764 2103 ele-

108 2138 211 2195 rici
243 2138 617 2212 dignitate,in
652 2142 855 2195 nostra
884 2138 1043 2192 hunc
1075 2136 1488 2193 communione
1519 2138 1763 2193 durasse

108 2232 164 2284 et
194 2228 409 2283 durare
436 2227 813 2284 manifestum
841 2227 1078 2283 est.Nec
1101 2227 1442 2298 judicamus
1471 2242 1604 2280 eum
1638 2242 1766 2280 esse

108 2320 422 2383 remotum,
456 2315 595 2388 quia
626 2333 741 2372 non
774 2320 1000 2388 poterat
1030 2332 1387 2389 quemquam
1422 2316 1550 2386 ejus
1581 2331 1769 2369 remo-

108 2421 236 2461 vere
267 2405 683 2477 sententia,qui
707 2406 835 2476 jam
862 2422 921 2461 se
954 2404 1280 2477 praebuerat
1310 2404 1434 2476 ipse
1466 2420 1766 2461 removen-

116 2495 278 2550 dum.

181 2583 299 2638 XV.
344 2583 456 2653 (33,
499 2600 554 2655 q.
598 2586 654 2649 2,
706 2584 966 2638 Historia.
1002 2582 1194 2638 Carolo
1233 2585 1359 2653 regi
1387 2584 1769 2651 Francorum.)

113 2671 368 2727 Historia
379 2671 775 2727 ecclesiastica
788 2671 859 2727 ab
876 2671 1121 2727 Eusebio
1135 2671 1483 2727 Czesareensi
1498 2671 1768 2743 episcopo

117 2761 476 2829 confecta,de
502 2759 761 2816 muliere.
777 2761 1032 2832 quadam
1066 2777 1181 2833 qua
1203 2760 1273 2815 de
1301 2760 1567 2815 castitate
1591 2777 1624 2814 a
1645 2776 1768 2814 ma-

115 2849 225 2906 rito
257 2848 1140 2921 accusabatur,ait:Preeceptum
1173 2852 1262 2905 est
1292 2850 1364 2904 ab
1394 2848 1767 2920 imperatore,

117 2937 241 3011 lege
274 2938 488 3004 lata,ut
517 2937 706 3010 primo
739 2938 1174 3010 permitteretur
1194 2937 1245 2993 ei
1276 2954 1396 2993 rem
1424 2937 1770 2992 familiarem

1873 634 1988 685 tur.
2025 631 2336 705 Liceatque
2370 633 2769 689 cardinalibus
2808 637 2863 689 et
2893 633 3023 689 aliis
3072 634 3297 690 clericis
3344 635 3528 691 Deum

1872 719 2238 788 timentibus,
2275 729 2331 776 et
2360 721 2549 791 laicis,
2581 724 2909 778 invasorem
2960 722 3128 779 illum
3178 724 3524 779 anathema-

1872 806 2069 875 tizare,
2105 812 2161 864 et
2198 808 2458 867 humano
2507 810 2725 867 auxilio
2774 829 2808 867 a
2860 812 2995 867 sede
3045 812 3366 883 apostolica
3414 812 3533 886 pel-

1871 894 2007 951 lere.

1944 985 2039 1039 III.
2090 986 2255 1056 (Dist.
2307 990 2397 1057 97,
2442 1006 2491 1043 c.
2548 990 2759 1045 Ludov.
2816 990 2980 1061 imp.)
3030 991 3187 1046 Licet
3228 1008 3533 1063 nunquam

1872 1074 2199 1145 apostolica:
2232 1076 2386 1131 sedis
2421 1078 2638 1134 modus
2672 1079 2846 1134 fuerit
2876 1079 3098 1150 absque
3130 1079 3377 1153 signatis
3410 1080 3533 1151 api-

1870 1163 2038 1218 cibus
2071 1165 2461 1236 undecunque
2493 1166 2845 1240 legationem
2886 1168 3317 1240 suscipere,nos
3337 1173 3533 1224 tamen

1872 1250 2298 1308 sublimitatem
2330 1258 2582 1309 vestram
2617 1256 2675 1311 in
2708 1255 3075 1311 nobilissimo
3107 1256 3229 1313 viro
3282 1273 3349 1312 ac
3381 1262 3534 1312 stre-

1871 1358 1988 1396 nuo
2028 1340 2217 1413 legato
2246 1347 2438 1399 vestro
2480 1344 2859 1412 honorantes,
2893 1346 3138 1417 ejusque
3186 1345 3531 1419 gravitatem

1871 1433 1929 1484 et
1959 1429 2327 1502 eloquiorum
2359 1430 2519 1487 illius
2550 1433 2835 1489 veridicas
2867 1438 3286 1507 cognoscentes
3333 1451 3524 1490 asser-

1870 1518 2080 1584 tiones,
2114 1519 2295 1575 nihilo
2344 1522 2541 1577 minus
2591 1539 2725 1577 cum
2772 1523 2994 1595 absque
3044 1523 3289 1596 epistola
3339 1528 3533 1579 vestra

1871 1608 2262 1679 suscepimus.

1943 1695 2032 1750 IV.
2069 1696 2143 1767 (1,
2178 1714 2235 1769 q.
2275 1699 2295 1753 1
2334 1703 2389 1753 et
2413 1698 2467 1765 9,
2502 1716 2559 1771 q.
2593 1699 2645 1765 3,
2679 1715 2728 1755 c.
2768 1705 2877 1755 Per
2905 1699 3313 1770 principalem.
3351 1702 3522 1758 Mich.

1870 1782 2032 1853 imp.)
2056 1784 2164 1840 Per
2191 1785 2572 1859 principalem
2605 1788 2908 1843 beatorum
2943 1788 3337 1861 apostolorum
3371 1789 3527 1845 Petri

1872 1875 1927 1927 et
1960 1872 2119 1927 Pauli
2149 1874 2497 1942 dextram,et
2529 1881 2875 1947 potestatem
2898 1881 2953 1933 et
2967 1879 3070 1949 jus
3100 1877 3530 1946 habemus,non

1875 1961 2062 2017 solum
2099 1962 2156 2017 in
2190 1964 2531 2033 monachos,
2562 1982 2762 2021 verum
2790 1966 2967 2022 etiam
2998 1966 3058 2021 in
3090 1966 3385 2039 quoslibet
3415 1966 3530 2023 cle-
3558 2004 3565 2013 π

1874 2049 2024 2106 ricos
2055 2050 2126 2105 de
2174 2068 2526 2123 quacunque
2574 2054 2827 2121 dioecesi,
2862 2071 2997 2110 cum
3048 2072 3284 2112 necesse
3331 2055 3528 2123 fuerit,

1874 2142 2050 2210 atque
2090 2139 2504 2196 ecclesiasticis
2556 2140 2919 2214 exigentibus
2968 2143 3527 2215 opportunitatibus,

1874 2226 2140 2283 invitare.

1945 2315 2013 2371 V.
2067 2320 2141 2385 (2,
2193 2333 2250 2387 q.
2303 2318 2356 2372 6.
2413 2319 2637 2389 Arguta
2693 2319 3001 2375 Rhemensi
3050 2321 3531 2391 archiepiscopo.)

1875 2406 2099 2477 Arguta
2128 2405 2416 2478 sapientia
2447 2411 2550 2462 tua
2582 2408 2887 2463 materiam
2920 2408 3300 2480 depositionis
3330 2411 3530 2465 adver-

1877 2510 1982 2548 sus
2014 2493 2343 2549 Rothadum
2378 2496 2724 2568 assumpsit,
2757 2500 2813 2552 et
2844 2498 2916 2553 ab
2948 2498 3158 2553 itinere
3204 2498 3535 2570 apostolicae

1879 2581 2036 2637 sedis
2076 2583 2340 2648 removit,
2371 2589 2428 2639 et
2475 2584 2858 2641 continuatim
2908 2586 3287 2657 apostolicam
3337 2588 3535 2643 sedem

1879 2669 2269 2742 appellantem
2298 2672 2617 2739 damnavit,
2650 2678 2708 2728 et
2732 2674 3008 2730 carcerali
3040 2675 3317 2731 custodiae
3368 2692 3533 2731 man-

1880 2759 2109 2830 cipavit.
2144 2758 2450 2831 Privilegia
2480 2765 2673 2816 tamen
2706 2761 3035 2832 apostolicae
3068 2762 3227 2818 sedis
3255 2780 3357 2818 vos
3387 2763 3535 2819 obli-

1877 2847 2035 2903 vioni
2068 2848 2295 2903 tradere
2328 2849 2489 2904 nullo
2519 2850 2693 2904 modo
2725 2850 3100 2917 debuissetis,
3126 2852 3340 2923 quibus
3370 2869 3530 2909 vene-

1881 2935 2048 2991 randi
2078 2953 2331 2993 canones
2353 2937 2580 3008 judicia
2609 2937 2789 2994 totius
2819 2939 3086 2996 Ecclesia:
3139 2940 3211 2997 ad
3244 2939 3395 2996 hanc
3427 2941 3532 2997 de-

120 3027 301 3084 libere
334 3027 560 3083 diutius
601 3027 887 3095 ordinare,
920 3030 1060 3082 tunc
1110 3028 1349 3082 demum
1399 3027 1773 3098 responderet
1882 3024 2018 3080 ferri
2044 3025 2280 3096 jubent.

120 3116 386 3188 objectis.
420 3116 538 3172 Hoc
569 3132 772 3172 omnes
804 3114 961 3187 leges
991 3119 1111 3172 tam
1161 3114 1566 3181 ecclesiastica:
1594 3131 1770 3187 quam

116 3204 390 3277 vulgares
419 3204 780 3278 publicaeque
812 3203 1174 3277 praecipiunt.
1209 3204 1267 3259 Si
1302 3208 1497 3260 autem
1539 3204 1610 3259 de
1641 3220 1772 3259 mu-

1952 3114 2046 3169 VI.
2080 3115 2154 3186 (6,
2188 3131 2244 3186 q.
2279 3115 2332 3185 3,
2366 3116 2548 3171 Patet.
2581 3116 2747 3172 Mich.
2785 3115 2948 3188 imp.)
2972 3116 3135 3173 Patet
3164 3118 3419 3190 profecto
3450 3135 3537 3181 se-

1882 3202 1972 3259 dis
2002 3203 2531 3275 apostolieaa,cujus
2558 3206 2904 3262 auctoritate
2930 3206 3124 3277 majus
3156 3224 3270 3262 non
3302 3211 3411 3276 est,
3428 3208 3529 3279 ju—

117 3293 363 3350 lieribus
393 3297 451 3349 et
481 3292 859 3349 saecularibus
888 3292 1031 3349 viris
1071 3292 1193 3348 haec
1245 3293 1563 3348 constituta
1611 3297 1772 3362 sunt,
1804 3273 1847 3340 Ο
1885 3290 2102 3346 dicium
2134 3308 2167 3346 a
2196 3291 2428 3348 nemine
2451 3293 2570 3348 fore
2586 3273 3240 3367 retractandum,neque
3255 3273 3534 3368 cuiquam

120 3382 305 3443 multo
339 3382 530 3456 magis
560 3381 973 3438 ecclesiasticis
1004 3381 1346 3437 hominibus
1376 3386 1433 3437 et
1462 3381 1774 3437 sacerdoti-

118 3474 225 3530 bus
257 3477 401 3530 sunt
431 3488 728 3529 concessa.

180 3561 326 3618 XVI.
364 3560 558 3635 (Ibid.,
591 3578 641 3616 c.
673 3561 816 3617 Sive.
850 3560 1092 3628 Eidem.)
1117 3558 1247 3615 Sive
1278 3560 1350 3616 de
1379 3559 1635 3633 conjugii
1670 3561 1772 3616 lm-

116 3652 246 3708 dere
278 3650 399 3707 sive
431 3650 502 3706 de
533 3648 803 3705 adulterii
837 3648 1080 3704 crimine
1104 3648 1393 3721 judicium
1424 3648 1771 3721 agitandum

116 3738 209 3805 sit,
241 3738 409 3795 nulla
438 3737 583 3793 ratio
612 3738 833 3809 patitur
862 3737 1294 3809 Theutbergam
1327 3754 1461 3793 cum
1504 3737 1771 3793 Lothario

1884 3380 1955 3435 de
1982 3381 2111 3452 ejus
2140 3379 2312 3435 liceat
2332 3381 2602 3452 judicare
2622 3381 2868 3453 judicio.
2902 3382 3018 3438 Nec
3057 3384 3129 3438 de
3158 3384 3286 3455 ejus
3315 3383 3534 3454 judicio

1883 3485 2136 3524 canones
2168 3486 2429 3541 unquam
2454 3474 2852 3543 praeceperunt
2873 3471 3534 3542 judicari,sententiam-

1883 3574 1996 3631 que
2027 3556 2186 3613 illius
2217 3559 2651 3615 constituerunt
2681 3576 2799 3616 non
2819 3563 3084 3632 oportere
3097 3560 3536 3633 dissolvi,cujus

1882 3646 2077 3718 potius
2108 3647 2407 3719 sequenda
2435 3647 2666 3704 decreta
2695 3649 3140 3705 mandaverunt.

1951 3735 2073 3790 VII.
2109 3736 2216 3808 (l5,
2253 3753 2309 3808 q.
2343 3737 2397 3803 6,
2431 3753 2481 3792 c.
2510 3741 2563 3804 2,
2601 3738 2890 3807 Episcopis
2932 3738 3174 3810 Gallia.)
3205 3738 3537 3795 Auctorita—

114 3844 283 3899 posse
317 3827 468 3883 inire
499 3830 816 3893 certamen,
849 3826 963 3881 nisi
996 3826 1161 3898 prius
1192 3826 1262 3880 ad
1316 3831 1550 3897 tempus
1598 3826 1775 3881 fuerit
1878 3828 1999 3879 tem
2030 3824 2444 3880 venerabilium
2472 3826 3534 3897 prasdecessorumnostrorumsecuti,

113 3916 341 3973 reddita
391 3933 511 3972 sua:
560 3915 855 3988 potestati,
907 3919 963 3970 et
1009 3914 1465 3987 consanguineis
1517 3913 1770 3986 propriis

109 4003 286 4062 libere
314 4004 557 4061 sociata.
592 4004 793 4076 Itaque
822 4003 999 4059 etiam
1035 4002 1197 4058 locus
1228 4002 1622 4074 providendus
1655 4007 1767 4070 est,

111 4093 168 4148 in
200 4111 317 4166 quo
348 4092 514 4149 nulla
543 4093 630 4148 vis
661 4092 1059 4149 multitudinis
1085 4091 1528 4159 formidetur,ne
1550 4090 1626 4145 sit
1654 4091 1766 4145 dif-

110 4181 259 4240 ﬁcile
291 4185 477 4238 testes
506 4181 827 4253 producere
873 4179 964 4235 vel
1018 4184 1254 4236 crateras
1303 4196 1605 4251 personas,
1638 4195 1765 4251 quas

110 4275 229 4327 tam
264 4288 299 4327 a
327 4268 550 4328 sanctis
582 4269 907 4325 canonibus
946 4285 1125 4341 quam
1175 4285 1208 4323 a
1255 4266 1601 4323 venerandis
1652 4267 1765 4323 Ro-

109 4360 300 4419 manis
330 4358 564 4432 legibus
602 4358 661 4413 in
712 4357 1054 4430 hujusmodi
1110 4356 1519 4413 controversiis
1572 4356 1763 4428 requi-

109 4454 337 4505 runtur.

210 4539 288 4595 De
317 4538 566 4594 Romana
595 4537 854 4593 Ecclesia
883 4543 937 4592 et
962 4535 1082 4592 sede
1110 4536 1428 4603 apostolica,
1449 4536 1531 4590 lit.
1565 4535 1651 4591 IV.

1879 3916 1937 3966 et
1968 3911 2316 3967 nominatim
2348 3913 2675 3968 beatissimi
2695 3906 2924 3986 papaa'ét
2939 3915 3213 3986 martyris
3226 3914 3537 3971 Alexandri

1878 4000 2135 4072 quinti,a
2164 4000 2333 4055 beato
2363 4002 2633 4066 Petro,ab
2659 4001 2935 4057 omnibus
2958 4002 3320 4072 juramentis
3351 4007 3408 4057 et
3434 4019 3536 4057 cu-

1868 4088 2209 4159 juscunque
2252 4088 2733 4161 obligationibus,
2766 4089 2983 4160 quibus
3031 4089 3116 4143 illi
3165 4106 3314 4157 sese,
3351 4090 3535 4147 coacti

1873 4176 2151 4232 violentia
2179 4176 2520 4249 impiorum,
2544 4177 2971 4251 obligaverunt,
2997 4176 3536 4245 absolvimus,etne

1875 4264 1977 4320 illa
2004 4270 2309 4321 serventur
2336 4265 2774 4332 vetuimus,tam
2810 4265 3315 4339 archiepiscopum
3337 4266 3532 4322 Trevi-

1875 4370 2104 4410 rensem
2137 4370 2315 4425 quam
2347 4355 2475 4425 ejus
2506 4353 2905 4426 praepositum,
2938 4359 2995 4411 et
3023 4372 3234 4412 omnes
3263 4356 3363 4428 qui
3394 4360 3535 4414 tunc

1872 4442 2156 4515 temporis
2187 4441 2341 4514 capti
2372 4458 2432 4497 se
2471 4441 2591 4497 illis
2642 4442 3053 4513 quoquomodo
3103 4442 3533 4514 obligaverunt.

1873 4532 2072 4603 Neque
2100 4530 2281 4587 ullam
2315 4548 2413 4587 eos
2442 4530 2683 4603 proinde
2716 4529 3021 4585 infamiam
3041 4530 3128 4585 vel
3146 4530 3530 4593 calumniam,

176 4627 219 4682 Ι.
254 4626 431 4699 (Dist.
464 4629 555 4693 22,
588 4642 639 4682 c.
685 4627 735 4695 1,
769 4624 1307 4696 Mediolanensibus.)
1358 4624 1595 4692 Omnes,
1647 4624 1765 4680 sive
1794 4639 1841 4704 D
1873 4625 1975 4676 aut
2008 4638 2042 4676 a
2071 4620 2195 4676 suis
2222 4620 2394 4676 bonis
2426 4619 2954 4691 sequestrationem
2986 4635 3271 4690 unquam,
3297 4622 3534 4673 auctore

106 4714 456 4787 patriarcha;
488 4714 801 4787 cujuslibet
812 4714 1185 4787 apicem,sive
1197 4712 1536 4785 metropolis
1549 4713 1764 4785 prima-

105 4808 220 4873 tus,
276 4808 386 4861 aut
432 4802 837 4877 episcopatum
887 4802 1216 4869 cathedras,
1247 4800 1335 4857 vel
1387 4801 1764 4858 ecclesiarum

107 4894 518 4964 cujuscunque
549 4890 771 4947 ordinis
813 4890 1156 4963 dignitatem
1204 4888 1462 4944 instituit
1504 4890 1767 4946 Romana

104 4980 384 5038 Ecclesia.
421 4979 591 5037 Illam
618 4996 753 5036 vero
793 4978 955 5036 solus
994 4978 1119 5051 ipse
1168 4977 1453 5044 fundavit,
1482 4981 1539 5034 et
1588 4995 1766 5051 supra

102 5074 332 5140 petram
368 5069 507 5125 ﬁdei
539 5086 674 5125 mox
705 5067 1004 5124 nascentis
1036 5067 1343 5139 erexit,qui
1376 5067 1544 5123 beato
1577 5067 1761 5135 Petro,

104 5161 329 5213 aeternae
373 5156 507 5213 vitae
558 5156 866 5231 clavigero,
918 5154 1132 5212 terreni
1182 5154 1359 5211 simul
1410 5159 1465 5210 et
1512 5154 1764 5212 caelestis

102 5245 334 5318 imperii
359 5245 503 5317 jura
533 5244 830 5301 commisit
859 5245 1067 5317 (Matth.
1102 5246 1242 5313 xvr.)

171 5336 247 5392 II.
283 5333 456 5407 (Dist.
486 5333 579 5401 79,
613 5351 662 5390 c.
699 5335 749 5402 1,
781 5334 847 5388 Si
872 5335 994 5406 quis
1013 5334 1297 5406 pecunia.)
1331 5333 1391 5389 Si
1424 5334 1556 5405 quis
1587 5351 1760 5407 pecu-

103 5422 199 5480 nia
242 5421 334 5480 vel
385 5421 579 5497 gratia
625 5421 905 5491 humana,
940 5426 1041 5477 aut
1087 5421 1354 5495 populari
1387 5439 1487 5479 seu
1520 5422 1761 5479 militari

101 5512 388 5582 tumultu,
426 5510 757 5584 apostolicis
780 5511 902 5568 sedi
936 5510 1062 5568 sine
1092 5509 1363 5566 concordi
1395 5514 1452 5565 et
1482 5510 1761 5567 canonica

101 5600 382 5657 electione
415 5597 806 5660 cardinalium
836 5600 965 5671 ejus
1007 5596 1280 5656 Ecclesia;
1328 5614 1394 5655 ac
1425 5598 1632 5655 deinde
1662 5614 1759 5655 se-

100 5688 413 5770 quentium
447 5688 794 5748 clericorum
842 5687 1250 5765 religiosorum
1311 5686 1758 5762 inthronizaiur,

330 5771 352 5802 ι
522 5793 528 5797 .

1876 4710 1990 4764 Deo
2021 4714 2078 4765 et
2107 4709 2326 4765 sanctis
2356 4707 2638 4781 apostolis
2669 4711 2726 4763 et
2744 4708 2963 4763 nostris
2982 4705 3529 4779 praedecessoribus,

1876 4798 2165 4853 sustinere
2197 4797 2617 4869 permittimus,
2637 4796 2789 4852 sicut
2820 4814 2924 4869 per
2952 4795 3294 4869 prophetam
3328 4794 3525 4851 Domi-

1875 4904 1988 4943 nus
2020 4886 2434 4943 dicitzDissolve
2462 4886 2853 4956 cotligationes
2886 4886 3354 4957 impietatis,etc.
3390 4884 3527 4957 (Isa.

1876 4979 2049 5046 Lvm).

1944 5065 2062 5134 VII,
2099 5065 2209 5137 (17,
2238 5082 2293 5137 q.
2339 5065 2391 5131 4,
2442 5064 2685 5121 Nemini.
2731 5064 3008 5123 Omnibus
3047 5063 3245 5134 episc.)
3298 5061 3530 5118 Nemini

1873 5159 1963 5210 est
1991 5154 2061 5209 de
2095 5154 2252 5209 sedis
2282 5152 2612 5226 apostolicae
2645 5152 2869 5224 judicio
2892 5153 3182 5224 judicare,
3216 5155 3318 5206 aut
3364 5150 3530 5207 illius

1872 5242 2225 5301 sententiam
2258 5245 2569 5298 retractare
2601 5242 2977 5314 permissum,
3003 5240 3273 5296 videlicet
3293 5243 3532 5312 propter

1841 5332 2146 5388 .Romanaa
2195 5330 2464 5387 Ecclesia:
2518 5330 2858 5402 primatum,
2906 5329 3124 5385 Christi
3173 5345 3416 5384 munere
3462 5328 3523 5384 in

1869 5420 2041 5477 beato
2074 5420 2240 5476 Petro
2272 5418 2534 5491 apostolo
2566 5418 2848 5473 divinitus
2874 5418 3172 5473 collatum.

1942 5508 2359 5578 lX.(55,q.2,Si
2385 5506 2870 5581 quis.Universali
2904 5508 3125 5580 synodo
3156 5505 3525 5579 praesidens.)

1870 5598 1929 5656 Si
1975 5598 2108 5671 quis
2149 5597 2443 5670 dogmata,
2480 5596 2779 5665 mandata,
2813 5595 3146 5663 interdicta,
3189 5595 3523 5651 sanctiones

1869 5688 1958 5747 vel
1989 5688 2222 5747 decreta
2251 5703 2356 5766 pro
2385 5685 2674 5746 catholica
2694 5686 2809 5747 ﬁde
2832 5684 2919 5744 vel
2936 5684 3329 5745 ecclesiastica
3358 5683 3529 5742 disci-
