4126 6200
346 371 418 431 13
1362 371 1464 433 DE
1507 369 2076 436 ELECTIONIBUS
2121 371 2693 437 EPISCOPOBUM.
3659 373 3736 433 M

340 503 601 560 eamdem
620 500 1031 576 episcoporum
1045 503 1512 560 ordinationibus
1533 503 1986 561 ecclesiasticam
2013 504 2070 573 Α
2098 504 2322 561 invitati
2343 507 2592 574 fuerant,
2607 511 3000 575 consecratus,
3023 521 3195 563 nemo
3207 503 3541 579 principum
3558 504 3737 576 hujus

340 591 662 647 libertatem
685 607 754 646 ex
776 595 940 664 parte
964 591 1217 647 maxima
1239 592 1653 664 permansisse,
1678 591 1988 648 manifesta

337 679 482 736 ratio
529 679 805 736 declarat.
856 680 1054 752 Neque
1084 681 1240 736 enim
1270 680 1394 736 ﬁeri
1427 680 1635 754 potuit,
1667 696 1802 735 cum
1830 698 1986 736 unus

336 769 650 840 imperator
680 767 839 824 orbis
870 773 1034 824 terrae
1059 769 1460 825 monarchiam
1492 769 1796 836 obtineret,
1832 773 1897 824 ut
1918 786 1986 825 ex

333 856 608 913 omnibus
639 855 945 913 latissimis
975 857 1183 913 mundi
1203 858 1488 931 partibus,
1516 858 1664 913 Asia
1695 857 1982 925 videlicet,

331 946 571 1018 Europae
603 949 660 1002 et
689 945 914 1011 Africa},
960 962 1166 1002 omnes
1195 946 1294 1018 qui
1329 945 1638 1002 ordinandi
1667 950 1832 1001 erant
1861 945 1983 1018 epi-

330 1035 490 1106 scopi
522 1035 595 1090 ad
644 1035 771 1104 ejus
811 1033 1201 1106 cognitionem
1233 1035 1683 1091 deducerentur.
1735 1034 1843 1090 Sed
1875 1034 1986 1090 fuit

328 1139 564 1196 semper
592 1123 820 1196 integra
848 1127 906 1178 et
935 1127 1063 1179 rata
1091 1123 1400 1190 ordinatio,
1434 1140 1613 1195 quam
1644 1127 1849 1178 sancta
1877 1123 1980 1178 Ec-

328 1210 507 1268 clesia
548 1212 719 1283 juxta
770 1211 1144 1268 traditionem
1187 1211 1567 1284 apostolicam
1595 1215 1652 1268 et
1698 1210 1980 1284 religiosae

326 1299 754 1358 observationis
782 1299 1033 1355 formam
1065 1299 1396 1356 celebravit.

396 1388 493 1445 IV.
527 1389 688 1454 Quod
736 1405 870 1444 vero
900 1387 962 1444 in
1005 1389 1362 1461 quibusdam
1393 1389 1588 1462 regnis
1619 1393 1820 1462 postea
1843 1406 1979 1445 con-

326 1478 578 1534 suetudo
627 1478 903 1548 obtinuit,
935 1481 1001 1533 ut
1052 1477 1324 1534 consultu
1370 1477 1651 1551 principis
1693 1477 1980 1534 ordinatio

326 1568 493 1624 ﬁeret
521 1566 889 1640 episcopalis,
921 1566 1072 1622 valet
1102 1567 1304 1638 utique
1335 1567 1405 1622 ad
1437 1567 1743 1623 cumulum
1775 1567 1979 1623 frater-

325 1655 552 1724 nitatis,
585 1659 820 1729 propter
838 1672 1042 1728 pacem
1074 1659 1132 1711 et
1151 1656 1520 1712 concordiam
1545 1657 1854 1712 mundanae
1877 1672 1978 1728 po-

323 1743 582 1812 testatis;
618 1761 732 1800 non
764 1748 959 1799 tamen
993 1744 1065 1799 ad
1118 1744 1526 1816 complendam
1556 1744 1856 1800 veritatem
1889 1742 1977 1799 vel

323 1833 730 1889 auctoritatem
781 1849 958 1888 sacra:
1005 1832 1412 1899 ordinationis,
1446 1849 1574 1904 quae
1605 1849 1974 1905 nequaquam

321 1921 480 1995 regio
513 1924 836 1994 potentatu,
886 1921 986 1976 sed
1019 1920 1142 1977 solo
1173 1921 1274 1977 Dei
1323 1926 1491 1988 nutu,
1527 1926 1582 1976 et
1611 1921 1878 1977 Ecclesiae
1907 1923 1973 1975 fi-

322 2010 539 2066 delium
573 2026 884 2077 consensu,
916 2009 1128 2081 cuique
1159 2010 1404 2064 conferri
1439 2014 1648 2081 potest.
1691 2009 1974 2076 Quoniam

323 2099 693 2172 episcopatus
712 2115 826 2154 non
849 2101 937 2154 est
957 2115 1175 2154 munus
1187 2097 1642 2166 humanum,sed
1661 2098 1978 2170 sanctiSpi-

327 2187 478 2244 ritus
509 2188 747 2255 donum,
783 2184 936 2242 sicut
969 2186 1224 2242 ostendit
1267 2186 1586 2258 apostolus,
1617 2187 1716 2242 ubi
1750 2188 1820 2242 ad
1855 2187 1974 2259 epi-

324 2293 532 2348 scopos
588 2275 872 2348 loquitur,
932 2274 1133 2332 dicens
1187 2275 1322 2344 (Act.
1363 2292 1454 2343 xx,
1502 2275 1635 2346 28):
1697 2275 1978 2331 Attendite

322 2366 474 2422 vobis
503 2373 554 2420 et
612 2366 864 2420 universo
918 2365 1091 2434 gregi,
1147 2366 1207 2420 in
1263 2380 1366 2436 quo
1423 2379 1514 2420 vos
1571 2364 1813 2434 Spiritus
1841 2382 1974 2418 san-

321 2463 434 2512 εωδ
459 2455 644 2527 posuit
671 2455 944 2525 episcopos
985 2468 1168 2521 regere
1191 2453 1488 2508 Ecclesiam
1531 2452 1646 2522 Dei,
1696 2468 1859 2523 quam
1886 2468 1975 2507 ac-

324 2545 549 2617 quisivit
575 2543 848 2610 sanguine
860 2557 979 2598 suo.
1007 2540 1168 2597 Unde
1188 2544 1244 2596 et
1258 2541 1318 2595 in
1339 2539 1597 2612 Epistola
1618 2541 1689 2596 ad
1709 2540 1977 2597 Hebraeos

321 2636 461 2704 (cap.
498 2649 552 2700 v,
587 2631 704 2702 4-6)
738 2629 854 2686 ait:
888 2629 994 2686 Nec
1035 2631 1323 2701 quisquam
1364 2630 1474 2684 sibi
1501 2631 1670 2685 sumit
1696 2630 1971 2697 honorem,

317 2721 405 2777 sed
446 2723 549 2793 qui
573 2727 798 2776 vocatur
823 2736 858 2776 a
900 2719 1028 2786 Deo,
1058 2721 1198 2774 sicut
1248 2723 1458 2774 Aaron.
1492 2717 1583 2772 Sic
1627 2726 1679 2773 et
1729 2719 1974 2773 Christus

316 2826 422 2866 non
454 2811 812 2880 semetipsum
840 2806 1175 2879 gloriﬁcavit
1200 2813 1263 2862 ut
1287 2807 1538 2878 pontifex
1565 2807 1734 2876 ﬁeret,
1755 2806 1846 2862 sed
1880 2808 1977 2878 qui

318 2900 524 2954 locutus
551 2896 727 2952 estad
745 2911 889 2962 eum,
923 2896 1098 2953 Filius
1126 2911 1278 2951 meus
1308 2911 1363 2950 es
1393 2902 1470 2959 tu,
1502 2911 1594 2966 ego
1625 2895 1782 2951 hodie
1808 2897 1976 2966 genui

317 2995 380 3042 te.
430 2987 503 3042 Et
533 2985 775 3042 iterum:
816 2986 888 3040 Tu
917 3000 970 3041 es
995 2983 1243 3040 sacerdos
1273 2985 1330 3038 in
1379 2991 1650 3040 aeternum
1677 2984 1974 3040 secundum

318 3076 563 3132 ordinem
622 3072 1021 3129 Melchisedech.
1085 3073 1148 3128 In
1207 3072 1425 3144 quibus
1474 3072 1733 3145 Apostoli
1782 3071 1972 3128 verbis

318 3163 760 3220 evidentissima
803 3163 1257 3230 demonstratur,
1291 3162 1362 3216 ad
1395 3160 1501 3216 hoc
1534 3177 1752 3216 munus
1782 3160 1972 3232 adipi-

2007 1876 2054 1941 B

2099 593 2296 649 saeculi
2328 594 2500 649 fuerit
2531 594 2944 668 interrogatus.
2978 595 3040 650 In
3062 594 3320 650 Ecclesia
3340 608 3575 665 quoque
3595 592 3744 665 Lug-

2095 683 2346 738 dunensi
2379 683 2462 738 sic
2484 683 2755 755 religiosa
2775 684 2914 740 olim
2937 689 2996 739 et
3013 682 3362 739 venerabilis
3383 680 3741 737 consuetudo

2095 769 2223 836 fuit,
2249 770 2400 826 sicut
2419 770 2663 843 antiqua
2681 777 2877 827 narrat
2894 771 3165 828 historia:
3191 770 3414 827 scilicet
3433 772 3518 836 ut,
3543 769 3744 824 defun-

2094 862 2183 914 cto
2215 859 2508 931 pontiﬁce,
2532 860 2724 916 omnis
2743 861 2800 915 in
2825 877 3008 915 unum
3031 859 3364 915 conveniret
3384 856 3661 923 Ecclesia,
3685 861 3745 913 et

2091 947 2606 1019 triduanojejunio
2633 948 2930 1003 communi
2951 952 3081 1003 voto
3112 965 3178 1004 ac
3211 945 3636 1020 supplicatione
3655 961 3744 1002 ce-

2092 1034 2334 1102 lebrato,
2359 1053 2768 1108 quemcunque
2789 1037 2872 1093 eis
2894 1037 3175 1092 Dominus
3197 1052 3300 1109 per
3329 1034 3739 1091 revelationem

2092 1123 2211 1179 sive
2241 1140 2308 1180 ex
2332 1141 2534 1180 eorum
2567 1125 2717 1181 clero
2749 1140 2850 1180 seu
2883 1124 3118 1180 aliunde
3149 1125 3500 1190 ostenderet,
3541 1122 3738 1195 ipsum

2091 1213 2217 1268 sine
2246 1214 2424 1268 dubio
2456 1213 2776 1270 antistitem
2806 1214 3245 1270 constituerent.
3278 1213 3441 1278 Quod
3472 1213 3542 1268 de
3570 1211 3738 1268 beato

2089 1301 2374 1357 Eucherio
2393 1302 2641 1374 praefatae
2656 1302 2819 1358 urbis
2839 1300 3129 1374 episcopo,
3153 1305 3209 1356 et
3229 1301 3461 1356 doctore
3485 1300 3737 1372 egregio,

2089 1390 2477 1446 sanctissimae
2509 1389 2649 1445 Vitae
2680 1392 2808 1462 ejus
2838 1389 2984 1446 liber
3014 1389 3320 1446 manifeste
3348 1391 3596 1444 testatur
3625 1387 3737 1442 im-

2089 1477 2333 1551 pletum.
2358 1479 2464 1544 Qui
2487 1495 2622 1534 cum
2646 1484 2799 1535 esset
2820 1495 2888 1534 ex
2904 1477 3269 1534 nobilissimo
3286 1480 3620 1533 senatorum
3646 1491 3740 1548 ge-

2089 1583 2225 1623 nere
2243 1566 2549 1634 oriundus,
2565 1571 2620 1622 et
2633 1567 2768 1623 huic
2792 1567 3002 1623 saeculo
3014 1563 3738 1634 abrenuntians,omniquo

2089 1655 2364 1712 facultate
2394 1672 2502 1712 sua
2522 1656 2582 1711 in
2612 1673 2896 1728 pauperes
2922 1656 2994 1712 ob
3025 1670 3284 1711 amorem
3305 1651 3516 1710 Christi
3537 1649 3738 1708 distri-

2087 1744 2249 1812 buta,
2283 1743 2548 1816 partibus
2567 1743 2875 1800 Provinciae
2892 1744 2951 1800 in
2975 1744 3227 1817 quodam
3250 1758 3426 1815 specu
3451 1743 3738 1808 retrusus,

2087 1838 2262 1906 atque
2307 1833 2386 1888 ibi
2437 1831 2545 1890 soli
2597 1833 2712 1889 Deo
2736 1834 3000 1905 jejunus,
3033 1836 3091 1888 et
3120 1829 3484 1889 orationibus
3523 1845 3739 1886 vacans

2086 1922 2361 1990 latitaret,
2381 1921 2480 1977 tali
2505 1921 2852 1977 revelationc
2875 1930 3165 1990 ostensus,
3186 1925 3361 1993 atque
3383 1919 3655 1974 inventus
3677 1917 3736 1972 in

2086 2008 2404 2083 pontificali
2436 2009 2717 2082 regimine
2751 2009 2976 2066 locatus
3005 2013 3111 2066 est.
3142 2013 3221 2064 Ex
3256 2007 3388 2081 ‘quo
3414 2005 3738 2064 certissime

2087 2103 2314 2155 constat
2346 2099 2500 2170 quod
2524 2098 2686 2154 omni
2710 2098 2808 2154 illo
2833 2090 3096 2171 tempore
3125 2114 3241 2169 quo
3262 2100 3488 2153 tantam
3508 2095 3737 2152 bonita-

2087 2193 2205 2244 tem
2239 2187 2358 2243 sive
2388 2188 2636 2260 gratiam
2658 2187 3027 2259 omnipotens
3057 2187 3210 2243 Deus
3230 2187 3290 2241 in
3310 2184 3414 2240 illa
3430 2183 3616 2240 voluit
3638 2183 3738 2238 Ec-

2087 2277 2263 2332 clesia
2285 2277 2709 2344 demonstrare,
2735 2275 2965 2332 valebat
2991 2293 3058 2332 ac
3087 2275 3415 2332 sufficiebat
3441 2272 3515 2328 ad
3541 2287 3741 2328 conse-

2085 2364 2403 2420 crationem
2436 2369 2726 2421 rectorum
2759 2363 2882 2420 sola
2912 2364 3041 2435 ejus
3073 2361 3260 2436 gratia
3279 2364 3337 2418 et
3366 2361 3512 2418 ﬁdes
3543 2359 3735 2416 Eccle-

2086 2452 2183 2510 siae
2215 2454 2441 2510 devota.

2154 2542 2249 2598 Vl.
2282 2543 2394 2598 Sed
2428 2547 2483 2598 et
2515 2543 2574 2598 in
2607 2543 2869 2599 Romana
2899 2541 3155 2598 Ecclesia
3184 2557 3372 2612 usque
3400 2539 3460 2595 in
3492 2551 3742 2612 praesen-

2086 2636 2203 2687 tem
2222 2630 2374 2687 diem
2399 2631 2695 2688 cernimus
2721 2632 2944 2704 absque
2965 2629 3419 2704 interrogatione
3435 2625 3737 2701 principis,

2084 2720 2206 2777 solo
2229 2719 2633 2794 dispositionis
2647 2719 2892 2792 judicio,
2915 2723 2971 2776 et
2991 2719 3254 2775 ﬁdelium
3277 2715 3574 2790 suffragio,
3596 2713 3735 2786 legi-

2081 2809 2224 2864 time
2252 2808 2557 2882 pontifices
2589 2807 2949 2864 consecrari:
2983 2807 3084 2879 qui
3116 2807 3293 2863 etiam
3326 2804 3591 2862 omnium
3639 2817 3734 2858 re-

2080 2899 2322 2970 gionum
2354 2901 2410 2953 et
2459 2897 2758 2952 civitatum
2791 2914 2918 2969 quae
2962 2896 3047 2952 illi
3078 2896 3352 2966 subjectae
3379 2896 3539 2960 sunt,
3564 2891 3734 2963 juxta

2081 2987 2392 3058 antiquum
2435 3003 2680 3051 morem,
2727 2986 2930 3041 eadem
2959 2985 3225 3040 libertate
3254 2982 3528 3039 ordinant
3555 2983 3729 3051 atque

2081 3075 2447 3131 constituunt
2459 3073 2789 3128 sacerdotes
2805 3090 2817 3139 ;
2834 3088 2939 3126 nec
2951 3073 3093 3126 adeo
3106 3071 3420 3142 quisquam
3434 3068 3728 3124 absurdus

2079 3167 2186 3230 est,
2220 3167 2288 3216 ut
2333 3165 2498 3233 putet
2527 3159 2814 3215 minorem
2861 3158 2980 3214 illic
3008 3155 3491 3214 sanctiﬁcationis
3520 3155 3728 3212 divina:

318 3254 607 3310 scendum
668 3257 845 3324 atque
909 3251 1261 3307 sumendum
1333 3250 1599 3305 sufficere
1655 3248 1971 3321 unicuique
1999 3241 2042 3308 C
2081 3269 2209 3308 esse
2257 3250 2533 3324 gratiam,
2564 3266 2630 3305 eo
2678 3249 2831 3321 quod
2866 3247 3029 3304 nulla
3085 3247 3395 3303 mundanae
3426 3242 3731 3318 potestatis

319 3342 570 3414 gratiam
621 3341 747 3409 Dei,
797 3344 1141 3413 cooperante
1189 3339 1304 3394 ﬁde
1350 3341 1408 3394 et
1445 3337 1746 3395 devotione
1773 3339 1971 3411 gratiae

319 3431 470 3503 ejus,
527 3430 752 3502 absque
799 3429 891 3484 his
940 3431 1136 3484 autem
1166 3427 1428 3483 humano
1464 3426 1703 3482 arbitrio
1752 3427 1971 3484 nemini

322 3536 496 3592 posse
545 3517 804 3575 concedi.
873 3517 1032 3573 Unde
1096 3515 1348 3588 graviter
1402 3515 1648 3587 quilibet
1701 3514 1973 3588 princeps

322 3607 640 3680 delinquit,
670 3607 719 3663 si
751 3606 858 3662 hoc
890 3623 996 3661 suo
1036 3604 1314 3661 beneﬁcio
1342 3603 1544 3677 largiri
1576 3620 1747 3676 posse
1775 3605 1972 3661 existi-

323 3704 465 3764 mat,
502 3697 658 3770 quod
689 3695 816 3752 sola
835 3694 1029 3751 divina
1057 3694 1244 3768 gratia
1272 3693 1608 3766 dispensat;
1633 3710 1767 3749 cum
1800 3695 1972 3749 mini-

323 3785 572 3842 sterium
607 3802 726 3840 suae
757 3783 1061 3857 potestatis
1083 3784 1142 3838 in
1165 3781 1508 3853 hujusmodi
1532 3783 1828 3855 negotium
1852 3801 1978 3856 per-

322 3875 552 3947 agendo
581 3875 900 3946 adjungere
922 3873 1148 3942 debeat,
1181 3889 1297 3927 non
1329 3871 1616 3944 praeferre.

389 3963 459 4020 ν.
494 3964 761 4035 Denique
811 3967 876 4017 ut
920 3962 1093 4018 istius
1138 3960 1222 4017 rei
1271 3959 1554 4016 nonnulla
1609 3961 1977 4032 proferantur

323 4051 611 4125 exempla,
645 4055 788 4126 puto
819 4051 973 4124 quod
1017 4052 1090 4108 de
1119 4047 1482 4106 ordinatione
1526 4049 1680 4106 beati
1719 4051 1973 4122 Martini,

324 4143 560 4214 quando
588 4158 660 4198 ex
708 4141 1061 4197 monasterio
1091 4139 1202 4196 sub
1232 4138 1346 4195 alia
1375 4138 1677 4196 occasione
1706 4141 1975 4215 eductus,

323 4236 379 4287 et
407 4249 443 4287 a
471 4229 693 4304 papulo
723 4229 1202 4303 comprehensus,
1225 4231 1398 4300 atque
1425 4228 1496 4283 ad
1514 4227 1831 4285 Ecclesiam
1851 4247 1979 4303 per-

323 4321 542 4378 ductus
571 4324 680 4391 est,
716 4323 772 4376 et
829 4317 1104 4376 continuo
1135 4318 1208 4375 ab
1265 4315 1576 4391 episcopis,
1635 4316 1736 4388 qui
1767 4319 1840 4375 ad
1871 4320 1978 4378 hoc

2083 3341 2392 3398 comitetur
2422 3338 2758 3394 auctoritas.

2153 3429 2272 3484 VII.
2307 3430 2443 3494 Quae
2474 3426 2674 3483 omnia
2703 3443 2818 3482 non
2849 3426 2978 3481 ideo
3009 3425 3261 3482 dicimus
3284 3423 3452 3498 quasi
3482 3425 3766 3497 potesta-_

2085 3525 2202 3575 tem
2235 3517 2570 3590 principum
2602 3515 2662 3570 in
2703 3513 2900 3586 aliquo
2924 3514 3303 3571 minuendam
3326 3517 3625 3586 putemus,
3645 3510 3734 3568 vel

2085 3611 2285 3665 contra
2315 3604 2652 3677 religiosum
2676 3619 2898 3659 morem
2929 3603 3090 3676 regni
3111 3601 3331 3674 aliquid
3361 3600 3735 3657 sentiendum

2086 3695 2585 3770 persuadeamus;
2636 3693 2736 3748 sed
2779 3695 2843 3747 ut
2899 3691 3223 3748 clarissime
3279 3690 3732 3755 demonstretur,

2085 3788 2144 3841 in
2177 3801 2237 3841 re
2267 3781 2606 3854 hujusmodi
2638 3780 2895 3836 divinam
2924 3780 3173 3853 gratiam
3203 3779 3492 3844 sufficere,
3523 3777 3733 3833 huma-

2087 3891 2224 3930 nam
2254 3889 2388 3928 vcro
2409 3871 2750 3943 potentiam,
2776 3869 2888 3927 nisi
2917 3869 3002 3924 illi
3032 3872 3330 3936 consonet,
3354 3867 3500 3923 nihil
3522 3865 3731 3923 valere.

2087 3965 2450 4036 Quapropter
2480 3959 2539 4014 in
2571 3959 2755 4016 sacris
2786 3959 3109 4015 canonibus
3140 3958 3399 4024 Patrum,
3429 3956 3529 4012 ubi
3551 3954 3734 4028 pluri-

2088 4070 2194 4109 mae
2227 4067 2414 4107 causae
2437 4052 2972 4104 commemorantur
2995 4047 3121 4104 sine
3151 4046 3364 4118 quibus
3386 4043 3733 4118 episcopalis

2088 4138 2374 4200 ordinatio
2389 4138 2554 4194 irrita
2564 4137 2832 4194 habenda
2851 4141 2960 4205 est,
2982 4137 3052 4193 dc
3069 4136 3179 4194 hac
3201 4153 3262 4193 re
3278 4134 3424 4192 nihil
3443 4132 3737 4192 invenitur

2087 4232 2395 4288 insertum.
