4068 6190
255 289 333 350 15
1351 287 1580 363 FLORI
1625 285 1947 363 DIACONI
1993 282 2563 359 LUGDUNENSIS.
3583 278 3662 357 16

1307 588 1826 697 ειιροιιι
1913 585 2603 693 ιιιΔαοΝι

1704 802 2213 876 OPUSCULUM‘

775 993 1035 1121 DE
1100 986 2436 1121 EXPOSITIONE
2514 984 3162 1131 MlS-SXE

1001 1229 1111 1293 Ea:
1136 1248 1244 1291 ms.
1282 1228 1643 1299 bibliothecae
1671 1229 1915 1310 Reginae
1945 1227 2178 1290 Suecise
2207 1229 2438 1289 auctius
2465 1236 2525 1289 et
2549 1226 2930 1309 emendatius.

1396 1389 1691 1460 (Martem,
1726 1387 1905 1462 ampl.
1939 1386 2197 1446 Colleet..
2230 1390 2374 1445 tom.
2410 1387 2524 1461 IX.)

1758 1549 2183 1561 .——_—————-

692 1672 1133 1731 OBSERVATIO
1180 1671 1484 1729 PRJEVIA.

334 1789 498 1855 Quod
529 1788 813 1845 hactenus
832 1787 901 1861 in
942 1786 1299 1861 Bibliotheca
1338 1787 1575 1861 Petrum
1615 1788 1919 1861 legebatur

267 1860 667 1919 abbreviatum
690 1858 955 1931 magistri
987 1858 1138 1931 Flori
1168 1857 1518 1931 opusculum
1549 1859 1609 1915 in
1633 1857 1914 1931 canonem

268 1933 483 2005 missae.
516 1928 897 2005 proditnunc
940 1928 1526 2005 primum—integrum
1559 1947 1624 2005 ac
1656 1928 1916 2005 numeris

266 2000 542 2060 omnibus
572 2000 907 2057 absolutum
938 2000 1008 2056 ex
1048 2000 1448 2056 vetustissimo
1478 2000 1675 2056 codice
1706 2000 1917 2060 reginae

266 2075 510 2140 Suecize,
543 2072 756 2128 saeculo
780 2089 817 2126 x
846 2071 1053 2143 saltem
1087 2076 1339 2138 exarato,
1372 2088 1439 2127 ac
1459 2072 1702 2143 pronnde
1724 2071 1796 2128 ad
1820 2089 1919 2128 au-

267 2146 444 2201 ctoris
475 2148 704 2200 aetatem
752 2142 1389 2214 proximeuaccedente,
1440 2142 1509 2199 ex
1558 2160 1672 2214 quo
1723 2144 1918 2199 Romae

268 2217 522 2277 existens
572 2212 945 2271 Mabillonius
991 2212 1136 2268 illud
1182 2214 1436 2269 describi
1473 2212 1715 2270 curavit.
1771 2215 1919 2270 Nam

269 2305 404 2344 cum
434 2286 577 2358 illud
602 2302 737 2342 cum
767 2285 920 2340 edito
953 2283 1263 2358 diligenter
1292 2284 1659 2358 contulisset,
1684 2302 1755 2358 ne
1786 2303 1919 2358 piar-

268 2363 388 2415 tem
420 2355 1271 2427 quidemquartamFlorianaa
1304 2355 1683 2427 expositionis
1717 2355 1919 2411 in'Pa-

270 2425 812 2486 trumBibliotheca
832 2425 1113 2481 contineri
1136 2425 1565 2494 animadvertit,
1588 2444 1654 2482 ac
1681 2428 1923 2494 proinde

271 2518 388 2556 non
444 2497 739 2570 immerito
791 2495 1144 2570 existimavit
1190 2496 1426 2570 publica
1476 2497 1607 2552 luce
1640 2495 1919 2570 dignum,

273 2569 678 2650 idquejpsum
703 2571 935 2650 optasse
953 2566 1381 2650 videtur—olera
1406 2568 1701 2650 memoriae
1718 2566 1924 2625 'cardi-

272 2638 426 2697 nalis
457 2638 635 2709 Bona,
670 2638 771 2711 qui
801 2642 858 2694 et
888 2638 1012 2711 ipse
1034 2639 1246 2712 regina:
1268 2639 1486 2695 Sueciee
1517 2640 1776 2696 codicem
1799 2656 1925 2696 exa-

274 2712 618 2768 minaverat.

344 2783 565 2839 Floruit
591 2778 1205 2853 autem_FlorusAci_rca
1236 2797 1457 2853 annum
1488 2782 1614 2847 840,
1646 2783 1927 2853 regnante

274 2855 433 2928 apud
478 2854 733 2928 Francos
779 2850 981 2928 Carolo
1016 2850 1207 2928 Calvo,
1239 2851 1467 2928 fuitque
1515 2850 1929 2928 Lugdunensis

273 2920 544 2983 Ecclesiae
573 2925 876 2995 diaconus,
912 2920 1190 2995 ut__vulgo
1223 2920 1456 2995 dicitur,
1479 2920 1927 2995 sive'subdiace-

274 3015 410 3064 nus,
444 2999 510 3068 ut
540 2993 729 3068 placet
752 2991 1188 3068 Wandalberto,
1215 2992 1562 3068 qui__ipsum,
1590 2992 1930 3068 uti_et_Wal-

275 3050 463 3123 {Tridus
484 3050 714 3132 Sfrabo,
738 3065 811 3120 ob
834 3050 1578 3189 praeclaram'ei-udit‘ionem
1603 3067 1660 3120 et
1680 3064 1931 3120 indefes—
1958 3050 2005 3114 B

276 3156 403 3189 sam
434 3137 665 3189 legendi
715 3135 828 3189 scri
873 3135 1126 3189 endiaue
1157 3135 1561 3189 assiduitatem
1605 3135 1826 3189 mirum
1865 3136 1926 3189 in

276 3156 403 3195 sam
434 3137 665 3210 legendi
705 3135 1126 3210 scribendique
1157 3135 1561 3210 assiduitatem
1605 3135 1826 3210 mirum
1865 3136 1926 3210 in

277 3204 523 3265 moduni
570 3206 863 3279 praedicat.
913 3206 974 3262 Si
1026 3204 1344 3279 enimille
1375 3205 1436 3260 in
1486 3205 1821 3279 praefatione
1853 3207 1926 3262 ad

278 3297 455 3336 suum
487 3274 999 3349 Martyrologiuqu
1035 3276 1160 3347 0pc,
1184 3274 1396 3349 inquit,
1427 3274 1751 3349 et'subsidio
1778 3291 1926 3349 prse-

277 3353 435 3424 cipue
459 3364 591 3404 usus
625 3347 763 3424 sum
797 3347 981 3424 saucii
1007 3362 1071 3424 ac
1092 3347 1535 3424 uomiriatissimi
1578 3347 1707 3413 viri,
1738 3347 1889 3405 Flori
1907 3367 1927 3414 ;

277 3415 659 3490 Lugdunensis
685 3418 940 3490 Ecclesia
968 3415 1310 3490 subdiaconi,
1343 3418 1459 3490 qui,
1488 3424 1555 3490 ut
1581 3424 1765 3490 nostrq
1795 3426 1927 3473 tem-

272 3487 406 3566 pore
435 3506 623 3547 revera
660 3488 957 3566 singulari
976 3487 1156 3566 studio
1183 3495 1263 3566 et“
1282 3487 1609 3566 assiduitate
1633 3490 1693 3544 in
1721 3488 1930 3566 divinae

277 3559 827 3636 Sen'pturgscientia
841 3559 1066 3636 pollere,
1091 3559 1174 3636 ita
1197 3559 1466 3615 librorum
1493 3560 1931 3636 autitenticorum

276 3631 409 3691 non'
445 3633 709 3689 mediocri
760 3631 996 3702 copiaet
1050 3631 1312 3702 varietate
1356 3632 1697 3698 cognoscitur
1753 3631 1927 3686 abun-

277 3706 429 3762 dare.
462 3704 544 3760 Ex
572 3702 681 3758 hoc
701 3699 1101 3756 Wandalberti
1129 3699 1254 3757 loco
1276 3701 1526 3756 refutatu
1545 3706 1741 3757 manet
1758 3702 1930 3771 Joan-

278 3777 371 3833 nis
401 3772 710 3830 Trithemii
740 3771 956 3843 opinio,
979 3772 1297 3843 asserentis
1319 3771 1554 3827 Florum
1580 3773 1759 3828 fuisse
1779 3775 1928 3828 Tru-

278 3845 578 3904 doniensis
600 3840 938 3900 monasterii
967 3840 1346 3908 monachum,
1375 3843 1488 3899 nisi
1508 3843 1652 3900 forte
1669 3844 1780 3899 sub
1801 3844 1929 3899 vitea

277 3919 457 3973 ﬁnem
486 3915 822 3973 monasticae
870 3913 1223 3986 prgfessioni
1261 3930 1473 3986 nomen
1504 3914 1750 3971 dederit.
1785 3918 1928 3971 Cum

281 3986 565 4060 autemf'in
589 3984 925 4060 sanctorum
948 3984 1186 4060 Patrum
1211 3984 1476 4060 lectione,
1501 4002 1932 4060 quorumegre-

321 4060 438 4116 iam
456 4058 740 4129 librorum
756 4057 987 4129 copiam
1008 4055 1282 4129 habebat,
1301 4059 1454 4112 esset
1472 4055 1928 4129 versutissimus,

325 4148 392 4187 oc
422 4146 570 4202 opus
622 4125 853 4202 aliaque
882 4126 954 4182 ab
985 4142 1051 4181 eo
1083 4125 1243 4202 edita
1271 4144 1339 4182 ex
1377 4143 1578 4182 eorum
1609 4127 1930 4202 praesertim

283 4197 547 4259 dictis—et
576 4197 884 4256 sententiis
916 4198 1266 4269 composuit,
1301 4214 1551 4270 quorum
1571 4197 1827 4270 persape
1847 4200 1934 4254 in-

283 4278 447 4347 tegra
474 4272 796 4349 verba_uno
825 4272 1025 4349 tenore
1065 4269 1465 4349 prosequitur,
1500 4269 1931 4349 nonnunquam

284 4339 542 4402 mEntem
592 4341 785 4397 solum
835 4339 1124 4412 exprimit.
1156 4339 1741 4412 Expositionimissae
1771 4339 1927 4397 aliud

284 4357 542 4402 mentem
592 4357 785 4397 scium
835 4357 1124 4412 exprimit.
1158 4357 1514 4465 mxposmom
1549 4358 1741 4396 missae
1773 4357 1927 4397 auua

282 4417 547 4491 ejusdem
597 4412 747 4469 Flori
786 4410 1134 4491 opusculum
1165 4427 1235 4465 su
1259 4411 1455 4491 ‘jicere
1475 4410 1623 4491 _lib_et
1651 4412 1930 4467 adversus
1960 4413 2003 4481 α

283 4481 666 4556 Ᾱωειιεὶιιίυω,
681 4481 843 4556 quod
852 4482 963 4556 exrd
974 4482 1161 4556 uebus
1176 4481 1606 4556 antiquissimis
1621 4499 1790 4548 mss,,
1812 4499 1929 4538 uno

282 4556 622 4623 Pelleriano,
647 4551 856 4611 'altero
899 4552 1141 4609 Achillis
1184 4551 1412 4623 Harlesi,
1444 4555 1581 4608 ante
1612 4570 1798 4609 annos
1826 4556 1932 4610 800

281 4626 551 4691 exaratis,
584 4622 720 4679 Olim
753 4625 1063 4697 descripsit
1092 4622 1496 4680 Mabillonius.

354 4714 405 4768 1.
420 4711 627 4783 Incipit
641 4711 991 4782 opusculum
1013 4714 1085 4768 de
1100 4712 1325 4768 actione
1342 4711 1417 4783 (a)
1438 4712 1753 4768 missarum
1768 4712 1936 4768 colle-

281 4806 436 4858 ctum
472 4816 649 4872 quam
680 4799 949 4866 maxime,
970 4800 1102 4853 etin
1126 4800 1390 4856 ordinem
1412 4801 1707 4874 digestum
1730 4817 1799 4856 ex
1816 4817 1935 4856 ver-

280 4890 370 4946 bis
385 4892 719 4945 sanctorum
735 4887 971 4941 Patrum
986 4885 1930 4963 Cypriani,Ambrosii,Augustini,

281 4976 638 5046 Hieronymi,
670 4973 952 5046 Gregorii,
1008 4972 1312 5044 Fulgentii,
1365 4977 1682 5045 Severiani,
1713 4976 1929 5050 Vigilii,

282 5066 510 5134 lsidori,
544 5064 731 5131 Bedes,
754 5060 925 5129 Aviti,
946 5060 1099 5116 sicut
1123 5060 1246 5116 suis
1276 5061 1420 5116 locis
1451 5079 1553 5132 per
1583 5065 1931 5139 singulalit-

352 5210 428 5277 (a)
451 5207 557 5263 Per
575 5204 866 5261 actionem
883 5200 1195 5277 missarum
1220 5198 1483 5277 in_t_el_ligu
1493 5204 1555 5277 nt
1575 5210 1742 5260 aucto
1752 5223 1844 5263 res
1865 5207 1931 5262 li-

277 5271 489 5352 tuﬁg'ici
518 5272 1220 5352 c-ain-o_nem~missze.‘dctio
1249 5271 1452 5352 dicitur
1483 5273 1601 5352 ipse.
1620 5289 1818 5332 canon.
1846 5278 1930 5333 in-

277 5341 411 5422 quit:
436 5347 752 5406 Walfridus
802 5343 1008 5400 Strabo
1048 5342 1127 5422 lib
1159 5342 1229 5422 de
1261 5341 1458 5422 ltebps
1487 5341 1716 5422 eccles.,
1753 5362 1806 5422 c.
1837 5352 1928 5420 22,

273 5412 405 5492 quia
434 5422 496 5476 in
509 5435 581 5492 eo
603 5422 948 5492 sacramenta
962 5414 1341 5492 conﬁciuntur
1370 5412 1701 5492 Pominica._
1739 5412 1930 5492 canori

268 5484 394 5549 {iero
421 5490 608 5547 eadem
636 5491 777 5545 actio
820 5486 1160 5551 nominatur,
1195 5485 1327 5556 quia
1358 5484 1416 5556 ίη
1449 5499 1513 5556 39
1552 5491 1643 5556 es?
1682 5486 1927 5556 ῖθθίιίτηα

1942 1683 1998 1751 Α
2026 1679 2160 1731 tera:
2192 1673 2497 1732 nominum
2531 1690 2657 1747 quze
2703 1672 3026 1749 forinsecus
3058 1676 3455 1750 praenotantur
3483 1677 3677 1747 estcu-

2027 1764 2205 1833 dunt;
2227 1763 2329 1820 sed
2348 1765 2403 1819 et
2418 1778 2487 1819 ex
2508 1760 2766 1834 antiquis
2782 1762 3195 1835 mysteriorum
3217 1761 3384 1839 libris
3404 1766 3674 1839 quadam

2024 1853 2201 1908 verba
2227 1850 2555 1913 necessario
2588 1855 2826 1923 sumpta
2855 1854 3013 1908 sunt.
3048 1851 3209 1918 Quod
3242 1856 3436 1923 autem
3471 1854 3679 1931 eadem

2027 1939 2267 1996 nomina
2314 1939 2371 1993 in
2418 1939 2547 2012 ipsa
2576 1938 2842 2012 opusculi
2872 1938 3022 1996 serie
3061 1939 3282 2014 ubique
3309 1940 3530 2013 inserta
3559 1960 3683 2017 non

2026 2034 2185 2095 sunt,
2210 2028 2311 2084 illa
2331 2028 2651 2089 necessitas
2682 2027 2836 2095 fecit,
2870 2044 2943 2083 ne
2972 2028 3247 2102 frequens
3266 2045 3471 2103 eorum
3498 2031 3676 2095 inter,

2027 2116 2238 2189 positio
2271 2117 2435 2173 ﬁeret
2456 2117 2712 2173 absurda
2731 2121 2788 2173 et
2807 2116 3182 2174 incommoda
3203 2115 3388 2191 ipsius
3409 2118 3679 2194 dictionis

2028 2210 2084 2261 et
2106 2222 2386 2261 sensuum
2406 2205 2625 2261 interru
2630 2205 2772 2277 ptio.
2794 2206 2857 2261 In
2875 2222 2992 2276 qua
3007 2206 3681 2279 tamenexpositiuncula

2028 2311 2146 2350 non
2172 2298 2293 2350 tam
2322 2293 2516 2363 verba,
2552 2310 2678 2366 quae
2709 2293 2851 2349 satis
2874 2293 3165 2369 simplicia
3184 2298 3343 2365 sunt,
3368 2297 3469 2353 sed
3486 2296 3681 2371 potius

2029 2382 2216 2455 ipsius
2247 2381 2510 2456 mysterii
2540 2382 2686 2440 ratio
2716 2386 2774 2439 et
2802 2382 2952 2440 actio
2972 2382 3297 2456 imponitur
3313 2388 3372 2441 et
3391 2401 3681 2461 commen-

2031 2472 2224 2541 datur,
2255 2471 2523 2528 videlicet
2554 2488 2671 2544 qua
2700 2470 2813 2527 fide
2845 2470 3289 2547 celebrandum,
3325 2478 3545 2547 quia-nm
3588 2473 3688 2548 9.1%,

2031 2564 2152 2616 tate
2181 2559 2259 2616 sit
2278 2576 2382 2643 _am
2391 2559 2780 2634 plectendum.

2103 2670 2156 2722 2.
2192 2667 2363 2737 (Ave.
2395 2668 2457 2722 in
2482 2667 2632 2725 Psal.
2664 2683 2861 2732 xxxm,
2894 2684 2954 2723 n.
2978 2667 3057 2739 4.)
3088 2667 3152 2725 In
3184 2667 3461 2741 mysterio
3491 2686 3699 2743 carpas.

2034 2754 2116 2812 ris
2145 2758 2202 2813 et
2231 2754 2539 2827 sanguinis
2584 2755 2819 2812 Domini
2851 2756 3035 2814 nostri
3080 2756 3222 2814 Jesu
3260 2757 3496 2823 Christi,
3529 2759 3693 2831 quod:

2035 2848 2240 2901 sancta
2269 2843 2527 2901 Ecclesia
2556 2861 2659 2915 per.
2683 2844 3020 2902 universum
3045 2846 3334 2904 mundum
3362 2863 3467 2918 pro
3496 2846 3694 2907 salute

2036 2933 2301 3005 ejusdem
2324 2932 2529 2990 mundi
2550 2934 2735 3001 oll'ert,
2758 2933 3014 2991 maxime
3026 2934 3198 2991 nobis
3212 2934 3516 2991 humilitas
3533 2951 3688 2991 com-

2038 3022 2367 3078 mendatur.
2388 3022 2581 3079 Unum
2604 3023 2679 3095 (b)
2703 3022 2859 3078 enim
2885 3022 3053 3079 nobis
3075 3023 3213 3080 fecit
3224 3022 3382 3079 idem
3400 3023 3697 3081 Dominus

2035 3111 2208 3169 Jesus
2230 3110 2499 3168 Christus
2517 3127 2619 3183 per
2634 3110 3050 3178 humilitatem,
3069 3112 3210 3184 quia
3226 3128 3331 3185 per
3350 3112 3691 3185 superbiam

2036 3215 2466 3273 recesseramus
2497 3216 2532 3257 a
2558 3200 2675 3256 Deo
2700 3217 2714 3267 ;
2748 3200 2937 3257 redire
2968 3204 3166 3258 autem
3198 3201 3272 3257 ad
3292 3218 3427 3273 eum
3450 3201 3568 3258 nisi
3586 3218 3699 3275 per.

2037 3286 2433 3345 humilitatem
2464 3304 2578 3345 non
2602 3292 2965 3360 poteramus,
2995 3293 3053 3346 et
3083 3306 3261 3362 quem
3292 3290 3461 3347 nobis
3482 3307 3688 3364 propoe

2036 3393 2311 3436 neremus
2325 3377 2398 3435 ad
2409 3376 2764 3434 imitandum
2777 3395 2893 3435 non
2906 3377 3293 3436 habebamus.
3312 3379 3694 3451 omnisenim

2038 3464 2365 3525 mortalitas
2397 3465 2704 3523 hominum
2735 3466 3011 3539 superbia
3038 3468 3325 3536 tumebat,
3358 3467 3469 3525 etsi
3489 3468 3695 3526 exiutas

2038 3558 2125 3610 ret
2151 3554 2367 3627 aliquis
2396 3554 2642 3611 humilis
2670 3555 2759 3611 vir
2785 3555 2848 3613 in
2878 3556 3110 3629 spiritu,
3162 3556 3315 3613 sicut
3350 3562 3520 3615 erant
3558 3574 3692 3631 pne-

2038 3643 2222 3716 phetae
2253 3648 2309 3701 et
2357 3644 2719 3716 patriarchae,
2771 3645 3203 3719 dedignabatur.
3246 3662 3435 3719 genus
3481 3645 3691 3711 huma-

2039 3748 2182 3788 num
2213 3730 2429 3788 imitari
2447 3732 2702 3789 humiles
2717 3732 3007 3790 homines.
3025 3734 3109 3791 Ne
3123 3749 3259 3807 ergo
3274 3733 3694 3807 dedignaretur

2038 3820 2214 3876 homo
2245 3820 2463 3877 imitari
2509 3821 2811 3878 hominem
2861 3820 3167 3891 humilem,
3199 3822 3354 3879 Deus
3383 3822 3575 3895 factus
3601 3826 3696 3894 est

2038 3908 2302 3977 humilis,
2326 3917 2392 3966 ut
2409 3910 2498 3967 vel
2528 3910 2612 3967 sic
2628 3910 2905 3983 superbia
2922 3910 3152 3983 generis
3173 3910 3414 3979 humani
3446 3927 3561 3969 non
3591 3911 3692 3969 de-

2039 3997 2380 4071 dignaretur
2410 3999 2576 4071 sequi
2595 3999 2840 4072 vestigia
2870 4000 2993 4057 Dei.
3018 4000 3197 4058 Erant
3213 4005 3431 4074 autem,
3464 4003 3528 4056 ut
3546 3999 3693 4074 legis

2040 4102 2197 4155 mus,
2220 4087 2509 4145 sacriﬁcia
2527 4092 2700 4145 antea
2719 4088 3055 4146 Judzeorum
3076 4090 3610 4147 secundumAaron
3628 4090 3689 4146 in

2039 4175 2293 4233 victimis
2322 4188 2618 4249 pecorum,
2652 4182 2710 4233 et
2739 4177 2847 4235 hoc
2880 4177 2939 4233 in
2965 4178 3240 4250 mysterio
3270 4177 3535 4236 nondum
3563 4180 3691 4237 erat

2041 4264 2393 4331 sacriﬁcium
2408 4265 2667 4338 corporis
2686 4269 2745 4323 et
2764 4264 3069 4338 sanguinis
3079 4263 3328 4332 Domini,
3353 4264 3509 4336 quod
3531 4279 3691 4323 nunc

2041 4352 2323 4408 diffusum
2352 4357 2443 4409 est
2462 4358 2580 4410 toto
2604 4355 2746 4411 orbe
2766 4358 3071 4410 terrarum.
3098 4353 3498 4425 Proponamu
3523 4352 3693 4410 nobis

2041 4456 2177 4514 ergo
2208 4446 2343 4497 ante
2374 4441 2574 4499 oculos
2605 4443 2720 4499 duo
2764 4440 3068 4509 sacrificia,
3102 4445 3159 4498 et
3187 4440 3333 4498 illud
3364 4442 3693 4499 secundum

2043 4529 2308 4586 ordinem
2337 4531 2551 4597 Aaron,
2584 4535 2640 4586 et
2669 4530 2778 4587 hoc
2806 4531 3132 4587 secundum
3163 4531 3430 4588 ordinem
3461 4530 3697 4588 Melchi-

2043 4618 2275 4674 sedech.
2307 4618 2603 4690 Scriptum
2635 4624 2724 4676 est
2749 4620 2906 4676 enim
2935 4637 2948 4676 :
2978 4621 3492 4686 JuravitDominus,
3515 4628 3697 4677 etnon

2036 4708 2318 4779 paenitebit
2352 4724 2495 4776 eum,
2529 4716 2589 4764 tu
2616 4724 2670 4764 es
2698 4709 2943 4765 sacerdos
2970 4710 3268 4766 secundum
3289 4708 3538 4766 ordinem
3565 4708 3693 4764 Hel-

2040 4796 2318 4852 chisedech
2349 4797 2529 4869 (Psal.
2553 4814 2662 4866 cxx,
2697 4797 2771 4870 4).
2807 4799 2925 4854 Ηοο
2955 4803 3152 4855 autem
3198 4797 3504 4855 manifeste
3549 4796 3694 4853 dici-

2040 4886 2138 4937 tur
2167 4885 2238 4941 de
2266 4886 2512 4942 Domino
2544 4890 2744 4941 nostro
2774 4886 2913 4943 Jesu
2954 4887 3205 4943 Christo.
3239 4887 3378 4951 Quis
3406 4902 3542 4960 ergo
3572 4889 3697 4942 erat

2042 4971 2510 5029 Melchisedech?
2555 4976 2780 5046 utique,
2832 4974 2986 5032 sicut
3013 4975 3287 5048 legimus,
3327 4991 3428 5031 rex
3475 4973 3690 5032 Salem.

2042 5059 2235 5116 Salern
2266 5060 2470 5118 civitas
2483 5061 2593 5119 fuit
2612 5066 2786 5119 antea
2815 5061 2935 5132 illa,
2960 5079 3089 5135 quas
3110 5066 3330 5135 postea,
3355 5062 3509 5118 sicut
3539 5062 3697 5120 docti

2040 5219 2166 5275 cap.
2222 5203 2323 5259 12:
2373 5204 2684 5261 Orationem
2729 5222 2895 5277 quam
2940 5219 3204 5260 canonem
3254 5205 3375 5277 sive
3425 5206 3694 5261 actionem

2035 5283 2256 5347 propter
2290 5277 2595 5347 regularem
2638 5276 3107 5333 sacramentorum
3150 5276 3554 5346 confectionem,
3586 5278 3690 5331 Ro-

2037 5363 2198 5473 Zeumo
2244 5363 2395 5404 more
2422 5349 2777 5420 appellamus,
2812 5350 2936 5420 quis
2980 5348 3341 5419 composuerit
3373 5355 3554 5418 aperte
3580 5360 3692 5402 non

2090 5434 2291 5473 cimus.

2411 5489 2803 5563 Augustinum
2825 5489 3044 5563 legitur
3067 5492 3236 5561 viam,
3267 5487 3601 5562 etquidem,
3625 5489 3694 5544 ut

270 5571 321 5624 et
348 5563 615 5639 regularis
663 5564 1127 5619 sacramentorum
1153 5554 1433 5630 confectio.
1469 5554 1540 5611 Et
1570 5554 1926 5631 Micrologus
2034 5554 2283 5628 videtur,
2314 5554 2548 5619 melius.
