4126 6200
352 394 430 477 'l‘z
1601 388 1709 471 bs
1743 378 2269 472 susurrari;
2314 378 2633 473 Missa;
3687 394 3765 477 is

355 542 759 622 prodiderunt,
790 541 1117 602 Jerusalem
1158 542 1314 601 dicta
1355 546 1463 601 est.
1498 542 1645 618 Ergo
1688 547 2002 616 antequam
2030 542 2087 610 Α
2116 542 2176 600 in
2209 561 2398 613 cruce,
2423 547 2490 601 ut
2519 543 2734 603 diceret
2767 562 2780 602 :
2812 546 3112 619 Dirigatur
3137 546 3312 605 oratio
3346 562 3468 605 mea
3508 549 3652 607 sicut
3673 565 3763 607 2n-

357 634 437 692 ibi
469 638 783 709 regnarent
811 626 1018 701 Judmi,
1040 631 1123 690 ibi
1152 638 1276 690 erat
1292 628 1393 689 ille
1418 633 1689 690 sacerdos
1708 631 2009 688 Melchise-

357 718 640 797 dech,qui
680 722 959 780 scribitur
987 724 1045 779 in
1079 723 1288 780 Genesi
1320 723 1592 778 sacerdos
1626 720 1722 777 Dei
1772 719 2003 777 excelsi.

356 810 485 888 Ipse
505 811 757 869 occurrit
774 811 1290 885 Abrahae,quando
1319 810 1589 868 liberavit
1618 810 1763 868 Loth
1787 811 1858 866 de
1889 826 2009 866 ma-

352 901 531 959 nibus
561 900 1136 973 persequentium,et
1165 899 1475 973 prostravit
1496 916 1594 957 eos
1615 917 1649 955 a
1671 899 1887 971 quibus
1911 897 2009 954 ille

346 988 693 1059 'l'eriebatur,
719 993 775 1046 et
813 988 1085 1046 liberavit
1123 989 1384 1044 fratrem.
1417 990 1556 1045 Post
1600 987 2006 1044 liberationem

353 1079 554 1136 fratris
583 1078 836 1135 occurrit
881 1076 933 1133 ei
986 1076 1431 1134 Melchisedech.
1467 1078 1689 1133 Tantus
1719 1080 1843 1132 erat
1871 1076 2009 1131 Mel—

348 1166 664 1225 chisedech
696 1182 731 1223 a
765 1182 882 1239 quo
925 1160 1371 1222 benediceretur
1416 1166 1729 1223 Abraham.
1764 1164 2012 1221 Protulit

353 1272 570 1330 panem
600 1259 658 1312 et
685 1255 889 1311 vinum
928 1260 985 1310 et
1020 1254 1317 1311 benedixit
1344 1254 1660 1327 Abraham,
1687 1258 1743 1310 et
1768 1252 1927 1310 dedit
1956 1254 2008 1309 ei

352 1344 614 1401 decimas
644 1339 961 1400 Abraham.
982 1340 1128 1398 Vide
1177 1343 1317 1415 quid
1358 1342 1570 1414 potulit
1600 1346 1657 1398 et
1686 1357 1860 1414 quem
1908 1342 2008 1397 be-

348 1432 599 1502 nedixit,
631 1432 689 1488 et
733 1431 955 1487 dictum
987 1426 1077 1487 est
1121 1436 1372 1504 postea:
1410 1432 1486 1486 Tn
1534 1447 1589 1487 es
1643 1431 1890 1487 sacerdos
1947 1431 2009 1486 in

350 1522 632 1582 after-num
659 1516 958 1577 secundum
982 1519 1231 1577 ordinem
1256 1516 1658 1576 Melchisedech.
1687 1518 1867 1575 David
1900 1517 2009 1575 hoc

352 1610 413 1668 in
444 1611 663 1685 spiritu
693 1610 841 1666 dixit
882 1606 1061 1683 longe
1110 1612 1244 1683 post
1272 1608 1588 1664 Abraham.
1620 1607 2009 1681 Temporibus

355 1696 553 1775 auhm
583 1695 825 1755 Abrahae
848 1697 964 1753 fuit
991 1697 1437 1755 Melchisedech.
1472 1697 1551 1753 De
1583 1713 1699 1770 quo
1729 1712 1865 1769 ergo
1897 1696 2009 1751 alio

356 1784 539 1846 dicit:
568 1786 641 1844 Tu
664 1786 725 1844 "es
748 1785 1001 1843 sacerdos
1038 1788 1101 1843 in
1137 1795 1409 1844 aeternum
1436 1786 1735 1842 secundum
1763 1786 2010 1842 ordinem

354 1872 763 1961 Melchisedech,
792 1876 911 1932 nisi
958 1876 1032 1932 de
1076 1874 1178 1932 illo
1229 1876 1399 1947 cujus
1457 1875 1727 1931 novimus
1785 1874 2005 1929 sacriﬁ-

354 1967 518 2024 ‘cium
540 1965 571 2022 τ

418 2051 481 2112 ·3.
506 2050 826 2111 Sublatum
850 2056 947 2111 est
973 2054 1129 2110 enim
1151 2051 1508 2108 sacriﬁcium
1528 2053 1740 2120 Aaron,
1761 2055 1818 2107 et
1839 2052 2013 2125 cmpit

352 2150 489 2202 esse
514 2138 870 2200 sacriﬁcium
902 2142 1226 2199 secundum
1259 2134 1523 2197 or’dinem
1564 2139 2007 2196 Melchisedech.

358 2228 643 2290 Dominus
668 2228 875 2304 itaque
894 2235 1095 2288 noster
1112 2231 1283 2286 Jesus
1306 2229 1573 2286 Christus
1594 2228 1655 2283 in
1686 2244 1925 2301 corpore
1956 2232 2014 2284 et

346 2320 646 2395 isanguine.
689 2337 797 2376 suo
824 2316 1009 2375 voluit
1058 2334 1187 2374 esse
1236 2306 1486 2373 sa‘lutem
1534 2320 1816 2372 nostram.
1850 2316 2014 2373 Unde

348 2412 554 2466 autem
582 2407 1019 2465 commendavit
1044 2423 1258 2480 corpus
1306 2410 1363 2462 et
1413 2405 1764 2478 songuinem
1796 2405 2015 2461 suum?

352 2498 435 2556 De
458 2482 801 2554 humilitate
834 2512 978 2554 sua.
1012 2495 1137 2552 Nisi
1183 2496 1340 2552 enim
1389 2498 1547 2551 esset
1594 2493 1857 2562 humilis,
1909 2511 2015 2551 nec

358 2586 839 2652 manducaretur,
870 2601 975 2641 nec
1013 2583 1331 2640 biberetur.
1366 2582 1607 2654 Respice
1644 2581 2014 2639 altitudinem

350 2672 547 2748 ipsius
582 2691 596 2730 :
632 2674 691 2731 In
732 2674 1010 2748 principio
1065 2680 1186 2729 erat
1233 2673 1481 2739 Verbum,
1513 2678 1566 2727 et
1612 2672 1842 2727 Verbum
1897 2680 2016 2728 erat

346 2764 503 2837 apud
530 2766 725 2830 Deum,
754 2772 806 2819 et
855 2764 1006 2819 Deus
1044 2770 1162 2820 erat
1216 2762 1444 2820 Verbum
1479 2760 1653 2832 (Joan.
1688 2777 1729 2829 1,
1764 2762 1836 2831 1).
1872 2760 2017 2817 Ecce

345 2851 524 2909 “cibus
555 2851 979 2926 sempiternus;
1011 2852 1113 2908 sed
1146 2851 1505 2907 manducent
1530 2848 1742 2922 angeli,
1772 2849 2017 2905 mandu-

356 2946 495 2998 cant
525 2940 897 3013 sempiternae
925 2932 1194 3011 virtutes,
1214 2938 1580 2994 manducant
1611 2937 1874 2994 ccelestes
1905 2938 2019 3011 spi-

354 3030 535 3099 ritus,
557 3032 616 3085 et
637 3029 1004 3085 manducent
1023 3031 1080 3083 et
1100 3028 1466 3099 saginantur,
1491 3030 1547 3083 et
1575 3026 1868 3099 integrum
1902 3043 2021 3082 ma-

356 3122 453 3174 net
486 3118 647 3191 quod
678 3132 780 3187 eos
809 3116 986 3173 satiat
1022 3114 1082 3172 et
1112 3110 1399 3171 laetiﬁcat.
1435 3115 1580 3179 Quid
1616 3119 1812 3171 autem
1843 3114 2019 3170 homo

2115 650 2333 690 censum
2360 637 2422 690 in
2461 643 2743 707 conspectu
2788 644 2897 706 tuo,
2929 638 3155 694 elevatio
3202 655 3471 694 manuum
3514 656 3764 696 mearum

2113 725 2448 796 sacriﬁcium
2494 726 2862 797 vespertinum
2909 727 3084 796 (Psal.
3118 743 3241 794 CXL,
3273 726 3349 799 2),
3403 727 3556 784 sicut
3601 729 3763 784 novi-

2117 829 2272 881 mus,
2318 813 2454 885 quia
2502 813 2781 869 Dominus
2829 814 2983 870 circa
3028 832 3330 889 vesperam
3378 817 3655 890 pependit
3702 816 3763 873 in

2117 918 2307 969 cruce,
2341 906 2399 957 et
2441 901 2772 975 impietates
2820 908 3031 959 nostrae
3080 905 3390 977 proprietas
3422 911 3588 974 sunt;
3622 905 3762 963 alio-

2118 987 2259 1061 quin
2293 989 2715 1045 absorbuerant
2761 1008 2888 1047 nos.
2921 990 3126 1047 Merito
3175 992 3259 1047 illi
3309 993 3673 1051 cantavimus
3704 993 3763 1051 in

2118 1074 2345 1148 psalmo
2380 1092 2392 1130 :
2427 1077 2492 1132 Et
2520 1078 2822 1148 impietates
2868 1085 3081 1135 nostras
3127 1087 3186 1135 tu
3227 1083 3557 1154 propitiabis
3584 1082 3761 1152 (Psal.

2118 1183 2262 1233 LXIV,
2298 1165 2372 1238 4).
2406 1166 2494 1221 Tu
2553 1167 2845 1233 sacerdos,
2889 1171 2951 1221 tu
2998 1168 3255 1237 victima,
3286 1173 3350 1225 tu
3399 1170 3645 1239 oblator,
3699 1175 3764 1228 tu

2117 1253 2353 1311 oblatio.
2389 1255 2515 1327 Ipse
2548 1255 2820 1311 sacerdos
2862 1260 2969 1324 est,
2994 1256 3095 1328 qui
3141 1275 3296 1314 nunc
3343 1259 3648 1332 ingressus
3677 1263 3767 1317 est

2116 1342 2395 1399 interiora
2422 1342 2551 1398 veli.
2587 1343 2757 1399 Solus
2786 1343 2866 1399 ibi
2900 1362 2968 1400 ex
2998 1345 3089 1401 his
3121 1347 3220 1419 qui
3250 1364 3483 1404 carnem
3512 1354 3768 1422 gestave-

2118 1436 2257 1487 runt
2286 1431 2617 1504 interpellat
2635 1450 2739 1505 pro
2764 1434 2953 1490 nobis.
2978 1435 3041 1490 In
3070 1436 3240 1507 cujus
3266 1438 3347 1492 rei
3378 1437 3565 1511 ﬁgura
3583 1437 3642 1494 in
3663 1438 3763 1495 illo

2118 1520 2308 1595 primo
2338 1520 2575 1593 populo,
2600 1525 2656 1576 et
2682 1520 2740 1578 in
2777 1520 2876 1579 illo
2908 1522 3096 1595 primo
3128 1524 3365 1597 templo,
3393 1543 3550 1584 unus
3579 1544 3766 1584 sacer-

2117 1610 2224 1665 dos
2252 1608 2511 1665 intrabat
2554 1610 2613 1665 in
2645 1609 2861 1667 Sancta
2899 1617 3238 1669 sanctorum
3270 1615 3428 1682 (Heb.
3450 1633 3529 1684 1x,
3553 1616 3630 1688 7),
3662 1633 3764 1690 po-

2112 1697 2293 1777 pulus
2323 1698 2516 1754 omnis
2542 1698 2682 1754 foris
2713 1699 2925 1771 stabat,
2954 1705 3010 1756 et
3040 1700 3137 1757 ille
3163 1702 3263 1775 qui
3294 1703 3456 1760 solus
3484 1704 3770 1777 ingredie<

2118 1786 2294 1841 batur
2321 1785 2598 1841 interiora
2628 1786 2757 1855 veli,
2792 1788 3066 1844 offerebat
3109 1790 3462 1849 sacriﬁcium
3513 1810 3616 1866 pro
3664 1811 3768 1867 po-

2118 1874 2255 1948 pulo
2287 1873 2427 1930 foris
2460 1878 2670 1930 stante.
2690 1875 2837 1941 Quid
2861 1877 3017 1932 enim
3041 1883 3309 1951 ageretur
3338 1880 3397 1935 in
3426 1880 3524 1937 illo
3555 1882 3768 1957 populo

2118 1963 2306 2020 Judaai
2333 1962 2697 2032 nescierunt;
2722 1965 2823 2020 sed
2855 1967 3027 2022 modo
3059 1967 3283 2038 sciunt;
3312 1970 3382 2026 de
3411 1969 3530 2027 illis
3550 1971 3770 2045 quippe

2119 2051 2341 2108 dictum
2372 2055 2462 2107 est
2488 2069 2501 2107 :
2536 2053 2795 2121 Quandiu
2825 2055 3032 2124 legitur
3075 2057 3297 2130 Moyses,
3328 2060 3572 2117 velamen
3600 2077 3771 2132 supra

2118 2155 2211 2196 cor
2258 2156 2447 2196 corum
2490 2142 2730 2212 positum
2758 2150 2857 2210 est,
2884 2144 2966 2199 ibi
2994 2144 3244 2202 velamen
3291 2148 3475 2218 ﬁgura
3522 2157 3628 2218 est;
3677 2150 3770 2205 sed

2120 2229 2343 2285 tolletur
2384 2229 2583 2300 ﬁgura,
2624 2239 2675 2286 et
2724 2233 3009 2303 apparebit
3056 2237 3254 2291 veritas
3286 2236 3359 2307 (II
3388 2236 3507 2299 Cor.
3544 2255 3621 2305 ιιι,
3656 2240 3765 2308 15).

2122 2317 2233 2373 Sed
2268 2317 2503 2390 quando
2549 2317 2789 2374 tolletur
2835 2319 3147 2377 velamen?
3193 2323 3330 2379 audi
3378 2325 3767 2397 Apostolum:

2123 2405 2257 2462 Cum
2284 2413 2466 2462 autem
2494 2408 2769 2463 transiens
2800 2408 2869 2463 ad
2896 2410 3193 2467 Dominum
3223 2414 3505 2484 auferetur
3529 2416 3777 2472 velamen

2120 2494 2308 2563 (Ibid,
2339 2511 2489 2550 vers.
2534 2496 2642 2565 16).
2679 2494 3013 2569 Propitiatis
3056 2515 3193 2573 ergo
3249 2502 3502 2572 peccatis
3560 2505 3778 2560 nostris

2123 2588 2180 2640 et
2209 2583 2610 2656 impietatibus
2641 2601 2747 2657 per
2776 2584 2920 2641 illud
2970 2578 3324 2647 sacriﬁcium
3355 2591 3775 2663 vespertinum,

2125 2673 2448 2728 transimus
2481 2672 2554 2728 ad
2586 2672 2923 2741 Dominum,
2948 2680 3005 2731 et
3034 2677 3329 2734 auferetur
3354 2679 3615 2739 velamen
3647 2681 3779 2737 Pro-

2126 2765 2324 2836 pterea
2352 2764 2408 2817 et
2437 2760 2683 2817 Domino
2715 2764 2989 2820 cruciﬁxo
3030 2765 3224 2822 velum
3272 2766 3475 2841 templi
3523 2768 3779 2829 scissum

2125 2855 2234 2908 est.
2268 2850 2471 2922 Itaque
2526 2867 2632 2907 nec
2682 2868 2918 2907 carnem
2964 2855 3244 2926 .praeputii
3300 2855 3778 2914 eireumeidimus

2118 2941 2291 3012 juxta
2321 2938 2499 2994 ritum
2531 2939 2798 2995 Mosaicae
2840 2939 3007 3014 legis,
3041 2958 3144 2999 nec
3189 2943 3556 3001 abstinemus
3587 2945 3777 3002 carni-

2127 3026 2258 3094 bus,
2292 3043 2439 3097 quas
2469 3025 2798 3081 eadem’lex
2836 3027 2978 3083 dicit
3013 3027 3372 3098 immundus,
3397 3048 3501 3087 nec
3531 3033 3778 3089 sabbata

2127 3118 2184 3169 et
2214 3113 2550 3169 neomenias
2581 3116 2638 3170 et
2666 3113 2791 3169 dies
2833 3114 3013 3170 festos
3063 3131 3264 3172 eorum
3314 3117 3626 3175 carnaliter
3672 3121 3774 3177 ob-

352 3210 562 3280 pOSSet
592 3206 665 3262 ad
697 3202 867 3261 illum
890 3203 1142 3261 cibum?
1172 3203 1336 3260 Unde
1366 3220 1464 3259 cor
1483 3206 1605 3259 tam
1627 3203 1904 3259 idoneum
1934 3201 2020 3257 illi
2058 3277 2088 3280 __
2128 3217 2448 3270 servamus,
2472 3218 2577 3257 nec
2597 3201 2865 3259 victimas
2891 3219 3166 3275 pecorum
3208 3206 3608 3264 sacriﬁcamus
3634 3208 3774 3277 Deo,

355 3277 529 3351 bibo?
560 3293 880 3368 Oportebat
908 3310 1065 3367 ergo,
1099 3296 1164 3348 ut
1190 3306 1397 3349 mensa
1434 3291 1535 3347 illa
1572 3291 1929 3359 lactesceret,
1959 3295 2017 3347 et
2046 3277 2089 3343 C
2128 3307 2233 3346 nec
2262 3289 2483 3363 pascha
2512 3290 2571 3344 in
2603 3306 2705 3346 ove
2748 3293 2805 3346 et
2841 3290 3058 3363 azymis
3088 3292 3360 3350 similiter
3389 3294 3774 3366 celebramus,

358 3382 430 3439 ad
460 3382 741 3456 parvulos
782 3381 1133 3456 perveniret.
1164 3381 1331 3436 Unde
1360 3384 1559 3437 autem
1609 3380 1675 3436 ﬁt
1726 3380 1832 3435 tibi
1882 3379 2017 3435 lac?

350 3469 518 3529 unde
548 3475 748 3527 autem
777 3470 947 3539 cibus
974 3470 1037 3526 in
1076 3469 1169 3526 lac
1207 3468 1579 3536 convertitur,
1615 3468 1731 3525 nisi
1762 3485 1865 3541 per
1892 3485 2018 3524 car-

350 3560 498 3618 ίξιᾱῶ
532 3558 895 3632 trajiciatm?
924 3557 1072 3615 Nam
1104 3556 1290 3623 mater
1318 3556 1428 3613 hoc
1459 3556 1629 3626 facit;
1664 3558 1819 3630 quod
1852 3572 2018 3612 matr

358 3644 543 3706 ducat
569 3652 778 3718 mater,
796 3648 911 3705 hoc
932 3648 1251 3704 manducat
1276 3645 1500 3715 infans;
1530 3646 1631 3702 sed
1660 3646 1798 3718 quia
1822 3645 2020 3701 minus

350 3736 612 3795 idoneus
630 3738 721 3793 cst
744 3734 945 3792 infans
971 3734 1072 3808 qui
1099 3738 1253 3807 pane
1274 3738 1561 3802 vescatur,
1588 3733 1785 3806 ipsum
1806 3750 2020 3806 panem

358 3827 555 3883 mater
571 3824 859 3894 incarnat,
875 3826 933 3880 et
949 3822 1198 3879 utilitate
1217 3839 1238 3864 ι
1260 3821 1535 3879 mamillae
1557 3825 1615 3877 et
1644 3821 1813 3878 lactis
1846 3838 2020 3877 succo

358 3914 436 3971 de
466 3913 597 3987 ipso
616 3920 767 3987 pane
787 3912 975 3986 pascit
992 3911 1299 3968 infantem.
1316 3911 1615 3976 Quomodo
1636 3926 1774 3983 ergo
1794 3911 1864 3966 de
1895 3910 2022 3983 ipso

360 4003 516 4076 'pane
536 4001 694 4075 pavit
720 4017 831 4057 nos
864 3999 1155 4073 sapientia
1184 4000 1322 4056 Dei?
1352 4000 1501 4067 Quia
1532 4000 1760 4056 Verbum
1788 4015 1915 4055 caro
1933 4001 2021 4071 fa-

363 4092 517 4148 ctum
547 4092 647 4156 est,
668 4098 730 4146 et
759 4091 1029 4146 habitavit
1056 4091 1116 4144 in
1143 4090 1302 4145 nobis
1333 4088 1508 4160 (Joan.
1540 4105 1581 4157 1,
1620 4089 1728 4157 14).
1760 4087 1903 4142 Vide
1934 4104 2023 4142 er-

364 4195 439 4254 go
460 4176 888 4247 humilitatem,
914 4177 1053 4249 quia
1084 4192 1301 4249 panem
1332 4175 1674 4250 angelorum
1708 4176 2027 4231 manducet

360 4266 565 4324 homo.
586 4262 661 4323 Et
688 4265 977 4338 Scriptum
1008 4269 1097 4322 est
1119 4282 1133 4320 :
1156 4267 1364 4321 Panem
1384 4266 1508 4320 coeli
1534 4265 1683 4320 dedit
1709 4265 1809 4332 eis,
1827 4278 2028 4335 panem

363 4357 695 4427 angelorum
720 4355 1072 4411 manducavit
1100 4355 1255 4410 homo
1287 4354 1456 4426 (Psal.
1492 4370 1699 4421 Lxxvn,
1721 4352 1834 4424 24),
1860 4352 1917 4407 id
1940 4355 2029 4407 est

356 4442 629 4500 verbum
659 4440 804 4500 illud
847 4460 962 4516 quo
1000 4446 1325 4515 pascuntur
1354 4440 1546 4515 angeli
1576 4441 2023 4513 sempiternum,

360 4534 528 4605 quod
562 4538 652 4588 est
677 4531 900 4604 aequale
923 4531 1097 4598 Patri,
1124 4530 1502 4587 manducavit
1524 4530 1723 4599 homo,
1745 4529 1885 4601 quia
1903 4546 2028 4584 cum

2128 3383 2185 3435 et
2207 3379 2255 3433 si
2289 3395 2406 3450 qua
2429 3377 2542 3435 alia
2564 3379 2801 3434 fuerunt
2824 3383 3018 3436 vetera
3037 3387 3556 3456 sacramenta,quae
3582 3387 3781 3442 omnia

2126 3467 2370 3523 umbras
2410 3466 2742 3522 futurorum
2788 3466 3042 3539 appellat
3075 3469 3412 3542 Apostolus,
3435 3473 3576 3544 quia
3603 3490 3673 3530 ea
3699 3473 3778 3531 si-

2128 3555 2485 3628 gniﬁcabant
2506 3572 2612 3611 suo
2638 3558 2898 3626 tempore
2920 3554 3228 3613 revelanda
3249 3575 3377 3630 quas
3397 3576 3506 3616 nos
3530 3560 3783 3618 revelata

2128 3632 2505 3716 percipimus,
2540 3647 2606 3699 ut
2656 3648 2879 3700 remota
2938 3645 3149 3701 umbra
3203 3647 3363 3703 nuda
3416 3663 3621 3704 eorum
3652 3649 3782 3706 luce

2130 3748 2452 3788 rueremur.
2477 3731 2623 3787 Nam
2655 3735 2713 3787 et
2742 3733 3003 3789 exuendo
3034 3738 3289 3790 veterem
3339 3735 3639 3793 hominem
3670 3738 3784 3795 cir-

2130 3819 2524 3876 cumcidimur
2572 3820 2633 3875 in
2689 3819 3107 3892 exspoliatione
3166 3824 3423 3896 corporis
3480 3826 3694 3895 carnis,
3728 3831 3786 3884 et

2131 3924 2280 3980 quos
2310 3908 2471 3964 cibos
2502 3907 2584 3963 illi
2616 3912 2813 3964 vetant
2849 3908 2909 3964 in
2949 3910 3278 3981 pecoribus,
3301 3929 3408 3968 nos
3436 3913 3690 3972 vitamus
3720 3916 3782 3973 in

2134 3996 2417 4064 moribus,
2442 4000 2500 4052 et
2529 3996 2871 4053 exhibemus
2902 4014 3146 4069 corpora
3175 4004 3375 4055 nostra
3416 4000 3668 4058 hostiam
3697 4004 3782 4058 vi-

2131 4102 2284 4155 vam,
2320 4090 2740 4152 sanctam,Dco
2780 4086 3246 4158 placentem,cui
3294 4092 3351 4145 et
3396 4089 3627 4147 animas
3680 4110 3781 4148 no-

2134 4178 2287 4229 stras
2316 4172 2377 4228 in
2409 4173 2717 4229 desideriis
2766 4174 2887 4229 suis
2926 4190 3030 4245 pro
3062 4176 3347 4248 sanguine
3394 4178 3786 4251 intelligenter

2134 4262 2517 4329 effundimus,
2541 4266 2599 4317 et
2638 4260 2850 4316 Christi
2879 4260 3040 4317 velut
3067 4264 3218 4335 Agni
3256 4265 3619 4322 immaculati
3649 4283 3783 4323 san-

2135 4350 2315 4422 guine
2348 4350 2419 4406 ab
2449 4349 2610 4406 omni
2658 4349 2963 4422 iniquitate
2993 4352 3370 4419 mundamur,
3403 4353 3504 4424 qui
3553 4358 3787 4425 propter

2137 4437 2590 4494 similitudinem
2623 4437 2816 4495 carnis
2859 4439 3079 4511 peccati
3112 4439 3288 4495 etiam
3318 4442 3552 4511 caprino
3582 4457 3788 4514 pecore

2136 4528 2197 4582 in
2218 4525 2512 4582 veteribus
2544 4526 2847 4583 sacriﬁciis
2876 4528 3181 4600 ﬁguratur,
3207 4543 3311 4583 nec
3342 4544 3476 4584 eum
3508 4533 3682 4602 negat
3726 4530 3789 4585 in

362 4624 429 4678 in
460 4623 647 4693 forma
674 4622 775 4677 Dei
792 4628 954 4692 esset,
980 4636 1097 4675 non
1127 4621 1387 4692 rapinam
1407 4619 1710 4674 arbitratus
1739 4625 1817 4674 est
1843 4634 1954 4673 esse
1975 4633 2030 4672 se
2061 4629 2107 4693 D
2140 4614 2331 4672 crucis
2362 4614 2640 4670 carnibus
2671 4614 3042 4686 taurum,qui
3073 4614 3133 4669 in
3165 4613 3265 4671 illo
3296 4618 3594 4691 cognoscit
3612 4619 3791 4677 maxi-

365 4710 652 4782 equalein
698 4708 808 4765 'Deo
838 4708 1009 4781 (Phil.
1043 4725 1105 4776 ιι,
1128 4708 1206 4777 6).
1238 4706 1597 4779 Saginentur
1652 4705 1751 4761 illo
1803 4705 2028 4778 angeli;

352 4798 470 4855 sed
523 4798 875 4869 semetipsum
905 4796 1233 4861 exinanivit,
1269 4799 1335 4850 ut
1384 4795 1767 4850 manducaret
1815 4810 2030 4867 panem

364 4884 716 4958 angelorum
748 4884 943 4952 homo,
967 4887 1203 4956 formam
1221 4885 1366 4939 servi
1388 4884 1659 4955 accipiens
1683 4884 1743 4937 in
1765 4882 2030 4938 similitu-

354 4973 503 5030 dine
531 4974 819 5029 hominum
844 4970 1040 5045 factus,
1063 4980 1114 5028 et
1140 4972 1332 5028 habitu
1357 4972 1610 5027 inventus
1640 4978 1702 5026 ut
1727 4972 1901 5027 homo.
1926 4972 2034 5026 Hu-

360 5062 621 5118 miliwit
638 5077 726 5126 se,
759 5063 937 5133 factus
966 5061 1221 5117 obediens
1249 5075 1419 5132 usque
1447 5060 1516 5115 ad
1542 5067 1788 5126 mortem,
1810 5068 2037 5117 mortem

360 5150 564 5206 'butém
592 5151 790 5216 crucis,
817 5152 883 5204 ut
902 5149 1028 5221 jam
1061 5149 1133 5205 de
1171 5164 1342 5205 cruce
1373 5149 1885 5204 commendaretur
1934 5166 2038 5205 no-

364 5237 473 5294 bis
506 5250 640 5293 caro
671 5241 728 5293 et
755 5237 997 5311 sanguis
1025 5236 1261 5292 Domini
1288 5253 1503 5292 novum
1535 5236 1912 5293 sacrificium.

448 5326 509 5382 ἆ.
542 5326 711 5397 (Anc.
744 5326 809 5381 in
860 5326 1010 5381 Psal.
1046 5342 1193 5392 LXIV,
1230 5326 1306 5394 1.)
1326 5318 1461 5397 'Ipse
1520 5341 1657 5398 ergo
1707 5342 1741 5379 a
1790 5325 2040 5380 Domino

371 5414 504 5471 Deo
526 5414 1042 5483 missus'sacerdos
1061 5417 1281 5479 noster,
1304 5412 1630 5484 assumpsit
1651 5430 1683 5468 a
1705 5413 1876 5468 nobis
1900 5412 2040 5484 quid

373 5502 621 5558 offerret
638 5505 774 5557 Deo.
802 5500 936 5557 Illas
968 5506 1205 5557 sanctas
1234 5500 1525 5573 primitias
1557 5501 1749 5556 carnis
1779 5517 1848 5555 ex
1877 5506 2043 5558 utero

2142 4720 2300 4759 mam
2329 4703 2649 4760 victimam.
2685 4703 2747 4759 In
2796 4702 2894 4758 illo
2936 4702 3197 4774 requiem
3252 4719 3389 4759 cum
3436 4705 3787 4774 invenimus,

2140 4806 2270 4846 vere
2302 4790 2759 4857 sabbatizamus,
2793 4793 2851 4845 et
2887 4788 3038 4846 luna:
3092 4808 3250 4847 novas
3309 4794 3633 4851 observatio
3664 4794 3788 4850 vitae

2141 4895 2299 4934 novae
2331 4883 2422 4934 est
2452 4877 2862 4945 sanctiﬁcatio,
2883 4882 2939 4934 et
2967 4879 3189 4952 pascha
3214 4885 3485 4938 nostrum
3515 4885 3604 4938 est
3622 4881 3791 4937 Chri-

2144 4971 2294 5035 stus,
2315 4971 2372 5023 et
2403 4983 2643 5039 azymus
2675 4971 2875 5023 noster
2902 4967 3205 5025 sinceritas
3235 4969 3517 5039 veritatis,
3547 4971 3791 5028 fermen-

2143 5062 2271 5112 tum
2303 5073 2419 5112 non
2443 5055 2669 5111 habens
2696 5056 3032 5124 vetustatis;
3062 5061 3121 5112 et
3141 5075 3505 5131 quacunque
3529 5058 3646 5115 alia
3675 5058 3793 5114 illis

2146 5145 2442 5202 veteribus
2470 5144 2822 5200 adumbrata
2851 5149 2989 5201 sunt
3019 5144 3224 5216 signis,
3253 5147 3312 5201 in
3342 5147 3456 5203 isto
3485 5148 3705 5203 habent
3732 5148 3797 5204 ﬁ-

2151 5251 2304 5298 nem,
2321 5232 2492 5303 cujus
2525 5233 2689 5306 regni
2710 5250 2826 5288 non
2852 5234 2959 5288 erit
2985 5233 3221 5289 ﬁnis.In
3244 5233 3342 5290 illo
3364 5236 3581 5308 quippe
3602 5235 3800 5292 omnia

2151 5323 2453 5395 oportebat
2473 5321 2839 5393 impleri,qui
2862 5321 3020 5376 venit
3047 5320 3236 5394 legem
3263 5327 3319 5378 et
3346 5323 3663 5396 prophetas
3683 5341 3800 5382 non

2153 5412 2396 5481 solvere,
2419 5412 2519 5466 sed
2540 5407 2803 5482 implere.
2827 5409 3071 5465 Proinde
3095 5409 3195 5466 illa
3209 5415 3403 5467 vetera
3419 5412 3588 5485 signa
3606 5430 3801 5469 rerum

2154 5519 2270 5557 non
2323 5498 2623 5556 evacuavit
2673 5498 2993 5570 arguendo,
3027 5500 3128 5554 sed
3187 5498 3486 5570 implendo
3537 5501 3803 5570 mutavit,

368 5587 648 5662 Virginis
681 5588 1090 5646 holocaustum
1121 5588 1334 5645 obtulit
1366 5589 1483 5644 Deo
1508 5605 1520 5642 :
1546 5588 1802 5644 extendit
1833 5606 2047 5648 manus
2156 5596 2220 5647 ut
2235 5589 2350 5647 alia
2370 5590 2567 5643 essent
2585 5603 2711 5657 quae
2734 5585 3073 5643 nuntiarent
3092 5585 3321 5644 venisse
3336 5589 3464 5660 jam
3481 5590 3780 5647 Christum

448 5657 684 5760 ῖῖλριιᾶ
712 5688 1109 5761 Augustinum
1139 5694 1192 5744 et
1213 5700 1315 5760 per
1343 5686 1713 5744 humilitatem
1741 5689 2013 5749 mamillae
2039 5699 2092 5750 et
2120 5691 2278 5748 lactis
2306 5701 2544 5753 succum,
2578 5687 2688 5740 etc.
3338 5657 3357 5660 _
3788 5657 3803 5684 ’
