4068 6190
357 353 435 418 ιθ
1489 347 1726 413 FLORI
1765 343 2086 411 DIACONI
2127 344 2705 410 LUGDUNENSIS.
3688 341 3767 406 20

354 503 535 561 quam
566 486 799 544 fuerant
835 484 937 542 illa
966 501 1093 560 quae
1140 483 1612 558 przsnuntiabant
1640 497 1769 537 esse
1798 483 2003 535 ventu-
2032 479 2087 547 Α
2116 477 2362 535 nitentia
2392 478 2611 550 quaevis
2641 477 2715 532 ab
2747 473 2845 532 illo
2876 473 3156 533 institutae
3202 474 3289 533 rei
3320 475 3616 550 cujusque
3644 493 3769 533 mu-

353 592 509 634 rum.
542 575 827 644 Quoniam
857 590 994 650 ergo
1029 574 1184 632 sicut
1212 574 1496 647 scriptum
1539 574 1630 628 est
1677 570 1736 625 in
1768 568 2002 625 Cantico
2111 566 2277 634 tatio,
2299 583 2426 639 qua
2457 566 2802 623 credebatur
2844 581 2974 623 esse
3020 582 3333 635 mansura,
3354 564 3603 641 proinde
3641 582 3771 623 cum

355 665 741 734 canticorum,
767 666 1036 737 aspiravit
1071 664 1186 721 dies
1208 662 1389 732 (Cant.
1422 678 1483 727 ιι,
1522 659 1628 733 17),
1661 674 2005 716 removean-

348 757 450 811 tur
479 754 733 821 umbris;
784 751 1108 826 spiritualis
1140 748 1489 823 signiﬁcatio
1539 750 1669 821 jam
1724 747 2002 815 lucescat,

353 842 607 899 carnalis
645 840 955 898 celebratio
994 841 1121 913 jam
1155 839 1435 912 quiescat,
1459 837 1769 893 audiamus
1808 835 2005 892 Domi-

352 948 499 989 num
518 933 715 987 vetera
732 930 1069 985 Judzeorum
1087 927 1375 985 sacriﬁcia
1394 926 1821 999 repudiantem,
1838 928 1894 980 et
1909 941 2009 980 no-

355 1036 495 1077 vum
525 1017 743 1074 Christi
773 1016 1124 1074 sacriﬁcium
1157 1013 1525 1088 apertissime
1571 1012 2006 1085 promittentem

358 1125 464 1182 per
493 1106 840 1163 Malachiam
872 1104 1218 1178 prophetam
1257 1103 1545 1158 dicentem
1570 1120 1583 1158 :
1606 1102 1726 1158 Non
1752 1109 1831 1159 est
1867 1102 2011 1157 mihi

360 1194 612 1252 voluntas
642 1194 704 1248 in
729 1193 899 1260 vobis,
923 1192 1059 1247 dicit
1084 1191 1369 1255 Dominus,
1390 1197 1441 1245 et
1466 1206 1669 1245 munus
1694 1205 1804 1246 non
1833 1190 2007 1245 susci-

355 1284 514 1357 piam
559 1281 624 1338 de
666 1297 838 1337 manu
882 1288 1077 1336 vestra.
1109 1278 1187 1333 Ab
1212 1286 1334 1334 ortu
1360 1279 1510 1333 enim
1535 1278 1668 1334 solis
1725 1294 1894 1351 usque
1939 1277 2011 1334 ad

359 1386 605 1430 occasum
620 1386 888 1440 magnum
915 1376 994 1424 est
1020 1382 1215 1422 nomen
1240 1382 1422 1422 meum
1461 1368 1521 1422 in
1566 1369 1838 1437 gentibus,
1870 1375 1921 1423 et
1949 1369 2011 1423 in

358 1460 513 1518 omni
535 1459 648 1516 loco
674 1458 1040 1528 sacriﬁcatur,
1073 1464 1124 1511 et
1164 1455 1393 1528 offertur
1418 1456 1637 1512 nomini
1660 1471 1778 1512 meo
1808 1456 2009 1512 oblatio

354 1547 584 1614 munda,
616 1548 751 1621 quia
771 1561 971 1602 nomen
999 1560 1178 1600 meum
1206 1561 1474 1613 magnum
1501 1551 1580 1600 est
1631 1546 1690 1600 in
1733 1547 2007 1614 gentibus,

353 1637 787 1695 dicit'Dominus
832 1634 1171 1690 exercituum
1211 1634 1474 1706 (Malach.
1508 1651 1548 1701 ι,
1581 1634 1692 1703 40).
1722 1635 1885 1690 Certe
1912 1633 2011 1689 hic

357 1740 573 1800 negare
597 1740 713 1780 non
744 1726 994 1797 possunt
1018 1721 1228 1789 Judmi,
1256 1739 1373 1778 non
1397 1721 1590 1778 solum
1612 1739 1729 1778 non
1752 1721 2014 1795 accipere

361 1812 715 1873 sacriﬁcium
736 1813 809 1869 de
829 1810 1105 1868 manibus
1120 1827 1344 1880 eorum,
1364 1812 1466 1867 sed
1491 1827 1595 1867 nec
1617 1828 1678 1868 se
1698 1810 1783 1866 illi
1806 1811 2012 1867 oﬁ‘erre
2039 1851 2088 1918 Β

364 1902 642 1960 manibus
671 1901 815 1958 suis.
850 1901 1037 1957 Locus
1081 1900 1238 1957 enim
1270 1917 1425 1957 unus
1474 1904 1563 1957 est
1607 1899 1733 1974 lege
1779 1899 2012 1956 Domini

364 1990 739 2057 constitutus,
766 1989 868 2047 ubi
897 1989 1171 2046 manibus
1195 2004 1397 2045 eorum
1419 1987 1705 2045 sacriﬁcia
1716 1989 1898 2061 jussit
1927 1989 2012 2044 ot-

364 2080 535 2148 ferre,
562 2082 773 2152 prater
802 2092 978 2151 quem
1008 2077 1202 2134 locum
1233 2077 1472 2133 omnino
1504 2076 1822 2150 prohibuit.
1846 2077 2013 2133 Hunc

365 2183 503 2242 ergo
533 2167 728 2225 locum
749 2183 926 2240 quem
947 2184 1052 2240 pro
1076 2165 1199 2223 suis
1230 2166 1456 2222 meritis
1476 2166 1822 2234 amiserunt,
1836 2165 2013 2222 etiam

365 2253 719 2312 sacriﬁcium
749 2253 903 2327 quod
946 2252 1027 2310 ibi
1056 2256 1286 2309 tantum
1316 2251 1529 2309 licebat
1557 2252 1750 2309 offerri
1781 2253 1840 2309 in
1871 2252 2015 2309 locis

367 2342 499 2401 aliis
528 2342 735 2399 oﬁ‘erre
762 2358 879 2398 non
908 2342 1143 2397 audent.
1169 2341 1310 2397 Ecce
1340 2340 1677 2398 omnimodo
1708 2340 2016 2415 impletum

365 2435 475 2500 est,
490 2430 647 2503 quod
682 2429 765 2486 ait
798 2429 1103 2503 propheta,
1126 2433 1196 2486 Et
1220 2446 1423 2485 munus
1469 2445 1583 2486 non
1625 2431 1927 2502 suscipiam
1954 2429 2019 2486 de

363 2520 627 2579 manibus
653 2518 868 2576 vestris.
898 2517 1097 2591 Neque
1124 2516 1235 2574 hoc
1264 2517 1348 2573 ita
1369 2518 1711 2590 przedictum
1732 2522 1790 2574 et
1820 2516 2022 2592 imple-

367 2611 500 2665 tum
520 2609 710 2675 est,ut
729 2622 827 2662 eos
849 2605 1189 2679 prophetica
1211 2606 1504 2661 sententia
1524 2607 1875 2679 respondere
1896 2622 2021 2679 per-

374 2695 591 2754 mittat.
609 2694 772 2759 Quod
803 2693 1078 2750 manibus
1107 2710 1223 2750 non
1254 2694 1554 2750 offerimus
1579 2695 2023 2765 carnem,corde

375 2787 434 2843 et
461 2782 761 2842 offerimus
802 2781 1058 2851 laudem,
1093 2782 1416 2839 secundum
1449 2782 1593 2837 illud
1640 2782 1700 2838 in
1746 2783 1972 2856 psalmo
2006 2800 2020 2839 :

375 2873 605 2932 Inunola
629 2873 731 2929 Dei
754 2869 1096 2943 sacriﬁcium
1126 2870 1305 2927 laudis
1333 2872 1501 2927 etiam
1528 2872 1697 2941 (Psal.
1728 2888 1879 2939 XLIX,
1909 2871 2022 2941 44),

379 2960 518 3018 hinc
555 2959 713 3017 enim
757 2958 1101 3016 contradicit
1128 2959 1213 3015 eis
1242 2958 1342 3031 qui
1372 2958 1513 3015 dicit
1544 2976 1557 3016 :
1592 2963 1716 3016 Non
1761 2968 1838 3017 est
1886 2962 2029 3017 mihi

377 3050 630 3108 voluntas
658 3064 783 3105 mea
810 3050 871 3104 in
897 3049 1067 3104 vobis.
1095 3046 1315 3103 Deinde
1344 3064 1416 3104 ne
1453 3048 1788 3105 existiment
1815 3048 2024 3120 Judzsi,

2115 655 2258 711 dicit
2284 672 2396 712 non
2418 654 2707 727 paenitebit
2730 670 2855 711 eum
2877 673 2896 709 :
2921 655 2996 710 Tu
3032 671 3087 712 es
3122 655 3382 711 sacerdos
3413 655 3477 710 in
3505 662 3775 711 aeternum

2113 743 2409 801 secundum
2436 743 2684 800 ordinem
2717 741 3135 809 Melchisedech,
3168 742 3319 800 satis
3354 743 3619 800 ostendit
3646 760 3775 800 eum

2115 827 2491 907 paenituisse,
2511 830 2622 888 hoc
2652 834 2742 888 est
2778 848 2914 888 eum
2954 836 3183 888 mutare
3212 830 3482 889 voluisse
3512 832 3777 888 sacerdo-

2115 921 2288 990 tium,
2312 921 2468 995 quod
2497 920 2882 977 constituerat
2910 921 3239 977 secundum
3261 921 3537 977 ordinem
3568 921 3776 988 Aaron,

2115 1010 2270 1067 sicut
2300 1010 2371 1066 de
2400 1015 2650 1082 utroque
2668 1009 2940 1066 videmus
2968 1008 3306 1082 impletum.
3331 1009 3485 1065 Nam
3516 1012 3577 1065 et
3594 1010 3779 1066 Aaron

2118 1098 2508 1155 sacerdotium
2531 1099 2659 1170 jam
2691 1096 2924 1154 nullum
2967 1101 3057 1155 est
3104 1099 3164 1154 in
3212 1097 3423 1170 aliquo
3453 1096 3695 1171 templo,
3726 1100 3783 1154 et

2117 1186 2331 1244 Christi
2362 1185 2755 1243 sacerdotium
2804 1190 3087 1243 aeternum
3117 1191 3462 1259 perseverat
3506 1186 3569 1243 in
3620 1186 3779 1244 caelo.

2117 1276 2284 1332 Hunc
2325 1275 2690 1332 sacerdotem
2739 1278 2796 1330 et
2841 1274 2950 1331 hoc
3008 1275 3411 1331 sacerdotium
3470 1275 3782 1347 magniﬁce

2118 1365 2491 1421 commendat
2519 1362 2843 1437 apostolus,
2867 1379 3003 1419 cum
3028 1363 3284 1437 gratiam
3316 1363 3625 1438 Evangelii
3645 1381 3681 1419 a
3702 1380 3785 1420 re-

2117 1451 2715 1527 galibuscaaremoniis
2737 1451 3127 1525 distinguens,
3150 1451 3364 1509 scribit
3383 1452 3459 1508 ad
3482 1452 3783 1509 Hebraeos:

2120 1544 2194 1598 Et
2218 1542 2323 1597 alii
2349 1541 2570 1614 quidem
2602 1541 2792 1613 plures
2833 1542 2972 1613 facti
3016 1549 3144 1598 sunt
3190 1541 3527 1610 sacerdotes,
3558 1558 3621 1599 eo
3649 1541 3789 1614 quod

2116 1638 2289 1687 morte
2329 1630 2751 1702 prohiberentur
2788 1645 3143 1702 permanere;
3172 1629 3264 1686 hic
3301 1638 3494 1687 autem
3538 1647 3601 1687 eo
3650 1630 3791 1703 quod

2118 1726 2340 1775 maneat
2366 1721 2423 1775 in
2452 1727 2745 1787 aetemum,
2767 1721 3160 1791 sempiternum
3186 1719 3357 1776 habet
3379 1719 3749 1777 sacerdotium
3770 1736 3789 1775 :

2120 1792 2265 1864 unde
2286 1815 2339 1863 et
2365 1807 2581 1863 salvare
2618 1809 2679 1863 in
2704 1814 3026 1880 perpetuum
3048 1815 3240 1880 potest,
3274 1808 3545 1865 accedens
3585 1824 3688 1882 per
3712 1823 3791 1864 se-

2117 1898 2410 1969 metipsum
2439 1896 2509 1951 ad
2538 1898 2731 1962 Deum,
2751 1912 2963 1969 semper
2988 1898 3176 1952 vivens
3215 1896 3289 1953 ad
3320 1897 3793 1971 interpellandum

2115 2001 2217 2059 pro
2246 1987 2344 2041 eis.
2374 1985 2517 2041 Talis
2546 1984 2763 2041 decebat
2790 1992 2851 2041 ut
2878 1986 3037 2041 nobis
3074 1992 3212 2042 esset
3232 1988 3518 2059 pontifex,
3540 1994 3788 2057 sanctus,

2119 2076 2402 2142 innocens,
2454 2073 2797 2146 impollutus,
2847 2082 3164 2144 segregatus
3207 2092 3243 2131 a
3287 2075 3701 2146 peccatoribus,
3738 2082 3792 2131 et

2120 2163 2385 2220 excelsior
2410 2162 2558 2217 caelis
2585 2165 2783 2235 factus,
2816 2164 2910 2234 qai
2936 2178 3047 2219 non
3074 2163 3299 2219 haberet
3326 2163 3581 2237 quotidie
3603 2179 3791 2220 neces-

2121 2253 2362 2322 sitatem,
2409 2249 2861 2323 quemadmodum
2907 2251 3225 2320 sacerdotes,
3278 2254 3472 2323 primo
3515 2268 3621 2326 pro
3674 2253 3792 2308 suis

2120 2342 2358 2414 peccatis
2387 2340 2590 2396 hostias
2636 2338 2851 2411 offerre,
2882 2338 3078 2396 deinde
3108 2356 3211 2413 pro
3234 2342 3456 2413 populi.
3489 2343 3601 2398 Hoc
3646 2342 3796 2397 enim

2123 2432 2255 2503 fecit
2288 2430 2454 2485 semel
2500 2430 2741 2500 seipsum
2787 2428 3057 2501 oﬂ'erendo
3086 2430 3267 2499 (Hebr.
3298 2447 3405 2500 vn,
3438 2430 3557 2503 28).
3593 2430 3661 2487 Et
3688 2428 3794 2485 ite-

2128 2536 2260 2577 rum
2296 2534 2309 2573 :
2347 2518 2527 2574 Talem
2582 2516 2842 2573 habemus
2890 2519 3222 2590 pontiﬁcem,
3272 2520 3374 2591 qui
3426 2518 3674 2577 consedit
3725 2516 3797 2575 ad

2128 2608 2379 2665 dextram
2404 2607 2703 2680 majestatis
2729 2609 2790 2662 in
2813 2607 2986 2677 certis,
3015 2615 3327 2664 sanctorum
3351 2609 3621 2665 minister
3636 2615 3691 2664 et
3711 2615 3797 2664 ta-

2133 2698 2418 2753 bernaculi
2446 2697 2562 2752 veri
2586 2694 2728 2768 quod
2753 2697 2884 2767 fecit
2912 2699 3061 2751 Deus
3089 2703 3139 2751 et
3166 2694 3323 2753 homo
3342 2697 3543 2765 (Hebr.
3567 2713 3692 2767 vui,
3719 2696 3795 2765 1).

2132 2785 2333 2842 Sancti
2363 2801 2499 2858 ergo
2530 2787 2726 2856 patres
2758 2783 2944 2840 nostri
2974 2782 3035 2839 in
3059 2783 3252 2841 Veteri
3281 2785 3671 2843 Testamento
3695 2782 3798 2842 uni

2132 2874 2250 2931 Deo
2281 2877 2338 2930 et
2365 2872 2618 2929 Creatori
2651 2870 2915 2927 omnium
2943 2871 3212 2929 victimas
3242 2873 3609 2943 obtulerunt,
3646 2889 3798 2947 quas

2134 2962 2247 3019 sibi
2264 2962 2390 3035 ipse
2407 2960 2596 3017 oﬁ'erri
2616 2959 2930 3034 voluit,per
2957 2977 3160 3017 earum
3183 2961 3640 3019 similitudinem
3662 2977 3798 3035 pro-

2136 3051 2379 3107 mittens
2407 3049 2706 3106 victimam
2735 3066 2955 3119 veram,
2981 3066 3084 3122 per
3112 3067 3291 3123 quam
3314 3068 3422 3108 nos
3450 3050 3565 3106 sibi
3595 3066 3800 3123 pecca-

379 3139 536 3212 quod
568 3137 685 3194 illis
716 3153 833 3193 non
873 3135 1270 3203 offerentibus,
1309 3152 1416 3192 nec
1462 3136 1561 3193 illo
1609 3136 1925 3210 accipiente
1956 3138 2028 3194 de
2067 3208 2095 3212 ~
2134 3144 2329 3195 torum
2362 3137 2709 3194 remissione
2738 3137 3133 3194 reconciliavit
3160 3138 3220 3193 in
3242 3138 3470 3195 Christo
3501 3139 3648 3194 Jesu
3680 3138 3797 3194 Do-

379 3208 658 3283 manibus
685 3241 888 3281 eorum
919 3224 1059 3293 Deo,
1081 3223 1436 3280 sacriﬁcium
1468 3240 1584 3279 non
1606 3208 2023 3298 oﬁ‘eratur,quo
2053 3208 2097 3276 C
2137 3227 2297 3283 mino
2327 3229 2552 3291 nostro,
2576 3230 2642 3280 ut
2660 3224 2711 3281 ei
2733 3226 3037 3280 offerretur
3065 3224 3411 3293 similitudo,
3435 3224 3797 3296 promittens

380 3312 618 3386 quidem
649 3311 747 3368 ille
777 3327 893 3367 non
915 3315 1061 3383 eget,
1087 3312 1186 3383 qui
1218 3310 1506 3367 honorum
1539 3316 1873 3369 nostrorum
1904 3313 2029 3369 nul-

379 3399 498 3458 lius
518 3399 771 3472 indiget:
791 3402 986 3455 tamen
1009 3398 1148 3471 quia
1167 3398 1293 3455 sine
1315 3398 1599 3456 sacriﬁcio
1621 3417 1737 3457 non
1759 3403 2028 3474 est,quod

382 3504 500 3545 non
519 3486 627 3557 illi,
642 3486 745 3544 sed
766 3484 935 3543 nobis
956 3486 1099 3543 utile
1119 3490 1228 3556 est,
1243 3486 1483 3543 audiant
1504 3488 1698 3560 ipsum
1716 3490 2029 3547 Dominum

382 3578 841 3645 contestantem,
901 3575 1020 3631 imo
1079 3575 1344 3649 aperiant
1402 3575 1602 3633 oculos
1660 3581 1718 3635 et
1772 3578 2026 3648 videant,

383 3664 524 3740 quia
551 3665 620 3720 ab
648 3673 771 3720 ortu
815 3663 951 3721 solis
994 3680 1162 3737 usque
1191 3662 1262 3721 ad
1297 3680 1564 3735 occasum,
1598 3683 1714 3722 non
1769 3667 1830 3722 in
1888 3684 2028 3734 uno,

383 3753 538 3811 sicut
566 3750 628 3808 in
665 3751 782 3807 illis
812 3752 1001 3809 fuerat
1041 3753 1446 3818 constitutum,
1481 3755 1580 3810 sed
1628 3755 1691 3811 in
1737 3756 1891 3812 omni
1919 3757 2030 3814 loco

384 3841 627 3899 oﬁ‘ertur
645 3839 997 3896 sacriﬁcium
1010 3839 1493 3911 Christianorum,
1507 3858 1614 3899 nec
1638 3842 1876 3900 cuilibet
1892 3844 2029 3911 Deo,

385 3929 488 3986 sed
517 3928 569 3985 ei
599 3928 701 4001 qui
732 3930 846 3984 ista
873 3927 1139 4002 praedixit
1158 3928 1274 3985 Deo
1305 3930 1504 3986 Israel.
1528 3931 1692 3988 Unde
1723 3931 1863 3987 alibi
1893 3932 2034 3988 dicit

383 4014 651 4074 Ecclesiae
681 4032 801 4072 sua;
835 4032 850 4072 :
881 4018 959 4073 Et
993 4015 1311 4088 Redemptor
1347 4024 1471 4075 tuus
1497 4019 1638 4075 Deus
1666 4020 1857 4090 Israel,
1891 4024 2033 4077 Deus

384 4106 663 4162 universae
708 4110 873 4163 terra?
908 4105 1192 4160 vocabitur
1228 4104 1354 4173 (Isa.
1389 4123 1499 4175 LIV,
1528 4108 1603 4177 5).
1639 4108 1758 4164 Hoc
1804 4108 2034 4165 sacriﬁ-

386 4191 544 4249 cium
566 4192 855 4249 mundum
875 4192 1118 4249 offertur
1132 4192 1248 4249 Deo
1271 4193 1466 4260 Israel,
1491 4212 1607 4251 non
1628 4196 1701 4252 ab
1724 4213 1842 4251 una
1861 4198 2034 4268 gente

385 4280 744 4348 Judaaorum,
777 4280 849 4337 de
890 4281 1064 4352 cujus
1092 4280 1365 4337 manibus
1402 4299 1518 4339 non
1558 4300 1621 4339 se
1655 4288 2031 4357 accepturum

386 4369 672 4442 praedixit,
706 4369 808 4427 sed
852 4370 924 4427 ab
966 4368 1244 4426 omnibus
1283 4371 1575 4443 gentibus,
1611 4389 1737 4444 quae
1787 4373 2030 4429 dicant:

389 4458 592 4525 Venite,
622 4459 975 4516 ascendamus
1003 4457 1075 4514 ad
1113 4466 1353 4515 montem
1381 4460 1619 4527 Domini,
1652 4477 1757 4517 nec
1809 4460 1868 4516 in
1916 4478 2033 4517 uno

2136 3314 2439 3372 veritatem
2472 3312 2760 3382 sacriﬁcii,
2794 3310 2888 3367 cui
2918 3315 3043 3369 erat
3072 3312 3366 3369 offerenda
3396 3312 3528 3384 ipsa
3559 3312 3799 3367 reddita

2137 3401 2348 3458 veritas
2390 3401 2451 3458 in
2482 3401 2753 3475 passione
2799 3397 3056 3472 corporis
3085 3402 3143 3456 et
3188 3399 3500 3473 sanguinis
3549 3398 3794 3456 Christi.

2139 3492 2328 3563 Hujus
2359 3490 2631 3548 sacriﬁcii
2674 3505 2808 3546 caro
2865 3492 2923 3545 et
2975 3488 3217 3563 sanguis
3273 3492 3411 3545 ante
3468 3488 3799 3546 adventum

2140 3579 2352 3635 Christi
2384 3596 2489 3651 per
2514 3578 2784 3635 victimas
2815 3576 3201 3635 similitudine
3230 3577 3709 3652 promittebatur,
3739 3578 3802 3634 in

2140 3669 2412 3742 passione
2443 3668 2657 3725 Christi
2699 3685 2802 3740 per
2828 3669 3018 3742 ipsam
3065 3668 3368 3725 veritatem
3415 3668 3798 3736 reddebatur,

2140 3762 2276 3830 post
2304 3774 2617 3814 ascensum
2647 3756 2861 3814 Christi
2901 3774 3005 3830 per
3043 3760 3478 3814 sacramentum
3508 3756 3803 3815 memoria

2142 3845 2489 3902 celebratur.
2523 3845 2771 3903 Proinde
2801 3846 2994 3919 prima
3024 3850 3410 3915 sacramenta,
3436 3863 3565 3920 quae
3596 3846 3800 3903 obser-

2140 3936 2354 3990 vantur
2384 3938 2442 3989 et
2470 3933 2841 3990 celebrantur
2868 3950 2938 3990 ex
2978 3933 3127 4006 lege,
3159 3933 3606 4007 praenuntiativa
3633 3936 3803 3991 erant

2142 4021 2357 4079 Christi
2386 4021 2635 4088 venturi,
2662 4039 2790 4093 qua:
2821 4038 2956 4078 cum
2985 4039 3092 4078 suo
3122 4022 3371 4079 adventu
3393 4022 3670 4081 Christus
3699 4023 3803 4078 im-

2143 4109 2438 4182 plevisset,
2462 4109 2657 4166 oblata
2683 4113 2849 4178 sunt;
2882 4113 2940 4165 et
2980 4108 3110 4166 ideo
3141 4108 3336 4167 oblata
3363 4111 3507 4184 quia
3532 4110 3803 4184 impleta,

2144 4215 2260 4254 non
2289 4198 2446 4254 enim
2476 4197 2633 4254 venit
2661 4197 2881 4254 solvere
2924 4196 3113 4270 legem
3154 4198 3255 4253 sed
3294 4197 3639 4272 adimplere.
3672 4195 3805 4254 Alia

2144 4289 2285 4343 sunt
2309 4286 2580 4343 instituta
2598 4285 2809 4342 virtute
2837 4286 3081 4356 majora,
3104 4283 3355 4341 utilitate
3375 4285 3644 4355 meliora,
3667 4289 3803 4343 actu

2144 4374 2426 4443 faciliora,
2459 4390 2703 4430 numero
2743 4373 3039 4445 pauciora,
3071 4377 3355 4445 tanquam
3390 4374 3636 4447 justitia
3664 4371 3802 4430 ﬁdei

2144 4461 2418 4530 revelata,
2438 4467 2495 4519 et
2521 4462 2580 4518 in
2610 4461 2875 4518 libertate
2904 4455 3124 4516 vocatis
3155 4459 3292 4516 ﬁliis
3313 4460 3416 4517 Dei
3436 4462 3584 4536 jugo
3618 4461 3801 4521 servi-

386 4542 514 4637 loco
535 4546 687 4637 sicut
707 4552 1061 4622 praeceptum
1081 4547 1281 4604 eratin
1301 4551 1541 4637 terrena
1553 4548 1908 4619 Jerusalem;
1931 4551 2033 4606 sed
2066 4571 2111 4637 D
2143 4551 2289 4607 tutis
2319 4550 2530 4619 ablato,
2560 4551 2712 4623 quod
2743 4550 2891 4604 duro
2922 4553 2979 4605 et
3008 4548 3171 4637 carni
3202 4548 3397 4637 dedito
3427 4551 3646 4623 populo
3666 4568 3802 4608 con-

387 4629 451 4687 in
480 4634 641 4688 omni
662 4633 785 4690 loco
807 4652 994 4707 usque
1014 4637 1073 4692 in
1102 4636 1293 4710 ipsam
1318 4636 1675 4706 Jerusalem;
1710 4653 1815 4693 nec
1835 4654 2038 4694 secun-

389 4718 534 4775 dum
564 4719 829 4775 ordinem
859 4723 1072 4791 Aaron,
1107 4725 1209 4781 sed
1241 4726 1566 4782 secundum
1597 4725 1862 4782 ordinem
1894 4726 2034 4783 Mel-

389 4805 722 4863 chisedech.
748 4806 976 4865 Christo
1025 4811 1181 4867 enim
1212 4813 1434 4870 dictum
1465 4817 1572 4883 est,
1602 4818 1660 4871 et
1706 4814 1777 4872 de
1807 4815 2036 4872 Christo

391 4895 800 4951 tantummodo
821 4899 953 4951 ante
975 4898 1321 4968 prndictum
1338 4906 1428 4958 est
1444 4919 1457 4957 :
1474 4905 1691 4960 Iuravit
1707 4905 1968 4960 Dominus
1990 4911 2041 4959 et

389 4998 501 5040 non
526 4982 807 5053 paenitebit
847 4999 1010 5040 eum:
1046 4986 1122 5040 Tu
1167 5001 1223 5041 es
1267 4990 1512 5046 sacerdos
1562 4994 1622 5048 in
1662 5001 1932 5050 wternum
1958 5008 2038 5048 se-
2067 5013 2084 5030 -

391 5068 632 5128 cundum
679 5068 927 5127 ordinem
981 5072 1369 5129 Melchisedech
1417 5078 1587 5145 (Psal.
1626 5097 1737 5150 cxx,
1778 5083 1854 5151 4).
1888 5080 2034 5147 Quid

392 5160 483 5215 est
498 5158 715 5230 juravit
734 5158 1020 5229 Dominus,
1051 5159 1166 5217 nisi
1196 5160 1545 5219 inconcussa
1571 5169 1808 5225 veritate
1838 5171 2039 5225 ﬁrma-

390 5245 516 5304 vit?
561 5246 632 5302 Et
688 5246 832 5319 quid
862 5251 951 5304 est
985 5265 1093 5305 non
1122 5250 1407 5321 paenitebtt
1434 5267 1577 5318 eum,
1610 5254 1724 5309 nisi
1784 5256 1893 5313 hoc
1944 5275 2038 5313 sa-

392 5332 715 5390 cerdotium
746 5332 908 5391 nulla
936 5335 1051 5392 alia
1078 5337 1304 5392 ratione
1341 5338 1637 5395 mutabit?
1664 5358 1852 5414 neque
1881 5346 2038 5402 enim

392 5419 549 5478 sicut
576 5421 876 5480 hominem
905 5424 1146 5496 pcenitct
1176 5424 1383 5494 Deum,
1419 5427 1518 5482 sed
1550 5426 1650 5483 Dei
1680 5428 1893 5487 dicitur
1920 5452 2036 5505 p03-

463 5524 545 5595 (a)
574 5524 637 5580 Id
666 5530 756 5582 est
784 5527 1245 5585 conﬁrmationis
1284 5537 1716 5588 sacramentum
1751 5551 1763 5589 :
1799 5537 1953 5592 unde
1983 5543 2042 5595 et

397 5599 553 5668 apud
581 5599 808 5655 Graecos
853 5599 1163 5673 episcopus
1201 5601 1555 5659 conﬁrmans
1603 5603 1753 5661 hanc
1802 5606 2040 5665 adhibet

2145 4641 2410 4712 gruebat,
2435 4638 2634 4710 qualia
2662 4642 2803 4694 sunt
2831 4637 2890 4692 in
2914 4636 3167 4693 Ecclesia
3195 4636 3529 4710 baptismus
3556 4639 3796 4708 Christi,

2146 4727 2503 4785 eucharistia
2524 4726 2758 4795 Christi,
2783 4724 3155 4798 signaculum
3177 4725 3250 4798 (a)
3272 4725 3507 4782 Christi.
3533 4728 3683 4786 Hinc
3709 4731 3802 4785 est

2148 4816 2304 4888 quod
2327 4815 2668 4873 cautissimo
2690 4812 2993 4870 divisionis
3017 4812 3220 4870 ordine
3247 4812 3505 4870 Ecclesia
3524 4814 3628 4871 Dei
3660 4814 3795 4883 vivi,

2149 4921 2276 4976 quae
2306 4908 2395 4961 est
2423 4903 2700 4961 columna
2741 4906 2798 4959 et
2844 4902 3285 4958 ﬁrmamentum
3331 4901 3613 4973 veritatis,
3648 4906 3798 4960 tem-

2147 5009 2291 5065 pora
2309 4993 2537 5049 venturi
2558 4991 2770 5048 Christi
2791 4990 3195 5063 venientisque
3217 4990 3519 5059 discernit,
3535 4994 3593 5046 et
3617 4992 3803 5049 omis-

2149 5081 2234 5137 sis
2265 5080 2569 5137 sacriﬁciis
2617 5081 2833 5154 quibus
2862 5078 3131 5135 Christus
3170 5094 3457 5150 passurus
3504 5081 3803 5152 promitte-

2149 5170 2340 5236 batur,
2386 5169 2494 5225 hoc
2551 5167 2907 5226 sacriﬁcium
2944 5167 3151 5234 ’oﬁ‘ert,
3181 5182 3298 5239 quo
3350 5165 3622 5226 Christus
3670 5172 3797 5242 jam

2147 5274 2362 5331 passus
2383 5256 2729 5325 ostenditur,
2754 5257 2853 5329 qui
2876 5257 3182 5328 propterea
3200 5269 3372 5310 verus
3393 5259 3484 5312 est
3503 5257 3790 5321 sacerdos,

2148 5345 2287 5419 quia
2312 5346 2695 5418 semetipsum
2725 5361 2918 5401 veram
2955 5360 3060 5417 pro
3082 5341 3254 5399 nobis
3281 5342 3538 5401 hostiam
3559 5342 3786 5409 obtulit,

2149 5435 2301 5490 sicut
2327 5433 2638 5505 Apostolus
2678 5436 2927 5489 testatur
2956 5431 3194 5488 dicens:
3220 5431 3397 5488 Estote
3433 5446 3558 5502 ergo
3604 5431 3789 5485 imita-

2150 5541 2397 5596 formam
2432 5555 2444 5595 :
2477 5538 2838 5609 Signaculum
2882 5537 3017 5594 doni
3042 5537 3284 5609 Spiritus
3316 5537 3512 5603 sancti,
3544 5538 3603 5591 et
3627 5532 3787 5609 Ordo

2146 5610 2487 5668 Gelasianus
2516 5606 2739 5680 signum
2769 5608 2975 5664 Christi
3000 5606 3263 5666 invitam
3292 5615 3571 5665 aeternam.
