4126 6200
252 391 341 456 29
1461 387 1565 452 DE
1606 379 2132 451 EXPOSITIONE
2186 385 2468 450 MISSE.
3589 389 3670 456 30

265 526 422 584 sicut
450 521 768 597 Apostolus
797 522 1000 580 eodem
1032 539 1300 579 sermone
1331 523 1606 578 admonet
1660 522 1861 576 dicens
1896 537 1908 575 :
1941 520 1996 586 Α
2025 521 2300 577 continuo
2333 538 2794 590 commonemur,
2827 523 2966 596 quia
3002 521 3111 581 hoe
3142 523 3388 596 dignum
3418 527 3526 594 est,
3559 525 3668 582 hoc

259 618 334 674 Si
379 614 834 672 consum-existis
872 629 1005 669 cum
1046 614 1296 680 Christo,
1335 628 1464 686 quae
1505 628 1735 668 sursum
1782 615 1913 668 sunt
2017 612 2239 683 jestum
2270 616 2400 681 est;
2434 613 2722 668 recordari
2771 618 2998 686 oportet
3045 630 3278 686 semper
3324 614 3446 670 haec
3492 615 3671 671 verba

265 705 538 781 quaerite,
568 704 674 759 ubi
717 703 976 758 Christus
1023 711 1106 758 est
1152 704 1216 758 in
1261 703 1504 758 dextera
1552 703 1663 759 Dei
1692 703 1913 770 sedens,

260 810 393 868 quae
421 809 656 849 sursum
684 797 816 846 sunt
847 792 1186 863 sapite,non
1197 807 1324 864 quae
1349 809 1525 864 super
1537 802 1760 849 terram
1783 793 1913 850 Col.

261 900 346 951 ιιι,
367 883 620 952 1).Ηιωε
643 897 955 936 ascensum
984 880 1176 936 cordis
1206 880 1389 936 nostri
1420 882 1518 953 qui
1553 883 1616 937 ﬁt
1647 883 1718 938 ad
1738 888 1918 939 Deum

264 989 299 1026 a
329 969 593 1026 convalle
623 968 989 1042 plorationis,
1025 968 1083 1024 id
1114 973 1201 1025 est
1232 971 1304 1025 ab
1336 969 1672 1026 humilttate
1702 972 1918 1027 contri-

261 1058 606 1126 bulationis,
622 1074 738 1112 non
753 1057 970 1113 nostris
983 1057 1227 1125 viribus,
1245 1059 1345 1114 sed
1367 1058 1580 1115 auxilio
1612 1060 1713 1114 Dei
1728 1065 1919 1116 osten-

262 1148 352 1203 dit
400 1145 572 1202 nobis
618 1145 931 1200 Psalmista
980 1146 1182 1202 dicens
1215 1163 1227 1202 :
1255 1150 1470 1203 Beatus
1509 1150 1603 1203 vir
1630 1153 1798 1222 cuius
1835 1156 1919 1204 est

263 1237 424 1294 auxi
430 1236 452 1290 ι
459 1237 584 1291 ium
599 1235 703 1291 abs
713 1242 788 1301 te,
805 1237 1171 1292 ascensiones
1187 1238 1249 1292 in
1260 1237 1430 1292 corde
1439 1253 1542 1292 suo
1552 1239 1839 1308 disposuit
1857 1242 1920 1295 in

261 1323 427 1380 calle
461 1322 872 1396 laorymarum
903 1323 1087 1393 (Psal.
1122 1327 1746 1398 Lxxxm,6).Ascensus
1761 1329 1918 1384 enim

267 1413 435 1470 utilis
467 1429 584 1468 non
617 1415 807 1484 potest
836 1413 1114 1481 esse,nisi
1145 1413 1334 1485 primo
1355 1414 1706 1472 humilitatis
1733 1434 1764 1472 a
1792 1434 1923 1474 con-

260 1501 413 1558 valle
425 1499 600 1557 nobis
611 1502 1046 1557 ascendendum
1060 1517 1187 1557 esse
1201 1503 1664 1560 meminerimus.
1680 1505 1921 1563 Conval-

262 1589 336 1645 lis
379 1588 543 1645 enim
586 1587 751 1644 locus
799 1593 889 1645 est
931 1594 1095 1645 terrae
1143 1591 1478 1664 depressus.
1522 1595 1748 1652 Docens
1798 1597 1922 1670 ipse

261 1679 553 1735 Dominus
567 1678 872 1734 aconvalle
891 1678 1235 1750 plorationis
1258 1682 1718 1754 ascendendum,
1734 1702 1921 1758 quan-

262 1768 338 1823 do
351 1783 460 1839 pro
474 1765 649 1822 nobis
661 1765 960 1822 humiliari
975 1785 1163 1840 usque
1175 1771 1246 1824 ad
1261 1775 1506 1826 mortem
1523 1773 1713 1830 crucis
1725 1779 1781 1830 et
1802 1775 1922 1848 pati

2027 701 2182 756 unde
2213 701 2353 772 sint,
2375 718 2521 772 quas
2551 701 2806 757 actiones
2837 707 2893 758 et
2924 707 3144 774 quanta
3172 704 3480 760 sanctitate
3510 721 3670 761 com-

2028 790 2395 856 mendantur,
2411 795 2714 846 teneamus
2735 795 2792 846 ct
2805 791 3126 848 habeamus
3157 793 3311 864 quod
3325 793 3667 866 accipimus,

2027 881 2084 934 et
2129 877 2315 933 datori
2355 878 2574 951 gratias
2623 896 2888 951 agamus.
2923 881 3198 944 Quamvis
3229 881 3381 937 enim
3412 881 3671 955 accipere

2028 971 2084 1022 et
2112 967 2325 1023 habere
2374 972 2641 1022 nostrum
2689 969 2784 1036 sit,
2828 968 2885 1023 id
2933 973 3129 1025 tamen
3175 971 3464 1028 habemus
3513 973 3669 1044 quod

2029 1055 2380 1127 accepimus,
2415 1055 2692 1126 quoniam
2723 1056 3100 1128 superbienti,
3125 1062 3180 1112 et
3210 1075 3278 1114 ex
3305 1076 3370 1115 eo
3399 1062 3550 1131 quod
3566 1060 3670 1117 ha-

2027 1143 2410 1215 bebat,quasi
2431 1161 2464 1199 a
2486 1142 2676 1215 seipso
2707 1143 2920 1200 habere
2952 1145 3126 1218 impie
3158 1146 3670 1218 gloriantiVeritas

2028 1249 2132 1305 per
2157 1232 2500 1304 Apostolum
2531 1232 2672 1288 dicit
2706 1250 2719 1288 :
2753 1235 2908 1303 Quid
2951 1236 3107 1289 enim
3159 1235 3336 1291 habes
3371 1237 3528 1308 quod
3552 1256 3670 1295 non

2029 1323 2314 1391 accepisti
2327 1342 2340 1390 ;
2355 1322 2512 1394 quod
2520 1324 2576 1377 si
2585 1323 2885 1391 accepisti,
2900 1323 3039 1395 quid
3047 1341 3084 1396 g
3096 1321 3367 1390 toriaris,
3380 1327 3556 1398 quasi
3564 1342 3675 1382 non

2030 1413 2409 1482 acceperis?!
2442 1410 2568 1465 Cor.
2599 1428 2673 1478 IV,
2704 1413 2783 1479 7.)
2819 1410 3022 1466 Merito
3053 1427 3188 1484 ergo
3234 1411 3294 1466 in
3344 1411 3443 1468 illo
3493 1413 3672 1469 veris-

2032 1499 2181 1556 simo
2231 1504 2286 1555 et
2334 1498 2617 1572 singulari
2676 1499 2962 1554 sacriﬁcio
3011 1499 3260 1567 Domini,
3310 1505 3425 1557 Deo
3475 1506 3674 1558 nostro

2032 1604 2200 1660 agere
2229 1587 2450 1659 gratias
2472 1588 2877 1657 admonemur,
2893 1591 2957 1642 ut
2969 1587 3453 1660 agnoscathomo,
3471 1589 3674 1662 siquid

2031 1675 2178 1731 bene
2221 1674 2380 1741 vivit,
2415 1675 2514 1730 Dei
2561 1675 2753 1748 gratia
2799 1693 2862 1732 se
2901 1676 3135 1745 habere,
3169 1681 3224 1732 et
3257 1681 3322 1732 ut
3342 1677 3678 1750 perﬁciatur

2032 1764 2092 1819 in
2124 1764 2430 1820 dilectione
2451 1765 2698 1836 justitiaa
2729 1782 2843 1820 non
2868 1782 2929 1821 se
2947 1765 3183 1822 aliunde
3200 1771 3674 1823 consecuturum.
3722 1775 3734 1784 ‘

264 1855 670 1929 dignatusest.
688 1856 802 1910 Hoc
831 1856 1161 1929 exemplum
1176 1875 1288 1914 non
1305 1859 1920 1931 relinquamusjstam
1951 1890 1998 1953 Β
2033 1853 2172 1925 quia
2201 1853 2473 1926 cogitatio
2504 1854 2667 1926 pium
2699 1854 2856 1910 facit.
2875 1854 3104 1926 Ipsaest
3123 1853 3222 1911 illa
3249 1855 3678 1929 sapientiaque

265 1942 597 2001 convallem
665 1943 1009 2016 plorationis
1059 1952 1343 2018 martyres
1384 1947 1812 2020 intellexerunt,
1865 1958 1920 2009 et

265 2033 405 2088 inde
436 2036 505 2086 ut
552 2037 974 2088 coronarentur
1019 2036 1426 2092 ascenderunt.
1459 2040 1636 2095 Amor
1682 2047 1923 2098 sanctus

268 2122 344 2177 ad
378 2136 636 2193 superna
669 2119 874 2190 elevat,
890 2126 945 2178 et
957 2123 1028 2178 ad
1051 2128 1266 2180 aeterna
1289 2125 1634 2184 inﬂammat.
1655 2130 1924 2204 Obligata

264 2208 438 2270 enim
451 2210 643 2264 anima
654 2226 852 2266 amore
864 2213 1517 2284 terreno,quasiviscum
1531 2216 1704 2274 habet
1715 2220 1773 2275 in
1788 2238 1924 2293 pen-

271 2297 390 2368 nis,
422 2296 614 2354 volare
640 2315 755 2354 non
788 2303 1006 2371 potest;
1041 2301 1326 2358 mundata
1352 2320 1484 2359 vero
1515 2307 1586 2361 ab
1619 2308 1924 2366 affectibus

270 2392 328 2442 et
356 2385 785 2444 sordidissimis
817 2387 1321 2461 saeculi,tanquam
1345 2395 1600 2451 extensis
1621 2398 1926 2468 pennis,ex

271 2474 507 2530 duabus
541 2474 652 2531 alis
679 2474 972 2544 resolutis,
990 2476 1046 2532 id
1079 2482 1166 2533 est
1195 2479 1426 2535 duobus
1451 2486 1752 2556 praeceptis
1784 2487 1927 2544 dile-

271 2562 487 2618 ctionis
522 2563 618 2619 Dei
642 2562 1037 2620 etdilectionis
1050 2567 1321 2638 proximi,
1338 2569 1492 2625 volat
1502 2573 1573 2627 ad
1591 2573 1923 2644 Dominum,

274 2651 604 2707 ascendens
634 2651 904 2720 volando,
936 2652 1077 2725 quia
1105 2655 1368 2711 ascendit
1398 2660 1646 2715 amando
1679 2663 1750 2717 ad
1765 2662 1925 2719 illam

275 2739 497 2796 scilicet
531 2757 850 2812 supernam
881 2741 1207 2799 Jerusalem
1240 2749 1489 2802 matrem
1528 2750 1791 2806 omnium
1824 2770 1927 2808 no-

276 2834 632 2900 strum,quaa
665 2834 753 2884 est
782 2830 841 2884 in
874 2829 1052 2886 oculis.
1075 2833 1158 2888 Ab
1185 2831 1286 2889 illa
1309 2835 1464 2890 enim
1487 2840 1933 2912 peregrinamun

275 2917 332 2972 in
365 2917 489 2973 haec
521 2917 662 2986 vita,
680 2918 752 2973 ad
770 2919 898 2989 ejus
931 2920 1184 2977 reditum
1207 2925 1578 2995 suspiramus
1599 2930 1800 2985 tandiu
1825 2931 1929 2985 mi-

278 3005 388 3062 seri
413 3011 469 3061 et
500 3006 864 3074 laborantes,
898 3009 1080 3064 donec
1130 3011 1201 3065 ad
1250 3011 1412 3068 illam
1459 3016 1790 3087 redeamus,
1824 3037 1928 3075 nec

280 3093 426 3150 cives
477 3096 666 3151 nostri
716 3096 907 3168 angeli
956 3098 1304 3155 dimiserunt
1331 3100 1391 3158 in
1424 3104 1925 3176 peregrinatione;

279 3183 376 3239 sed
407 3185 915 3240 annuntiaverunt
937 3187 1310 3260 nobisipsum
1323 3207 1519 3265 regem
1530 3200 1841 3251 venturum
1855 3198 1926 3252 ad

2031 1942 2216 2014 pietas
2228 1946 2610 2015 vocatur,qua
2622 1943 3493 2018 coliturPaterluminum,aquo
3507 1963 3677 2003 omne

2030 2035 2118 2086 est
2147 2031 2348 2086 datum
2380 2032 2932 2104 optimum,etomne
2953 2033 3174 2088 donum
3189 2034 3681 2107 perfectum.Coli-

2032 2123 2129 2175 tur
2149 2124 2343 2175 autem
2357 2120 2641 2176 sacriﬁcio
2661 2120 2852 2176 laudis
2867 2121 3310 2194 actionibusque
3327 2123 3676 2196 gratiarum,

2033 2213 2099 2264 ut
2130 2208 2320 2264 cultor
2348 2211 2477 2282 ejus
2507 2227 2622 2266 non
2651 2210 2708 2264 in
2742 2210 2955 2281 seipso,
2990 2211 3090 2266 sed
3123 2210 3182 2265 in
3227 2210 3325 2266 illo
3373 2211 3674 2285 glorietur.

2032 2301 2160 2354 Non
2189 2300 2341 2354 enim
2373 2300 2657 2371 spiritum
2688 2302 2862 2371 hujus
2890 2299 3099 2355 mundi
3124 2301 3477 2372 accepimus,
3509 2305 3574 2356 ut
3600 2300 3680 2357 ait

2034 2387 2190 2444 idem
2221 2387 2672 2460 Apostolus,sed
2699 2387 2982 2460 Spiritum
3013 2390 3115 2461 qui
3133 2405 3206 2444 ea:
3228 2394 3342 2445 Deo
3373 2392 3516 2459 est(l
3543 2392 3677 2446 Cor.

2036 2493 2096 2544 ιι,
2134 2477 2240 2548 12),
2277 2481 2340 2531 ut
2393 2475 2651 2532 sciamus
2698 2494 2827 2549 quae
2858 2494 2892 2532 a
2924 2482 3038 2532 Deo
3070 2477 3285 2534 donata
3314 2483 3454 2534 sunt
3486 2479 3671 2536 nobis.

2037 2565 2176 2632 Quis
2203 2569 2292 2621 est
2320 2569 2516 2622 autem
2548 2565 2791 2638 spiritus
2808 2567 3011 2622 mundi
3046 2566 3374 2638 hujus,nisi
3397 2568 3681 2640 superbia

2037 2653 2301 2726 spiritus,
2334 2670 2448 2726 quo
2481 2671 2581 2708 cor
2609 2653 2896 2728 insipiens
2927 2655 3306 2711 obscuratum
3338 2660 3427 2712 est
3455 2673 3680 2726 eorum,

2038 2743 2138 2815 qui
2152 2743 2452 2816 cognitum
2468 2743 2798 2809 Dominum,
2814 2762 2930 2800 non
2945 2747 3008 2799 ut
3021 2744 3445 2818 Deum,gratias
3459 2747 3682 2820 agendo

2037 2831 2546 2904 gloriﬁcaverunt?
2576 2833 3032 2889 Consideremus
3055 2850 3191 2906 ergo
3222 2833 3364 2901 hac,
3397 2837 3454 2890 et
3483 2835 3686 2891 deom-

2038 2919 2213 2976 nibus
2245 2920 2542 2977 beneﬁciis
2574 2922 2674 2977 Dei
2705 2939 2935 2994 semper
2965 2921 3049 2978 illi
3080 2922 3300 2994 gratias
3338 2923 3681 2993 referamus,

2037 3007 2303 3080 interque
2335 3009 2532 3065 omnia
2553 3027 2726 3081 opera
2756 3011 2904 3081 ejus,
2923 3009 3067 3064 nihil
3088 3015 3176 3065 est
3206 3011 3360 3080 quod
3391 3009 3478 3064 vel
3499 3010 3686 3065 consi-

2038 3097 2240 3152 derare
2251 3096 2550 3163 libentius,
2565 3097 2652 3152 vel
2665 3097 2903 3152 laudare
2914 3096 3146 3152 dulcius
3158 3097 3684 3169 debeamus,quam

2040 3186 2193 3257 quod
2228 3185 2494 3241 Christus
2525 3187 2713 3241 factus
2743 3191 2832 3242 est
2860 3184 3122 3256 humilis,
3157 3189 3214 3241 et
3252 3186 3323 3241 ad
3361 3185 3682 3254 hominem,

281 3289 401 3327 nos.
437 3273 504 3328 Et
523 3273 688 3328 venit
717 3274 790 3328 ad
822 3290 949 3340 nos,
984 3279 1040 3330 et
1071 3257 1444 3350 contemptus
1469 3285 1558 3336 est
1586 3281 1741 3339 inter
1769 3302 1874 3341 nos
1897 3304 1931 3342 a
1958 3257 2001 3324 C
2041 3274 2141 3346 qui
2171 3275 2529 3361 cadendoﬁd
2564 3275 2684 3361 in}?
2712 3265 3415 3361 ᾁβὶθρωὲἲιξιξξιξῐθίᾤῷῄθ
3445 3275 3686 3331 descen-

283 3361 466 3430 nobis,
499 3365 560 3417 et
584 3365 792 3434 postea
821 3363 1223 3432 nobiscum,et
1251 3367 1450 3424 docuit
1479 3387 1584 3426 nos
1615 3375 1930 3442 contemni,

283 3449 421 3521 quia
442 3454 826 3522 contemptus
855 3456 945 3508 est
969 3471 982 3521 ;
1018 3453 1220 3509 docuit
1246 3455 1511 3526 tolerare,
1537 3459 1678 3530 quia
1717 3462 1933 3519 tolera-

280 3539 395 3605 vit;
431 3538 639 3595 docuit
659 3539 800 3611 pati,
835 3541 974 3613 quia
1002 3558 1214 3614 passus
1244 3548 1434 3614 est;ct
1464 3549 1934 3619 promisitresur—

279 3631 568 3693 recturos,
600 3628 742 3700 quia
768 3631 1103 3699 resurrexit,
1128 3631 1189 3687 in
1220 3633 1411 3706 seipso
1444 3639 1759 3694 ostendens
1790 3641 1930 3712 quid

279 3731 519 3787 sperare
535 3715 876 3772 debeamus.
894 3718 951 3774 Si
968 3735 1104 3792 ergo
1120 3721 1414 3793 prophetae
1429 3728 1484 3778 et
1494 3730 1691 3796 patres
1703 3729 1929 3802 antiqui

277 3808 600 3876 antequam
631 3805 914 3862 Dominus
944 3806 1117 3863 Jesus
1139 3807 1408 3866 Christus
1428 3813 1645 3869 veniret
1661 3815 1719 3869 in
1734 3833 1926 3887 carne,

276 3896 604 3965 antequam
636 3898 904 3951 mortuus
937 3898 1349 3954 resurrexisset
1376 3904 1434 3955 et
1463 3903 1822 3961 ascendisset
1868 3907 1929 3962 in

272 3981 516 4048 malum,
532 3983 911 4054 suspirabant
939 3989 1134 4041 tamen
1160 3985 1242 4040 illi
1265 3986 1505 4057 civitati,
1521 3996 1807 4062 quantum
1822 4012 1929 4052 nos

273 4074 544 4140 Oporteat
571 4070 900 4127 desiderare
922 4089 1035 4144 quo
1067 4091 1173 4130 nos
1197 4074 1323 4147 ipse
1351 4080 1668 4148 praecessit,
1687 4086 1743 4137 et
1774 4085 1929 4140 unde

273 4172 584 4228 nunquem
616 4159 1127 4233 recessit.Antiqui
1161 4165 1492 4222 sacerdotes
1525 4168 1626 4240 qui
1659 4187 1773 4226 non
1806 4176 1927 4227 tam

270 4244 571 4300 curabant
618 4247 689 4302 de
740 4247 900 4304 cultu
949 4250 1257 4318 sermonis,
1290 4269 1467 4325 quam
1515 4253 1586 4312 d'e
1636 4259 1823 4315 salute
1869 4266 1928 4316 et

270 4333 663 4391 adiﬁcatione
691 4335 898 4407 plebis,
914 4342 1147 4410 propter
1158 4340 1368 4398 idiotas
1381 4348 1436 4399 et
1447 4346 1798 4416 rusticanos,
1813 4365 1924 4406 non

269 4437 544 4488 sursum,
578 4424 677 4479 sed
708 4423 932 4497 vulgari
964 4443 1232 4484 sermone
1259 4431 1500 4487 Sursum
1530 4435 1706 4491 corda
1736 4437 1926 4494 dicere

273 4509 571 4579 solebant,
586 4517 651 4567 ut
680 4530 773 4569 res
785 4517 948 4570 tanta
959 4514 1190 4586 plenius
1205 4518 1470 4574 omnium
1484 4523 1759 4581 sensibus
1773 4542 1925 4582 com-

2043 3341 2147 3428 dit,
2163 3361 2349 3447 utﬁ‘fyel
2364 3341 2505 3447 sese.
2534 3341 2892 3447 θινξὲςιὶρᾖξιξ
2905 3341 3561 3444 ἑψξίᾶᾇᾶῆέωδω.
3579 3367 3686 3421 De-

2042 3432 2354 3523 niqucfiut’
2380 3432 2704 3508 Ιῖθῦἐιιριῖῖιί
2726 3432 3134 3524 calumvspem
3166 3455 3448 3532 nostram,
3477 3451 3690 3532 levavit

2039 3540 2230 3613 primo
2275 3557 2535 3624 carnemo
2556 3545 2839 3624 ppstram,
2891 3544 2971 3624 et.
2994 3553 3132 3624 nunt
3149 3526 3564 3624 gubitaregmis
3595 3558 3687 3598 se-

2041 3634 2314 3713 cuturum
2833 3613 3034 3711 adigis,
3047 3613 3201 3696 illuc;
3224 3613 3688 3701 jam"’p'ra36essit

2041 3700 2209 3791 qubd‘i
2231 3700 2471 3791 accepit,
2483 3700 2552 3774 ei:
2566 3700 2769 3774 “nobis:

2113 3810 2198 3863 17.
2221 3809 2446 3878 (FULc.,
2471 3807 2722 3880 epist.”
2757 3807 2844 3864 ad
2872 3807 3532 3880 Ferrand.,n.u.)ldeo
3547 3823 3684 3880 ergo

2039 3896 2328 3969 praecipue
2358 3897 2417 3951 in
2450 3896 2575 3969 ipso
2608 3895 2892 3952 sacriﬁcio
2915 3895 3173 3969 corporis
3195 3895 3406 3952 Christi
3429 3896 3687 3969 agratia-

2038 4002 2170 4041 rum
2204 3985 2430 4042 actione
2463 3983 2800 4057 incipimus,
2833 3989 2899 4039 ut
2928 3984 3224 4041 Christum
3255 4001 3370 4040 non
3402 3985 3685 4054 dandum,

2037 4074 2139 4130 sed
2171 4075 2374 4129 datum
2406 4074 2576 4130 nobis
2601 4074 2661 4128 in
2692 4073 2933 4129 veritate
2954 4077 3352 4129 monstremus
3378 4091 3391 4142 ;
3426 4077 3483 4130 et
3511 4073 3571 4128 in
3622 4090 3688 4129 eo

2037 4163 2192 4233 quod
2223 4163 2443 4235 gratias
2473 4163 2704 4235 agimus
2735 4167 2872 4232 Deo,
2903 4161 2962 4216 in
3023 4161 3315 4218 oblatione
3344 4161 3606 4234 corporis
3633 4165 3691 4217 et

2035 4252 2340 4323 sanguinis
2369 4250 2584 4307 Christi
2615 4267 3037 4324 cognoscamus
3064 4267 3180 4306 non
3201 4250 3395 4308 adhuc
3420 4250 3689 4306 occiden-

2036 4341 2176 4396 dum
2198 4340 2495 4396 Christum
2511 4357 2612 4413 pro
2626 4340 2842 4396 nostris
2853 4338 3392 4412 iniquitatibus,sed
3406 4338 3685 4405 occisum;

2035 4446 2139 4485 nec
2171 4428 2542 4486 redimendos
2573 4446 2679 4485 nos
2709 4429 2808 4486 illo
2843 4428 3150 4502 sanguine,
3185 4427 3288 4483 sed
3319 4427 3673 4498 redemptos.

2033 4517 2183 4574 Vera
2212 4522 2301 4574 est
2330 4519 2485 4575 enim
2517 4518 2668 4574 beati
2697 4518 2849 4574 Petri
2881 4515 3212 4590 praedicatio
3243 4514 3522 4570 dicentis:
3561 4515 3682 4570 Non

272 4599 680 4657 mendaretur.
713 4601 907 4658 Monet
937 4608 1132 4658 autem
1165 4605 1354 4661 adhuc
1385 4611 1654 4667 sacerdos
1668 4614 1881 4669 etdicit
1912 4631 1924 4669 ε

2038 4599 2517 4669 eorruptibitibus
2527 4607 2764 4669 argento
2776 4601 2862 4654 vel
2870 4614 3020 4653 auro
3051 4596 3338 4664 redempti
3353 4595 3488 4652 estis
3508 4595 3580 4652 de
3593 4611 3688 4652 ve-

350 4689 438 4742 16.
472 4691 718 4745 Gratias
745 4707 996 4764 agamus
1022 4696 1270 4750 Domino
1298 4700 1415 4750 Deo
1444 4704 1662 4754 nostra.
1686 4705 1770 4769 (a)
1793 4704 1932 4759 Cra-

274 4774 501 4832 tiarum
527 4778 680 4833 actio
707 4780 862 4835 Patri
879 4779 1171 4837 luminum
1195 4799 1470 4856 sempera
1483 4787 1652 4842 nobis
1665 4789 1928 4859 debetur,

272 4880 308 4919 a
337 4880 458 4936 quo
491 4865 620 4922 sine
653 4866 774 4923 ulla
797 4868 1160 4926 dubitatione
1190 4887 1362 4928 omne
1383 4873 1585 4930 datum
1617 4877 1928 4949 optimum,

269 4956 332 5008 et
361 4970 541 5010 omne
572 4955 793 5011 donum
826 4957 1166 5028 qerfectum,
1184 4957 1486 5031 Scriptura
1515 4965 1932 5031 teste,descen-

266 5041 385 5097 dit.
411 5042 597 5098 Nemo
629 5049 717 5100 est
746 5044 904 5100 enim
937 5045 1106 5101 donis
1138 5046 1236 5101 Dei
1277 5047 1505 5113 beatus,
1539 5051 1639 5122 qui
1687 5053 1929 5112 donanti

264 5129 809 5204 exsistitingratus,
828 5132 968 5204 quia
991 5139 1047 5189 et
1072 5133 1180 5190 hoc
1195 5135 1347 5206 quod
1363 5136 1515 5193 inter
1539 5156 1707 5197 sacra
1722 5149 1932 5216 myste-

264 5217 363 5274 ria
391 5235 498 5274 cor
525 5219 740 5276 habere
773 5237 1012 5277 sursum
1035 5223 1337 5294 jubemur,
1371 5224 1497 5297 ipso
1530 5228 1843 5299 adjuvante
1872 5233 1930 5289 id

263 5305 568 5378 valemus,
602 5310 757 5381 quod
781 5311 1026 5381 jubente
1058 5312 1466 5369 admonemur.
1499 5315 1568 5371 Et
1595 5317 1723 5374 ideo
1737 5322 1930 5393 sequi-

265 5400 396 5466 tur,
433 5400 500 5451 ut
528 5397 603 5452 de
632 5397 744 5454 hoc
765 5402 927 5455 tanto
955 5401 1108 5456 bono
1127 5417 1364 5456 sursum
1395 5401 1566 5458 levati
1592 5409 1784 5464 cordis
1817 5427 1932 5466 non

263 5484 453 5539 nobis
480 5485 937 5560 gloriam,quasi
969 5493 1304 5545 nostrarum
1335 5490 1542 5548 virium
1577 5496 1929 5567 tribuamus,

263 5573 385 5629 sed
416 5575 668 5632 Domino
701 5580 816 5633 Deo
848 5580 1048 5634 noStro
1077 5576 1296 5650 gratias
1327 5594 1591 5651 agamus.
1625 5589 1744 5641 Hoc
1776 5586 1932 5642 enim

2039 4696 2166 4744 stra
2194 4703 2341 4743 vana
2367 4689 2734 4744 conversione
2763 4695 3021 4756 paterna:
3053 4684 3414 4750 traditionis,-
3435 4685 3536 4740 sed
3563 4699 3692 4754 pre-

2039 4777 2183 4833 tioso
2193 4777 2470 4847 sanguine
2480 4777 2649 4848 quasi
2658 4775 2800 4846 Agni
2812 4773 3172 4833 immaculati
3182 4781 3238 4828 et
3253 4772 3692 4831 incontaminati

2039 4866 2253 4923 Christi
2280 4869 2334 4934 (Ι
2360 4865 2701 4935 Ρρεν.ι,18).
2738 4863 2890 4918 Bene
2919 4863 3119 4936 itaque
3149 4863 3690 4919 admonentisacer-

2041 4955 2160 5011 doti
2193 4959 2250 5010 et
2276 4954 2492 5010 dicenti
2525 4953 2764 5010 Gratias
2795 4968 3042 5024 agamus
3057 4953 3301 5009 Domino
3333 4956 3451 5008 Deo
3471 4957 3688 5019 nostro,

2041 5044 2353 5116 respondet
2378 5043 2637 5099 Ecclesia
2668 5059 2682 5097 :

2111 5135 2200 5189 48.
2233 5133 2484 5206 Dignum
2513 5137 2570 5188 et
2583 5136 2814 5205 juttum
2844 5135 2949 5187 est.
2973 5129 3120 5195 Quid
3151 5128 3306 5184 enim
3335 5131 3525 5201 potest
3561 5144 3692 5184 esse

2041 5223 2231 5295 magis
2264 5227 2377 5277 Deo
2403 5219 2796 5295 dignum,aut
2823 5220 2966 5292 quid
2999 5219 3050 5274 ei
3074 5217 3299 5290 justius
3325 5234 3356 5272 a
3388 5216 3557 5272 nobis
3597 5233 3690 5272 re-

2042 5311 2215 5384 pendi
2250 5315 2458 5383 potest,
2495 5327 2674 5383 quam
2705 5314 2762 5365 et
2789 5313 2963 5364 tanta:
2989 5305 3403 5364 misericordia
3445 5303 3565 5370 Dei,
3596 5304 3689 5359 cui

2038 5401 2224 5456 vicem
2257 5401 2467 5456 referre
2499 5417 2615 5455 non
2648 5396 3226 5471 possumus,debitas
3247 5393 3465 5468 gratias
3489 5393 3692 5449 redda-

2043 5507 2196 5557 mus,
2232 5489 2535 5544 audientes
2566 5487 2908 5558 Apostolum
2936 5485 3337 5542 exhortantem
3371 5497 3478 5537 nos
3505 5485 3561 5537 et
3601 5481 3690 5536 di-

2042 5585 2266 5638 centem
2304 5594 2316 5634 :
2351 5577 2582 5634 Gratias
2607 5585 2841 5648 agentes
2869 5578 2979 5633 Deo
3021 5584 3075 5632 et
3126 5572 3316 5643 Patri,
3349 5571 3453 5643 qui
3489 5571 3689 5643 dignos

348 5661 441 5732 (a)
472 5661 615 5720 Vide
645 5663 832 5722 sancti
860 5665 1171 5738 Augustini
1203 5681 1534 5726 sermonem
1564 5674 1690 5741 227,
1724 5675 1794 5732 ad
1828 5675 2100 5742 infantes,
2133 5673 2202 5729 de
2233 5665 2648 5726 Sacramenﬁs-
