4126 6200
297 354 368 412 4,
491 374 500 381 .
1488 354 1592 414 DE
1636 352 2162 416 EXPOSITIONE
2205 355 2490 418 MISSE.
3617 367 3696 441 48

295 495 348 542 et
373 483 656 541 mirabilia
677 485 795 556 ejus
817 484 956 556 ﬁliis
981 483 1262 540 hominum
1283 485 1453 558 (Psal.
1479 502 1588 552 ενι,
1610 487 1688 554 8).
1714 485 1780 540 Et
1803 502 1940 557 qua—
1969 489 2023 556 Α
2053 502 2307 558 namque
2340 486 2549 543 militia
2570 491 2846 544 nascente
2868 490 3021 564 Rege
3044 494 3243 548 nostro
3266 491 3551 566 scriptum
3573 499 3698 557 est:

293 575 406 630 lem
425 572 1014 646 DominusJesus,qui
1034 572 1260 628 nullum
1281 573 1518 630 omnino
1541 574 1790 629 habebat
1815 592 1940 646 pec-
2052 576 2240 631 Subito
2269 579 2413 647 facta
2443 585 2522 633 est
2549 595 2670 633 cum
2692 579 2886 648 angelo
2913 580 3204 638 multitudo
3233 583 3452 638 militiae
3475 584 3703 646 cavlestis

295 667 510 728 catum,
535 662 593 717 in
625 661 933 736 Evangelio
967 663 1082 717 Deo
1113 661 1267 718 Patri
1299 663 1466 718 offert
1493 663 1728 718 dicens:
1757 665 1943 733 Con/i—
2055 664 2210 736 (Luc.
2239 682 2316 732 ιιι,
2352 665 2462 738 13).

294 761 406 810 tear
435 754 557 820 tibi,
580 753 762 822 Pater,
787 752 1012 806 Domine
1031 752 1155 806 ειυιὶ
1181 760 1232 807 et
1261 759 1444 819 terrae,
1468 753 1594 824 quia
1616 753 1945 808 abscondisti
2124 753 2213 807 40.
2245 754 2482 828 (ΑΜΒΒ.)
2503 755 2650 818 Quid
2682 755 2793 812 sibi
2817 773 2954 830 ergo
2975 757 3100 814 vult
3129 758 3188 813 in
3221 758 3328 816 hoc
3357 759 3577 834 hymno
3609 777 3712 820 an-

293 843 410 899 haec
435 859 467 896 a
495 841 835 913 sapientibus
863 848 916 896 et
944 841 1197 896 revelasti
1236 857 1301 896 ea
1341 842 1588 912 parvulis
1619 840 1828 914 (Matth.
1860 858 1938 908 xu,
2049 839 2236 913 gelico
2272 841 2382 897 sub
2413 859 2528 898 uno
2575 843 2812 900 nomine
2843 845 3168 904 sanctitatis
3197 849 3352 904 trina
3401 835 3710 923 repetitio?

287 931 398 1002 23).
429 929 554 985 Una
582 928 765 1002 igitur
802 929 1184 996 confessione,
1210 927 1265 983 id
1299 933 1388 984 est
1435 927 1606 984 laude
1637 931 1693 984 et
1721 927 1938 1000 gratia-
2050 928 2108 984 Si
2145 929 2299 984 trina
2331 930 2616 1003 repetitio,
2643 950 2747 988 cur
2775 951 2894 989 una
2937 933 3243 994 laudatio?
3273 937 3322 994 si
3357 955 3475 994 una
3502 937 3708 998 lauda-

293 1037 416 1074 rum
446 1017 698 1085 actione,
724 1019 850 1089 jam
885 1033 1040 1073 nunc
1063 1035 1196 1072 cum
1229 1015 1452 1088 a:ge1is
1475 1017 1794 1086 sociantur,
1821 1017 1940 1071 lau-
2047 1017 2148 1084 tio,
2172 1035 2276 1074 cur
2307 1019 2461 1074 trina
2505 1021 2790 1092 repetitio,
2821 1019 2936 1076 nisi
2969 1021 3104 1096 quia
3147 1023 3316 1081 Pater
3343 1031 3403 1082 et
3433 1025 3615 1085 Filius
3645 1031 3704 1086 et

2047 1106 2302 1180 Spiritus
2335 1113 2573 1163 sanctus
2619 1110 2927 1166 sanctitate
2957 1128 3142 1168 unum
3175 1114 3350 1170 sunt?
3388 1115 3512 1172 Non
3554 1115 3701 1178 dixit

2045 1195 2246 1262 semel,
2270 1213 2342 1252 ne
2366 1195 2574 1252 Filium
2598 1201 3018 1269 sequestraret;
3042 1217 3157 1256 non
3183 1199 3294 1270 bis,
3319 1219 3390 1258 ne
3411 1202 3696 1276 Spiritum

293 1108 490 1164 dantes
519 1107 589 1163 de
623 1107 954 1163 coelestibus
993 1111 1051 1162 et
1098 1105 1474 1162 terrestribus
1521 1109 1804 1178 tanquam
1837 1106 1936 1178 qui

288 1197 423 1254 fecit
453 1195 663 1253 oculum
699 1199 754 1251 et
784 1199 998 1253 terram
1029 1194 1310 1251 dicentes.

356 1288 445 1342 37.
476 1287 727 1352 Sanctus,
775 1292 1014 1354 sanctus,
1062 1292 1304 1352 sanctus,
1357 1285 1618 1340 Domi-nus
1666 1285 1805 1340 Deus
1850 1301 1936 1340 sa-

225 1368 236 1377 ’
289 1377 467 1442 baoth,
494 1377 652 1448 pleni
675 1379 805 1430 sunt
831 1375 956 1429 σαςιί
983 1381 1037 1430 et
1057 1381 1222 1430 terra.
1249 1376 1375 1428 ista:
1399 1378 1540 1430 sunt
1567 1389 1736 1430 voces
1765 1390 1936 1446 ange-

284 1464 476 1521 lorum
495 1463 862 1520 laudantium
878 1463 937 1518 in
950 1462 1111 1518 caelis
1129 1461 1162 1518 h
1175 1480 1286 1518 unc
1303 1462 1584 1536 hymnum
1600 1461 1794 1536 glorias
1809 1462 1930 1519 Dei.

282 1556 348 1610 Et
377 1553 564 1610 Isaias
594 1552 878 1627 propheta
907 1569 970 1609 se
999 1551 1234 1609 audisse
1265 1556 1534 1619 testatur,
1550 1553 1786 1624 quando
1815 1551 1934 1626 glo-

279 1643 428 1698 riam
455 1643 556 1699 Dei
575 1641 740 1710 vidit,
754 1647 811 1698 et
831 1641 1128 1714 seraphim
1151 1639 1280 1698 istis
1301 1639 1540 1696 vocibus
1561 1657 1695 1694 eum
1719 1638 1933 1696 collau-

2044 1289 2313 1341 sanctum
2337 1286 2685 1358 praeteriret;
2711 1304 2824 1343 non
2861 1291 3085 1360 quater,
3111 1306 3182 1346 ne
3205 1295 3530 1348 creaturam
3553 1311 3698 1351 con-

2035 1374 2342 1448 jungeret;
2369 1379 2423 1431 et
2455 1381 2520 1431 ut
2541 1377 2872 1434 ostenderet
2899 1395 3076 1434 unam
3099 1396 3226 1436 esse
3246 1380 3695 1450 Deitatem,cum

2042 1463 2215 1519 tertio
2245 1463 2508 1530 dixisset,
2533 1474 2774 1534 sanctus,
2795 1475 3036 1538 sanctus,
3059 1477 3301 1535 sanctus,
3324 1459 3550 1526 addidit
3573 1472 3696 1530 sin-

2041 1551 2328 1626 gulariter
2367 1555 2636 1612 Dominus
2687 1557 2930 1612 sabaoth.
2965 1556 3212 1613 Sanctus
3273 1556 3448 1631 igitur
3503 1559 3693 1632 Pater,

2042 1644 2280 1696 sanctus
2313 1641 2514 1705 Filius,
2539 1655 2779 1699 sanctus
2809 1647 2868 1698 et
2897 1643 2998 1700 Dei
3031 1645 3305 1718 Spiritus,
3341 1650 3463 1704 tota
3491 1647 3696 1706 videli-

280 1731 483 1789 dantis
512 1731 754 1789 audivit.
780 1731 849 1787 Et
869 1731 1076 1786 beatus
1095 1731 1350 1786 Joannes
1375 1729 1434 1784 in
1459 1727 1797 1802 Apocalypsi
1821 1730 1930 1786 sub
2041 1733 2131 1784 cet
2161 1729 2416 1786 Trinitas
2448 1731 2726 1788 adoratur
2754 1738 2810 1788 et
2843 1732 3118 1790 laudatur
3151 1735 3225 1790 ab
3263 1734 3509 1808 angelis.
3534 1737 3694 1796 Hanc

282 1822 472 1894 ﬁgura
500 1825 753 1894 quatuor
781 1819 1126 1877 animalium
1147 1819 1484 1874 introducit.
1512 1818 1749 1888 Legitur
1770 1836 1932 1874 nam-
1963 1863 2009 1929 Β
2042 1818 2334 1891 seraphim
2359 1819 2685 1892 glorificant
2701 1826 2978 1877 etomnes
2997 1827 3318 1894 potestates
3331 1810 3694 1900 virtutesque

279 1928 388 1984 que
418 1912 480 1968 in
505 1911 658 1967 Isaia
677 1910 748 1966 de
777 1908 1069 1982 seraphim
1095 1907 1477 1964 laudantibus
1498 1907 1578 1964 ita
1605 1924 1616 1963 :
1641 1908 1706 1964 Et
1729 1908 1932 1964 clama-
1963 1907 2009 1929 "
2041 1907 2326 1964 caelestes.
2352 1909 2698 1982 Adjungunt
2717 1915 2913 1968 autem
2943 1910 3081 1967 huic
3102 1911 3320 1986 hymno
3346 1913 3690 1988 angelorum

283 2002 408 2056 bant
442 2001 582 2056 alter
610 1999 680 2056 ad
710 2000 964 2068 alterum,
997 2007 1048 2054 et
1075 1997 1329 2054 dicebant
1359 2014 1371 2051 :
1405 1998 1656 2064 Sanctus,
1684 2005 1927 2067 sanctus,
2039 2001 2276 2070 sumpta
2304 2014 2370 2053 ex
2401 1997 2710 2071 Evangelio
2742 1999 2915 2056 verba
2961 2001 3270 2058 turbarum
3317 2001 3688 2064 laudantium

276 2097 514 2156 sanctus,
545 2089 810 2144 Dominus
832 2088 972 2142 Deus
1001 2086 1247 2152 sabaoth,
1265 2085 1438 2158 plena
1467 2094 1545 2141 est
1576 2088 1752 2141 omnis
1781 2095 1930 2142 terra
2037 2085 2219 2140 Deum
2253 2089 2309 2142 et
2340 2103 2532 2159 regem
2560 2091 2825 2144 nostrum
2846 2087 3171 2146 venientem
3204 2077 3687 2166 Hierosolymam,

275 2177 452 2250 gloria
494 2178 611 2250 ejus
643 2178 772 2250 (Isa.
802 2194 880 2244 vn,
911 2177 986 2245 3).
1011 2175 1072 2230 In
1109 2173 1454 2248 Apocalypsi
1485 2191 1616 2230 vero
1665 2175 1736 2230 de
1784 2191 1927 2246 qua-

277 2272 408 2323 tuor
437 2266 796 2322 animalibus
826 2265 908 2322 sic
950 2263 1167 2338 legitur
1197 2282 1210 2320 :
1245 2265 1306 2319 Et
1338 2265 1581 2337 requiem
1628 2280 1734 2320 non
1764 2264 1927 2320 habe-

277 2355 420 2423 bant,
456 2355 544 2412 die
589 2372 656 2411 ac
700 2362 851 2411 noete
890 2353 1126 2411 dicentia
1159 2372 1177 2408 :
1207 2353 1458 2421 Sanctus,
1508 2362 1746 2419 sanctus,
1793 2369 1926 2408 san-

273 2451 384 2501 ctus
411 2446 682 2500 Dominus
710 2443 850 2499 Deus
879 2444 1238 2515 omnipotens,
1263 2444 1362 2514 qui
1382 2450 1480 2510 est,
1503 2449 1555 2497 et
1585 2443 1681 2514 qui
1707 2449 1842 2509 erat,
1875 2450 1928 2498 et

275 2535 366 2605 qui
394 2541 662 2589 venturus
699 2541 779 2588 est
820 2533 1002 2604 (Apoc.
1027 2549 1103 2600 ιν,
1125 2533 1202 2600 8).
1226 2531 1603 2586 Manifestum
1655 2534 1742 2588 es‘t
1790 2547 1924 2603 ergo

275 2623 428 2694 quod
453 2622 513 2677 in
533 2622 626 2678 his
643 2621 836 2677 verbis
853 2620 1056 2676 divinae
1078 2619 1426 2692 laudis,quze
1445 2621 1514 2675 ad
1539 2619 1922 2676 imitationem

274 2727 664 2784 supernarum
689 2709 971 2766 virtutum
995 2711 1167 2782 juxta
1193 2709 1401 2764 Isaiam
1433 2709 1702 2765 decantat
1732 2708 1922 2764 Eccle-

275 2801 376 2866 sia,
398 2817 561 2856 unus
591 2817 784 2856 sermo
814 2799 884 2854 de
912 2797 1256 2872 Apocalypsi
1291 2797 1528 2854 additus
1557 2797 1671 2852 sit:
1697 2815 1833 2852 nam
1863 2797 1922 2853 in

279 2889 418 2945 Isaia
443 2893 680 2945 tantum
702 2889 964 2943 Dominus
983 2889 1207 2942 sabaot’i
1236 2885 1475 2959 legitur;
1499 2885 1557 2940 in
1580 2885 1922 2959 Apocalypsi

276 2995 398 3035 vero
423 2979 688 3034 Dominus
719 2979 858 3032 Deus
887 2978 1246 3048 omnipotens,
1275 2981 1330 3030 et
1357 2975 1486 3030 ideo
1519 2992 1630 3031 non
1664 2975 1922 3031 humano

275 3066 532 3135 arbitrio,
547 3066 650 3122 sed
672 3065 981 3137 utriusque
997 3065 1307 3137 Scriptura:
1327 3065 1669 3119 auctoritate
1687 3065 1925 3136 conjun-

273 3161 360 3211 cta
379 3156 636 3212 dicimus
659 3172 674 3210 :
700 3156 964 3212 Dominus
997 3154 1132 3209 Deus
1159 3155 1400 3208 sabaoth.
1428 3153 1572 3208 Item
1595 3152 1651 3206 in
1678 3153 1828 3207 Isaia
1849 3152 1926 3208 le-

2037 2177 2210 2246 atque
2241 2175 2561 2231 dicentium
2595 2193 2610 2232 :

2109 2264 2194 2318 41.
2227 2265 2484 2320 Hosanna
2533 2266 2594 2320 in
2639 2267 2888 2334 excelsis,
2932 2269 3238 2326 benedictus
3287 2267 3386 2344 qui
3429 2273 3576 2328 venit
3627 2272 3687 2329 in

2033 2353 2256 2408 nomine
2303 2355 2542 2420 Domini,
2575 2353 2820 2412 hosanna
2875 2357 2935 2413 in
2981 2359 3228 2415 excelsis.
3264 2359 3350 2416 Ita
3405 2358 3562 2416 enim
3619 2377 3690 2424 ex

2036 2440 2335 2513 Scriptura
2368 2441 2706 2515 prophetica
2735 2450 2792 2500 et
2820 2445 3153 2516 evangelica
3174 2447 3499 2522 completur
3517 2448 3704 2522 plena‘

2033 2529 2312 2597 laudatio,
2329 2547 2460 2586 cum
2495 2536 2626 2603 post
2651 2531 2883 2589 laudem
2907 2541 2964 2590 et
2991 2535 3240 2608 gloriam
3264 2540 3478 2594 sanctas
3499 2523 3686 2596 Trini-

2035 2619 2172 2674 tatis
2203 2619 2272 2674 ad
2273 2619 2548 2693 jungitur
2577 2619 2752 2676 etiam
2797 2622 3123 2694 gratiarum
3156 2624 3307 2682 actio
3337 2625 3408 2682 de
3437 2626 3690 2684 adventu

2033 2707 2487 2781 Salvatoris,qui
2521 2727 2674 2766 unus
2707 2711 2763 2766 in
2799 2711 2926 2784 ipsa
2947 2716 3003 2766 et
3033 2729 3101 2768 ex
3131 2713 3260 2787 ipsa
3279 2713 3562 2772 Trinitate
3583 2733 3688 2790 pro

2033 2795 2220 2852 salute
2271 2801 2470 2852 nostra
2519 2798 2693 2854 homo
2743 2801 2932 2855 factus
2993 2801 3051 2856 in
3113 2803 3401 2860 mundum
3433 2804 3608 2874 venit,
3631 2809 3689 2870 et

2033 2885 2297 2940 eamdem
2334 2885 2586 2942 salutem
2618 2886 2920 2943 moriendo
2951 2893 3006 2944 et
3037 2892 3394 2963 resurgendo
3425 2893 3684 2966 perfecit.

2034 2979 2284 3029 Mortuus
2313 2983 2392 3030 est
2420 2981 2570 3030 enim
2592 2985 2817 3048 propter
2849 2977 3045 3032 delicta
3077 2988 3279 3048 nostra,
3305 2988 3358 3036 et
3384 2983 3687 3038 resurrexit

2025 3070 2246 3133 propter
2285 3063 2732 3134 jurstiﬁcationcm
2767 3073 3010 3120 nostram
3038 3067 3210 3133 (Rom.
3235 3084 3350 3136 xxv,
3381 3069 3494 3141 25).
3521 3068 3684 3125 Unde

2035 3151 2141 3204 rite
2175 3149 2257 3204 illi
2289 3151 2510 3223 gratias
2541 3158 2797 3224 agentes,
2821 3152 3074 3210 dicimus
3095 3155 3364 3224 Hosanna,
3399 3155 3456 3212 id
3479 3161 3568 3214 est
3598 3175 3688 3217 sa-

273 3244 428 3318 gitur
453 3261 468 3301 :
490 3245 663 3303 Plena
685 3251 764 3298 est
782 3245 960 3298 omnis
982 3249 1124 3298 terra
1147 3242 1324 3314 gloria
1353 3243 1490 3311 eius,
1513 3247 1795 3314 tanquam
1818 3241 1926 3296 hoc
1958 3231 2000 3298 C
2036 3238 2128 3294 lus
2160 3239 2218 3292 in
2249 3238 2514 3296 excelsis.

279 3333 466 3407 angeli
490 3349 604 3390 non
629 3332 702 3388 ad
734 3332 929 3404 ipsum
951 3331 1158 3398 Deum,
1187 3330 1288 3386 sed
1311 3331 1381 3386 de
1413 3330 1538 3404 ipso
1569 3331 1640 3386 ad
1673 3329 1919 3386 invicem

277 3423 490 3489 dicant,
521 3439 628 3478 nos
660 3424 855 3477 autem
886 3437 1163 3476 conversa
1194 3419 1264 3474 ad
1293 3436 1428 3474 eum
1461 3435 1596 3474 voce
1627 3418 1918 3474 dicimus:

271 3511 430 3566 Pleni
451 3520 584 3567 sunt
603 3510 732 3566 caeli
750 3519 800 3566 et
821 3517 968 3566 terra
987 3509 1170 3580 glorin
1189 3516 1283 3564 tua
1306 3525 1319 3563 :
1346 3509 1500 3580 quod
1525 3525 1638 3562 non
1661 3507 1921 3564 humano

271 3615 448 3656 sensu
483 3603 930 3673 prmeumptum,
963 3598 1064 3654 sed
1101 3598 1172 3652 de
1215 3595 1330 3652 alia
1361 3596 1662 3669 Scriptura
1698 3613 1924 3652 assum-

271 3692 435 3762 ptum
466 3693 522 3745 et
551 3687 818 3745 additum
851 3685 1251 3759 est,loquente
1278 3684 1406 3758 ipso
1438 3685 1553 3742 Deo
1580 3683 1638 3740 in
1670 3685 1924 3740 Jeremia

271 3777 558 3852 prepheta
604 3782 660 3834 et
704 3776 970 3833 dicente:
999 3775 1206 3832 Caelum
1229 3783 1280 3830 et
1307 3783 1512 3830 terram
1557 3791 1653 3844 ego
1702 3775 1918 3846 impleo.

271 3867 569 3940 Quidquid
601 3871 798 3923 autem
837 3865 898 3920 in
943 3864 1041 3920 Dei
1089 3863 1366 3920 laudibus
1413 3863 1712 3936 Scriptura
1760 3861 1918 3928 dicit,

269 3960 421 4012 recte
453 3959 513 4012 et
541 3955 614 4011 ad
645 3955 843 4029 ipsum
870 3953 1085 4010 dicitur
1111 3951 1480 4026 gratulando,
1503 3955 1560 4008 et
1589 3952 1660 4006 de
1688 3951 1816 4026 ipso
1848 3951 1921 4006 ad

271 4042 413 4100 alios
444 4043 806 4100 exhortando
829 4041 916 4098 vel
949 4041 1314 4098 instruendo.

341 4134 433 4188 38.
455 4133 746 4206 (Himera)
769 4130 1024 4188 Sabaoth
1055 4134 1252 4186 autem
1281 4133 1371 4186 est
1395 4130 1466 4186 de
1497 4129 1706 4187 ducem
1737 4129 1923 4188 nomi-

272 4221 453 4280 nibus
494 4221 592 4279 Dei
647 4221 804 4296 apud
850 4220 1138 4288 Hebraeos,
1163 4223 1220 4276 et
1274 4219 1452 4275 latine
1509 4219 1923 4292 interpretatur

271 4312 655 4380 exercituum,
691 4310 809 4368 sive
838 4309 1144 4375 virtutum,
1169 4308 1322 4366 sicut
1342 4307 1674 4380 frequenter
1703 4308 1762 4362 in
1794 4324 1922 4380 pro-

267 4400 464 4473 phetis
494 4399 754 4474 positum
785 4403 874 4456 est
897 4415 911 4455 :
934 4399 1060 4457 Haec
1095 4398 1229 4455 dicit
1269 4398 1530 4454 Dominus
1557 4398 1917 4453 exercituum.

267 4490 336 4546 Et
361 4491 425 4546 in
456 4489 728 4563 psalmo:
754 4490 1014 4546 Dominus
1043 4489 1307 4546 virtutum
1347 4487 1462 4558 ipse
1495 4493 1576 4542 est
1610 4501 1710 4542 rex
1733 4486 1924 4558 glorite

268 4578 376 4650 (Ps.
408 4595 580 4646 χχιιι,
627 4578 736 4651 10).
769 4576 876 4642 Qui
923 4575 1053 4634 ideo
1102 4574 1404 4664 Dominus
1453 4573 1829 4664 exercituum,
1867 4577 1923 4664 et
1950 4597 1999 4664 Β

267 4667 554 4724 Dominus
582 4666 866 4724 virtutum
893 4681 1025 4722 vere
1056 4663 1286 4732 dicitur,
1311 4662 1450 4736 quia
1489 4663 1682 4720 omnis
1713 4662 1921 4720 militia

268 4757 526 4814 caelestis
569 4755 877 4828 exercitus,
903 4771 1108 4812 omnes
1159 4769 1424 4826 superna:
1454 4752 1698 4808 virtutes
1745 4756 1921 4825 atque

268 4845 545 4920 angelicae
578 4848 894 4918 potestates
949 4845 1078 4918 ejus
1136 4841 1380 4914 imperio
1433 4841 1760 4912 subjacent,
1793 4841 1920 4914 ejus

266 4934 530 4991 serviunt
557 4933 861 4990 voluntati.

339 5023 432 5078 39.
461 5023 696 5092 (Gaza,
727 5021 832 5078 lib.
864 5039 1000 5090 xvn,
1025 5026 1189 5090 Mor.,
1214 5039 1272 5076 n.
1301 5021 1411 5093 49.)
1435 5019 1742 5094 Angelicos
1762 5019 1921 5075 enim

270 5109 518 5184 spiritus
542 5117 698 5168 recte
729 5109 999 5167 militiam
1031 5109 1457 5182 dicimus,quia
1499 5109 1794 5164 decertare
1823 5124 1922 5163 eos

267 5204 477 5257 contra
496 5205 816 5275 potestates
835 5201 1025 5256 aerias
1045 5216 1159 5255 non
1183 5199 1558 5271 ignoramus:
1579 5214 1704 5270 quae
1728 5200 1922 5252 tamen

269 5290 593 5346 certamina
621 5307 738 5346 non
782 5288 1004 5357 labore,
1035 5288 1137 5344 sed
1184 5286 1427 5360 imperio
1458 5289 1764 5359 peragunt,
1791 5283 1927 5358 quia

265 5380 425 5453 quod
457 5380 752 5454 agendum
775 5383 854 5452 (a)
876 5381 1080 5436 contra
1099 5376 1439 5433 immundos
1474 5374 1718 5448 spiritus
1751 5391 1927 5448 appe-

279 5473 392 5524 unt
412 5486 480 5526 ex
509 5469 801 5543 adjutorio
838 5473 1052 5525 cuncta
1098 5466 1354 5540 regentis
1382 5468 1676 5538 .possunt.
1707 5465 1787 5522 De
1818 5466 1927 5523 hac

359 5647 442 5726 (α)
471 5648 640 5725 Apud
671 5645 1016 5726 Gregorium
1043 5643 1258 5722 legitur
1286 5641 1514 5718 agendo.

602 5774 1086 5843 ΡΑτιιοιοσΧΙΧ.

2103 3329 2190 3383 42.
2215 3327 2544 3400 (νιοιιιυε.)
2570 3333 2686 3384 Hoc
2710 3333 2798 3386 est
2819 3330 2974 3386 enim
3000 3333 3156 3404 quod
3186 3332 3244 3388 in
3279 3331 3506 3408 psalmo
3531 3335 3688 3392 cani-

2031 3421 2129 3472 tur
2161 3434 2174 3474 :
2211 3419 2436 3473 Domini
2465 3425 2542 3474 est
2561 3419 2732 3487 salus,
2765 3428 2816 3476 et
2845 3437 3010 3492 super
3041 3422 3302 3494 populum
3341 3431 3496 3480 tuum
3526 3424 3685 3488 bene-

2029 3506 2196 3562 dictio
2223 3515 2318 3562 tua
2345 3508 2456 3580 (Ps.
2476 3524 2561 3575 ιη,
2587 3508 2664 3580 9).
2688 3511 2807 3564 Hoc
2837 3509 2991 3580 quod
3024 3508 3082 3564 in
3115 3527 3342 3586 magna:
3382 3511 3684 3572 devotione

2029 3595 2222 3652 laudis
2261 3593 2321 3650 in
2376 3594 2722 3669 Apocalypsi
2767 3601 3102 3654 sanctorum
3135 3597 3349 3657 chorus
3400 3605 3680 3659 resonat:

2029 3684 2192 3741 Salus
2239 3686 2344 3740 Deo
2375 3693 2578 3752 nostro,
2599 3686 2700 3758 qui
2725 3685 2870 3742 sedet
2915 3703 3080 3758 super
3125 3687 3402 3756 thronum,
3423 3697 3475 3746 et
3523 3695 3684 3763 Agna

2031 3773 2048 3846 (
2071 3779 2224 3846 4pcc.
2247 3790 2348 3839 vn,
2375 3773 2482 3845 10).
2511 3775 2684 3830 Recte
2711 3791 2945 3848 quoque
2975 3775 3396 3850 subiungimus
3419 3794 3434 3835 :
3457 3762 3686 3836 Benedi-

2029 3868 2146 3916 ctus
2176 3861 2276 3932 qui
2296 3861 2444 3915 venit
2476 3861 2535 3914 in
2555 3863 2776 3917 nomine
2794 3861 3036 3933 Domini,
3053 3863 3223 3936 juxta
3244 3865 3398 3937 quod
3422 3863 3482 3924 in
3502 3866 3686 3926 Evan-

2031 3947 2180 4022 gelio
2200 3948 2420 4004 Judaeis
2447 3966 2562 4004 non
2597 3950 2972 4007 credentibus
3002 3951 3147 4008 dixit
3171 3969 3184 4008 :
3208 3953 3319 4024 Ego
3346 3956 3474 4011 veni
3502 3957 3562 4012 in
3591 3972 3686 4018 na-

2029 4039 2179 4094 mine
2207 4039 2394 4094 Patris
2441 4041 2573 4107 mei,
2597 4047 2648 4094 et
2698 4055 2810 4096 non
2841 4042 3116 4112 recepistis
3145 4058 3230 4098 me
3278 4045 3452 4115 (Joan.
3481 4061 3535 4112 v,
3569 4045 3682 4118 45),

2032 4131 2344 4183 assumunt
2360 4129 2554 4184 autem
2573 4127 2928 4185 versiculum
2949 4128 3142 4187 laudis
3159 4131 3342 4188 turba:
3361 4133 3434 4190 de
3453 4133 3684 4207 psalmo

2030 4216 2346 4273 centesimo
2368 4215 2594 4273 decimo
2623 4217 2896 4290 septimo,
2923 4235 3099 4291 quem
3122 4219 3194 4276 de
3215 4219 3463 4278 Domino
3483 4227 3683 4280 canta-

2029 4309 2156 4361 tum
2189 4321 2316 4362 esse
2347 4305 2726 4362 manifestum
2759 4311 2885 4362 est:
2921 4307 3078 4379 quod
3108 4323 3242 4364 eum
3273 4309 3456 4365 turba
3479 4307 3686 4368 dicunt

2030 4394 2316 4464 hosanna,
2341 4393 2451 4450 hoc
2481 4398 2573 4449 est
2603 4394 2757 4467 quod
2809 4394 2890 4450 ibi
2921 4395 3136 4452 dicitur
3165 4413 3179 4451 :
3213 4395 3254 4452 0
3292 4397 3538 4454 Domine.
3569 4399 3684 4455 sal-

2029 4500 2158 4540 vum
2187 4500 2271 4540 me
2297 4482 2430 4556 fac!
2475 4499 2505 4539 ο
2537 4485 2792 4552 Domine,
2827 4485 2958 4541 bene
2989 4491 3344 4557 prosperare!
3392 4487 3451 4542 et
3479 4487 3684 4546 statim

2031 4572 2412 4646 subjungitur
2441 4589 2454 4627 :
2489 4572 2810 4629 Benedictus
2839 4575 2936 4644 qui
2961 4573 3108 4629 venit
3137 4575 3197 4628 in
3223 4575 3446 4630 nomine
3465 4575 3688 4634 Domini

2029 4666 2148 4732 (Ps.
2167 4663 2463 4730 cxv11,25).
2484 4661 2645 4728 Quod
2667 4677 2800 4716 vero
2822 4660 2881 4716 in
2909 4661 3173 4732 ejusdem
3194 4660 3388 4720 laudis
3417 4680 3686 4737 perseeu-

2027 4751 2186 4806 tione
2211 4749 2589 4823 subjungitur
2609 4753 2892 4818 Ilosanna,
2911 4749 2968 4804 id
2995 4753 3084 4806 est
3105 4749 3266 4807 salus
3289 4751 3408 4810 sive
3427 4751 3687 4815 salviﬁca

2030 4839 2089 4894 in
2113 4839 2375 4911 excelsis,
2397 4841 2594 4910 aperte
2617 4838 2785 4894 docet
2803 4839 3120 4896 adventum
3154 4837 3384 4898 Domini
3407 4841 3467 4898 in
3488 4859 3686 4916 carne,

2031 4945 2148 4985 non
2180 4925 2370 4984 solum
2403 4926 2648 4982 humani
2670 4927 2902 5000 generis
2933 4927 2994 4984 in
3022 4932 3196 4999 terra,
3229 4931 3332 4988 sed
3361 4935 3419 4988 et
3447 4931 3686 5005 angelo-

2032 5035 2162 5074 rum
2193 5017 2252 5072 in
2281 5015 2442 5072 coelis
2471 5032 2602 5072 esse
2632 5016 2883 5073 salutem
2907 5034 2921 5072 :
2947 5017 3088 5090 quia
3115 5017 3256 5074 dum
3288 5035 3396 5076 nos
3422 5019 3686 5077 tendenti

2033 5107 2104 5162 ad
2137 5123 2393 5178 superna
2431 5105 2831 5176 perducimur,
2855 5123 3058 5163 eorum
3087 5107 3346 5180 profecto
3377 5123 3683 5178 numerus,

2035 5195 2136 5268 qui
2167 5196 2386 5250 Satana
2415 5195 2654 5251 cedente
2685 5200 2808 5251 erat
2839 5195 3185 5266 minoratus,
3217 5195 3515 5270 impletur.
3540 5197 3686 5255 Hinc

2034 5285 2252 5341 etenim
2283 5283 2500 5340 Paulus
2531 5285 2647 5340 ait:
2673 5287 2987 5340 Instaurari
3013 5287 3202 5342 omnia
3221 5285 3460 5354 Christo,
3480 5301 3606 5360 qua:
3625 5288 3688 5344 in

2035 5377 2184 5430 caelis
2213 5383 2264 5431 et
2291 5389 2417 5447 quae
2448 5376 2507 5429 in
2539 5381 2685 5429 terra
2713 5381 2840 5428 sunt
2863 5374 2920 5428 in
2948 5374 3066 5445 ipso
3095 5373 3306 5447 (Ephes.
3332 5375 3489 5443 1,10).
3513 5374 3688 5438 Recte

2035 5461 2216 5536 igitur
2243 5463 2501 5520 Hosanna
2531 5462 2590 5518 in
2619 5461 2908 5518 altissimis
2948 5459 3010 5518 in
3057 5462 3184 5536 ejus
3234 5459 3407 5518 laude
3434 5461 3688 5537 canitur,
