4126 6200
288 352 293 361 ”
377 386 459 452 43
1479 380 1707 445 FLORI
1749 376 2063 442 DIACONI
2106 375 2681 442 LUGDUNENSIS.
3706 374 3784 435 44

380 522 552 593 cujus
580 522 705 591 tota
742 516 1164 575 incarnationis
1196 514 1553 588 dispensatio
1586 530 1688 586 pro
1734 511 2031 585 implenda
2057 511 2113 579 Α
2140 510 2355 568 habeat
2383 514 2440 566 ct
2458 509 3190 567 benedicat?8acerdotum
3218 514 3309 567 est
3329 509 3483 565 enim
3507 508 3710 566 otl'crrc
3731 511 3788 564 ct

385 608 569 683 gloria
598 606 796 680 patriae
827 606 1078 663 caelestis
1107 604 1394 678 apparuit.
1430 603 1564 658 Post
1599 602 1707 657 has
1737 600 1941 656 laudes
1973 604 2030 655 et
2142 602 2503 673 majestatem
2538 599 2639 655 Dei
2672 600 2967 668 invocare;
3000 599 3100 656 Dei
3131 604 3219 656 est
3250 604 3447 655 autem
3479 598 3787 671 dignanter

386 698 710 772 gratiarum
742 696 1021 762 actiones,
1053 711 1157 768 pro
1199 697 1363 749 tanta
1398 691 1585 764 gratia
1614 689 2031 762 redemptionis
2141 691 2459 762 suscipere,
2478 692 2534 743 et
2564 705 2631 745 ea
2658 705 2786 760 quae
2816 687 3141 744 otI'eruntur
3161 686 3524 757 benedicere,
3549 687 3700 743 sicut
3728 687 3785 744 in

382 790 614 854 nostras,
642 803 767 858 quas
808 785 869 840 in
901 783 999 840 illo
1030 782 1223 839 divino
1258 779 1535 850 mysterio
1568 778 1760 852 agitur
1788 783 1844 835 et
1872 793 2030 833 com-

383 875 718 939 mendatur,
745 874 895 929 facto
922 871 1101 927 totius
1120 868 1390 925 Ecclesia:
1413 867 1663 933 silentio,
1687 867 1746 921 in
1769 883 1884 939 quo
1908 881 2032 921 ces-

383 969 548 1021 sante
578 963 739 1019 omni
770 960 1018 1033 strepitu
1048 958 1381 1025 verborum,
1415 956 1540 1013 sola
1568 957 1640 1011 ad
1678 956 1861 1011 Deum
1892 953 2033 1009 diri-

382 1056 554 1127 gatur
583 1050 847 1118 intentio,
875 1053 931 1103 et
960 1047 1184 1103 devotio
1217 1046 1502 1114 cordium,
1527 1045 1761 1101 sociatis
1784 1044 1893 1100 sibi
1917 1061 2036 1100 om-

381 1141 548 1196 nium
568 1139 717 1195 votis
748 1143 803 1193 et
835 1135 1164 1204 desideriis,
1188 1135 1393 1207 incipit
1419 1136 1691 1190 sacerdos
1713 1133 2035 1189 orationem

380 1230 645 1294 fundere,
666 1244 783 1299 qua
802 1225 999 1298 ipsum
1024 1225 1366 1297 mysterium
1390 1222 1673 1280 Dominici
1698 1222 1958 1295 corporis
1980 1225 2038 1277 et

383 1316 688 1389 sanguinis
720 1317 1115 1371 consecratur.
1141 1314 1235 1369 Sic
1278 1313 1435 1369 enim
1480 1316 1724 1385 oportet,
1750 1315 1814 1367 ut
1844 1312 1904 1367 in
1936 1310 2038 1366 illa

385 1407 531 1462 hora
559 1408 678 1461 tam
714 1420 888 1460 sacrae
920 1407 979 1458 et
1000 1402 1207 1458 divina:
1230 1401 1631 1469 actionis,tota
1652 1418 1755 1474 per
1775 1400 1874 1456 Dei
1908 1417 2038 1473 gra-

383 1494 528 1550 tiam
560 1511 595 1548 a
633 1492 879 1549 terrenis
927 1490 1379 1565 cogitationibus
1436 1494 1630 1546 mente
1688 1493 1955 1563 separata
1983 1493 2041 1544 et

384 1581 643 1640 Ecclesia
672 1598 805 1637 cum
855 1580 1153 1637 sacerdote
1184 1585 1242 1636 et
1278 1580 1553 1636 sacerdos
1598 1595 1731 1635 cum
1783 1576 2042 1633 Ecclesia

386 1670 633 1743 spiritali
668 1670 956 1725 desiderio
987 1669 1163 1724 intret
1191 1669 1248 1723 in
1281 1668 1684 1725 sanctuarium
1713 1667 1811 1723 Dei
1845 1683 2044 1739 super-

389 1776 531 1815 num
563 1763 621 1815 et
650 1764 955 1814 aeternum.
980 1760 1049 1814 Et
1096 1758 1374 1831 quoniam
1421 1759 1667 1830 Spiritus
1694 1764 1773 1813 est
1801 1757 1960 1823 Deus,
1992 1763 2043 1811 et

388 1865 476 1905 eos
506 1850 603 1921 qui
631 1848 863 1904 adorant
888 1865 1014 1904 eum
1042 1850 1101 1903 in
1121 1850 1323 1920 spiritu
1348 1855 1399 1904 et
1429 1849 1652 1903 veritate
1680 1853 1884 1918 oportet
1912 1845 2044 1901 ado-

392 1953 518 1993 rare
547 1938 730 2009 (Joan.
766 1954 841 2003 IV,
874 1937 988 2009 24).
1023 1937 1168 1993 Nam
1200 1941 1255 1991 et
1294 1937 1462 1992 Pater
1500 1935 1647 1991 tales
1687 1934 1914 2007 quaerit,
1941 1933 2043 2005 qui

395 2027 639 2082 adorent
668 2043 825 2093 eum,
859 2026 944 2081 sic
975 2027 1247 2081 eumdem
1291 2031 1471 2080 Deum
1514 2025 1740 2080 Patrem
1773 2024 2043 2095 deprece-

392 2119 512 2182 tur,
542 2120 598 2170 et
627 2114 802 2171 dicat.

466 2205 555 2259 43.
583 2206 647 2260 Te
676 2205 869 2274 igitur,
897 2205 1317 2261 clementissime
1354 2205 1535 2271 Pater,
1571 2219 1777 2275 usque,
1810 2203 1927 2258 hwc
1956 2217 2046 2256 sa-

394 2302 679 2349 crosancta
698 2294 974 2364 sacriﬁcia
994 2295 1229 2349 illibata.
1245 2292 1526 2366 Dirigitur
1540 2308 1676 2365 ergo
1694 2291 1876 2347 oratio
1899 2290 2052 2345 sicut

398 2387 455 2439 et
484 2381 721 2455 reliquae
753 2383 1045 2439 orationes
1068 2382 1241 2453 juxta
1270 2381 1534 2454 regulam
1567 2380 1723 2447 fidei,
1745 2385 1802 2436 et
1828 2395 2049 2435 morem

397 2470 665 2527 Ecclesia:
687 2472 760 2527 ad
780 2470 1305 2527 clementissimum
1332 2475 1585 2536 Patrem,
1600 2470 1770 2541 cujus
1788 2486 1925 2542 erga
1946 2485 2052 2524 nos

398 2564 733 2633 peccatores
763 2563 819 2617 et
848 2560 1121 2634 indignos
1144 2564 1309 2616 tanta
1330 2559 1520 2616 extitit
1543 2558 1853 2615 clementia
1873 2562 1930 2613 et
1953 2556 2055 2613 mi-

402 2648 740 2718 sericordia,
765 2654 1045 2721 quantam
1075 2648 1393 2721 Apostolus
1415 2650 1789 2705 commendat
1809 2648 2011 2704 dicens
2039 2665 2053 2704 :

402 2739 516 2807 Qui
540 2739 706 2793 etiam
730 2739 955 2810 proprio
989 2739 1136 2794 Filio
1164 2755 1263 2794 suo
1293 2755 1403 2794 non
1436 2740 1694 2811 pepercit,
1716 2738 1809 2793 sed
1828 2754 1929 2810 pro
1958 2753 2057 2794 no-

408 2825 492 2882 bis
521 2827 778 2883 omnibus
804 2826 1035 2882 tradidit
1068 2828 1247 2895 illum,
1281 2827 1540 2899 quomodo
1586 2844 1697 2882 non
1745 2828 1911 2883 etiam
1937 2843 2062 2883 cum

412 2915 511 2971 illo
538 2917 729 2971 omnia
757 2917 915 2972 nobis
944 2916 1166 2971 donavit
1197 2918 1368 2987 (Rom.
1400 2934 1525 2985 vm,
1555 2918 1667 2986 32).
1700 2916 1769 2971 Et
1798 2916 2009 2971 iterum
2044 2933 2058 2971 ε

417 3010 563 3060 Deus
595 3012 776 3060 autem
803 3007 899 3077 qui
924 3004 1073 3061 dives
1112 3013 1193 3061 est
1234 3008 1293 3060 in
1320 3005 1946 3077 misericordia,propter
1972 3006 2062 3060 ni-

2140 778 2266 852 lege
2297 778 2558 851 prmcipit
2578 778 2978 833 sacerdotibus
3007 777 3207 834 dicens
3232 795 3243 834 :
3269 777 3360 833 Sic
3388 776 3709 835 benedicetis
3728 778 3790 849 ﬁ-

2145 869 2237 923 liis
2267 868 2454 934 Israel,
2488 876 2539 923 et
2567 868 2754 922 dicetis
2784 868 2883 932 eis,
2907 870 2964 922 et
3004 870 3135 938 post
3161 866 3335 922 verba
3368 866 3788 923 benedictionis

2144 956 2450 1029 subjungit
2472 974 2484 1012 :
2508 957 2569 1011 In
2579 958 2843 1011 vocabunt
2862 972 3057 1011 nomen
3076 972 3257 1011 meum
3275 973 3438 1028 super
3458 957 3604 1027 ﬁtios
3625 958 3791 1013 Israel

2143 1056 2192 1103 et
2219 1062 2313 1118 ego
2342 1045 2649 1101 benedicam
2668 1047 2745 1101 eis
2768 1046 2947 1115 (Num.
2970 1063 3047 1113 vr,
3079 1046 3169 1111 23,
3192 1047 3303 1113 27).
3326 1045 3471 1111 Quid
3495 1046 3793 1117 apertius?

2146 1134 2235 1192 Illi
2268 1135 2623 1190 invocahunt
2664 1138 2720 1188 et
2763 1150 2868 1206 ego
2900 1134 3262 1200 benedicam,
3284 1138 3338 1189 et
3371 1139 3563 1190 tamen
3614 1151 3793 1207 supra

2145 1225 2230 1281 eis
2258 1224 2502 1291 dixerat,
2529 1222 2611 1279 sic
2660 1222 3034 1291 benedicetis,
3064 1223 3163 1279 sed
3212 1222 3295 1278 illi
3352 1224 3663 1291 exorando,
3696 1223 3791 1279 ille

2145 1313 2467 1387 largiendo.
2502 1313 2587 1367 lta
2615 1329 2752 1385 ergo
2782 1316 2839 1367 et
2883 1311 2942 1367 in
2990 1312 3279 1369 oblatione
3310 1312 3487 1368 divini
3521 1312 3794 1369 sacriﬁcii

2147 1402 2478 1459 sacerdotes
2496 1400 2767 1458 exhibent
2781 1400 3056 1457 otl‘erendi
3076 1405 3133 1457 et
3149 1399 3517 1475 supplicandi
3537 1401 3796 1458 ministe-

2148 1492 2334 1559 rium;
2368 1491 2468 1547 sed
2500 1490 2655 1547 Deus
2701 1489 2950 1563 largitur
2978 1489 3401 1547 benedictionis
3431 1491 3652 1547 donum
3695 1508 3798 1564 per

2148 1598 2334 1636 unum
2355 1584 2411 1636 et
2428 1597 2627 1635 verum
2657 1580 3039 1651 sacerdotem,
3055 1596 3158 1652 per
3178 1597 3352 1652 quem
3374 1584 3430 1636 et
3450 1579 3648 1636 oblata
3669 1598 3798 1636 san-

2149 1670 2384 1735 ctificat,
2409 1674 2466 1725 et
2486 1668 2848 1725 sanctificata
2869 1673 3155 1742 acceptat,
3178 1669 3384 1725 dicunt
3412 1669 3627 1742 itaque.

2223 1761 2311 1814 44.
2348 1760 2434 1815 Uti
2471 1767 2685 1830 accepta
2732 1757 2929 1814 habeas
2976 1766 3027 1814 et
3075 1758 3374 1826 benedicas,
3398 1775 3465 1814 ac
3496 1758 3543 1815 si
3576 1758 3797 1832 suppli-

2151 1854 2240 1905 ter
2269 1847 2465 1904 dicant
2492 1866 2510 1902 :
2543 1848 2803 1903 Petimus
2836 1852 2898 1903 ut
2937 1848 3057 1903 haec
3088 1848 3309 1921 Spiritu
3339 1853 3440 1905 tuo
3471 1845 3843 1935 sanctiﬁccs(

2154 1943 2329 2010 atque
2361 1953 2457 1992 ore
2480 1942 2579 1992 tuo
2608 1936 2938 2003 benedicas,
2955 1940 3020 1992 ut
3040 1938 3194 2009 quod
3220 1941 3427 1994 nostra:
3450 1936 3799 1993 humilitatis

2155 2025 2377 2100 geritur
2420 2025 2766 2091 ministerio,
2800 2030 2911 2079 tuas
2950 2024 3181 2081 virtutis
3230 2025 3544 2098 impleatur
3572 2027 3797 2082 effectu.

2156 2117 2318 2182 Quod
2364 2120 2558 2171 autem
2601 2113 2982 2186 subjungitur
3012 2131 3025 2168 :
3059 2114 3185 2171 Haec
3213 2114 3376 2177 dona,
3407 2114 3524 2172 haec
3551 2132 3799 2182 munera,

2157 2206 2275 2261 haec
2302 2213 2489 2260 sancta
2517 2204 2803 2275 sacrificia
2833 2203 3070 2270 illibata,
3104 2220 3218 2259 non
3251 2203 3407 2259 aliud
3439 2209 3613 2278 atque
3646 2204 3804 2264 aliud

2159 2295 2403 2360 dicitur;
2438 2294 2539 2349 sed
2574 2309 2665 2348 res
2697 2310 2816 2348 una
2862 2308 2965 2364 pro
3006 2291 3097 2348 sui
3148 2292 3551 2365 magnitudine
3579 2293 3809 2349 diversa

2161 2381 2549 2456 appellatione
2579 2380 2872 2451 laudatur,
2907 2384 2964 2437 et
3011 2379 3303 2437 laudando
3341 2382 3805 2438 commendatur.

2164 2476 2297 2540 Quae
2319 2470 2476 2529 enim
2499 2470 2713 2526 divinis
2740 2471 3065 2526 otl‘eruntur
3086 2470 3371 2527 altaribus
3392 2476 3447 2526 et
3464 2488 3695 2528 munera
3716 2488 3812 2543 ap-

2165 2561 2478 2636 pellantur,
2522 2560 2675 2616 sicut
2722 2557 3001 2614 Dominus
3050 2558 3108 2614 in
3168 2559 3477 2633 Evangelio
3535 2559 3720 2617 dicit:
3753 2560 3815 2616 Si

2164 2651 2325 2724 offers
2370 2665 2574 2705 manus
2621 2657 2777 2704 tuum
2803 2646 2873 2702 ad
2901 2647 3075 2703 altare
3102 2648 3307 2719 (Matth.
3339 2665 3392 2715 v,
3425 2650 3537 2720 23),
3572 2652 3628 2704 et
3672 2649 3814 2705 dona

2166 2741 2254 2797 vel
2278 2740 2562 2810 sacrificia
2590 2737 2890 2804 dicuntur,
2922 2735 3073 2791 sicut
3099 2737 3355 2793 ostendit
3382 2737 3695 2810 Apostolus
3726 2738 3812 2792 di-

2169 2847 2307 2887 cens
2340 2846 2352 2883 :
2390 2827 2576 2884 Omnis
2606 2841 2842 2897 namque
2869 2824 3115 2880 sacerdos
3150 2842 3219 2882 ea:
3259 2825 3573 2882 hominibus
3599 2842 3813 2881 assum-

2165 2928 2309 2993 ptus,
2333 2934 2428 2989 pro
2465 2917 2777 2973 hominibus
2817 2915 3166 2970 constituitur
3196 2916 3253 2969 in
3283 2915 3370 2970 his
3400 2930 3525 2987 quae
3573 2923 3703 2971 sunt
3744 2913 3817 2970 ad

2177 3014 2370 3075 Deum,
2395 3014 2456 3062 ut
2485 3006 2675 3077 offerat
2693 3004 2835 3060 dona
2863 3012 2914 3058 et
2940 3002 3228 3078 sacrificia
3253 3020 3354 3075 pro
3372 3005 3610 3076 peccatis
3630 3005 3814 3073 (Hebr.

414 3095 587 3149 miam
619 3095 939 3150 charitatem
965 3110 1125 3149 suam
1163 3111 1270 3166 qua
1306 3094 1502 3150 dilexit
1532 3110 1647 3161 nos,
1679 3110 1805 3150 cum
1832 3110 2067 3151 essemus
2173 3116 2229 3163 v,
2264 3098 2339 3165 1),
2361 3095 2483 3163 sed,
2517 3099 2581 3148 ut
2610 3092 2831 3148 dictum
2870 3096 2979 3159 est,
3011 3091 3140 3165 ipsa
3182 3108 3519 3148 sermonum
3551 3092 3816 3165 repetitio

414 3184 622 3238 mortui
661 3184 918 3253 peccatis,
948 3183 1345 3253 convivi/icavit
1374 3199 1472 3238 nos
1517 3182 1747 3247 Christo,
1775 3199 1876 3254 per
1926 3182 2068 3237 hanc
2173 3185 2318 3241 tanti
2347 3182 2695 3240 sacramenti
2717 3186 2805 3237 est
2825 3180 3274 3250 commendatio,
3295 3186 3352 3237 et
3370 3181 3477 3254 piae
3500 3181 3817 3237 devotionis

414 3273 651 3340 gratiam
681 3272 937 3341 spiritum
965 3271 1269 3342 adoptionis
1312 3273 1617 3342 accepimus
1648 3271 1857 3343 (Ephes.
1891 3288 1953 3336 II,
1985 3271 2059 3341 Α),
2093 3254 2136 3320 C
2176 3272 2463 3341 excitatio,
2490 3271 2629 3343 quia
2670 3270 2793 3325 haec
2841 3273 2978 3324 sunt
3007 3285 3139 3325 vere
3184 3278 3372 3326 sancta
3401 3275 3459 3326 et
3491 3272 3727 3337 illibata,
3760 3269 3818 3326 id

416 3375 595 3431 quam
625 3359 1001 3414 commendat
1028 3360 1343 3431 Apostolus
1374 3359 1575 3415 dicens
1608 3377 1621 3414 :
1654 3360 1756 3415 Sed
1785 3361 2068 3431 accepistis

412 3448 686 3521 Spiritum
711 3447 1014 3520 adoptionis
1043 3449 1289 3520 ﬁliorum
1319 3451 1375 3504 in
1397 3466 1502 3521 quo
1533 3450 1870 3504 clamamus:
1893 3450 2064 3515 Abba,

410 3539 577 3594 Pater
606 3536 779 3609 (Rom.
801 3551 925 3606 vtu,
953 3538 1062 3605 15).
1086 3536 1155 3592 Et
1182 3536 1309 3593 ideo
1340 3537 1399 3592 in
1432 3537 1541 3593 hoc
1563 3536 1782 3609 Spiritu
1804 3538 2069 3611 adOptio-

412 3625 525 3695 nis,
560 3625 659 3698 qui
694 3624 954 3698 postulat
984 3642 1088 3697 pro
1117 3626 1288 3682 nobis
1319 3626 1640 3699 gemitibus
1670 3626 2072 3684 inenarrabili-

412 3715 545 3782 bus,
569 3714 708 3787 quia
751 3731 849 3770 eos
900 3732 1049 3786 quos
1099 3715 1320 3786 replere
1352 3715 1648 3788 dignatur,
1690 3715 2069 3773 inenarrabili

414 3803 703 3860 desiderio
722 3809 1022 3876 gementes
1039 3808 1095 3859 et
1112 3804 1476 3877 postulantes
1495 3804 1873 3871 facit,clamat
1888 3822 2073 3860 sacer-

414 3893 520 3949 dos
542 3908 677 3948 cum
698 3890 955 3949 Ecclesia
976 3908 1090 3948 non
1113 3909 1272 3962 voce,
1288 3893 1387 3950 sed
1412 3895 1582 3950 corde
1607 3893 1807 3950 dicens
1832 3911 1844 3949 :
1876 3897 1940 3951 Te
1968 3898 2075 3965 igi-

416 3990 524 4046 tur,
547 3981 961 4037 clemenlissime
976 3985 1159 4050 Pater,
1173 3982 1444 4054 supplices
1466 3998 1722 4051 rogamus
1741 3991 1791 4037 et
1808 3985 2067 4054 petimus.

417 4071 551 4135 Quae
583 4068 930 4142 supplicatio
958 4074 1015 4125 et
1045 4068 1348 4126 inclinatio
1380 4070 1574 4127 cordis
1598 4072 1668 4126 ad
1692 4075 1870 4127 Deum
1893 4076 2069 4129 tanta;

418 4158 751 4214 reverentiae
774 4162 831 4213 et
846 4156 1205 4215 humilitatis
1220 4175 1348 4214 esse
1364 4159 1555 4226 debet,
1571 4163 1637 4214 ut
1654 4158 1870 4215 imitari
1894 4168 2072 4232 queat

416 4246 561 4302 illud
585 4247 740 4319 quod
762 4248 832 4302 de
854 4263 963 4303 sua
983 4245 1410 4320 supplicatione
1430 4248 1741 4319 Apostolus
1765 4248 1935 4305 dicit:
1960 4252 2070 4305 Hu-

414 4337 502 4406 ius
530 4339 613 4392 rei
641 4338 825 4406 gratia
854 4337 1006 4406 flecto
1034 4352 1216 4405 genua
1240 4352 1360 4392 mea
1383 4336 1454 4392 ad
1480 4339 1718 4406 Patrem,
1741 4354 1811 4393 ex
1830 4355 1935 4409 quo
1955 4356 2068 4395 om-

413 4428 504 4480 nis
530 4427 835 4497 paternitas
866 4426 926 4480 in
955 4426 1103 4480 caelis
1129 4432 1179 4479 et
1210 4426 1270 4479 in
1299 4432 1446 4480 terra
1465 4428 1785 4482 nominatur
1804 4427 1958 4499 (Eph.
1983 4445 2067 4494 ιιι,

415 4512 523 4584 44).
559 4514 619 4568 In
654 4529 772 4585 qua
800 4512 1044 4569 flexione
1073 4528 1332 4585 genuum
1372 4530 1489 4569 non
1522 4514 1780 4587 corporis
1809 4520 2066 4588 prostra-

2177 3368 2267 3421 est
2294 3359 2569 3418 inviolata
2592 3363 2649 3415 et
2680 3358 3139 3414 incontaminata
3168 3359 3472 3431 sacriﬁcia,
3501 3377 3627 3433 qua:
3661 3358 3823 3414 nulla

2177 3453 2631 3526 dignqpossunt
2661 3447 2833 3503 verba
2876 3446 3137 3516 laudare,
3155 3465 3283 3520 quae
3313 3447 3372 3503 in
3405 3448 3681 3522 mysterio
3711 3448 3821 3505 Do-

2179 3514 2377 3598 minici
2408 3538 2666 3611 corporis
2698 3537 3040 3605 oll'eruntur,
3068 3536 3126 3592 in
3152 3538 3322 3610 cujus
3341 3538 3589 3611 ﬁguram
3620 3537 3820 3593 hostia

2178 3631 2290 3687 illa:
2320 3629 2529 3686 veteris
2552 3627 2695 3700 legis
2715 3625 3106 3682 immaculata:
3128 3643 3193 3681 ac
3218 3627 3344 3681 sine
3365 3626 3483 3682 ullo
3502 3628 3642 3683 vitio
3656 3627 3824 3698 jube~

2178 3723 2393 3778 bantur
2408 3715 2821 3789 otl'erri,qualis
2837 3715 2997 3771 solus
3018 3714 3289 3772 inventus
3309 3720 3398 3772 est
3416 3716 3680 3772 Christus
3697 3716 3821 3772 sine

2180 3810 2298 3867 ullo
2319 3807 2557 3865 omnino
2579 3810 2831 3879 peccato.
2853 3804 3127 3877 Sequitur
3157 3806 3427 3861 sacerdos
3461 3808 3517 3860 et
3545 3804 3705 3861 dicit.

2250 3901 2338 3955 45.
2367 3901 2429 3952 In
2453 3897 2652 3968 primis
2680 3910 2802 3967 quae
2828 3894 2931 3949 tibi
2952 3894 3232 3966 offerimus
3274 3910 3459 3967 usque
3499 3895 3708 3966 fainulo
3732 3903 3821 3951 tuo

2174 4005 2317 4061 papa
2343 3994 2541 4042 nostro.
2563 3985 2730 4052 (Auo.
2755 3984 2815 4037 in
2836 3982 2978 4054 psal.
3001 3982 3189 4055 cxxx.)
3211 3982 3305 4038 Sic
3321 3983 3558 4039 omnino
3576 3983 3820 4056 dignum

2176 4077 2287 4133 fuit
2316 4079 2382 4131 ut
2408 4072 2691 4145 inciperet
2718 4074 2921 4126 sancta
2944 4070 3181 4138 oblatio,
3199 4070 3466 4127 videlicet
3495 4089 3599 4144 pro
3629 4070 3820 4128 Eccle-

2178 4164 2266 4222 sia
2293 4164 2393 4219 Dei
2426 4166 2632 4218 sancta
2660 4159 2943 4216 catholica
2966 4163 3087 4215 toto
3115 4163 3403 4215 terrarum
3426 4160 3563 4216 orbe
3585 4159 3817 4214 diffusa.

2178 4255 2311 4328 Ipsa
2331 4256 2419 4309 est
2449 4250 2605 4308 enim
2631 4248 2981 4306 universitas
3010 4248 3295 4319 sanguine
3326 4247 3551 4302 Domini
3595 4248 3821 4303 redem-

2178 4347 2296 4415 pta.
2318 4343 2452 4415 lpsa
2471 4344 2561 4395 est
2586 4337 2890 4394 hazreditas
2920 4353 2953 4391 a
2984 4336 3148 4391 Patre
3179 4334 3230 4390 ei
3261 4335 3551 4407 promissa
3577 4339 3633 4391 et
3652 4335 3817 4404 (data,

2179 4431 2332 4488 sicut
2350 4431 2474 4502 ipse
2498 4428 2664 4484 Pater
2693 4425 2954 4498 loquitur
2973 4424 3033 4479 in
3055 4422 3282 4497 psalmo
3306 4442 3318 4481 :
3344 4425 3488 4481 Dabo
3509 4427 3612 4481 tibi
3640 4433 3822 4495 gentes

2176 4519 2541 4575 hwreditatcm
2556 4525 2727 4584 tuam,
2741 4524 2791 4571 et
2806 4516 3190 4587 possessionem
3209 4521 3357 4570 tuam
3378 4517 3639 4572 terminos
3660 4523 3826 4573 terra?

413 4600 514 4668 tio,
539 4603 641 4656 sed
664 4602 908 4674 supplex
930 4603 1193 4671 affectus,
1218 4606 1276 4658 et
1296 4602 1488 4659 cordis
1510 4604 1779 4659 contritio
1798 4604 2071 4678 intelligi-
2099 4619 2146 4683 Ι)
2178 4609 2351 4681 (Psul.
2383 4625 2444 4676 ιι,
2477 4609 2553 4674 8).
2588 4604 2719 4660 Hinc
2761 4602 2956 4659 unitas
2995 4603 3253 4676 corporis
3283 4604 3495 4661 Christi
3536 4604 3821 4677 templum

415 4693 530 4744 tur.
560 4689 639 4744 De
668 4706 786 4761 qua
826 4690 1134 4747 Psalmista
1172 4691 1287 4748 ait:
1311 4691 1657 4763 Sacriﬁcium
1685 4693 1790 4749 Deo
1837 4695 2068 4765 spiritus

413 4778 837 4847 contribulatus,
866 4794 959 4834 cor
985 4782 1279 4836 contritum
1314 4790 1364 4836 et
1401 4780 1759 4837 humiliatum
1786 4783 1927 4839 Deus
1954 4800 2066 4840 non

414 4865 671 4937 despicies
701 4867 815 4939 (Ps.
852 4884 903 4934 L,
938 4866 1045 4936 19).
1081 4868 1415 4925 Secundum
1460 4869 1569 4925 hoc
1617 4886 1753 4944 ergo
1801 4870 2015 4927 dicitur
2046 4888 2059 4927 :

413 4954 694 5027 Supplices
745 4972 999 5026 rogamus
1028 4973 1092 5010 ac
1130 4959 1389 5030 petimus,
1422 4963 1477 5015 et
1534 4959 1643 5015 hoc
1701 4976 1802 5033 per
1859 4960 2062 5016 Jcsum

415 5042 712 5098 Christum
728 5043 1121 5101 Filiumtuum
1136 5046 1450 5101 Dominum
1470 5054 1875 5121 nostrum,per
1886 5063 2061 5120 quem

415 5132 607 5186 omnis
637 5131 987 5204 supplicatio
1008 5139 1065 5190 ct
1095 5135 1293 5207 petitio
1326 5140 1524 5191 nostra
1555 5136 1627 5191 ad
1667 5137 1850 5192 Deum
1890 5135 2063 5209 dirigi

415 5220 603 5289 debet,
622 5224 905 5293 tanquam
936 5240 1039 5295 per
1066 5222 1265 5279 verum
1302 5222 1679 5278 mediatorem
1702 5228 1754 5279 et
1782 5228 2060 5281 aeternum

414 5309 913 5383 sacerdotem,qui
947 5312 1109 5367 sedet
1131 5312 1202 5367 ad
1237 5313 1533 5367 dexteram
1566 5312 1775 5378 Patris,
1795 5320 1850 5368 et
1880 5312 2063 5369 inter-

414 5397 592 5469 pellat
620 5416 723 5471 pro
756 5399 944 5455 nobis.
965 5401 1073 5456 Pro
1096 5417 1213 5471 qua
1236 5404 1431 5456 autem
1457 5416 1515 5454 re
1538 5398 1677 5453 dicit
1699 5403 1970 5459 sacerdos
1991 5404 2063 5459 ad

414 5486 601 5542 Deum
623 5492 855 5544 Patrem
885 5505 1140 5560 rogamus
1168 5497 1221 5544 et
1243 5491 1496 5561 petimus,
1523 5487 1635 5543 nisi
1668 5505 1770 5560 pro
1801 5506 1866 5545 eo
1906 5492 2062 5563 quod

416 5572 700 5645 sequitur,
733 5574 1001 5632 videlicet
1046 5579 1111 5630 ut
1138 5592 1206 5631 ea
1236 5592 1364 5647 quae
1396 5575 1505 5647 ipsi
1536 5576 1859 5632 offeruntur
1888 5579 2061 5645 dona,

416 5676 661 5722 munera
679 5668 899 5737 sancta,
925 5662 1213 5725 sacriﬁcia
1232 5668 1489 5740 accepta,
1515 5664 1572 5721 id
1594 5670 1683 5723 est
1704 5666 2067 5744 beneplacita

2179 4698 2276 4755 Dei
2324 4701 2429 4764 est,
2472 4694 2565 4751 cui
2619 4691 2931 4766 Apostolus
2962 4691 3148 4748 dicit:
3188 4694 3462 4765 Templum
3516 4696 3665 4749 enim
3720 4694 3826 4747 Dei

2171 4794 2415 4844 sanctum
2442 4792 2517 4841 est
2564 4782 2704 4856 quod
2749 4783 2877 4837 estis
2904 4798 2995 4838 vos
3017 4782 3065 4854 (Ι
3091 4781 3211 4838 Cor.
3245 4798 3327 4849 ιιι,
3354 4781 3461 4852 17),
3486 4796 3689 4836 omnes
3719 4779 3821 4851 qui

2174 4876 2418 4931 credunt
2437 4874 2495 4928 in
2522 4872 2913 4939 Christum,et
2942 4870 3027 4926 sic
3047 4871 3291 4925 credunt
3317 4873 3378 4924 ut
3401 4868 3665 4941 diligant.
3702 4868 3821 4925 Hoc

2172 4967 2263 5020 est
2299 4962 2454 5018 enim
2507 4960 2738 5017 credere
2768 4957 2829 5013 in
2860 4957 3156 5013 Christum
3205 4956 3447 5028 diligere
3498 4955 3818 5013 Christum.

2173 5052 2479 5122 Tanquam
2506 5047 2733 5119 lapides
2755 5050 2894 5103 sunt
2911 5045 3044 5111 vivi,
3071 5045 3143 5100 de
3165 5043 3380 5117 quibus
3406 5043 3695 5117 templum
3719 5049 3823 5102 Do-

2172 5138 2318 5193 mini
2342 5136 2680 5193 aadiﬁcatur.
2696 5135 2814 5191 Hoc
2836 5139 3031 5190 autem
3048 5131 3336 5205 templum
3354 5137 3441 5189 est
3465 5134 3563 5189 ubi
3586 5138 3822 5208 rogatur

2170 5225 2324 5282 Deus
2355 5229 2412 5281 et
2459 5223 2712 5279 exaudit.
2748 5221 3025 5292 Quisquis
3071 5220 3229 5277 enim
3278 5226 3487 5295 praeter
3533 5221 3817 5296 templum

2171 5313 2419 5371 oraverit
2435 5312 2640 5379 Deum,
2656 5329 2772 5366 non
2797 5310 3107 5366 exauditur
3121 5310 3194 5366 ad
3216 5309 3383 5368 illam
3405 5329 3607 5385 pacem
3626 5327 3821 5383 super-

2171 5421 2329 5472 nam,
2365 5419 2482 5459 non
2528 5399 2836 5457 exauditur
2864 5398 2936 5454 ad
2969 5398 3148 5455 vitam
3194 5405 3492 5471 aeternam,
3528 5418 3655 5472 quae
3703 5416 3817 5455 non

2172 5491 2509 5550 conceditur
2539 5488 2650 5545 nisi
2682 5475 2733 5545 ei
2767 5486 2869 5559 qui
2907 5486 2968 5542 in
3017 5488 3235 5562 templo
3265 5489 3364 5545 Dei
3393 5492 3535 5545 orat.
3560 5487 3665 5552 Qui
3696 5490 3821 5543 orat

2174 5583 2231 5638 in
2264 5599 2402 5655 pace
2432 5577 2721 5647 Ecclesiae,
2749 5576 2809 5633 in
2842 5576 3067 5634 unitate
3111 5578 3370 5653 corporis
3399 5576 3634 5645 Christi,
3663 5575 3819 5649 quod

2172 5687 2382 5747 corpus
2403 5667 2614 5727 Christi
2640 5670 2874 5726 constat
2896 5683 2965 5727 ex
2994 5667 3198 5727 multis
3224 5665 3596 5727 credentibus
3616 5664 3676 5724 in
3698 5667 3819 5726 toto
