4068 6190
265 411 321 470 45

1408 403 1510 464 DE
1551 401 2073 465 EXPOSITIONE
2118 401 2395 465 MISSE.

3527 374 3607 463 46

263 542 369 597 orbe
387 543 670 593 terrarum.
690 534 760 590 Et
778 534 906 589 ideo
930 535 1236 589 exauditur
1251 534 1350 607 qui
1379 540 1506 591 orat
1527 535 1584 590 in
1611 533 1846 606 templo,
1880 533 1928 602 Α
1963 533 2254 591 dationem
2290 535 2660 607 adjungitur:
2690 535 2804 592 Una
2834 552 2955 591 cum
2984 535 3193 608 famulo
3224 544 3315 592 tuo
3338 552 3483 608 papa
3511 548 3612 591 ηο-

262 628 368 702 quia
391 626 497 698 ipse
525 628 651 678 orat
682 623 740 677 in
774 622 979 695 spiritu
1014 627 1069 678 et
1100 623 1337 679 veritate
1372 624 1575 679 merito
1609 625 1680 678 ab
1712 641 1780 679 ea
1799 628 1857 679 et

265 734 344 782 pro
367 731 439 781 ea,
469 711 599 785 quia
628 711 688 766 in
719 728 789 767 ea
816 710 1022 784 incipit
1058 711 1255 766 divina
1303 711 1540 777 oblatio,
1570 716 1854 783 tanquam

259 805 444 861 dicatur
468 805 573 855 Deo
605 800 676 855 de
706 798 808 855 illa
836 804 891 854 ct
922 800 978 853 in
1014 798 1115 854 illa
1146 817 1158 854 :
1193 800 1414 855 Exaudi
1438 816 1557 867 nos,
1591 802 1852 871 Deus,sa-

255 894 421 949 tuturis
444 901 638 957 noster,
671 905 792 961 spes
821 891 1065 944 omnium
1109 890 1305 959 ﬁnium
1345 898 1510 946 terra?
1537 898 1587 944 et
1620 891 1678 944 in
1706 894 1855 946 mari

253 984 377 1050 longe
402 978 559 1049 (Psal.
586 994 735 1045 LXIV,
759 977 841 1049 6).
870 977 1001 1048 Ipsa
1021 980 1110 1033 est
1140 994 1394 1048 namque
1427 979 1644 1048 unitas,
1669 995 1797 1051 quae
1820 996 1853 1035 a

250 1069 426 1125 ﬁnibus
447 1071 619 1133 terrea,
648 1066 705 1121 id
731 1070 819 1121 cst
840 1066 913 1121 ab
936 1064 1167 1121 Oriente
1188 1068 1243 1121 et
1270 1066 1598 1134 Occidente,
1620 1068 1853 1140 Septen-

250 1158 400 1213 trione
425 1159 476 1211 et
514 1153 754 1211 Meridie
806 1154 880 1209 ad
928 1154 1244 1210 Dominum
1294 1154 1529 1221 clamat,
1563 1160 1618 1211 et
1647 1156 1789 1211 dicit
1820 1173 1853 1212 a

252 1246 426 1301 ﬁnibus
453 1250 608 1300 terra:
643 1260 656 1299 :
687 1243 767 1299 Ad
798 1251 848 1299 te
877 1244 1133 1311 clamavi,
1193 1244 1325 1299 dum
1375 1248 1705 1301 anxiarctur
1760 1262 1853 1302 cor

250 1353 393 1393 nicum
417 1335 573 1403 (Psal.
609 1351 699 1405 LX,
732 1334 808 1405 3).

307 1467 376 1521 46.
406 1466 549 1539 (lsm.
590 1464 694 1521 lib.
734 1483 833 1521 vm
867 1464 1103 1537 0rigin.,
1137 1483 1185 1521 c.
1220 1467 1298 1535 l.)
1333 1467 1475 1523 Hinc
1504 1472 1561 1523 et
1593 1468 1849 1526 Ecclesia

253 1556 406 1612 Grece
425 1554 643 1622 dicitur,
668 1555 824 1627 quod
848 1555 903 1610 in
926 1554 1198 1611 Latinum
1216 1556 1462 1611 vertitur
1491 1559 1844 1625 convocatio,

252 1661 305 1701 eo
327 1644 457 1716 quod
481 1660 679 1700 omnes
710 1644 781 1698 ad
814 1660 876 1698 se
908 1650 1202 1712 convocet,
1237 1649 1295 1701 et
1325 1645 1613 1701 catholica
1644 1647 1845 1719 appel-

253 1731 390 1795 latur,
411 1731 458 1787 id
480 1735 563 1787 est
582 1730 1003 1787 universitatis.
1022 1733 1149 1787 Non
1172 1733 1351 1801 enim,
1375 1734 1528 1790 sicut
1553 1736 1849 1791 conventi-

251 1820 357 1876 cula
380 1820 779 1887 haereticorum,
812 1820 871 1876 in
904 1819 1202 1892 aliquibus
1242 1823 1545 1895 regionum
1578 1825 1842 1896 partibus

254 1911 666 1978 coarctatur;sed
703 1926 806 1982 per
837 1914 1024 1965 totum
1061 1914 1345 1966 terrarum
1378 1913 1575 1968 orbem
1603 1913 1846 1970 dilatata
1873 1901 1921 1967 B

252 1997 560 2054 dill‘unditur.
588 1998 730 2053 lliuc
752 2002 811 2053 et
833 1998 1179 2054 universitas
1196 2000 1270 2055 ab
1295 2018 1408 2056 uno
1431 2003 1841 2074 cognominata

254 2092 342 2151 est,
358 2102 413 2141 eo
432 2087 570 2159 quod
604 2087 663 2141 in
695 2085 979 2142 unitatem
1011 2086 1324 2159 colligitur,
1350 2090 1503 2145 unde
1533 2091 1613 2145 ait
1644 2092 1839 2147 Domi-

254 2191 343 2230 nus
360 2176 408 2230 in
426 2174 745 2249 Evangelio:
773 2178 889 2245 Qui
908 2192 1118 2231 mecum
1146 2193 1258 2231 non
1276 2178 1509 2249 colligit,
1530 2182 1759 2251 spargit,
1783 2181 1839 2236 id

252 2267 325 2319 est
347 2263 428 2336 qui
453 2264 504 2320 in
528 2266 809 2320 unitatem
843 2281 1031 2320 meam
1062 2282 1176 2321 non
1200 2265 1513 2338 colligitur,
1536 2286 1569 2323 a
1588 2286 1679 2324 me
1700 2271 1841 2326 divi-

252 2368 335 2407 sus
361 2353 407 2407 in
433 2354 802 2426 dispersionis
842 2353 1167 2426 perditione
1218 2354 1558 2427 dissipatur.
1595 2357 1699 2413 Pro
1731 2358 1838 2416 hac

249 2440 409 2512 itaque
435 2442 674 2514 primum
708 2443 766 2497 in
799 2442 899 2498 illa
926 2442 1217 2499 oblatione
1248 2445 1599 2516 postulatur,
1631 2452 1837 2503 uteam

250 2529 375 2587 Deus
392 2535 492 2587 toto
510 2533 645 2587 orbe
664 2537 953 2587 terrarum
977 2532 1282 2603 pacificare
1313 2533 1601 2605 dignetur,
1639 2536 1835 2592 videli-

248 2625 321 2675 cet
336 2638 395 2676 ne
412 2639 502 2695 per
526 2622 775 2678 haereses
798 2638 862 2677 ac
884 2621 1205 2677 schismata
1225 2624 1353 2693 ejus
1378 2623 1572 2678 unitas
1594 2623 1835 2681 dilanie-

247 2710 775 2777 tur,autadversitate
799 2711 1270 2782 persecutionum
1294 2712 1422 2782 ejus
1446 2713 1835 2785 tranquillitas

243 2799 659 2869 perturbetur.Ut
678 2799 834 2854 enim
857 2804 1004 2854 hanc
1028 2816 1229 2871 pacem
1250 2805 1368 2855 tam
1398 2800 1643 2857 interius
1656 2818 1833 2874 quam

238 2888 448 2945 exterius
467 2888 637 2945 faciat
659 2889 812 2944 Deus
839 2887 1103 2943 Ecclesiae
1128 2905 1268 2955 sum,
1294 2894 1351 2944 et
1372 2888 1495 2959 ipse
1520 2892 1834 2962 Apostolus

242 2982 339 3031 orat
363 2978 544 3034 dicens
574 2995 587 3034 :
617 2983 744 3033 Pax
775 2979 870 3033 Dei
893 2993 1019 3048 quae
1034 2987 1322 3049 exsuperat
1351 2994 1565 3034 omnem
1592 2997 1831 3047 sensum,

242 3067 459 3123 custodiat
507 3067 668 3123 corda
722 3074 900 3122 vestra
958 3076 1009 3121 et
1062 3068 1454 3135 intelligentiae
1511 3078 1713 3124 vestras
1772 3074 1833 3126 in

243 3152 410 3211 Christo
433 3158 551 3212 Iesu
581 3156 750 3225 (Phil.
785 3156 1284 3227 lv,7).Etomnem
1318 3156 1632 3213 Ecclesium
1666 3175 1832 3215 orare

241 3242 483 3309 admonet,
510 3262 643 3300 cum
674 3245 758 3300 ait
792 3262 806 3299 :
845 3246 982 3300 Volo
1028 3246 1202 3335 igitur
1225 3247 1406 3335 primo
1437 3250 1682 3303 omnium
1710 3250 1834 3320 ﬁeri
1863 3268 1906 3335 ρ

240 3332 600 3402 obsecrationes,
629 3335 923 3401 orationes,
951 3333 1366 3405 postulationes,
1397 3338 1707 3405 gratiarum
1737 3354 1831 3393 ac-

240 3419 390 3478 tiones.
418 3422 479 3477 Et
506 3426 639 3495 post
666 3421 973 3493 paululum
999 3438 1011 3477 :
1041 3423 1103 3479 Ut
1132 3423 1369 3493 quietam
1396 3431 1448 3479 et
1474 3427 1835 3496 tranquillam

239 3509 371 3565 vitam
410 3528 625 3582 agamus
656 3513 717 3565 in
747 3513 901 3567 omni
940 3513 1143 3582 pietate
1172 3513 1221 3579 (I
1254 3512 1387 3566 Tim.
1421 3528 1483 3583 ιι,
1516 3513 1591 3585 l).
1628 3515 1832 3572 Postu-

235 3594 357 3653 latur
381 3605 560 3656 autem
613 3600 983 3672 omnipotens
1022 3600 1197 3666 Deus,
1231 3605 1294 3655 ut
1325 3600 1485 3658 illam
1517 3604 1831 3673 custodire,

231 3684 447 3743 adunare
464 3692 519 3744 et
536 3704 735 3761 regere
757 3687 1050 3759 dignetur.
1075 3688 1203 3760 Ipse
1225 3693 1315 3744 est
1345 3689 1499 3744 enim
1530 3708 1700 3747 verus
1732 3709 1832 3749 cu-

228 3775 325 3827 stos
347 3776 525 3848 populi
556 3775 746 3845 sui,id
778 3780 868 3832 est
893 3776 1013 3832 veri
1045 3776 1244 3845 Israel,
1271 3777 1341 3832 de
1364 3794 1479 3850 quo
1512 3778 1571 3840 in
1603 3780 1832 3852 psalmo

227 3868 486 3920 cantatur:
512 3868 642 3922 Ecce
664 3882 778 3922 non
806 3866 1128 3922 dormitavit
1159 3882 1329 3937 neque
1357 3866 1587 3924 dormiet
1612 3872 1710 3940 qui
1736 3887 1831 3926 cu-

229 3952 361 4009 stodit
386 3957 542 4013 Israel
570 3957 684 4029 (Ps.
720 3973 850 4025 an,
874 3957 955 4024 3).
989 3956 1060 4011 Et
1092 3956 1307 4012 iterum
1341 3973 1354 4011 :
1405 3959 1526 4013 Nisi
1570 3960 1836 4017 Dominus

231 4044 503 4101 custodierit
538 4048 832 4113 civitatem,
864 4047 1079 4116 frustra
1106 4046 1304 4115 vigilat
1333 4048 1431 4117 qui
1458 4047 1687 4104 custodit
1714 4065 1837 4105 eam

233 4130 374 4197 (Psal.
402 4150 575 4204 cxxvi,
608 4136 682 4201 1).
717 4134 778 4187 Id
810 4134 1004 4205 ipsum
1056 4139 1251 4190 autem
1300 4134 1531 4190 videtur
1577 4136 1835 4193 adunare

230 4218 353 4286 quod
368 4223 681 4291 pacificate,
706 4222 764 4276 id
783 4221 1039 4294 idipsum
1058 4223 1347 4279 custodire
1367 4225 1523 4295 quod
1539 4229 1593 4279 et
1604 4241 1832 4297 regere;

229 4305 338 4374 quia
362 4308 669 4365 Ecclesium
691 4326 861 4365 suam
887 4310 1040 4366 Deus
1061 4315 1117 4365 et
1138 4312 1499 4383 pacificando
1517 4314 1755 4381 adunat,
1781 4319 1838 4370 et

228 4393 500 4453 adunando
524 4398 811 4471 paciticat,
836 4402 894 4453 et
911 4398 1291 4455 custodiendo
1316 4400 1481 4473 regit,
1511 4405 1567 4457 et
1584 4403 1835 4475 regendo

227 4485 458 4540 custodit.
482 4486 845 4543 Paciﬁcando
867 4504 1120 4559 namque
1152 4488 1374 4543 adunat
1406 4507 1538 4544 cum
1571 4492 1834 4548 omnium

228 4570 448 4630 ﬁdelium
478 4576 656 4631 corda
685 4576 745 4631 in
763 4592 872 4631 sua
902 4592 1039 4647 pace
1071 4577 1546 4648 conjungit,cum
1569 4581 1834 4636 omnium

230 4659 449 4719 fidelium
473 4669 698 4720 mentes
723 4682 826 4737 per
848 4639 1130 4721 unitatem
1154 4639 1507 4737 tideirspeiet
1528 4667 1839 4726 charitatis
1868 4639 1915 4703 Β

227 4748 370 4805 unius
411 4752 590 4809 efficit
634 4752 974 4820 voluntatis,
1006 4759 1063 4809 et
1093 4771 1195 4827 per
1231 4754 1513 4826 Spiritum
1564 4761 1833 4814 sanctum

228 4833 469 4897 charitate
489 4842 725 4911 diffusa,
752 4842 1065 4915 impleatur
1084 4842 1144 4897 in
1158 4860 1225 4898 ea
1240 4844 1392 4915 quod
1407 4844 1692 4917 scriptum
1714 4849 1805 4902 est
1823 4864 1837 4901 :

222 4922 554 4986 Multitudinis
573 4931 912 4988 credentium
930 4939 1111 4988 autem
1144 4940 1261 4988 erat
1280 4949 1372 4988 cor
1392 4950 1564 4988 unum
1583 4941 1635 4989 et
1650 4935 1840 4991 anima

220 5019 453 5081 annuet.
477 5037 552 5087 IV,
571 5020 689 5089 32).
714 5020 784 5075 Et
814 5036 933 5076 ecce
960 5037 1126 5092 quam
1157 5022 1357 5077 bonum
1378 5029 1427 5077 et
1448 5038 1614 5093 quam
1633 5023 1840 5094 jucun-

220 5101 325 5158 dum
351 5107 599 5164 habitare
634 5110 838 5181 fratres
869 5112 930 5165 in
958 5126 1131 5164 unum
1163 5110 1277 5179 (Ps.
1312 5126 1498 5177 cum,
1535 5113 1600 5180 1).
1634 5116 1837 5168 Custo-

220 5188 399 5250 diendo
430 5212 665 5269 quoque
695 5197 844 5271 regit
870 5198 1136 5254 eamdem
1159 5197 1501 5269 Ecclesium,
1524 5216 1657 5255 cum
1692 5200 1845 5256 inter

220 5283 389 5339 omnia
401 5283 664 5357 pericula
676 5284 994 5343 clementer
1005 5302 1131 5343 eam
1146 5286 1437 5359 gubernat
1449 5290 1505 5342 et
1519 5287 1828 5360 dirigit.Cu

221 5378 426 5430 orantes
474 5372 535 5429 in
584 5374 815 5448 psalmo
863 5375 1116 5432 dicimus
1149 5393 1162 5431 :
1194 5376 1423 5430 Salvum
1460 5379 1550 5447 [ac
1581 5379 1847 5449 populum

222 5464 372 5527 tuum,
398 5471 450 5517 et
480 5462 706 5519 benedic
734 5463 1045 5521 hmaditati
1067 5472 1198 5532 tuae,
1232 5471 1283 5520 et
1306 5479 1429 5533 rege
1457 5481 1545 5520 eos
1573 5474 1625 5522 et
1649 5467 1847 5522 attolle

220 5561 290 5603 eos
317 5567 479 5623 usque
509 5553 569 5608 in
597 5560 873 5609 calamum
897 5553 1009 5625 (Ps.
1043 5570 1219 5620 xxvn,
1252 5554 1326 5626 8).

276 5685 357 5744 47.
388 5684 555 5754 Quod
588 5702 723 5744 vero
755 5688 887 5763 post
910 5686 1237 5761 generalem
1259 5686 1528 5748 Ecclesiae
1559 5704 1852 5751 commen-

1962 631 2092 687 stro,
2131 623 2260 695 ipsa
2290 625 2485 680 unitas
2515 623 2891 680 ecclesiastici
2923 624 3182 696 corporis
3214 623 3421 680 fortius
3451 640 3608 680 com-

1964 713 2451 785 mendatur.quia
2481 713 2688 767 divinae
2720 712 3020 785 religionis
3050 712 3297 785 cultum,
3311 717 3377 769 ut
3407 713 3613 770 beatus

1966 802 2077 857 Leo
2110 802 2331 869 scribit,
2362 820 2536 874 quem
2566 802 2625 857 in
2648 819 2850 858 omnes
2871 807 3073 875 gentes
3090 819 3410 875 omnesque
3430 802 3615 859 natio-

1964 908 2068 947 nes
2101 891 2199 946 Dei
2232 891 2412 946 voluit
2441 890 2629 963 gratia
2654 892 3069 957 coruscare,ita
3099 892 3385 947 Dominus
3416 895 3613 948 noster

1960 979 2132 1035 Jesus
2153 980 2421 1035 Christus
2442 979 2680 1034 humani
2705 980 2935 1053 generis
2965 979 3226 1036 Salvator
3254 980 3530 1047 instituit,
3546 984 3612 1037 ut

1960 1068 2140 1139 hujus
2154 1069 2416 1124 muneris
2431 1073 2859 1124 sacramentum
2875 1068 2932 1124 in
2948 1068 3283 1125 beatissimo
3296 1070 3463 1125 Petro
3476 1086 3609 1143 apo-

1960 1157 2243 1212 stolorum
2275 1173 2509 1212 summo
2542 1156 2938 1229 principaliter
2968 1156 3292 1226 collocaret,
3327 1164 3501 1231 atque
3531 1159 3605 1216 ab

1959 1246 2106 1318 ipso,
2131 1246 2298 1317 quasi
2323 1246 2576 1317 quodam
2601 1245 2806 1317 capite,
2831 1246 2983 1301 dona
3005 1264 3111 1302 sua
3130 1246 3374 1303 velletin
3393 1265 3604 1321 corpus

1958 1351 2131 1389 omne
2164 1352 2421 1402 manare,
2455 1339 2519 1389 ut
2549 1340 2836 1390 exsortem
2872 1351 2933 1389 se
2962 1335 3223 1407 mysterii
3254 1334 3605 1409 intelligeret

1958 1439 2085 1479 esse
2108 1424 2311 1492 divini,
2336 1423 2434 1496 qui
2454 1441 2635 1480 ausus
2654 1428 2808 1480 esset
2828 1441 2861 1479 a
2883 1424 3032 1479 Petri
3063 1422 3355 1481 soliditate
3376 1426 3603 1483 recede-

1956 1529 2036 1567 re.
2064 1512 2228 1568 Hunc
2250 1513 2405 1567 enim
2430 1512 2488 1567 in
2513 1513 2873 1568 consortium
2907 1511 3217 1568 individua:
3248 1512 3491 1570 unitatis
3514 1530 3603 1570 as-

1956 1606 2281 1673 sumptum,
2300 1602 2355 1657 id
2374 1602 2528 1673 quod
2546 1601 2668 1674 ipse
2680 1600 3597 1669 eratvoluitnominari,dicendo:

1959 1690 2034 1744 Tu
2061 1707 2115 1746 es
2146 1692 2356 1758 Petrus,
2389 1699 2440 1746 ct
2468 1707 2633 1762 super
2678 1692 2820 1745 hanc
2863 1699 3076 1762 petram
3120 1690 3391 1761 xdiﬁcabo
3420 1692 3600 1748 Eccle-

1951 1781 2093 1833 siam
2131 1796 2305 1835 meam
2337 1780 2546 1851 (Matth.
2579 1797 2668 1847 xv,
2703 1780 2812 1847 l8).
2847 1779 3008 1835 Unde
3038 1782 3285 1848 constat,
3315 1778 3467 1835 sicut
3494 1779 3599 1837 ite-

1952 1884 2081 1923 ruzn
2116 1869 2320 1924 beatus
2347 1886 2497 1941 papa
2525 1868 2793 1941 Pelagius
2822 1869 3008 1937 docet,
3047 1868 3119 1923 ab
3152 1866 3409 1923 universi
3441 1870 3599 1926 orbis

1953 1958 2363 2013 communione
2383 1962 2681 2030 separatos
2700 1974 2827 2013 esse
2854 1958 2974 2029 qui,
2995 1956 3256 2030 qualibet
3285 1957 3600 2014 dissensio-

1951 2062 2043 2113 ne,
2062 2046 2211 2101 inter
2232 2063 2399 2102 sacra
2419 2046 2697 2118 mysteria
2725 2046 3026 2118 apostolici
3058 2046 3350 2119 pontificis
3381 2064 3597 2104 memo-

1951 2134 2097 2189 riam
2131 2136 2454 2190 secundum
2501 2135 2984 2191 consuetudinem
3036 2153 3149 2191 non
3198 2138 3591 2209 frequentant.

1950 2222 2227 2294 Sequitur
2255 2224 2314 2279 in
2347 2224 2620 2296 mysterio
2655 2243 2667 2279 :

2020 2378 2053 2431 4
2095 2420 2107 2431 .
2141 2378 2205 2433 Et
2236 2380 2482 2434 antistite
2510 2389 2710 2446 nostro,
2743 2388 2793 2435 et
2822 2381 3072 2436 omnibus
3095 2382 3406 2439 orthodoxis
3434 2390 3598 2455 atque

1947 2468 2256 2537 apostolica:
2293 2468 2423 2539 ﬁdei
2468 2468 2788 2524 cultoribus.
2842 2470 3004 2525 Sicut
3049 2471 3203 2526 enim
3256 2470 3594 2538 universali,

1948 2556 2215 2611 Ecclesiae
2238 2558 2714 2613 commemoratio
2741 2564 2975 2631 propter
2995 2558 3278 2615 unitatem
3302 2560 3596 2617 societatis

1947 2648 2004 2699 et
2018 2643 2175 2715 pacis
2190 2645 2317 2715 conj
2329 2662 2401 2698 un
2410 2645 3118 2716 giturcommemorationi
3141 2648 3443 2719 apostolici
3458 2666 3596 2721 pon-

1944 2732 2142 2797 tiﬁcis,
2176 2732 2257 2787 ita
2288 2732 2532 2806 dignum
2563 2739 2621 2789 et
2649 2734 2988 2807 religiosum
3019 2741 3107 2792 est
3138 2741 3201 2792 ut
3230 2737 3473 2810 singulas
3491 2738 3591 2794 Ec-

1944 2820 2131 2876 clesiae.
2164 2821 2778 2878 commemorationem
2799 2824 3162 2896 subjungant
3182 2842 3423 2880 suorum
3441 2828 3588 2882 anti-
3629 2834 3646 2846 '

1943 2910 2172 2978 stitum,
2196 2911 2511 2982 probantes
2531 2928 2592 2966 se
2616 2928 2718 2983 per
2746 2912 2903 2967 illam
2929 2914 3249 2969 orationem
3280 2914 3585 2971 dominicae

1943 3000 2254 3055 oblationis
2287 3016 2513 3054 servare
2533 3016 2667 3053 cum
2688 3000 2773 3056 eis
2795 3001 3077 3056 unitatem
3111 3003 3355 3073 spiritus
3376 3003 3435 3058 in
3459 3004 3582 3059 vin-

1941 3087 2071 3143 culo
2131 3087 2306 3159 pacis.
2347 3086 2610 3151 Ὀρθόδοξοι
2648 3092 2842 3143 autem
2895 3092 3106 3158 Greece,
3168 3090 3369 3146 Latine
3424 3103 3584 3149 rectae

1939 3179 2136 3247 gloria?
2165 3177 2460 3241 dicuntur,
2488 3192 2554 3231 eo
2583 3177 2736 3248 quod
2770 3176 2930 3232 nullo
2962 3177 3232 3233 hmretico
3263 3179 3582 3251 depravati,

1945 3270 2111 3322 recta:
2140 3264 2273 3321 fidei
2303 3264 2667 3320 confessione
2697 3265 2881 3321 Deum
2909 3265 3251 3339 gloriﬁcent.
3272 3268 3450 3324 [idem
3472 3268 3587 3342 ipsi

1944 3372 2080 3428 ergo
2111 3359 2252 3410 sunt
2281 3353 2574 3410 catholicae
2605 3359 2661 3409 et
2681 3354 3009 3426 apostolica:
3033 3355 3165 3412 ﬁdei
3187 3356 3458 3425 cultores,
3492 3375 3587 3413 ca-

1942 3444 2191 3509 tholicae,
2224 3444 2280 3497 id
2313 3447 2403 3498 est
2435 3442 2799 3511 universalis,
2834 3434 3012 3515 quam
3062 3444 3333 3501 universa
3370 3447 3588 3519 ubique

1943 3538 2133 3590 servat
2162 3531 2436 3598 Ecclesia,
2462 3532 2844 3603 ejusdemque
2870 3537 2925 3587 et
2946 3533 3295 3605 apostolicae,
3320 3552 3498 3607 quam
3530 3536 3589 3591 in

1941 3627 2061 3678 toto
2094 3621 2313 3677 mundo
2342 3620 2735 3692 apostolorum
2764 3620 3029 3677 doctrina
3056 3622 3339 3679 fundavit.

2013 3776 2101 3829 49.
2136 3772 2396 3828 Cultores
2425 3776 2618 3828 autem
2650 3772 2832 3845 hujus
2869 3773 3004 3829 fidei
3034 3791 3149 3830 non
3176 3779 3425 3847 possunt
3452 3775 3587 3846 dici,

1943 3861 2162 3919 nisiilli
2186 3861 2287 3934 qui
2318 3865 2471 3916 recte
2500 3862 2746 3917 credunt
2773 3865 2831 3917 et
2860 3862 3137 3918 veraciter
3164 3863 3439 3937 diligunt.
3473 3865 3590 3921 Hoc

1943 3951 2098 4008 enim
2131 3949 2539 4022 unusquisque
2569 3949 2705 4005 colit
2735 3952 2887 4023 quod
2922 3951 3174 4008 maxime
3203 3952 3411 4025 diligit.
3429 3953 3591 4010 Unde

1943 4045 2000 4097 et
2016 4041 2086 4096 de
2103 4040 2457 4112 quibusdam
2479 4039 2627 4111 gulae
2648 4043 2704 4095 et
2725 4039 2942 4096 ventris
2971 4041 3334 4097 amatoribus
3349 4041 3431 4098 ait
3444 4045 3592 4117 Apo-

1945 4128 2133 4186 stolus
2169 4146 2181 4182 :
2217 4145 2453 4201 quorum
2500 4132 2644 4184 Deus
2692 4137 2874 4185 venter
2918 4138 2997 4185 est
3029 4130 3195 4203 (Phil.
3228 4148 3313 4201 ιιι,
3348 4132 3456 4202 19).
3491 4131 3591 4187 Ille

1944 4234 2081 4290 ergo
2112 4216 2374 4273 veritatis
2396 4214 2603 4285 cultor,
2630 4216 2942 4290 quijungit
2960 4218 3096 4273 ﬁdei
3129 4218 3593 4285 dilectionem,ut

1945 4312 2149 4371 Deum,
2183 4306 2253 4361 de
2285 4322 2398 4378 quo
2445 4309 2597 4361 recte
2645 4306 2846 4372 credit,
2881 4305 3175 4379 diligendo
3206 4306 3375 4375 colat,
3407 4312 3466 4363 et
3495 4323 3592 4363 co-

1945 4395 2118 4451 lendo
2141 4399 2559 4467 promereatur.
2587 4396 2718 4467 Ipsa
2738 4399 2826 4450 est
2847 4395 2991 4450 fides
3012 4411 3188 4467 quam
3220 4396 3594 4451 commendat

1945 4483 2264 4557 Apostolus
2295 4482 2495 4538 dicens
2529 4500 2542 4538 :
2574 4485 2633 4539 In
2667 4483 2875 4538 Christo
2922 4485 3071 4539 enim
3109 4485 3234 4539 Jesu
3279 4499 3452 4555 neque
3480 4486 3593 4540 cir-

1945 4574 2203 4629 cumcisio
2232 4573 2449 4645 aliquid
2476 4574 2635 4639 valet,
2667 4588 2839 4643 neque
2886 4574 3246 4643 praeputium,
3294 4573 3385 4629 sed
3439 4574 3590 4659 ﬁes,

1950 4677 2076 4732 quae
2103 4678 2199 4732 per
2225 4662 2567 4718 dilectionem
2596 4668 2850 4732 operatur
2878 4659 3018 4729 (Gal.
3051 4677 3128 4729 Vl,
3164 4662 3271 4730 t5).
3308 4661 3506 4735 Neque
3536 4679 3593 4719 e-

1951 4749 2073 4805 nim
2094 4749 2153 4804 in
2176 4750 2514 4805 confusione
2535 4766 2916 4821 paganorum,
2943 4766 3131 4823 neque
3157 4750 3216 4805 in
3247 4768 3595 4825 purgamen-

1948 4838 2025 4895 tis
2038 4836 2726 4909 hazreticorummequein
2749 4836 3031 4911 languore
3055 4839 3592 4911 schismaticorum,

1950 4943 2136 4998 neque
2164 4925 2224 4980 in
2255 4926 2506 4980 caecitate
2535 4927 2871 4982 Judaeorum
2903 4929 3216 5000 quaerenda
3245 4928 3447 5002 religio
3469 4933 3593 4999 est;

1950 5016 2049 5071 sed
2081 5015 2234 5087 apud
2262 5030 2360 5070 eos
2390 5013 2544 5071 solos
2583 5016 2684 5087 qui
2715 5015 3050 5088 Christiani,
3084 5017 3353 5074 catholici
3381 5018 3470 5074 vel
3499 5035 3599 5074 or-

1947 5103 2182 5159 thodoxi
2216 5103 2618 5173 nominantur,
2646 5105 2702 5160 id
2735 5110 2824 5161 est
2855 5106 3210 5180 integritatis
3241 5107 3512 5165 custodes
3542 5110 3600 5164 et

1952 5196 2106 5248 recta
2134 5196 2442 5249 sectantes.

2024 5336 2113 5391 50.
2148 5334 2443 5409 Completa
2472 5336 2579 5393 hac
2611 5337 2891 5407 oratione,
2917 5354 3035 5411 qua
3056 5337 3114 5394 in
3137 5337 3345 5412 primis
3364 5337 3603 5395 univer-

1957 5423 2098 5480 salis
2129 5424 2387 5481 Ecclesia
2416 5442 2548 5482 cum
2576 5427 2893 5499 apostolico
2939 5427 3212 5500 pontifice
3243 5431 3299 5483 et
3328 5428 3604 5486 omnibus

1957 5512 2292 5569 orthodoxis
2314 5514 2428 5570 Deo
2453 5516 2916 5586 commendatur,
2932 5516 3274 5589 adjungitur
3293 5517 3352 5572 in
3376 5517 3609 5575 conclu-

1960 5602 2120 5659 sione
2143 5618 2302 5658 more
2333 5602 2501 5660 solito
2528 5621 2539 5661 :
2574 5608 2680 5661 Per
2708 5606 2985 5664 Christum
3017 5607 3311 5664 Dominum
3339 5614 3608 5665 nostrum.

1958 5690 2142 5752 Aliter
2169 5692 2326 5752 enim
2353 5709 2457 5754 nec
2483 5694 2665 5755 oratio
2695 5711 2799 5755 nec
2830 5695 3047 5755 oblatio
3076 5696 3344 5759 Ecclesiae
3374 5695 3492 5756 Deo
3524 5697 3613 5780 ot?
