4068 6190
387 351 466 410 47
1487 353 1717 414 FLORI
1761 352 2079 414 DIACONI
2122 352 2690 416 LUGDUNENSIS.
3710 355 3790 417 48

386 483 523 543 ferri
544 488 755 556 potest,
779 501 885 540 nec
904 484 1005 540 illa
1026 486 1102 558 (a)
1115 502 1218 558 pro
1242 485 1455 557 quibus
1478 489 1627 541 Deus
1647 489 1919 541 exoratur
1936 500 2028 540 ac-
2059 491 2107 553 Α
2142 488 2505 541 cunctorum.
2530 485 2701 542 Omni
2730 487 2886 542 enim
2908 486 3175 543 Ecclesia
3197 486 3411 543 dicitur
3431 504 3533 560 per
3550 488 3789 544 beatum

388 572 600 644 cipero,
623 572 734 629 nisi
759 590 861 645 per
880 591 1067 629 unum
1099 574 1476 631 mediatorem
1511 575 1608 630 Dei
1629 578 1686 630 et
1702 573 2031 642 hominum,

388 661 488 732 qui
520 661 851 733 interpellat
882 680 983 735 pro
1015 662 1380 729 nobis.Quod
1403 680 1538 735 ergo
1561 665 1729 719 oﬁ‘ert
1756 662 2032 731 Ecclesia,

386 750 554 805 oﬂ'ert
582 767 683 822 per
712 749 907 821 illum;
935 753 1089 824 quod
1121 758 1274 809 Deus
1304 753 1570 809 eamdem
1602 752 1918 809 Ecclesiam
1935 769 2033 825 pa-

388 838 638 906 ciﬁcare,
671 839 983 909 custodire,
1031 841 1291 897 adunare
1339 840 1629 914 dignetur,
1662 845 1899 914 prazstat
1936 857 2039 913 per

389 926 557 983 illum
582 945 594 982 :
621 945 725 999 per
752 928 949 1000 ipsum
979 934 1179 986 nostra
1208 931 1282 986 ad
1313 930 1496 986 Deum
1528 935 1659 985 vota
1689 931 2034 998 ascendunt,

392 1032 496 1089 per
515 1016 709 1089 ipsum
735 1018 932 1073 divina
954 1018 1026 1074 ad
1043 1036 1149 1076 nos
1169 1020 1325 1075 dona
1344 1021 1723 1076 descendunt.
1740 1020 1857 1075 Hoc
1871 1036 2038 1074 nam-

396 1121 509 1177 que
541 1106 664 1177 ipse
691 1106 750 1161 in
780 1106 1088 1180 Evangelio
1119 1108 1489 1163 commendat
1518 1108 1745 1164 dicens:
1774 1108 1912 1177 Quia
1943 1123 2039 1176 ego

396 1195 465 1249 ad
485 1200 705 1250 Patrem
734 1196 885 1265 vado,
911 1204 962 1252 et
988 1197 1253 1268 quidquid
1275 1198 1547 1268 petieritis
1576 1199 1637 1252 in
1661 1199 1882 1253 nomine
1899 1213 2036 1264 meo,

397 1284 495 1339 hoc
520 1285 746 1354 ﬁtciam,
778 1293 837 1341 ut
866 1286 1199 1356 elariﬁeetur
1242 1291 1406 1342 Pater
1454 1288 1514 1342 in
1553 1288 1702 1343 Filio
1733 1287 1906 1357 (Joan.
1939 1303 2038 1352 xn,

2145 573 2378 630 Petrum
2401 575 2730 647 apostolum
2757 592 2770 630 :
2797 576 2892 632 Vos
2921 584 3105 632 autem
3131 593 3299 647 genus
3327 577 3575 643 electum,
3608 577 3792 645 regale

2142 664 2505 720 sacerdotium
2530 664 2577 733 (Ι
2607 666 2751 720 Petr.
2785 682 2848 730 ιι,
2879 665 2955 733 9),
2991 665 3196 721 offerre
3240 664 3536 738 spiritales
3567 664 3792 722 hostias

2145 756 2202 807 et
2229 752 2615 825 acceptabiles
2646 758 2761 809 Deo
2793 770 2896 825 per
2943 754 3148 810 Jesum
3194 753 3514 810 Christum.
3547 753 3793 810 Omnem

2145 856 2281 915 ergo
2300 840 2618 897 Ecclesiam
2642 843 3030 898 sacerdotium
3054 847 3323 898 sanctum
3350 842 3623 915 appellat,
3639 844 3793 915 quod

2147 928 2273 984 sola
2288 930 2499 986 domus
2520 937 2713 985 Aaron
2737 930 2795 985 in
2818 930 2943 1004 lege
2973 948 3184 987 nomen
3207 936 3263 988 et
3283 932 3544 987 ofﬁcium
3566 930 3793 1000 habuit,

2148 1017 2288 1089 quia
2299 1015 2580 1073 nimirum
2594 1036 2797 1075 omnes
2814 1019 3015 1076 ﬁdeles
3037 1020 3255 1075 summi
3278 1021 3599 1077 sacerdotis
3619 1037 3800 1077 mem-

2147 1105 2253 1161 bra
2284 1106 2560 1174 existunt,
2596 1108 2793 1163 cuncti
2842 1108 2966 1164 oleo
3009 1107 3222 1164 laetitiae
3272 1109 3604 1183 signantur,
3636 1108 3800 1165 illius

2148 1197 2374 1269 corpori
2398 1197 2570 1264 uniti,
2595 1198 2694 1270 qui
2719 1215 2815 1254 rex
2835 1215 3108 1255 summus
3128 1204 3183 1254 et
3203 1199 3473 1255 sacerdos
3494 1203 3582 1279 est
3604 1216 3794 1255 verus.

2151 1285 2415 1358 Regnum
2466 1286 2590 1343 suis
2638 1285 2844 1342 tribuit
2890 1291 2952 1342 ut
2981 1304 3098 1357 rex,
3133 1293 3188 1343 et
3220 1292 3283 1342 ut
3308 1288 3567 1359 pontifex
3593 1304 3797 1343 eorum

395 1374 508 1444 23).
537 1374 722 1440 Quam
753 1373 1052 1446 petitionis
1083 1375 1333 1430 formam
1364 1375 1423 1430 in
1456 1375 1616 1431 omni
1647 1375 1904 1431 oratione
1935 1390 2043 1430 sua
2062 1378 2127 1441 4
2150 1374 2488 1445 peccatasui
2510 1374 2818 1448 sanguinis
2839 1375 3031 1432 hostia
3048 1377 3363 1445 mundans,
3383 1394 3720 1449 quanquam
3741 1380 3802 1432 et
3826 1386 3883 1453 ἦ

398 1463 653 1518 custodit
682 1462 957 1518 Ecclesia.
992 1463 1270 1535 Sequitur
1296 1463 1355 1518 in
1387 1464 1683 1537 mysterio.

467 1553 557 1607 51.
590 1552 869 1619 Memento,
925 1555 1172 1621 Domine,
1216 1555 1555 1625 famulorum
1599 1555 2043 1625 furnularumque

398 1650 639 1705 tuarum,
671 1649 721 1695 et
769 1644 1015 1697 omnium
1068 1643 1631 1711 circumadstantium,
1665 1660 1896 1715 quorum
1943 1644 2046 1697 tibi

398 1730 528 1801 ﬁdes
558 1732 775 1800 cognita
806 1740 883 1786 est
914 1740 963 1786 et
978 1739 1103 1788 nota
1127 1732 1352 1788 devotio.
1379 1734 1442 1787 In
1466 1732 1680 1805 quibus
1701 1732 1893 1788 verbis
1910 1749 2043 1787 cum

400 1818 657 1891 primum
694 1819 909 1874 dicitur
937 1837 950 1875 :
985 1820 1261 1889 Memento,
1293 1823 1547 1892 Domine,
1578 1820 1922 1893 famulorum
1953 1822 2041 1890 fa-

400 1909 783 1979 mularumque
812 1917 1051 1976 tuarum,
1083 1913 1139 1965 et
1168 1910 1252 1965 sic
1282 1909 1490 1965 deinde
1540 1910 1920 1982 subjungitur
1949 1925 1963 1963 :
1996 1917 2046 1964 et

403 1999 649 2052 omnium
704 1999 1236 2064 circumstantium,
1286 1999 1662 2054 manifestum
1724 2003 1812 2053 est
1868 1998 2044 2069 quod,

404 2086 571 2157 quasi
595 2087 832 2159 quidam
855 2086 1019 2143 locus
1042 2088 1137 2155 sit,
1155 2088 1274 2157 ubi,
1290 2088 1586 2161 aliquibus
1608 2086 1936 2159 specialiter
1952 2103 2047 2141 no-

405 2174 665 2244 minatis,
691 2175 865 2232 etiam
886 2182 1227 2232 caeterorum
1260 2177 1359 2249 qui
1392 2177 1679 2233 assistunt
1705 2177 1762 2231 in
1791 2175 2046 2231 Ecclesia

404 2265 881 2330 commemoratio
916 2266 1293 2339 adjungatur.
1324 2266 1390 2320 In
1421 2283 1535 2338 quo
1565 2265 1761 2337 itaque
1791 2264 1914 2319 loco
1948 2268 2049 2319 aut

403 2351 654 2407 liberum
683 2358 773 2409 est
802 2355 1106 2422 sacerdoti,
1141 2371 1289 2425 quos
1336 2354 1750 2410 desideraverit
1786 2354 2047 2426 particu-

402 2440 603 2496 lariter
632 2442 955 2509 nominare,
990 2447 1047 2498 et
1073 2443 1420 2499 nominatim
1453 2444 1567 2499 Deo
1598 2443 2044 2499 commendare:

405 2534 506 2585 aut
536 2535 690 2587 certe
720 2530 865 2586 illud
894 2531 968 2586 ab
1000 2532 1261 2604 antiquis
1312 2532 1680 2588 observatum
1731 2535 1838 2599 est,
1875 2533 1941 2585 ut
1968 2529 2049 2584 ibi

406 2619 771 2675 offerentium
804 2619 1043 2675 nomina
1074 2620 1477 2688 recitarentur,
1495 2621 1648 2693 quod
1674 2619 1899 2675 videtur
1918 2619 2051 2674 bea-

404 2713 502 2764 tus
523 2726 674 2781 papa
696 2710 1070 2765 Innocentius
1091 2710 1149 2764 in
1170 2711 1423 2782 quadam
1442 2709 1686 2783 epistola
1697 2708 2048 2781 signiﬁcare,

408 2798 508 2853 ubi
528 2797 645 2853 ait:
674 2820 702 2849 ‹‹
722 2798 1096 2870 Superﬁuum
1120 2803 1227 2866 est,
1252 2803 1316 2854 ut
1334 2799 1503 2870 cujus
1518 2797 1771 2854 hostiam
1802 2797 2051 2854 necdum

407 2891 521 2943 Deo
552 2887 781 2955 oﬂ‘eras,
806 2888 935 2959 ejus
957 2892 1090 2944 ante
1123 2904 1333 2943 nomen
1364 2888 1649 2955 insinues,
1684 2886 1952 2959 quamvis
1969 2884 2054 2940 illi

412 2975 776 3048 incognitum
809 2976 955 3031 nihil
985 2977 1081 3031 sit.
1124 2976 1290 3031 Prius
1347 2991 1483 3049 ergo
1541 2975 1862 3031 oblationes
1918 2977 2058 3029 sunt

413 3065 910 3133 commendandae,
926 3082 998 3120 ne
1017 3069 1156 3120 tunc
1171 3081 1373 3121 eorum
1391 3062 1907 3136 nomina,quorum
1919 3068 2059 3119 sunt

410 3154 712 3220 edicenda,
745 3156 810 3208 ut
840 3153 993 3208 inter
1022 3170 1188 3209 sacra
1217 3153 1497 3225 mysteria
1527 3152 1923 3222 nominentur,
1939 3167 2055 3206 non

410 3241 562 3298 inter
594 3241 709 3296 alia
738 3258 865 3312 qua:
896 3245 1032 3296 ante
1062 3241 1492 3311 praemittimus,
1524 3245 1591 3295 ut
1620 3240 1731 3312 ipsi
1761 3239 2053 3311 mysteriis
2085 3224 2127 3290 C

408 3329 562 3384 viam
587 3329 799 3385 futuris
821 3328 1090 3400 precibus
1113 3328 1500 3399 aperiamus.»
1520 3328 1606 3383 Fit
1625 3344 1761 3400 ergo
1781 3328 1903 3384 haec
1924 3345 2052 3384 ora-

408 3417 487 3473 tio
511 3418 583 3472 ad
609 3418 792 3474 Deum
817 3417 1066 3487 Patrem,
1093 3421 1159 3472 ut
1180 3433 1404 3473 memor
1423 3433 1550 3473 esse
1572 3417 1846 3489 dignetur
1873 3418 2056 3473 famu-

409 3505 600 3562 lorum
633 3506 1107 3579 famularumque
1137 3523 1400 3575 suarum,
1434 3506 1741 3578 utriusque
1789 3505 2056 3562 videlicet

408 3612 582 3652 sexus
604 3595 715 3652 sibi
738 3595 1141 3663 servientium,
1166 3612 1282 3650 non
1305 3595 1495 3651 solum
1521 3611 1724 3651 eorum
1741 3595 1841 3667 qui
1874 3595 2057 3650 nomi-

407 3690 644 3750 nantur,
681 3684 783 3740 sed
828 3689 884 3740 et
931 3684 1196 3739 omnium
1254 3683 1822 3752 circumastantium,
1867 3701 1932 3739 ac
1985 3684 2055 3739 de

407 3773 682 3829 omnibus
713 3778 769 3828 et
799 3790 902 3845 pro
934 3772 1209 3829 omnibus
1242 3773 1416 3828 simul
1451 3773 1929 3844 dicitur,quorum
1954 3774 2057 3828 tibi

405 3863 536 3934 ﬁdes
566 3865 783 3933 cognita
812 3871 889 3918 est
920 3872 971 3918 et
1000 3870 1128 3918 nota
1156 3863 1381 3929 devotio,
1416 3864 1472 3918 id
1520 3866 1626 3930 est,
1671 3878 1848 3934 quam
1904 3866 2055 3918 recte

408 3955 670 4021 credant,
693 3969 871 4025 quam
906 3953 1106 4008 devote
1135 3958 1190 4009 te
1221 3953 1489 4025 diligant,
1512 3958 1576 4008 tu
1604 3952 1765 4009 solus
1801 3952 1965 4007 vides
1994 3952 2053 4007 in

408 4042 780 4099 conscientiis
812 4040 1200 4115 singulorum.
1217 4043 1303 4097 Tu
1323 4059 1385 4098 es
1407 4043 1563 4098 enim
1595 4045 1864 4098 scrutans
1881 4042 2055 4096 corda

407 4136 462 4188 et
484 4148 672 4199 renes,
697 4136 753 4188 et
776 4132 881 4187 tibi
911 4131 1190 4187 veraciter
1218 4131 1441 4187 dictum
1471 4135 1594 4186 est:
1627 4132 1699 4185 Tu
1728 4132 1878 4186 enim
1906 4131 2055 4187 solus

404 4224 550 4278 nosti
571 4221 734 4278 corda
757 4222 1003 4292 filiorum
1031 4222 1334 4291 hominum,
1359 4219 1460 4291 qui
1491 4219 1549 4274 in
1580 4220 1699 4275 tuis
1729 4219 2053 4275 cultoribus

405 4312 595 4385 magis
626 4310 977 4368 oblationem
1005 4310 1139 4366 ﬁdei
1169 4314 1226 4364 et
1247 4309 1567 4364 devotionis
1601 4307 2048 4380 requiris;ﬁdei,

404 4419 536 4457 cum
561 4418 664 4474 per
694 4400 1084 4472 legislatorem
1115 4402 1283 4452 tuum
1310 4397 1456 4453 dicis
1488 4414 1501 4452 :
1536 4397 1705 4464 Audi,
1731 4397 1919 4462 Israel,
1952 4401 2053 4452 Do-

401 4494 587 4547 minus
618 4493 760 4545 Deus
811 4499 938 4545 tuus
988 4493 1128 4544 Deus
1166 4502 1308 4541 unus
1335 4492 1414 4541 est
1432 4487 1608 4555 (Deut.
1640 4503 1718 4552 v1,
1753 4487 1805 4552 4)
1833 4504 1845 4554 ;
1879 4485 2049 4541 devo-

2151 1462 2211 1518 in
2237 1464 2437 1518 eadem
2471 1463 2596 1536 lege
2624 1463 2847 1521 Veteris
2873 1465 3231 1521 Testamenti
3265 1465 3443 1537 hujus
3474 1465 3799 1538 spiritualis

2151 1552 2479 1619 sacerdotii,
2514 1570 2628 1624 quo
2655 1556 2777 1608 tota
2805 1552 3061 1609 Ecclesia
3090 1557 3481 1623 consecratur,
3505 1553 3802 1610 evidenter

2153 1641 2497 1713 mysterium
2530 1643 2996 1710 commendatur,
3018 1659 3153 1697 cum
3174 1643 3269 1697 ille
3289 1660 3475 1715 agnus
3500 1642 3557 1698 in
3581 1644 3804 1716 pascha

2155 1731 2520 1797 mactandas,
2546 1731 2701 1802 quod
2723 1730 2886 1786 vobis
2910 1730 3249 1787 immolatus
3270 1735 3360 1787 est
3388 1730 3803 1801 Cbristus,non

2156 1835 2189 1873 a
2231 1817 2371 1874 solis
2419 1819 2839 1886 sacerdotibus,
2875 1820 2973 1874 sed
3021 1820 3094 1874 ab
3143 1819 3413 1875 universo
3458 1820 3807 1892 generaliter

2155 1907 2368 1979 populo
2382 1908 2625 1978 jubetur
2647 1907 2961 1973 immolari,
2986 1908 3211 1964 dicente
3233 1908 3513 1964 Domino:
3551 1908 3806 1966 Immole-

2157 1997 2233 2052 bit
2259 2013 2383 2052 eum
2411 1998 2588 2051 omnis
2616 1996 2909 2051 multitudo
2947 1997 3192 2068 ﬁliorum
3232 1998 3401 2053 Israel
3427 1998 3497 2053 ad
3526 2015 3807 2071 vesperam

2156 2085 2348 2157 (Exod.
2377 2102 2476 2152 x11,
2499 2087 2576 2153 6).
2602 2085 2766 2140 Hunc
2798 2102 3051 2157 namque
3081 2102 3299 2158 agnum
3329 2086 3387 2141 in
3422 2086 3680 2159 paschali
3716 2104 3808 2143 so-

2154 2173 2457 2229 lemnitate
2488 2173 2855 2229 immolatum
2888 2175 3088 2229 eadem
3121 2174 3210 2229 lex
3240 2180 3296 2230 et
3312 2174 3608 2231 victimam
3633 2176 3809 2232 etho-

2157 2263 2330 2318 stiam
2364 2268 2420 2318 et
2450 2262 2802 2318 sacriﬁcium
2834 2279 2964 2319 esse
3012 2264 3402 2329 commendat,
3434 2264 3809 2337 prwcipiente

2157 2350 2423 2419 Domino,
2454 2354 2511 2406 et
2539 2351 2765 2407 dicente
2800 2368 2811 2406 :
2844 2354 2968 2407 Non
3015 2352 3324 2407 immolabit
3350 2369 3515 2425 super
3539 2355 3809 2425 fermento

2154 2441 2481 2511 sanguinem
2533 2441 2726 2495 hostia:
2780 2455 2938 2507 mese,
2987 2456 3163 2513 neque
3218 2442 3474 2497 residebit
3526 2458 3688 2499 mane
3742 2442 3814 2499 de

2156 2530 2381 2584 victima
2415 2529 2777 2584 solemnitatis
2808 2529 2981 2601 phase
3007 2530 3200 2598 (Exod.
3231 2547 3421 2597 xxxw,
3455 2532 3566 2603 25).
3599 2532 3669 2585 Et
3696 2530 3811 2586 ite-

2158 2634 2289 2673 rum
2315 2635 2327 2672 :
2354 2618 2537 2684 Nemo,
2558 2616 2772 2689 inquit,
2795 2620 2892 2690 qui
2908 2620 3080 2689 fuerit
3100 2618 3416 2674 immundus
3434 2635 3600 2691 super
3618 2621 3812 2676 anima

2157 2723 2279 2772 sua,
2313 2708 2370 2761 in
2401 2708 2492 2761 via
2513 2707 2704 2778 procul
2736 2708 2794 2761 in
2823 2714 2977 2775 gente
3022 2716 3218 2773 vestra,
3266 2709 3441 2780 faciat
3481 2709 3652 2780 phase
3698 2712 3811 2766 Do-

2158 2796 2310 2851 mino
2354 2810 2535 2851 mense
2580 2795 2813 2851 secundo
2843 2796 3031 2866 (Num.
3064 2813 3140 2865 ix,
3176 2798 3285 2866 10).
3316 2798 3381 2851 Et
3408 2801 3542 2869 post
3572 2814 3761 2870 pauca
3794 2815 3809 2852 :

2162 2884 2224 2939 Si
2251 2886 2375 2955 quis
2420 2891 2600 2940 autem
2643 2884 2882 2939 mundus
2934 2893 3034 2951 est,
3064 2894 3116 2941 et
3146 2887 3204 2940 in
3236 2887 3435 2941 itinere
3458 2902 3571 2942 non
3598 2889 3726 2959 fuit,
3761 2895 3819 2944 et

2149 2980 2344 3035 .tamen
2372 2989 2483 3029 non
2511 2975 2643 3045 fecit
2680 2974 2874 3045 phase,
2910 2975 3369 3030 exterminabitur
3395 2977 3586 3031 anima
3616 2977 3718 3031 illa
3746 2976 3818 3032 de

2158 3064 2377 3135 populis
2396 3064 2532 3126 suis,
2557 3065 2689 3135 quia
2716 3064 3053 3133 sacriﬁcium
3071 3066 3299 3120 Domino
3326 3080 3437 3120 non
3467 3065 3665 3120 obtulit
3684 3072 3818 3120 tem-

2163 3168 2293 3224 pore
2318 3168 2418 3207 suo
2449 3151 2630 3223 (Ibid.,
2662 3151 2770 3222 13).
2804 3151 3065 3208 Oﬁ'erunt
3093 3168 3229 3225 ergo
3261 3155 3589 3209 sacerdotes
3611 3153 3817 3210 Eccle—

2167 3238 2285 3309 siae,
2318 3239 2484 3295 offert
2535 3255 2638 3311 per
2684 3237 2846 3311 ipsos
2874 3243 2933 3295 et
2960 3240 3018 3294 in
3050 3240 3196 3312 ipsis
3238 3245 3361 3297 tota
3408 3240 3662 3297 Ecclesia
3691 3242 3815 3298 Deo

2163 3326 2741 3393 sacriﬁciumlaudis,
2758 3328 2910 3398 quod
2937 3345 2970 3383 a
2990 3328 3313 3385 cultoribus
3335 3328 3460 3385 suis
3480 3328 3591 3385 sibi
3614 3330 3812 3387 offerri

2162 3417 2287 3489 ipse
2318 3415 2606 3488 praecepit,
2642 3415 2843 3472 dicens
2878 3433 2891 3470 ε
2926 3417 3152 3473 Immola
3181 3420 3288 3473 Deo
3318 3419 3656 3489 sacriﬁcium
3685 3420 3815 3475 lau-

2161 3506 2266 3571 dis,
2297 3513 2348 3560 et
2378 3504 2536 3561 redde
2564 3506 2844 3561 Altissimo
2873 3514 2995 3562 vota
3024 3514 3118 3562 tua
3147 3508 3318 3575 (Psal.
3348 3525 3496 3574 xux,
3534 3510 3643 3576 14).

2230 3596 2320 3650 53.
2354 3595 2797 3663 (ΑυαυετιΝυε.)
2818 3595 2944 3651 Non
2976 3597 3131 3668 quod
3153 3613 3188 3652 a
3209 3595 3378 3653 nobis
3406 3601 3688 3669 tanquam
3721 3596 3818 3652 in-

2163 3684 2369 3757 digens
2400 3687 2628 3755 expetat
2657 3682 2921 3750 laudem;
2947 3685 3047 3739 sed
3082 3689 3146 3740 ut
3174 3684 3234 3739 in
3259 3702 3325 3741 ea
3347 3686 3513 3742 nobis
3544 3685 3825 3743 consulat.

2164 3773 2235 3826 ad
2257 3771 2694 3841 salutem,sicut
2714 3777 2770 3827 et
2800 3771 2860 3826 in
2892 3772 3096 3828 eodem
3129 3772 3356 3845 psalmo
3389 3774 3600 3829 iterum
3634 3773 3816 3831 dicit:

2161 3862 2508 3933 Sacri/icium
2548 3861 2729 3916 laudis
2778 3861 3158 3933 honoriﬁeavit
3206 3878 3311 3928 me,
3344 3870 3394 3917 et
3426 3862 3544 3917 illic
3591 3863 3684 3917 via
3712 3870 3819 3929 est,

2161 3950 2262 4005 ubi
2332 3950 2607 4006 ostendam
2676 3950 2919 4005 salutare
2991 3967 3173 4006 meum
3246 3951 3427 4022 (Ibid.,
3482 3951 3593 4021 33).
3661 3952 3821 4016 Quid

2162 4043 2249 4094 est
2297 4038 2453 4094 enim
2503 4038 2758 4094 salutare
2806 4038 2928 4105 Dei,
2979 4039 3094 4096 nisi
3144 4039 3327 4096 Filius
3383 4039 3504 4107 Dei,
3551 4038 3829 4098 Salvator

2162 4128 2415 4185 mundi?
2445 4128 2573 4201 Ipse
2604 4127 2783 4201 igitur
2808 4129 3077 4185 sacerdos
3108 4133 3165 4185 et
3192 4129 3429 4185 victima
3456 4127 3821 4185 sacriﬁcium

2161 4216 2941 4290 laudisimplevit,malorum
2957 4234 3197 4289 operum
3219 4218 3486 4274 tribuens
3511 4216 3825 4289 indulgen-

2160 4310 2325 4377 tiam,
2360 4312 2417 4363 et
2465 4307 2611 4363 bene
2658 4306 2935 4379 operandi
2981 4304 3236 4378 largiens
3285 4306 3557 4379 gratiam.
3586 4307 3671 4362 Ad
3702 4306 3821 4363 hoc

2160 4398 2316 4452 enim
2342 4396 2623 4452 Dominus
2644 4393 2992 4450 sacriﬁcium
3015 4393 3208 4451 laudis
3229 4395 3303 4449 ab
3324 4395 3454 4466 ejus
3486 4395 3820 4453 cultoribus

2160 4484 2518 4549 immolatur,
2542 4487 2607 4538 ut
2626 4483 2725 4556 qui
2748 4480 3032 4556 gloriatur
3043 4481 3102 4538 in
3116 4483 3363 4539 Domino
3375 4483 3675 4558 glorietur.
3688 4487 3819 4540 Hoc

402 4580 601 4648 tioris,
625 4595 755 4633 cum
790 4577 987 4632 statim
1022 4576 1541 4649 adjungitzbiliges
1570 4575 1863 4630 Dominum
1880 4575 2051 4629 Deum
2081 4588 2127 4653 D
2158 4591 2293 4648 ergo
2325 4572 2907 4639 sacriﬁciumlaudis,
2933 4571 2990 4628 id
3013 4575 3103 4628 est
3118 4572 3469 4630 oblationem
3495 4571 3819 4629 Dominicae

401 4675 559 4722 tuum
605 4683 674 4721 ea:
729 4675 834 4720 toto
878 4666 1035 4721 corde
1084 4674 1176 4721 tuo
1223 4664 1405 4738 (Ibid.,
1437 4665 1512 4734 5).
1558 4665 1630 4718 Et
1683 4663 1835 4718 hanc
1866 4663 2045 4734 [cum]

402 4756 575 4810 ﬁdem
610 4757 666 4808 et
697 4754 1060 4808 devotionem
1116 4756 1226 4811 Deo
1276 4753 1500 4821 offerre,
1534 4752 1644 4808 hoc
1675 4755 1764 4807 est
1790 4769 1920 4807 vere
1953 4768 2046 4807 sa-

403 4844 686 4900 criﬁcium
719 4840 995 4912 salutare,
1028 4846 1118 4897 est
1145 4843 1441 4898 attendere
1491 4840 1804 4897 mandatis.
1840 4840 2044 4911 Sequi-

401 4937 498 4988 tur
530 4933 587 4986 in
620 4930 895 5002 mysterio
930 4945 944 4984 :

469 5023 558 5075 5‘2.
595 5021 700 5089 Qui
730 5019 831 5074 tibi
860 5019 1093 5090 offerunt
1119 5018 1216 5073 hoc
1243 5021 1577 5088 sacriﬁcium
1608 5018 1807 5085 laudis,
1841 5019 2047 5089 tibique

400 5110 633 5166 reddunt
668 5117 785 5163 vota
809 5124 911 5163 sua
951 5115 1155 5163 aeterno
1186 5112 1295 5163 Deo
1328 5108 1446 5162 vivo
1476 5115 1526 5162 et
1557 5125 1697 5163 vero.
1732 5108 1794 5163 In
1830 5107 2045 5180 quibus

399 5200 587 5254 verbis
611 5196 1099 5253 considerandum
1122 5200 1231 5260 est,
1251 5196 1403 5266 quod
1426 5198 1544 5249 tota
1566 5196 1821 5252 Ecclesia
1841 5197 2045 5252 oﬁ'erat

399 5288 514 5342 Deo
544 5286 687 5342 illud
721 5284 1074 5341 sacriﬁcium
1108 5282 1329 5351 laudis;
1351 5287 1408 5337 et
1438 5281 1575 5353 quia
1605 5284 1673 5337 de
1707 5284 1865 5338 omni
1896 5284 2043 5339 mul-

394 5375 645 5432 titudine
673 5372 1178 5431 circumstantium
1212 5371 1472 5428 ﬁdelium
1504 5371 1718 5425 dicitur
1752 5389 1765 5426 :
1797 5376 1909 5443 Qui
1937 5376 2043 5431 tibi

394 5465 647 5536 offerunt.
682 5463 844 5530 Quod
884 5462 1041 5517 enim
1072 5460 1426 5532 adimpletur
1456 5458 1685 5530 prOprie
1713 5460 2038 5519 ministerio

394 5553 785 5621 sacerdotum,
804 5552 910 5608 hoc
924 5548 1272 5624 generaliter
1293 5548 1486 5621 agitur
1509 5547 1620 5602 ﬁde
1649 5551 1706 5602 et
1736 5548 2039 5607 devotione

460 5640 536 5717 (a)
570 5640 633 5699 Id
651 5645 738 5699 est
757 5638 1014 5700 Ecclesia
1041 5642 1319 5697 constans
1349 5652 1418 5696 ex
1446 5635 1720 5695 omnibus
1743 5636 2032 5699 ﬁdelibus.

2158 4662 2470 4737 passionis,
2504 4661 2564 4717 in
2596 4678 2713 4734 qua
2742 4661 2907 4718 nulla
2936 4667 3138 4718 nostra
3167 4662 3377 4718 merita
3406 4662 3812 4735 agnoscimus,

2156 4754 2257 4809 sed
2278 4752 2464 4809 solam
2492 4752 2589 4807 Dei
2607 4751 2858 4824 gratiam
2882 4751 3317 4818 collaudamus;
3343 4752 3481 4824 quia
3498 4751 3555 4805 in
3579 4750 3688 4806 hoc
3710 4768 3820 4824 ap-

2155 4841 2351 4914 paruit
2370 4840 2624 4896 charitas
2642 4839 2742 4896 Dei
2764 4840 2824 4896 in
2847 4840 3183 4912 nobis,quia
3203 4840 3569 4913 unigenitum
3592 4837 3813 4898 Filium

2157 4948 2329 4986 suum
2350 4930 2512 4986 misit
2540 4930 2694 4985 Deus
2720 4929 2781 4984 in
2812 4931 3125 4997 mundum,
3150 4935 3214 4985 ut
3239 4930 3503 4985 vivamus
3525 4944 3628 5000 per
3646 4945 3811 4997 eum,

2157 5036 2272 5075 non
2295 5018 2463 5090 quasi
2485 5035 2592 5074 nos
2623 5017 3000 5075 dilexerimus
3022 5023 3226 5087 Deum,
3253 5018 3351 5074 sed
3377 5017 3658 5090 quoniam
3680 5017 3814 5090 ipse

2156 5108 2314 5179 prior
2343 5107 2543 5162 dilexit
2571 5110 2770 5173 nos,et
2801 5107 2963 5163 misit
2994 5107 3207 5163 Filium
3230 5123 3404 5163 suum
3437 5105 3810 5178 propitiatio-

2153 5214 2287 5252 nem
2320 5212 2423 5269 pro
2453 5195 2705 5267 peccatis
2737 5196 2973 5252 nostris.
3010 5196 3171 5252 Hanc
3202 5196 3367 5252 offert
3397 5194 3622 5251 devotio
3655 5195 3811 5250 ﬁde-

2150 5285 2296 5341 lium
2318 5302 2421 5358 pro
2440 5301 2502 5341 se
2523 5284 2763 5357 suisque
2788 5284 3083 5352 omnibus,
3108 5285 3167 5340 id
3188 5288 3277 5340 est
3296 5285 3367 5340 ad
3391 5301 3453 5341 se
3473 5283 3558 5339 vel
3592 5300 3808 5356 genere

2149 5375 2235 5431 vel
2267 5374 2683 5441 familiaritate,
2716 5373 2804 5428 vel
2851 5372 3113 5444 qualibet
3158 5373 3274 5429 alia
3303 5373 3652 5440 conditione,
3687 5373 3805 5428 sub

2148 5465 2413 5535 ejusdem
2436 5464 2569 5520 ﬁdei
2596 5462 2953 5536 professione
2985 5462 3438 5534 pertinentibus,
3463 5465 3580 5517 tam
3603 5462 3799 5518 viven-

2146 5553 2306 5611 tibus
2325 5552 2590 5610 videlicet
2611 5568 2788 5627 quam
2817 5550 3087 5608 mortuis.
3110 5552 3181 5609 Et
3202 5551 3312 5607 hoc
3334 5566 3451 5623 qua
3472 5565 3575 5623 spe
3597 5549 3805 5610 ﬁdeles
