4068 6190
228 361 296 426 49
1425 357 1529 421 DE
1569 356 2098 421 EXPOSITIONE
2141 358 2422 425 MISSIE.
3541 362 3619 427 30

230 498 424 558 faciant
454 494 1001 570 subjungitur,quae
1035 511 1151 551 non
1183 511 1288 568 pro
1320 492 1517 567 aliquo
1548 491 1855 565 temporali
1886 492 1939 558 Α
1970 494 2098 566 ejus
2137 494 2467 569 integritas,
2499 514 2613 554 non
2652 497 2777 571 jam
2829 497 2927 557 ille
2972 497 3210 575 Virgine
3261 503 3615 570 nasceretur,

230 590 392 659 luem,
423 587 528 643 sed
569 585 940 643 solummodo
983 601 1083 657 pro
1130 583 1497 656 redemptione
1542 584 1859 638 animarum

228 695 456 741 suarum,
480 693 584 749 pro
612 692 706 748 spe
728 676 923 731 salutis
949 682 999 731 ct
1029 675 1423 729 incolumitatis
1451 687 1589 741 suae,
1619 687 1721 743 pro
1755 688 1857 744 spe

227 766 471 824 videlicet
499 768 729 821 aeterna:
752 763 1102 836 salutis.Spe
1128 762 1285 818 enim
1307 760 1447 817 salvi
1470 761 1605 817 facti
1625 777 1854 816 sumus.

227 859 326 914 Nec
354 855 547 913 solum
577 871 682 927 pro
713 852 901 910 salute
931 857 1164 921 aeterna,
1198 852 1300 907 sed
1331 851 1506 907 etiam
1523 851 1858 923 protempo-

226 946 318 1002 rali
342 944 765 1008 incolumitate,
796 943 855 997 id
888 945 975 998 est
1006 940 1289 1014 corporali
1323 939 1592 995 sanitate.
1628 937 1856 993 Incolu-

225 1036 382 1093 mitas
405 1034 565 1090 enim
600 1032 875 1088 sanitatis
892 1030 1481 1103 integritas.Utraque
1500 1026 1657 1084 enim
1670 1027 1853 1093 salus,

228 1126 412 1182 anime
443 1121 671 1179 scilicet
699 1126 757 1177 et
787 1120 1070 1193 corporis,
1104 1120 1175 1175 ab
1231 1117 1330 1174 illo
1371 1122 1477 1185 est,
1511 1118 1580 1172 de
1629 1132 1744 1188 quo
1792 1116 1853 1172 in

225 1213 428 1288 psalmo
458 1211 695 1268 canitur
724 1228 737 1265 :
769 1211 992 1266 Domini
1017 1216 1095 1265 est
1119 1209 1287 1264 salus.
1325 1207 1460 1273 Tibi,
1494 1205 1705 1278 inquit,
1723 1204 1852 1261 red-

225 1303 341 1359 dunt
365 1310 488 1358 vota
515 1318 619 1357 sua
646 1308 850 1358 aeterno
881 1303 991 1355 Deo
1017 1300 1140 1353 vivo
1164 1305 1217 1352 et
1241 1312 1384 1360 vero,
1400 1296 1572 1367 juxta
1602 1294 1757 1366 quod
1790 1294 1851 1348 in

222 1392 429 1465 psalmo
459 1390 755 1447 redditur:
780 1390 844 1444 Et
872 1387 1034 1443 redde
1061 1387 1335 1443 Altissimo
1356 1393 1478 1441 vota
1509 1383 1853 1449 tua,votavi-

222 1480 407 1536 delicat
436 1479 574 1535 ﬁdei
600 1482 657 1534 et
668 1478 772 1551 piae
786 1476 1239 1548 devotionis,per
1257 1490 1435 1547 quam
1458 1472 1850 1544 nosmetipsos

218 1571 317 1627 Deo
343 1569 608 1626 vovimus
639 1571 694 1624 et
723 1563 1325 1636 reddimus.Quisquis
1343 1563 1501 1618 enim
1532 1562 1677 1618 bene
1698 1560 1850 1633 cogi-

218 1664 290 1715 tat
314 1659 467 1733 quod
498 1659 617 1714 Deo
646 1659 879 1712 voverat
899 1659 955 1711 et
983 1671 1109 1727 quas
1136 1657 1270 1708 vota
1298 1650 1723 1724 persolvat,hac
1735 1649 1850 1705 exi-

218 1749 374 1823 gitur,
405 1747 519 1803 hac
550 1747 813 1810 debetur,
845 1748 912 1798 ut
950 1743 1211 1815 seipsum
1256 1745 1461 1796 voveat
1512 1744 1569 1796 et
1619 1739 1846 1794 reddat.

218 1837 313 1893 Sed
342 1838 497 1894 sicut
523 1834 845 1891 videndum
874 1835 963 1888 est
992 1830 1134 1903 quid
1166 1829 1477 1897 oﬁ‘erat,ita
1506 1828 1681 1885 etiam
1711 1844 1846 1883 con-

217 1925 577 1982 siderandum
608 1926 697 1978 est
727 1920 825 1976 ubi
857 1918 1228 1990 oﬁ‘erat;quia
1256 1916 1374 1971 veri
1405 1914 1850 1972 sacriﬁciiextra

217 2014 547 2071 catholicam
578 2009 896 2068 Ecclesiam
943 2007 1108 2064 locus
1138 2022 1254 2061 non
1287 2004 1562 2068 est,unde
1592 2001 1847 2059 multum

216 2106 628 2177 consequenter
654 2097 999 2172 adjungitur
1026 2096 1087 2152 in
1119 2094 1419 2167 mysterio.

272 2194 355 2249 54.
396 2191 872 2249 Communicantes
919 2194 971 2244 et
1021 2187 1345 2242 memoriam
1398 2189 1734 2247 venerantes,
1787 2183 1849 2236 in

213 2285 406 2355 primis,
440 2284 584 2347 etc.,
624 2295 813 2351 usque
856 2285 908 2333 et
953 2277 1200 2332 omnium
1244 2282 1558 2329 sanctorum
1608 2279 1844 2326 tuorum.

208 2374 383 2444 (Anc).
423 2374 589 2438 Quos
637 2368 779 2424 dicit
827 2365 1329 2423 communicantes
1387 2366 1444 2418 et
1503 2360 1846 2416 memoriam

210 2464 540 2518 venerantes
569 2460 752 2515 beatae
784 2454 1095 2513 Genitricis
1126 2453 1247 2521 Dei,
1282 2456 1338 2508 et
1367 2449 1767 2524 apostolorum
1792 2451 1848 2504 et

213 2556 447 2623 martyru
469 2566 544 2617 m,
579 2552 636 2604 et
664 2545 927 2603 omnium
961 2547 1321 2611 sanctorum,
1354 2539 1469 2595 nisi
1499 2543 1556 2594 et
1585 2538 1846 2611 seipsum

212 2641 471 2696 sacerdos
546 2639 648 2709 qui
717 2636 903 2703 offert,
981 2638 1039 2689 et
1104 2648 1307 2688 omnes
1374 2629 1843 2696 circumstantes,

210 2730 296 2802 qui
321 2728 501 2785 simul
532 2726 789 2783 olferunt
819 2739 1004 2778 unum
1036 2720 1387 2779 sacriﬁcium
1417 2716 1650 2773 laudis?
1681 2717 1844 2782 Quod

213 2823 267 2873 ut
313 2820 421 2875 Deo
480 2815 678 2891 possit
728 2830 858 2869 esse
915 2814 1218 2882 acceptum
1279 2813 1335 2863 et
1392 2805 1845 2878 beneplacitum,

211 2925 311 2963 non
337 2906 474 2963 alibi
508 2906 623 2961 hoc
654 2903 905 2959 offerunt
935 2904 991 2955 et
1021 2898 1356 2955 sacerdotes
1368 2900 1425 2952 et
1442 2894 1695 2951 Ecclesia
1711 2909 1845 2949 cum

212 2997 619 3059 sacerdotibus,
653 2992 764 3047 nisi
798 2991 857 3045 in
892 2988 1304 3045 communione
1334 2990 1392 3041 et
1422 2984 1695 3040 societate
1717 3000 1847 3038 san-

211 3086 503 3151 ctorum,in
543 3081 764 3154 quibus
792 3078 974 3135 voluit
1002 3078 1155 3131 idem
1186 3074 1558 3146 omnipotens
1576 3073 1729 3126 Deus
1742 3072 1846 3126 Ec-

211 3172 375 3229 clesia
405 3189 531 3228 suae
566 3172 835 3226 constare
866 3162 1507 3230 fundamentum,sicut
1533 3159 1849 3233 Apostolus

1969 600 2224 657 eumque
2256 585 2423 656 falso,
2458 587 2614 659 quod
2646 588 2818 657 absit,
2851 594 3055 647 natum
3087 592 3157 647 de
3184 591 3406 663 virgine
3436 590 3621 654 Maria

1969 677 2090 729 tota
2120 674 2492 731 conﬁteretur
2520 676 2794 746 Ecclesia,
2830 680 2922 735 cui
2962 697 3065 752 pro
3093 680 3337 736 humani
3388 680 3617 752 generis

1968 762 2155 819 salute
2184 781 2318 820 vero
2366 765 2591 821 homini
2640 767 2791 822 facto
2823 768 3106 841 singulari
3140 786 3382 825 munere
3413 771 3615 825 datum

1966 856 2057 908 est
2085 856 2167 919 ut,
2203 854 2405 909 statim
2437 872 2504 910 ex
2534 872 2649 928 quo
2691 855 2751 911 in
2786 861 2947 913 utero
2997 858 3258 931 Virginis
3305 859 3530 931 concipi
3561 864 3617 915 et

1964 941 2140 997 homo
2171 942 2293 997 ﬁeri
2325 942 2625 1015 inciperet,
2649 961 2821 1001 verus
2850 951 3004 1002 esset
3032 951 3089 1002 et
3130 948 3283 1003 Deus
3319 964 3331 1002 :
3366 948 3520 1003 unde
3558 953 3615 1004 et

1964 1031 2167 1087 eadem
2198 1030 2453 1103 gloriosa
2483 1048 2715 1105 semper
2740 1034 2900 1107 virgo
2930 1035 3112 1090 Maria
3143 1053 3277 1091 vera
3306 1035 3404 1093 Dei
3448 1037 3610 1108 geni-

1963 1119 2075 1174 trix
2105 1121 2393 1175 credenda
2419 1125 2509 1177 est
2536 1125 2594 1176 et
2622 1122 3113 1196 conﬁtendaJpsa
3132 1140 3268 1195 ergo
3290 1124 3351 1179 in
3373 1124 3481 1180 hac
3511 1142 3606 1181 ve-

1963 1208 2207 1264 nerabili
2238 1209 2651 1265 communione
2683 1214 3018 1266 sanctorum
3038 1212 3227 1284 prima
3242 1214 3609 1286 ponitur,per

1962 1314 2139 1370 quam
2172 1301 2227 1353 et
2255 1296 2340 1352 illi
2371 1302 2427 1354 et
2458 1315 2565 1354 nos
2596 1299 2922 1354 meruimus
2955 1305 3249 1356 auctorem
3262 1301 3391 1356 vitm
3423 1302 3606 1356 susei-

1960 1389 2179 1457 pere,et
2207 1386 2257 1443 ei
2290 1387 2664 1461 conjungitur
2683 1389 3133 1445 communicatio
3145 1390 3445 1445 beatorum
3465 1407 3602 1462 apo-

1959 1474 2242 1530 stolorum
2266 1480 2803 1549 etmartyrum,non
2825 1476 3017 1532 solum
3031 1477 3129 1549 qui
3145 1478 3237 1534 hic
3253 1478 3601 1534 nominatim

1958 1564 2493 1636 exprimuntur,sed
2525 1570 2581 1621 et
2608 1566 2873 1621 omnium
2891 1583 3141 1639 quorum
3161 1585 3262 1623 nec
3290 1584 3601 1622 numerum

1958 1669 2064 1708 nec
2096 1653 2335 1709 nomina
2364 1654 2509 1710 seire
2541 1672 2878 1727 possumus.
2898 1657 2968 1711 Et
2996 1660 3217 1722 tamen,
3237 1656 3285 1712 si
3309 1655 3437 1712 istis
3454 1673 3601 1727 pau-

1958 1742 2042 1797 cis
2076 1741 2393 1798 nominatis
2423 1743 2517 1815 pie
2544 1744 2931 1815 adhaeremus,
2952 1744 3256 1799 etiamillis
3270 1761 3418 1816 quos
3432 1760 3602 1799 nosse

1958 1848 2074 1887 non
2106 1848 2443 1904 possumus,
2474 1832 2533 1887 in
2561 1833 2768 1888 horum
2801 1833 3215 1889 communione
3234 1832 3487 1905 copulati
3511 1850 3604 1888 su-

1958 1938 2111 1977 mus.
2146 1921 2422 1993 Sequitur
2451 1921 2511 1976 in
2543 1922 2819 1995 mysterio
2855 1939 2867 1978 :

2025 2012 2115 2065 56.
2151 2011 2393 2078 Quorum
2419 2013 2632 2067 meritis
2668 2013 3025 2083 precibusque
3052 2011 3328 2068 concedas.
3364 2012 3604 2083 Propter

1956 2100 2167 2156 merita
2191 2116 2447 2172 namque
2481 2104 2538 2155 et
2567 2100 3016 2157 intercessiones
3044 2100 3387 2156 sublimium
3410 2101 3601 2171 justo-

1957 2205 2109 2257 rum,
2135 2205 2282 2261 quos
2303 2189 2717 2246 intercessores
2737 2194 2797 2246 et
2815 2194 3091 2263 patronos
3110 2190 3450 2262 querimus,
3466 2207 3602 2245 nos-

1956 2283 2057 2334 trae
2082 2278 2296 2333 inﬁrmi
2307 2279 2408 2333 tati
2436 2278 2723 2335 Dominus
2753 2279 3067 2335 miseretur
3085 2284 3143 2334 et
3163 2278 3602 2351 propitiatur,ut

1954 2368 2014 2422 in
2042 2368 2337 2433 omnibus,
2362 2367 2480 2423 sive
2520 2368 2799 2436 adversis,
2824 2369 2944 2424 sive
2981 2367 3300 2440 prosperis.
3322 2386 3395 2424 ne
3421 2369 3508 2424 vel
3540 2370 3600 2424 in

1954 2457 2084 2513 istis
2116 2457 2477 2521 deficiamus,
2499 2458 2587 2513 vel
2610 2458 2671 2513 in
2693 2458 2811 2515 illis
2834 2458 3599 2530 decipiamur,protectionis

1955 2546 2082 2617 ejus
2114 2546 2455 2602 muniamur
2483 2546 2716 2603 auxilio.

2023 2638 2112 2690 57.
2147 2635 2471 2708 (VIGILIUS).
2506 2636 2765 2709 Denique
2796 2638 3023 2693 defesso
3055 2639 3128 2692 ab
3160 2637 3431 2693 hostibus
3458 2639 3600 2692 Eze-

1954 2724 2096 2780 chias
2127 2727 2183 2778 et
2211 2722 2494 2779 auxilium
2526 2725 2654 2796 eius
2692 2725 2981 2781 invocanti
3014 2724 3431 2782 ait:Civitatem
3460 2727 3602 2781 hanc

1952 2812 2260 2880 salvabo,et
2281 2820 2563 2884 protegam
2593 2830 2715 2869 eam
2741 2822 2961 2886 propter
2988 2830 3093 2880 me,
3113 2821 3164 2869 et
3186 2822 3407 2885 propter
3428 2814 3602 2870 David

1950 2918 2168 2957 servum
2190 2917 2372 2956 meum
2415 2902 2504 2973 (IV
2530 2903 2655 2971 Reg.
2687 2919 2842 2969 xxxx,
2874 2903 2964 2970 6);
2999 2906 3057 2957 et
3102 2902 3329 2973 Moyses
3380 2903 3461 2956 ita
3509 2903 3604 2958 de-

1952 3006 2198 3062 precans
2234 2989 2417 3044 Deum
2450 2988 2675 3061 placere
2703 2990 2983 3044 curabat:
3010 2990 3278 3057 Quiescat,
3303 2990 3601 3060 inquiens,

1954 3081 2041 3134 ira
2069 3086 2183 3145 tua,
2216 3085 2268 3133 et
2308 3085 2417 3132 esto
2458 3076 2753 3149 placabilis
2797 3094 2963 3149 super
3000 3080 3247 3149 nequitia
3277 3078 3469 3149 populi
3497 3079 3597 3132 tui.

1956 3167 2253 3223 Recordare
2279 3166 2575 3234 Abraham,
2595 3168 2748 3222 Isaac
2776 3175 2828 3222 et
2856 3167 3027 3223 Israel
3054 3182 3332 3223 servorum
3360 3176 3597 3233 tuorum,

209 3262 331 3318 dicit
360 3280 373 3317 :
404 3263 557 3318 Estis
603 3260 745 3315 cives
779 3264 1092 3313 sanctorum
1119 3263 1172 3309 et
1199 3253 1485 3309 domestici
1506 3252 1622 3315 Dei,
1652 3264 1842 3320 super-
1874 3233 1915 3300 C
1954 3258 2151 3330 quibus
2186 3256 2397 3328 juram'
2433 3271 2533 3327 ραν
2579 3257 2922 3329 temetipsum
2967 3256 3152 3312 diem
3183 3274 3202 3312 ,ι
3231 3254 3599 3328 multiplicabo

208 3351 446 3423 aediﬁcati
471 3366 650 3422 super
693 3346 1114 3420 fundamentum
1142 3342 1509 3415 apostolorum
1535 3347 1587 3395 ct
1613 3337 1843 3411 prophe-

208 3447 369 3496 tarum
398 3441 577 3513 (Eph.
611 3454 674 3506 ιι,
710 3435 889 3504 19).Ιη
925 3448 1129 3489 eorum
1159 3446 1295 3502 ergo
1333 3426 1746 3485 communione
1790 3428 1847 3482 et

207 3529 477 3585 memoriae
506 3524 887 3583 veneratione
917 3527 1200 3594 tanquam
1232 3520 1290 3573 in
1323 3516 1543 3589 templo
1558 3532 1691 3572 vero
1720 3515 1842 3581 Dei,

205 3618 351 3674 oﬂ’ert
398 3616 634 3674 devotio
682 3612 947 3669 fidelium
1000 3611 1117 3666 Deo
1165 3612 1300 3664 vota
1347 3612 1405 3662 et
1443 3622 1687 3661 munera
1715 3622 1843 3670 sua,

204 3711 253 3761 et
276 3707 397 3763 ideo
428 3708 592 3762 ﬁunt
618 3700 1126 3759 communicantes
1154 3713 1356 3753 eorum
1391 3693 1685 3750 memoriae
1714 3697 1844 3748 tan—

205 3811 359 3867 quam
390 3793 494 3850 ﬁlii
518 3795 766 3866 patrum
788 3794 845 3845 et
866 3791 1184 3845 sectatores
1208 3782 1680 3857 praecedentium.
1697 3781 1844 3847 Quid

203 3888 277 3940 est
300 3885 453 3940 enim
483 3881 981 3944 communicantes,
1003 3876 1117 3933 nisi
1141 3874 1574 3931 communionem
1601 3879 1651 3927 et
1677 3872 1845 3927 socie-

207 3980 351 4029 tatem
380 3975 658 4030 tenentes?
688 3970 758 4024 Et
782 3968 924 4041 quid
954 3972 1044 4022 est
1072 3982 1275 4021 eorum
1308 3960 1651 4018 memoriam
1677 3976 1846 4016 vene-

203 4064 323 4129 rari,
354 4064 463 4118 nisi
498 4076 647 4118 cum
679 4058 894 4131 pietate
924 4059 981 4111 et
1010 4052 1342 4109 humilitate
1371 4067 1572 4107 eorum
1603 4049 1849 4121 vestigia

204 4151 480 4224 sequi?Ad
516 4150 682 4207 hanc
713 4146 1051 4204 societatem
1082 4159 1190 4198 nos
1220 4141 1425 4196 beatus
1445 4139 1701 4195 Joannes
1715 4153 1847 4208 apo-

201 4241 366 4297 stolus
396 4241 668 4296 invitans
700 4236 782 4292 ait
814 4252 827 4289 :
863 4233 1010 4303 Quod
1039 4232 1275 4287 vidimus
1305 4236 1356 4284 et
1385 4228 1721 4292 audivimus,
1753 4243 1849 4280 an-

204 4332 501 4384 nuntiamus
530 4325 789 4384 vobis.Et
806 4322 974 4395 quasi
1005 4321 1499 4390 interrogarcmus
1517 4315 1655 4386 quid
1679 4313 1848 4370 nobis

201 4420 485 4489 prodesset
517 4416 627 4472 illa
660 4410 1053 4476 annuntiatio,
1088 4407 1168 4464 ait
1200 4424 1213 4461 :
1253 4408 1314 4464 Ut
1342 4414 1393 4462 et
1421 4421 1513 4461 vos
1543 4404 1850 4460 societatem
1886 4410 1891 4419 ’

204 4506 426 4563 habeatis
457 4507 767 4563 nobiscum.
786 4501 851 4556 Et
878 4516 951 4555 ne
983 4498 1116 4570 quis
1145 4494 1640 4553 contemnendum
1671 4497 1849 4565 puta-

202 4601 274 4651 ret
295 4595 442 4651 hanc
471 4593 827 4651 societatem
877 4591 1162 4659 tanquam
1210 4584 1539 4649 hominum,
1573 4581 1848 4638 continuo

205 4684 447 4755 adjunxit
483 4702 496 4738 :
534 4684 605 4738 Et
635 4682 865 4737 societas
894 4684 1074 4733 vestra
1108 4677 1183 4730 sit
1219 4690 1345 4729 cum
1390 4674 1553 4727 Patre
1598 4680 1650 4727 et
1697 4671 1848 4726 Filio

202 4773 299 4843 ejus
332 4773 476 4829 Jesu
511 4770 778 4835 Christo,
810 4765 1123 4822 manifeste
1154 4761 1489 4827 ostendens,
1524 4759 1663 4831 quia
1713 4758 1850 4830 qui-

205 4876 437 4934 cumque
486 4860 841 4915 societatem
889 4871 1025 4911 cum
1071 4853 1186 4909 Deo
1233 4851 1447 4906 habere
1495 4847 1846 4910 desiderant,

206 4949 372 5020 primo
402 4947 689 5006 Ecclesia
715 4943 979 5001 societati
1023 4943 1239 4999 debent
1269 4936 1537 5005 adunari,
1572 4936 1851 5007 illamque

205 5038 361 5094 ﬁdem
393 5038 734 5103 addiscere,
768 5038 826 5090 et
853 5033 981 5105 ejus
1011 5026 1393 5088 sacramentis
1432 5025 1639 5092 imbui,
1672 5041 1849 5097 quam

205 5127 433 5200 apostoli
467 5128 548 5183 ab
584 5126 722 5197 ipsa
751 5125 1033 5195 praesente
1063 5120 1122 5175 in
1167 5133 1341 5173 carne
1368 5114 1622 5171 Veritate
1654 5129 1850 5186 perce-

205 5218 542 5286 perunt.l’ro
572 5214 712 5286 ipsa
740 5211 896 5267 enim
926 5213 983 5266 et
1012 5208 1200 5266 sancti
1220 5210 1504 5277 martyres
1516 5203 1849 5275 passisunt,

204 5310 251 5359 et
276 5306 400 5379 ipsa
437 5301 750 5362 catholica
795 5300 1081 5356 fundatur
1121 5294 1393 5361 Ecclesia,
1428 5292 1522 5348 cui
1570 5293 1750 5347 beatae
1798 5294 1856 5346 et

203 5394 455 5465 gloriosae
517 5390 795 5464 Virginis
860 5392 1081 5462 partus
1117 5384 1343 5442 exstitit
1406 5380 1616 5438 salutis
1685 5396 1855 5436 exor-

203 5482 621 5646 ὼὲἓῗ’(Αυα).,
654 5584 817 5625 serm.
853 5568 998 5637 186).
1021 5566 1154 5630 QIIm
1184 5579 1316 5618 "ere
1346 5575 1576 5630 semper
1604 5559 1858 5613 creditur

204 5662 371 5737 virgo,
402 5661 560 5735 quia
592 5657 685 5714 vel
716 5657 766 5713 si
796 5654 1044 5713 Domino
1075 5655 1348 5709 nascente
1389 5651 1859 5719 corrumperetur

1950 3361 2131 3402 semen
2164 3352 2319 3399 tuum
2343 3345 2484 3400 sicut
2527 3344 2711 3400 stellas
2756 3345 2880 3400 cazli
2909 3344 3096 3417 (Emod.
3128 3362 3300 3412 XXXII,
3336 3346 3444 3413 13).
3483 3344 3596 3399 Nec

1952 3433 2342 3489 dubitandum
2358 3432 2715 3489 estﬁdelium
2730 3433 3038 3506 petitiones
3051 3451 3083 3488 a
3101 3433 3406 3506 spiritibus
3412 3433 3598 3505 justo-

1952 3540 2085 3578 rum
2097 3521 2400 3594 seiri,quia
2416 3521 2516 3594 qui
2536 3521 2697 3577 intus
2713 3521 3133 3594 omnipotentis
3152 3522 3253 3578 Dei
3272 3522 3598 3578 claritatem

1951 3610 2336 3683 vident,nullo
2367 3611 2539 3666 modo
2575 3612 2928 3666 credendum
2958 3616 3047 3666 est
3074 3612 3216 3683 quia
3244 3612 3321 3666 sit
3337 3610 3477 3666 foris
3496 3610 3599 3665 ali-

1955 3699 2095 3771 quid
2126 3699 2281 3771 quod
2315 3698 2872 3771 ignorent.Postulat
2887 3716 3022 3772 ergo
3050 3698 3303 3755 Ecclesia
3322 3699 3603 3771 suﬁ‘ragia

1955 3790 2293 3844 sanctorum
2324 3792 2672 3859 martyrum,
2708 3804 2814 3843 nec
2866 3792 3063 3844 tamen
3103 3788 3274 3860 erigit
3303 3788 3510 3844 altaria
3541 3789 3601 3843 in

1954 3877 2171 3949 quibus
2194 3876 2524 3931 sacrificent
2545 3877 3033 3947 martyribus,sed
3051 3877 3153 3931 uni
3174 3878 3289 3933 Deo
3312 3881 3368 3933 et
3386 3882 3601 3950 marty-

1955 3982 2086 4021 rum
2108 3968 2166 4021 et
2183 3969 2402 4020 nostro.
2435 3967 2628 4033 (AUG.,
2660 3965 2725 4021 de
2746 3967 2864 4023 Civ.
2899 3967 3014 4033 Dei,
3047 3966 3087 4020 l.
3120 3983 3257 4032 xxu,
3290 3983 3340 4021 c.
3377 3967 3487 4034 10).
3520 3966 3605 4021 Ad

1956 4054 2111 4126 quod
2141 4052 2490 4109 sacriﬁcium
2526 4054 2678 4109 sicut
2694 4054 2963 4110 homines
2982 4055 3214 4126 DeLqui
3243 4055 3604 4109 mundumin

1956 4143 2084 4212 ejus
2115 4140 2482 4197 confessione
2508 4142 2792 4208 vicerunt,
2817 4159 2925 4198 suo
2957 4142 3082 4199 loco
3113 4147 3169 4198 et
3200 4142 3401 4197 ordine
3424 4143 3606 4199 nomi-

1958 4235 2193 4296 nantur,
2226 4246 2342 4285 non
2372 4234 2569 4286 tamen
2602 4247 2636 4285 a
2666 4231 2962 4286 sacerdote
2994 4232 3093 4302 qui
3126 4230 3413 4286 sacriﬁcat
3435 4230 3601 4285 invo-

1956 4324 2183 4375 cantur.
2200 4319 2315 4375 Deo
2346 4318 2709 4391 quippe,non
2741 4320 2886 4391 ipsis
2917 4319 3223 4383 sacriﬁcat,
3243 4317 3509 4390 quamvis
3540 4318 3600 4373 in

1956 4406 2258 4463 memoriis
2291 4407 2578 4463 sacriﬁcet
2603 4424 2826 4477 eorum,
2862 4407 2999 4480 quia
3029 4408 3143 4463 Deo
3186 4406 3458 4461 sacerdos
3488 4408 3597 4473 est,

1956 4514 2071 4553 non
2105 4496 2358 4552 illorum.
2395 4498 2593 4569 lp’sum
2642 4514 2774 4553 vero
2823 4496 3174 4551 sacriﬁcium
3226 4498 3314 4549 est
3361 4493 3596 4560 Christi,

1880 4606 1925 4672 ι)
1958 4586 2112 4658 quod
2146 4602 2261 4641 non
2290 4586 2530 4640 offertur
2558 4584 2871 4657 ipsis,quia
2901 4583 3009 4638 hoc
3041 4586 3180 4637 sunt
3194 4581 3601 4655 etipsi.Sequi-

1960 4679 2056 4729 tur
2084 4675 2143 4729 in
2174 4674 2452 4747 mysterio
2487 4690 2499 4729 :

2027 4761 2117 4814 58.
2152 4762 2300 4815 Hanc
2334 4762 2503 4831 igitur
2529 4761 2859 4815 oblationem
2887 4761 3164 4815 servitutis
3213 4767 3432 4827 nostrae,
3468 4763 3602 4826 etc.,

1960 4865 2147 4920 usque
2203 4854 2312 4904 Per
2362 4848 2639 4904 Christ-um
2683 4850 2977 4905 Dominum
3022 4857 3292 4905 nostrum.
3326 4849 3391 4903 Et
3420 4848 3479 4902 in
3512 4848 3605 4904 his

1958 4937 2150 4993 verbis
2171 4937 2369 4992 unitas
2401 4936 2666 4992 Ecclesiae
2697 4937 2997 4995 offerentis
3017 4937 3604 5009 ostenditur,quando

1957 5026 2018 5081 in
2050 5026 2151 5081 illa
2178 5029 2547 5080 sacrosancta
2577 5025 2866 5082 oblatione
2886 5026 3217 5083 communis
3234 5027 3485 5082 servitus
3505 5043 3605 5082 ex-

1960 5115 2194 5170 hibetur
2212 5114 2327 5168 Deo
2344 5117 2463 5169 tam
2483 5132 2518 5169 a
2534 5115 2935 5171 sacerdotibus
2953 5133 3128 5188 quam
3150 5134 3184 5172 a
3200 5120 3412 5171 cuncta
3432 5116 3605 5171 fami-

1962 5203 2040 5259 lia
2056 5204 2267 5259 domus
2283 5202 2405 5257 Dei.
2431 5203 2612 5275 (Ibid,
2638 5203 2738 5259 lib.
2762 5222 2817 5273 x,
2842 5222 2969 5277 cap.
2998 5204 3107 5274 19).
3133 5205 3261 5259 Haec
3292 5209 3487 5260 autem
3520 5207 3609 5258 est

1963 5291 2213 5348 servitus
2245 5308 2371 5363 quae
2404 5292 2546 5347 nulli
2573 5293 2669 5347 alii
2702 5294 3078 5362 debetur,nec
3109 5293 3330 5348 sanctis
3360 5290 3604 5363 angelis,

1964 5397 2069 5437 nec
2100 5380 2318 5436 sanctis
2349 5381 2681 5451 animabus,
2714 5382 2828 5437 nisi
2859 5383 2960 5437 uni
2992 5383 3107 5437 Deo
3137 5382 3262 5436 vivo
3292 5384 3348 5435 et
3375 5380 3610 5447 vero,de

1965 5487 2081 5543 quo
2112 5469 2278 5525 nobis
2309 5471 2679 5542 praecipitur:
2704 5472 2995 5526 Dominum
3032 5472 3201 5525 Deum
3228 5477 3383 5524 tuum
3412 5469 3611 5525 adora-

1966 5562 2069 5627 bis,
2100 5560 2268 5615 etilli
2302 5560 2406 5615 soli
2443 5562 2645 5615 servies
2672 5561 2880 5628 (Matth.
2915 5578 2988 5625 1v,
3020 5562 3127 5627 10).
3164 5559 3281 5616 Etsi
3329 5559 3487 5615 enim
3541 5562 3613 5616 ab

1966 5648 2201 5705 homine
2231 5648 2307 5704 sit
2338 5646 2425 5702 vel
2448 5648 2911 5717 oﬁ‘ertur,tamen
2930 5647 3284 5706 sacriﬁcium
3306 5664 3402 5703 res
3420 5647 3619 5706 divina
