4126 6200
240 376 309 442 57
1438 389 1542 450 DE
1584 386 2111 451 EXPOSITIONE
2155 384 2438 451 MlSS/E.
3559 387 3637 451 58

235 517 577 574 cissitudinis
606 518 945 578 obumbratis
979 522 1110 596 (Jac.
1144 540 1185 589 ι,
1220 523 1324 591 l7).
1352 523 1423 578 Et
1451 522 1658 579 beatus
1709 523 1879 579 Joan-
1914 520 1970 589 Α
1996 539 2168 595 neque
2196 523 2422 579 initium
2439 522 2655 580 dierum
2673 540 2844 597 neque
2872 524 3037 597 ﬁnem
3067 522 3638 593 habens,assimilatus

234 624 337 663 nes
366 611 623 664 testatur
652 627 666 665 :
703 611 970 679 Quoniam
997 618 1141 669 Deus
1172 613 1275 669 tua:
1300 620 1462 681 est,et
1488 614 1726 669 tenebrae
1746 614 1806 667 in
1826 628 1885 667 eo

234 714 340 753 non
370 704 502 752 sunt
529 699 662 753 ullae
690 700 739 771 (Ι
762 701 916 757 Joan.
951 719 991 767 ι,
1024 701 1098 774 5).
1134 701 1243 757 Sed
1278 701 1375 774 qui
1417 718 1648 773 semper
1695 701 1754 755 in
1795 700 1882 755 lu-

237 786 392 841 mine
424 791 535 853 est,
571 792 710 843 tunc
744 807 919 861 super
950 807 1056 846 nos
1089 795 1419 856 serenat,ac
1450 790 1746 845 illuminat
1766 790 1887 844 vul-

233 880 360 930 tum
384 893 561 931 suum
576 879 811 949 quando
824 878 1078 934 declarat
1096 896 1386 951 supernos
1402 879 1883 948 miscricordiam,

235 964 389 1019 sicut
422 964 480 1020 in
515 966 743 1038 psalmo
772 973 1005 1023 orantes
1035 967 1285 1023 dicimus
1317 985 1330 1023 :
1364 969 1643 1024 Illuminet
1676 969 1889 1023 vultum

232 1070 399 1108 suum
428 1071 595 1126 super
620 1072 736 1123 nos,
770 1066 822 1112 et
848 1058 1177 1113 misereatur
1216 1059 1393 1113 nostri
1427 1057 1595 1129 (Psal.
1632 1075 1776 1122 mw,
1808 1061 1885 1123 2).

237 1142 401 1198 Sicut.
430 1160 461 1199 e
490 1145 784 1200 contrario
813 1146 885 1201 de
914 1146 1395 1219 quibusdam,qui
1419 1148 1547 1218 ejus
1571 1145 1891 1201 misericor-

238 1231 333 1286 dia
353 1231 584 1306 indigni
606 1238 765 1299 sunt,
790 1234 914 1306 ipse
935 1235 1114 1291 dicit:
1142 1236 1476 1291 Abscondam
1503 1237 1702 1304 faciem
1716 1252 1891 1291 meam

236 1321 303 1375 ab
330 1323 411 1376 eis
443 1322 626 1392 (Deut.
662 1341 813 1388 xxxx,
836 1324 1026 1392 l7).Et
1056 1324 1264 1379 iterum
1297 1323 1511 1397 quibus
1543 1342 1605 1380 se
1636 1324 1889 1397 placabi-

238 1408 348 1465 lem
380 1411 921 1483 praibet,promittit
943 1412 1143 1468 dicens
1168 1430 1180 1467 :
1206 1415 1269 1468 Et
1297 1430 1404 1469 non
1434 1422 1676 1469 avertam
1694 1416 1891 1486 faciem

237 1514 409 1554 meam
442 1518 476 1556 a
508 1501 660 1556 vobis
691 1502 918 1572 (Jerem.
952 1500 1345 1573 111,12).Unde
1375 1507 1431 1557 et
1462 1503 1667 1558 beatus
1689 1502 1891 1559 Daniel

237 1587 364 1644 istis
395 1588 548 1661 ipsis
596 1589 787 1645 verbis
835 1593 1053 1656 exorat,
1085 1590 1284 1646 dicens
1318 1608 1331 1647 :
1361 1591 1596 1659 Exaudi,
1642 1594 1889 1659 Domine,

233 1694 415 1749 preces
446 1681 595 1734 servi
620 1680 722 1748 tui,
749 1681 1011 1735 itlumina
1037 1682 1237 1751 faciem
1259 1687 1410 1736 tuam
1437 1698 1602 1753 super
1630 1689 1892 1737 sanctua-

238 1769 385 1821 rium
417 1774 596 1831 tuum,
612 1775 664 1823 et
688 1770 961 1840 propitius
992 1769 1210 1824 intende
1237 1769 1510 1841 populum
1543 1772 1896 1842 istum,super

234 1872 392 1928 quem
417 1858 732 1912 invocatum
758 1865 837 1913 est
866 1874 1059 1913 nomen
1089 1866 1245 1913 tuum
1275 1861 1434 1925 (Dan.
1469 1876 1546 1923 1x,
1572 1860 1893 1931 17).Neque
1927 1898 1971 1961 Β

236 1945 390 2001 enim
426 1946 584 2002 Deus
610 1945 873 2002 humana
905 1947 1091 2003 forma
1117 1947 1322 2002 faciem
1355 1952 1458 2003 aut
1473 1947 1701 2004 vultum
1723 1949 1895 2003 habe-

237 2051 296 2089 re
323 2036 626 2106 putandus
648 2040 737 2090 est
756 2053 770 2091 :
792 2036 949 2109 quia,
967 2040 1030 2090 ut
1051 2036 1336 2092 Dominus
1364 2036 1424 2091 in
1446 2036 1757 2109 Evangelio
1776 2038 1855 2092 ait
1880 2054 1892 2091 :

239 2125 483 2196 Spiritus
513 2132 593 2179 est
621 2124 782 2191 Deus,
813 2133 865 2180 et
891 2141 977 2180 eos
998 2127 1095 2196 qui
1122 2125 1354 2181 adorant
1383 2127 1601 2192 eum,in
1629 2128 1832 2199 spiritu
1848 2134 1899 2181 et

237 2215 465 2268 veritate
494 2221 699 2285 Oportet
742 2214 975 2270 adorare
1004 2215 1177 2286 (Joan.
1209 2230 1285 2282 ιχ,
1316 2216 1428 2281 24).
1460 2216 1567 2271 Sed
1618 2215 1795 2270 facies
1842 2218 1899 2271 et

238 2300 440 2357 vultus
464 2302 565 2357 Dei
599 2303 909 2374 przescntia
939 2304 1065 2373 ejus
1099 2309 1208 2358 est.
1235 2303 1384 2369 Quid
1415 2308 1503 2359 est
1533 2304 1687 2359 enim
1721 2304 1898 2360 facies

239 2390 340 2446 Dei
371 2408 684 2462 supernos
712 2389 1062 2459 illuminata,
1096 2391 1209 2447 nisi
1243 2393 1551 2464 praesentia
1582 2392 1893 2461 declarata,

240 2496 371 2535 cum
406 2480 880 2536 miscricordiam
901 2484 956 2535 et
978 2480 1301 2536 bonitatem
1334 2481 1520 2553 ipsius
1552 2486 1896 2554 prmscntcm

240 2568 411 2624 nobis
443 2571 652 2624 adesse
684 2569 1012 2625 sentimus?
1042 2568 1135 2625 Sic
1160 2574 1216 2624 et
1248 2569 1533 2642 respicere
1561 2571 1659 2626 Dei
1700 2571 1897 2627 visita-

240 2657 318 2712 tio
354 2657 595 2730 pietatis
624 2659 753 2729 ejus
783 2662 892 2725 est,
928 2657 1077 2713 sicut
1109 2658 1167 2712 in
1200 2658 1427 2731 psalmo
1476 2664 1707 2715 orantes
1755 2660 1898 2715 dici-

239 2764 374 2802 mus
408 2763 422 2800 :
468 2751 616 2802 Deus
639 2749 923 2812 virtutum,
954 2756 1201 2803 converte
1229 2764 1344 2815 nos,
1370 2750 1576 2820 respice
1602 2749 1666 2804 de
1695 2751 1900 2815 cwlo,et

240 2835 382 2902 vide,
414 2843 468 2891 et
498 2837 665 2890 visita
694 2836 912 2889 vineam
942 2837 1105 2890 istam
1133 2837 1299 2906 (Psal.
1338 2854 1521 2903 LXXIX,
1547 2836 1656 2909 15).
1690 2837 1902 2893 Oratur

240 2924 441 2997 itaque
473 2924 851 2995 omnipotens
881 2923 1054 2991 Deus,
1088 2928 1154 2979 ut
1182 2924 1485 2996 placabilis
1516 2943 1582 2981 ac
1612 2927 1900 2999 propitius

245 3014 458 3080 factus,
491 3030 699 3068 sereno
728 3013 915 3081 vultu,
948 3012 1007 3067 id
1037 3019 1127 3069 est
1173 3014 1467 3070 declarata
1518 3015 1794 3071 bonitatis
1844 3021 1902 3070 et

243 3103 489 3176 pietatis
519 3119 639 3157 suae
672 3101 1279 3174 presentia,respiciat
1306 3103 1616 3177 dignanter
1636 3104 1902 3161 Ecclesiae

245 3208 364 3247 sua:
397 3196 736 3258 munera,et
766 3195 1002 3263 accepta
1030 3196 1086 3247 et
1118 3192 1483 3264 beneplacita
1513 3193 1905 3260 habeat,sicut

1989 629 2090 684 per
2116 615 2303 667 omnia
2335 614 2472 668 Filio
2504 615 2619 677 Dei,
2643 616 2742 685 qui
2785 622 2965 670 manet
3007 614 3254 670 sacerdos
3285 616 3345 670 in
3371 623 3641 671 aeternum

1992 702 2174 770 (Hebr.
2190 702 2535 772 v1,3).Quod
2567 719 2700 757 vero
2736 708 2867 775 post
2898 702 3016 758 haec
3040 702 3238 760 omnia
3262 703 3643 777 subjnngitur

1993 798 2237 845 sanctum
2266 792 2622 862 sacriﬁcium,
2656 792 3066 847 immaculatum
3097 793 3347 860 hostium,
3373 793 3444 849 ad
3476 810 3642 867 supe-

1995 879 2148 934 riora
2179 880 2544 934 refercndum
2569 896 2695 935 esse
2724 880 2969 947 videtur,
2994 880 3092 936 ubi
3125 882 3347 937 dictum
3373 887 3462 938 est
3493 899 3506 937 :
3539 886 3643 938 .Su-

1991 985 2091 1040 per
2120 984 2245 1040 qua?
2271 970 2505 1040 propitio
2532 986 2595 1023 ac
2639 986 2826 1025 sereno
2869 970 3022 1025 vultu
3070 972 3332 1041 respicere
3378 971 3640 1042 digneris,

1996 1061 2061 1111 ut
2091 1057 2161 1112 ad
2193 1056 2597 1128 complendum
2631 1056 2966 1128 petitionem
2999 1058 3381 1129 subjunctum
3413 1059 3505 1118 sit.
3528 1061 3645 1117 Hoc

1998 1151 2192 1202 autem
2226 1149 2408 1201 totum
2442 1151 2712 1200 exoratur
2743 1146 3113 1217 omnipotens
3149 1148 3315 1215 Deus,
3334 1153 3399 1203 ut
3429 1149 3646 1205 sacriﬁ-

1998 1236 2155 1291 cium
2189 1234 2454 1290 Ecclesize
2493 1234 2576 1289 ita
2606 1238 2905 1306 acceptum
2939 1234 3168 1305 habeat,
3193 1240 3257 1290 ut
3290 1236 3645 1294 sacriﬁcium

1990 1323 2138 1395 justi
2168 1322 2329 1390 Abel,
2363 1326 2419 1377 et
2446 1322 2789 1395 patriarchae
2822 1322 3086 1389 Abrahze,
3120 1327 3175 1377 et
3206 1324 3422 1380 summi
3454 1342 3646 1382 sacer-

2000 1412 2152 1468 dotis
2184 1410 2641 1480 Melchisedech;
2675 1411 2813 1484 quia
2843 1414 2901 1467 et
2926 1410 2985 1466 in
3018 1410 3134 1468 illis
3177 1412 3434 1486 antiquis
3464 1415 3647 1471 sacri—

1999 1502 2147 1556 ﬁciis
2173 1500 2364 1573 imago
2395 1504 2519 1555 erat
2542 1499 2717 1565 huius
2746 1499 2865 1555 veri
2899 1498 3188 1569 sacriﬁcii,
3223 1505 3279 1556 et
3307 1501 3415 1557 hoc
3449 1503 3645 1576 ipsum

2000 1589 2101 1645 uni
2133 1591 2248 1645 Deo
2282 1588 2502 1645 auctori
2535 1589 2843 1660 utriusque
2871 1588 3226 1646 Testamenti
3258 1595 3312 1646 et
3342 1591 3648 1666 utriusque

2000 1678 2270 1735 sacriﬁcii
2302 1677 2742 1733 ordinatissima
2761 1682 3089 1749 temporum
3109 1678 3490 1751 dispositione
3511 1684 3651 1737 tunc

2000 1767 2267 1840 placebat
2296 1766 2356 1821 in
2388 1766 2855 1841 praeﬁguratione
2885 1770 3142 1822 ventura:
3184 1767 3466 1837 veritatis,
3497 1772 3651 1842 quod

2002 1862 2057 1913 et
2088 1874 2246 1913 nunc
2277 1856 2467 1929 placet
2495 1855 2554 1910 in
2595 1854 3009 1928 adimpletione
3057 1857 3321 1928 ejusdem
3371 1857 3652 1915 veritatis.

2004 1947 2150 2002 Nam
2203 1951 2261 2001 et
2310 1946 2367 2000 in
2413 1945 2698 2001 sacriﬁcio
2745 1944 2904 2011 Abel,
2940 1946 3093 2018 quod
3126 1946 3197 2002 de
3245 1945 3656 2021 primogenitis

2005 2035 2199 2092 ovium
2231 2040 2287 2091 ct
2318 2034 2589 2107 adipibus
2621 2051 2821 2090 earum
2868 2033 3153 2102 oblatum,
3185 2034 3472 2092 sacriﬁcio
3516 2036 3655 2093 Cain

2005 2125 2159 2197 quod
2192 2142 2259 2180 ex
2288 2128 2452 2179 terrae
2487 2123 2773 2178 fructibus
2806 2123 3173 2190 offerebatur,
3208 2124 3511 2197 prmlatum
3545 2130 3653 2197 est,

2005 2213 2145 2270 Novi
2167 2212 2523 2269 Testamenti
2549 2213 2690 2267 ﬁdes
2709 2212 3212 2285 praeﬁgurabatur,
3238 2230 3355 2286 qua
3375 2212 3656 2270 innocen-

2006 2302 2085 2358 tia
2105 2303 2303 2376 gratiae
2322 2302 2505 2358 Deum
2526 2301 2796 2369 laudans,
2817 2301 3040 2357 Veteris
3061 2302 3415 2358 Testamenti
3439 2303 3655 2360 terreni

2007 2392 2279 2464 operibus
2311 2390 2703 2463 anteponitur,
2722 2394 2776 2444 et
2798 2390 2854 2445 in
2888 2389 3287 2445 immolatione
3321 2390 3476 2447 unici
3500 2398 3556 2448 et
3578 2391 3659 2448 di-
3713 2397 3733 2407 “

2005 2480 2137 2535 lecti
2176 2479 2275 2534 ﬁlii
2309 2479 2550 2535 Abrahae
2578 2478 2898 2533 immolatio
2929 2480 3057 2550 ejus
3080 2480 3661 2552 prmﬁgurabaiurﬁe

2008 2587 2123 2642 quo
2153 2569 2292 2624 dicit
2316 2569 2483 2625 Pater
2514 2584 2526 2622 :
2563 2570 2658 2623 Htc
2677 2575 2757 2623 est
2784 2570 2960 2623 Fitius
2986 2585 3135 2623 meus
3167 2568 3410 2634 dilectus,
3447 2571 3504 2625 in
3552 2586 3659 2643 quo

2006 2660 2149 2713 mihi
2178 2659 2308 2714 bene
2338 2659 2661 2730 complacui.
2696 2657 2903 2728 [:tlattlt.
2940 2673 3076 2725 xvn,
3102 2660 3178 2726 5).
3214 2656 3376 2714 Unde
3408 2656 3489 2713 ait
3516 2660 3662 2731 Apo—

2009 2747 2195 2803 stolus
2230 2764 2242 2802 :
2282 2748 2389 2815 Qui
2411 2749 2638 2819 proprio
2670 2747 2808 2802 Filio
2855 2763 2953 2802 suo
3000 2763 3110 2802 non
3153 2748 3412 2818 pepercit,
3444 2748 3536 2803 sed
3561 2765 3661 2820 pro

2006 2837 2163 2892 nobis
2188 2837 2440 2891 omnibus
2471 2834 2698 2891 tradidit
2729 2836 2891 2890 illum
2919 2836 3090 2907 (Rom.
3115 2852 3235 2904 vm,
3255 2835 3368 2904 32).
3387 2835 3457 2891 Et
3486 2837 3663 2893 sacri-

2011 2925 2207 2980 ﬁcium
2231 2923 2655 2979 Melchisedech
2676 2927 2793 2979 tam
2814 2939 2944 2978 vera
2975 2927 3098 2979 erat
3119 2923 3470 2995 signiﬁcatio
3488 2924 3662 2981 sacri-

2011 3014 2125 3069 ﬁcii
2159 3012 2393 3078 Christi,
2428 3017 2493 3067 ut
2520 3011 2655 3066 inde
2687 3012 3023 3084 praedictum
3057 3012 3136 3066 sit
3169 3029 3181 3065 :
3221 3018 3303 3068 Tu
3332 3029 3388 3067 es
3416 3014 3663 3069 sacerdos

2012 3105 2072 3158 in
2094 3111 2358 3159 aeternum
2389 3101 2683 3156 secundum
2712 3100 2959 3155 ordinem
2978 3100 3353 3155 Melchisedech
3371 3100 3660 3173 (Psal.c1x,

2010 3192 2086 3263 '4).
2120 3189 2400 3262 Sequitur
2429 3188 2487 3243 in
2521 3187 2795 3260 mysterio
2828 3204 2841 3242 :

251 3297 507 3335 munera
536 3279 705 3352 pueri
736 3279 824 3334 sui
852 3279 999 3350 justi
1030 3280 1191 3345 Abel,
1223 3281 1392 3351 cujus
1425 3281 1570 3337 ﬁdes
1600 3286 1656 3337 et
1676 3281 1911 3354 justitia
1940 3266 1981 3331 C
2082 3282 2173 3334 66.
2203 3279 2488 3351 Supplices
2547 3285 2595 3332 te
2648 3292 2923 3349 rogamus,
2957 3278 3295 3349 omnipotens
3351 3279 3509 3348 Deus,
3553 3283 3662 3336 etc.

245 3375 299 3424 et
332 3368 655 3425 oblationis
685 3368 942 3442 acceptio
974 3373 1031 3424 et
1062 3368 1121 3423 in
1152 3366 1278 3441 lege
1321 3370 1497 3425 veteri
1538 3373 1905 3426 commenda-

247 3462 365 3525 tur,
399 3456 505 3512 ubi
537 3456 828 3528 scriptum
853 3460 943 3511 est
970 3456 998 3510 ?
1025 3456 1091 3510 Et
1132 3458 1370 3528 respexit
1416 3459 1555 3512 Deus
1595 3458 1664 3513 ad
1694 3460 1827 3514 Abel
1857 3467 1907 3514 et

246 3546 314 3601 ad
344 3562 585 3600 munera
613 3546 732 3616 ejus
751 3549 909 3612 (Gen.
944 3545 1116 3615 mli);
1151 3549 1207 3600 et
1237 3545 1294 3599 in
1330 3546 1635 3620 Evangelio
1669 3564 1682 3601 :
1717 3549 1754 3602 Α
1786 3565 1907 3603 san-

246 3637 415 3702 guine
446 3636 577 3690 Abel
594 3634 736 3704 justi
764 3633 969 3700 (Matth.
992 3633 1265 3705 xxu,35);
1302 3638 1359 3689 et
1388 3634 1444 3688 in
1477 3635 1771 3707 Apostolo,
1809 3636 1908 3691 ubi

248 3721 458 3776 scribit
491 3737 506 3775 :
541 3720 670 3775 Fide
692 3721 998 3792 plurimam
1018 3721 1250 3775 hostium
1269 3721 1399 3775 Abel
1420 3739 1585 3793 quam
1608 3724 1742 3778 Cain
1762 3725 1906 3779 obtu-

250 3811 313 3864 lit
343 3811 588 3881 Deo,per
614 3824 779 3881 quam
810 3810 1181 3864 testimonium
1207 3818 1520 3865 consecutus
1549 3820 1627 3866 est
1654 3828 1766 3867 esse
1785 3813 1908 3884 jus-

252 3907 337 3954 tus
359 3900 561 3967 (Hebr,
582 3915 663 3964 x1,
697 3900 773 3967 4),
798 3915 924 3970 quae
958 3915 1073 3953 non
1101 3902 1285 3965 (etate,
1318 3899 1418 3953 sed
1453 3899 1825 3972 simplicitate
1855 3904 1913 3958 et

255 3987 690 4059 puritate,puer
718 3986 819 4041 Dei
849 3985 1197 4058 appellatur.
1226 3986 1385 4042 Sicut
1409 3988 1584 4043 etiam
1618 3990 1687 4045 de
1713 3990 1909 4057 David,

257 4076 357 4147 qui
414 4080 693 4131 mortuus
742 4080 831 4130 est
878 4092 1076 4142 senex,
1108 4075 1167 4129 in
1199 4075 1507 4148 Evangelio
1556 4078 1770 4133 dicitur
1801 4096 1814 4134 :
1849 4079 1913 4134 In

253 4163 415 4219 domo
458 4164 632 4220 David
672 4166 836 4235 pueri
875 4166 966 4219 sui
994 4165 1144 4232 (Luc.
1183 4182 1218 4229 I,
1248 4166 1361 4232 69).
1397 4165 1483 4231 Et,
1516 4168 1657 4221 sicut
1697 4169 1910 4239 sacriﬁ-

251 4251 1006 4329 cium,inquit,patriarchae
1034 4255 1212 4308 nostri
1247 4253 1507 4310 Abrahae.
1524 4253 1733 4327 Utique
1754 4258 1907 4328 quod

254 4342 619 4398 sacriﬁcium
654 4342 711 4396 in
744 4341 1096 4398 oblationem
1130 4341 1413 4414 unigeniti
1441 4342 1546 4396 ﬁlii
1579 4344 1736 4400 Isaac
1774 4347 1910 4401 olfe-

252 4448 392 4486 rens
420 4447 560 4486 cum
592 4431 709 4487 Deo
730 4431 1331 4501 holocaustum,quod
1360 4430 1442 4485 ita
1473 4437 1771 4504 acceptum
1806 4433 1915 4489 fuit

252 4525 317 4574 ut
348 4525 679 4577 mereretur
707 4520 910 4576 audire
942 4537 954 4575 :
986 4525 1093 4575 Per
1118 4521 1493 4591 memetipsum
1530 4521 1743 4592 juravi,
1773 4524 1915 4579 dicit

2018 3370 2146 3425 Haec
2176 3368 2351 3423 verba
2381 3366 2641 3439 mysterii
2676 3370 2795 3420 tam
2831 3365 3270 3437 profunda,tam
3289 3367 3440 3423 mira
3460 3372 3516 3424 et
3541 3372 3665 3424 stu-

2017 3458 2206 3531 penda
2218 3457 2351 3529 quis
2374 3455 2863 3527 comprehendere
2881 3455 3137 3510 sufﬁciat
3153 3456 3318 3528 Pquis
3336 3456 3471 3512 inde
3493 3457 3667 3531 digne

2017 3546 2238 3618 aliquld
2271 3544 2582 3616 loquatur?
2604 3543 2792 3615 magis
2813 3544 3145 3599 veneranda
3175 3550 3313 3600 sunt
3329 3549 3384 3601 et
3408 3548 3669 3618 pavenda

2019 3652 2195 3708 quam
2250 3633 2635 3688 discutienda.
2672 3633 2882 3687 Beatus
2930 3636 3126 3689 tamen
3177 3634 3512 3707 Gregorius,
3544 3635 3668 3692 ido-

2019 3739 2166 3778 neus
2196 3720 2345 3776 tanti
2376 3719 2633 3793 mysterii
2669 3720 2977 3792 interpres,
3008 3721 3067 3775 in
3101 3721 3355 3794 quodam
3387 3721 3512 3779 loco
3560 3723 3669 3779 ali-

2019 3813 2158 3886 quid
2179 3812 2249 3866 de
2270 3811 2342 3866 iis
2361 3815 2639 3883 tanquam
2664 3810 2733 3865 de
2754 3826 2814 3864 re
2836 3810 3115 3866 ineﬁ‘abili
3137 3828 3283 3883 pene
3299 3811 3671 3869 ineifabiliter

2018 3903 2283 3976 loquitur
2306 3902 2534 3970 (Gneo.,
2559 3899 2598 3955 1.
2632 3918 2687 3955 1v
2714 3901 2953 3971 Diulog.,
2986 3901 3096 3972 06).
3130 3900 3269 3967 Quis
3322 3901 3479 3957 enim
3529 3902 3668 3958 ﬁde-

2018 3992 2186 4058 lium,
2222 3989 2431 4062 inquit,
2465 3989 2676 4044 habere
2709 3988 2955 4044 dubium
2986 3988 3189 4061 possit,
3216 3990 3275 4045 in
3310 3990 3439 4063 ipsa
3468 3990 3673 4047 immo-

2020 4079 2257 4137 lationis
2285 4079 2430 4133 hora
2460 4078 2531 4132 ad
2568 4076 2887 4133 sacerdotis
2906 4092 3105 4133 vocem
3138 4077 3312 4134 caelos
3355 4079 3588 4151 aperiri,
3610 4079 3669 4135 in

2020 4169 2119 4224 illo
2150 4168 2289 4223 Jesu
2322 4166 2537 4222 Christi
2570 4166 2845 4238 mysterio
2864 4166 3205 4238 angelorum
3224 4167 3419 4224 choris
3441 4169 3667 4238 adesse,

2021 4256 2273 4313 summis
2302 4255 2421 4310 ima
2452 4253 2902 4325 soeiari,terram
2926 4254 3260 4324 coelestibus
3282 4256 3669 4330 jungi,unum

2021 4346 2162 4420 quid
2194 4362 2262 4401 ex
2290 4344 2623 4400 visibilibus
2671 4347 2844 4416 atque
2893 4342 3286 4400 invisibilibus
3319 4344 3480 4400 ﬁeri?
3511 4344 3683 4400 Idem-

2021 4436 2196 4491 etiam
2228 4435 2427 4489 doctor
2459 4433 2753 4504 quomodo
2784 4432 3186 4505 accipiendum
3222 4431 3299 4488 sit
3320 4431 3571 4487 sublime
3593 4432 3671 4487 a1-

2022 4530 2146 4580 tare
2158 4523 2257 4579 Dei
2274 4523 2331 4577 in
2347 4525 2657 4594 conspectu
2682 4521 2888 4576 divinas
2912 4520 3240 4592 majestatis
3262 4520 3310 4592 ej
3322 4537 3390 4575 us
3412 4521 3668 4593 quodam

252 4609 693 4681 Dominus,quia
714 4610 896 4679 fecisti
924 4624 1039 4664 rem
1066 4610 1224 4676 hanc,
1255 4616 1306 4663 et
1335 4625 1443 4664 non
1473 4613 1765 4682 pepercisti
1782 4614 1912 4667 uni-
1944 4633 1991 4695 Ι)
2020 4613 2144 4670 loco
2177 4611 2470 4676 subtiliter
2498 4609 2771 4673 ostendit,
2796 4625 3089 4680 exponens
3118 4607 3285 4663 illum
3314 4608 3668 4665 versiculum

251 4700 435 4768 genito
460 4707 559 4754 tuo
580 4706 803 4771 propter
828 4714 933 4769 mc,
968 4697 1281 4754 benedicam
1312 4700 1417 4754 tibi
1445 4698 1595 4771 (Gen.
1631 4717 1764 4766 xxn,
1800 4701 1908 4769 l2),

253 4786 491 4850 etc.Qui
525 4786 764 4859 quidem
786 4786 1119 4859 patriarcha
1151 4803 1267 4842 non
1299 4791 1529 4842 tantum
1561 4792 1651 4845 est
1682 4788 1912 4845 Israeli-

249 4875 382 4930 ticae
427 4874 616 4948 plebis
664 4876 989 4931 secundum
1040 4891 1297 4941 carnem,
1331 4877 1431 4931 sed
1483 4876 1659 4932 etiam
1701 4883 1911 4933 nostris

250 4965 588 5020 secundum
624 4964 820 5020 ﬁdem.
860 4964 1216 5036 Adjungitur
1263 4965 1453 5020 adhuc
1488 4982 1500 5021 :
1533 4967 1598 5021 Et
1646 4966 1786 5038 quod
1813 4969 1915 5023 tibi

249 5052 457 5108 obtulit
505 5069 751 5108 summus
803 5053 1050 5109 sacerdos
1089 5061 1212 5108 tuus
1241 5054 1643 5121 Melchisedech,
1677 5056 1749 5110 de
1797 5072 1911 5128 quo

251 5140 573 5197 manifeste
602 5142 891 5214 scriptum
922 5141 1067 5198 dicit
1098 5159 1111 5197 :
1145 5145 1221 5197 Et
1252 5143 1642 5199 Melchisedech
1674 5162 1773 5201 rea:
1809 5146 1911 5202 Sa-

251 5230 364 5284 lem
392 5232 632 5301 protulit
652 5247 825 5303 panes
854 5239 904 5286 et
929 5233 1142 5286 vinum.
1174 5231 1308 5285 Erat
1332 5233 1480 5287 cnim
1523 5234 1771 5290 sacerdos
1818 5236 1916 5291 Dei

248 5319 544 5385 altissimi,
574 5326 627 5375 et
651 5318 931 5375 benedixit
958 5320 1235 5375 Abraham
1262 5320 1413 5388 (Gen.
1447 5338 1562 5389 xxv,
1599 5324 1706 5394 18),
1743 5325 1913 5396 cujus

250 5407 658 5463 sacerdotium
689 5413 747 5463 et
774 5408 1126 5464 sacriﬁcium
1162 5410 1391 5462 tantum
1410 5409 1913 5482 magniﬁcatur,ut

249 5497 425 5551 dicat
448 5495 518 5551 de
547 5513 614 5552 eo
635 5497 942 5569 Apostolus
964 5513 976 5551 :
996 5499 1247 5552 Primum
1278 5496 1495 5567 quidem
1514 5500 1908 5567 Melchisedech,

246 5588 353 5657 qui
388 5586 782 5657 interpretatur
810 5587 1178 5658 remjustitite,
1209 5584 1404 5641 deinde
1420 5603 1520 5642 rex
1548 5588 1748 5658 Solem,
1773 5590 1913 5661 quod

248 5681 330 5731 est
354 5690 467 5729 rex
493 5677 664 5746 pacis,
695 5678 815 5732 sine
835 5683 1016 5748 patre,
1048 5675 1168 5730 sine
1213 5681 1405 5743 matre,
1436 5679 1555 5733 sine
1574 5679 1909 5749 genealogia,

2021 4700 2254 4775 psalmi.
2291 4701 2610 4756 Constituite
2637 4698 2781 4754 diem
2828 4697 3120 4753 solemnem
3150 4700 3208 4753 in
3259 4701 3672 4771 confrequenta-

2020 4790 2256 4846 tionibus
2285 4804 2455 4859 usque
2482 4787 2552 4842 ad
2579 4803 2751 4841 cornu
2782 4787 2975 4841 altaris
2998 4785 3168 4859 (Psal.
3192 4790 3489 4857 cxvu,27).
3514 4788 3670 4857 Dies,

2022 4875 2527 4951 inquit,solemnis
2559 4877 2647 4930 est
2677 4874 2919 4931 Domino
2951 4876 3285 4947 conjunctio
3314 4877 3505 4933 cordis
3536 4896 3671 4935 nos-

2022 4968 2131 5035 tri;
2166 4966 2264 5021 sed
2298 4970 2437 5020 tunc
2486 4964 2545 5018 in
2596 4963 3171 5036 confrequentatione
3219 4964 3343 5021 dies
3392 4965 3672 5023 solemnis

2021 5053 2566 5117 constituitur,cum
2600 5052 2659 5107 in
2687 5052 2978 5125 lacrymas
3005 5053 3100 5125 pio
3132 5070 3327 5110 amore
3357 5055 3485 5127 ejus
3519 5056 3637 5112 assi
3661 5088 3674 5099 -

2021 5144 2132 5199 due
2164 5159 2330 5197 mens
2360 5145 2642 5208 movetur,
2676 5141 2768 5195 cui
2803 5141 2961 5197 velut
2993 5141 3041 5196 si
3073 5141 3402 5200 diceremus
3436 5161 3448 5199 :
3483 5148 3675 5210 Quan-

2022 5232 2119 5288 diu
2148 5232 2262 5286 ista
2293 5229 2475 5285 acturi
2510 5229 2756 5284 sumus?
2786 5229 3050 5302 quandiu
3080 5229 3458 5288 tribulatione
3486 5232 3673 5287 afﬁci-

2022 5320 2192 5377 mur?
2210 5319 2369 5375 Illico
2393 5318 2708 5374 terminum
2733 5335 3042 5391 quousque
3060 5320 3186 5375 ﬁeri
3207 5320 3414 5375 debeat
3430 5320 3674 5391 subjun-

2021 5409 2123 5477 xit,
2155 5407 2356 5464 dicens
2387 5425 2400 5462 :
2436 5424 2603 5480 usque
2649 5407 2718 5462 ad
2763 5424 2934 5463 cornu
2981 5409 3207 5475 altaris;
3239 5425 3418 5463 cornu
3456 5408 3673 5481 quippe

2023 5498 2223 5553 altaris
2281 5502 2371 5551 est
2417 5495 2686 5553 exultatio
2736 5496 3005 5551 sacriﬁcii
3058 5495 3370 5563 interioris,
3401 5496 3501 5551 ubi
3536 5515 3670 5555 cum

2018 5586 2371 5650 venerimus,
2397 5586 2522 5656 jam
2553 5584 2717 5640 nulla
2748 5585 3067 5642 necessitas
3103 5590 3193 5642 est
3242 5589 3307 5641 ut
3350 5585 3671 5653 solemnem

2021 5675 2175 5732 diem
2225 5673 2471 5731 Domino
2519 5673 2590 5729 de
2643 5677 2843 5730 nostra
2890 5673 3306 5732 lamentatione
3362 5675 3667 5734 faciamus.
