4068 6190
212 352 287 419 οι
1302 334 1306 341 ’
1420 352 1522 415 nn
1563 348 2086 414 EXPOSITIONE
2139 348 2419 413 MISSE.
3540 352 3619 416 es

218 504 350 562 gare
380 485 713 560 prudentiae
745 484 1025 559 intelliget
1053 485 1246 543 locum
1266 484 1870 542 testamentissuisin-
1897 489 1950 551 Α
1978 500 2106 553 ergo
2135 486 2402 551 vivamus,
2435 486 2546 541 sive
2574 486 2898 553 moriamur,
2938 486 3165 542 Domini
3208 502 3399 543 sumus
3444 488 3617 557 (Rom.

216 576 542 634 terclusum
576 593 706 632 esse
735 594 839 650 pcr
866 575 1186 631 Christum.
1222 575 1330 643 Qui
1362 574 1439 630 sit
1471 575 1580 629 iste
1611 573 1868 645 quaeris?

213 665 361 722 Audi
392 666 597 738 ipsum
622 666 911 722 dicentem
947 682 959 718 :
992 665 1098 736 Ego
1116 682 1237 720 sum
1258 666 1422 736 panis
1448 666 1596 730 vitae,
1613 666 1709 735 qui
1726 664 1872 719 venit

213 756 281 811 ad
306 772 395 810 me
418 771 535 810 non
565 756 805 823 esuriet;
838 762 887 810 et
916 755 1012 825 qui
1039 753 1208 808 credit
1236 756 1293 808 in
1323 770 1408 809 me
1436 770 1547 808 non
1583 754 1731 808 sitiet
1763 770 1866 807 uu-

214 862 378 918 quam
408 847 606 913 (Joun.
634 861 713 910 v1,
747 844 857 914 35).
892 865 919 893 ››
954 841 1231 914 Sequitur
1258 842 1316 897 in
1350 841 1643 915 mysterio.

280 1025 372 1078 68.
406 1021 673 1078 Memento
714 1020 898 1088 etiam,
950 1023 1199 1088 Domine,
1243 1022 1586 1095 famulorum
1625 1022 1869 1094 famula-

214 1129 451 1184 rumque
518 1115 768 1177 tuarum,
811 1112 909 1181 qui
954 1126 1053 1165 nos
1091 1119 1488 1182 praecesserunt
1534 1126 1659 1164 cum
1712 1112 1870 1177 signa

217 1202 728 1275 ﬁdei,etc.,usque
760 1200 896 1255 lucis
925 1206 977 1256 et
999 1201 1153 1272 pacis
1186 1200 1473 1269 indulgeas
1493 1199 1867 1271 deprecamur.

219 1274 353 1348 Orat
384 1291 489 1364 pia
520 1294 709 1345 mater
741 1274 995 1344 Ecclesia
1022 1289 1199 1344 etiam
1232 1306 1333 1361 pro
1382 1288 1673 1344 defunctis
1722 1288 1869 1354 suis,

217 1386 271 1438 et
292 1397 394 1436 eos
427 1396 613 1435 sacra:
663 1377 973 1434 oblationis
1023 1378 1437 1435 intercessione
1477 1378 1870 1442 commendat,

222 1468 556 1527 certissime
587 1467 830 1523 credens
859 1467 999 1539 quia
1027 1467 1269 1541 sanguis
1298 1466 1395 1523 ille
1428 1467 1738 1540 pretiosus,
1772 1465 1872 1538 qui

219 1576 320 1632 pro
354 1555 570 1613 multis
586 1556 930 1625 eﬂ'ususest
957 1555 1017 1611 in
1049 1556 1453 1612 remissionem
1478 1561 1870 1628 peccatorum,

220 1664 330 1703 non
361 1645 565 1701 solum
597 1645 671 1699 ad
703 1642 953 1699 salutem
983 1643 1321 1712 viventium,
1354 1644 1456 1701 sed
1488 1646 1665 1701 etiam
1685 1646 1755 1700 ad
1772 1645 1872 1701 ab-

218 1733 577 1791 solutionem
591 1731 1223 1799 valeatdet‘unctorum,
1240 1733 1387 1789 sicut
1402 1734 1873 1790 beatusJoannes

218 1827 472 1880 testatur
520 1820 723 1924 dicens
758 1822 859 1877 :Et
900 1824 1135 1921 sanguis
1186 1824 1322 1878 Filii
1364 1824 1482 1893 ejus
1509 1827 1642 1879 Jesu
1673 1824 1876 1879 Christi
1905 1860 1950 1924 Β

224 1912 489 1969 smundat
514 1927 619 1965 nos
650 1911 718 1965 ab
758 1911 911 1965 omni
949 1919 1169 1982 peccato
1202 1912 1273 1982 (II
1299 1912 1455 1967 Joan.
1486 1928 1522 1977 1,
1554 1914 1632 1979 7).
1669 1915 1872 1966 Proce-

226 2001 370 2056 dunt
403 1998 570 2063 enim
594 1996 796 2053 ﬁdeles
817 1998 888 2053 de
908 2015 1146 2070 corpore
1160 2004 1435 2054 exeuntes
1449 1999 1519 2053 ad
1533 1998 1871 2066 Dominum,

221 2089 317 2145 sed
346 2105 472 2143 non
502 2087 917 2160 praeceduntur
954 2087 1026 2142 ab
1070 2086 1343 2155 Ecclesia,
1378 2087 1516 2159 quia
1547 2087 1878 2160 praecedunt

223 2194 352 2232 cum
384 2177 563 2249 signo
594 2176 725 2231 fidei
759 2179 816 2231 et
847 2175 1147 2231 dormiunt
1174 2175 1234 2230 in
1267 2194 1475 2232 somno
1507 2177 1706 2249 pacis:
1741 2192 1875 2231 cum

225 2266 388 2340 signo
420 2266 585 2336 ﬁdei,
618 2265 760 2338 quia
809 2281 878 2320 ex
907 2282 1061 2337 aqua
1098 2268 1154 2321 et
1183 2266 1403 2339 Spiritu
1437 2271 1637 2322 sancto
1670 2266 1875 2333 renati,

227 2355 361 2428 quia
390 2354 612 2410 Christi
657 2370 830 2410 cruce
880 2358 938 2409 et
983 2355 1254 2426 passione
1302 2356 1536 2428 signati.
1570 2355 1880 2412 Dormiunt

227 2448 421 2499 autem
458 2447 746 2515 tanquam
777 2460 906 2499 vere
950 2442 1008 2498 in
1057 2446 1483 2500 resurrectione
1529 2445 1875 2500 suscitandi.

226 2532 543 2588 Dormiunt
570 2548 708 2605 ergo
737 2532 798 2587 in
831 2549 1037 2588 somno
1069 2534 1249 2605 pacis,
1284 2534 1420 2606 quia
1467 2535 1538 2589 ab
1572 2534 1795 2590 unitate
1826 2539 1881 2590 et

228 2622 505 2678 societate
535 2620 754 2676 Christi
782 2625 840 2677 et
872 2621 1158 2688 Ecclesiae,
1193 2639 1297 2678 nec
1340 2640 1441 2694 per
1472 2623 1739 2689 haereses,
1775 2640 1880 2678 nec

225 2728 324 2784 per
352 2710 708 2780 schismata,
743 2727 848 2765 nec
878 2728 981 2782 per
1013 2711 1283 2767 mortalia
1331 2711 1578 2768 crimina
1626 2713 1879 2784 separati

226 2806 397 2857 sunt:
438 2799 499 2855 in
532 2799 753 2871 quibus
783 2802 890 2856 etsi
924 2799 1243 2872 aliquando
1275 2802 1531 2869 fuerunt,
1554 2806 1747 2858 tamen
1782 2820 1885 2875 per

229 2889 641 2963 pmnitentiam
673 2889 884 2957 sanati,
918 2894 975 2945 et
997 2906 1100 2962 per
1129 2890 1448 2947 orationem
1479 2890 1744 2948 Ecclesiae
1795 2909 1882 2947 re-

230 2977 547 3045 conciliati,
584 2979 772 3047 (Acs.)
793 2983 851 3034 et
880 2979 1243 3035 remissionis
1279 2980 1557 3052 mysterio
1598 2980 1882 3047 societati,

230 3067 431 3139 utique
463 3065 523 3121 in
554 3083 695 3138 pace
726 3066 1345 3133 obierunt,miserante
1368 3069 1605 3142 illo,qui
1629 3087 1744 3125 non
1764 3069 1887 3125 vult

232 3160 481 3212 mortem
533 3156 877 3227 peccatoris,
918 3158 1018 3213 sed
1069 3162 1134 3213 ut
1181 3162 1550 3214 convertatur
1607 3163 1665 3214 et
1710 3158 1882 3215 vivat.

234 3245 428 3317 Neque
461 3242 624 3300 enim
657 3243 887 3316 piorum
920 3245 1128 3301 anima:
1152 3251 1517 3303 mortuorum
1542 3251 1888 3320 separantur

239 3335 308 3389 ab
349 3332 636 3401 Ecclesia,
687 3332 947 3407 alioquin
992 3352 1098 3391 nec
1135 3336 1207 3391 ad
1250 3335 1429 3392 altare
1476 3337 1639 3393 ﬁeret
1685 3354 1887 3393 eorum

242 3423 528 3479 memoria
558 3422 620 3477 in
652 3424 1206 3481 commemoratione
1237 3425 1495 3497 corporis
1526 3425 1759 3497 Christi,
1786 3443 1889 3482 nec

243 3511 464 3584 aliquid
499 3511 827 3584 prodesset,
862 3513 933 3567 ad
965 3514 1092 3584 ejus
1122 3514 1485 3585 baptismum
1518 3514 1577 3570 in
1616 3515 1889 3587 periculis

243 3617 497 3664 currere,
531 3618 605 3655 ne
635 3600 763 3655 sine
792 3600 894 3656 illo
936 3601 1175 3657 ﬁniatur
1210 3603 1268 3658 in
1318 3603 1428 3660 hac
1473 3603 1630 3671 vita;
1665 3620 1769 3659 nec
1817 3605 1890 3659 ad

246 3688 802 3756 reconciliationem,
838 3689 887 3744 si
918 3692 1061 3746 forte
1103 3708 1206 3763 per
1256 3709 1493 3764 pravam
1540 3692 1628 3748 vel
1676 3692 1888 3749 malam

245 3778 667 3834 conscientiam
699 3779 947 3851 quisque
974 3780 1045 3835 ab
1078 3782 1280 3837 eodem
1313 3798 1549 3854 corpore
1588 3789 1892 3855 separatus

244 3872 347 3923 est.
380 3869 499 3924 Cur
528 3867 690 3923 enim
718 3868 835 3923 ista
861 3870 1029 3934 ﬁunt,
1054 3870 1166 3926 nisi
1196 3870 1335 3942 quia
1373 3870 1573 3928 ﬁdeles
1603 3872 1777 3927 etiam
1794 3873 1889 3929 de-

246 3956 426 4012 functi
459 3956 732 4012 membra
752 3962 891 4013 sunt
919 3958 1090 4029 ejus?
1119 3960 1393 4023 Quamvis
1440 3976 1576 4033 ergo
1630 3963 1891 4018 nondum

245 4061 375 4100 cum
405 4044 535 4101 suis
549 4046 918 4117 corporibus,
926 4048 1052 4118 jam
1067 4052 1261 4103 tamen
1278 4048 1485 4104 animae
1500 4056 1744 4121 regnant
1757 4069 1888 4107 cum

246 4131 492 4189 Christo.
527 4133 696 4190 Unde
725 4138 782 4190 et
813 4134 871 4190 in
900 4135 1244 4209 Apocalypsi
1272 4136 1513 4208 legitur:
1533 4142 1895 4198 Bcatimortui

246 4224 339 4293 qui
370 4224 431 4277 in
462 4225 706 4279 Domino
742 4226 1079 4291 moriuntur,
1112 4225 1306 4280 amodo
1343 4227 1465 4297 jam
1484 4227 1618 4283 dicit
1656 4231 1893 4301 Spiritus

246 4318 302 4364 ut
344 4314 695 4383 requiescant
734 4329 769 4366 a
820 4313 1023 4368 laboris
1071 4315 1210 4380 suis,
1259 4330 1424 4385 opera
1470 4317 1620 4370 enim
1668 4318 1894 4374 illorum

244 4408 548 4471 sequuntur
572 4400 699 4456 illos
730 4401 909 4473 (Apoc.
928 4419 1040 4472 xw,
1060 4403 1144 4472 l3)
1172 4421 1186 4470 ;
1219 4407 1275 4458 et
1302 4403 1426 4475 ipse
1456 4409 1545 4460 est
1575 4421 1748 4462 verus
1765 4409 1893 4463 sab-

246 4487 539 4546 batismus
574 4488 931 4557 ﬁdelium,id
961 4495 1049 4546 est
1070 4491 1321 4564 requies,
1354 4493 1425 4547 de
1455 4510 1572 4565 qua
1602 4494 1895 4569 dicitApo-

1977 591 2091 638 x1v,
2114 575 2192 641 8),

2048 660 2136 715 69.
2172 660 2397 731 (Casa)
2425 661 2571 716 Nam
2624 660 2751 716 luce
2795 661 3008 717 clarius
3049 667 3278 719 constat
3307 663 3447 736 quia
3492 682 3621 737 per-

1979 751 2260 806 l’ectorum
2293 750 2593 821 justorum
2644 750 2872 818 animai,
2907 768 3040 807 mox
3090 756 3156 808 ut
3203 752 3383 824 hujus
3431 754 3624 811 carnis

1978 838 2234 895 claustra
2264 838 2569 907 exeunt,in
2600 838 2935 894 coelestibus
2967 841 3207 897 sedibus
3238 842 3621 914 recipiuntur,

1979 928 2134 1001 quod
2164 931 2219 982 et
2251 928 2376 998 ipsa
2404 927 2633 983 Veritas
2680 932 2989 983 attestatur
3034 931 3235 986 dicens
3268 948 3281 985 :
3315 932 3414 989 Ubi
3453 934 3626 1004 fuerit

1978 1035 2192 1090 corpus,
2226 1018 2347 1073 illic
2389 1018 2861 1088 congregabantur
2908 1025 2961 1073 et
3001 1019 3207 1090 aquila
3238 1020 3439 1091 (Matth.
3472 1038 3622 1088 xx1v,

1977 1108 2090 1179 28),
2107 1108 2245 1179 quia
2278 1106 2374 1162 ubi
2404 1106 2528 1178 ipse
2551 1106 2900 1177 Redemptor
2920 1112 3217 1162 nosterest
3230 1124 3489 1181 corpore,
3506 1109 3626 1166 illic

1981 1195 2183 1269 procul
2214 1196 2390 1251 dubio
2422 1194 3625 1268 colligenturetanimaajustorum.EtPau-

1979 1285 2073 1341 lus
2104 1284 2339 1340 dissolvi
2367 1284 2660 1339 desiderat
2689 1288 2905 1339 etcum
2937 1284 3165 1340 Christo
3196 1286 3468 1352 esse.Qui
3490 1304 3626 1360 ergo

1981 1374 2275 1430 Christum
2309 1374 2367 1429 in
2402 1372 2544 1428 ccelo
2578 1388 2706 1429 esse
2733 1390 2849 1428 non
2883 1374 3134 1441 dubitat,
3168 1391 3274 1430 nec
3302 1374 3461 1431 Pauli
3495 1376 3626 1432 ani-

1983 1481 2140 1519 mam
2171 1462 2229 1518 in
2262 1462 2404 1519 ccelo
2438 1480 2565 1518 esse
2599 1462 2907 1535 negat,qui
2935 1462 3111 1518 etiam
3135 1463 3520 1521 dissolutione
3534 1465 3626 1522 sui

1984 1552 2241 1624 corporis
2272 1557 2449 1624 atque
2481 1550 2909 1607 inhabitatione
2932 1552 3129 1624 patria:
3152 1551 3401 1609 caelestis
3448 1554 3624 1610 dicit:

1981 1641 2204 1697 Scimus
2228 1644 2506 1713 quoniam
2518 1642 2575 1696 si
2584 1641 2876 1697 terrestris
2889 1642 3095 1696 domus
3112 1646 3316 1698 nostra
3329 1642 3504 1714 huius
3519 1643 3627 1700 ha-

1986 1731 2299 1787 bitationis
2313 1732 2384 1786 di
2392 1729 2697 1796 ssolcatar,
2711 1730 2868 1803 quod
2889 1729 3337 1801 aediﬁcationem
3355 1731 3633 1788 habemus

1984 1838 2059 1875 ea:
2091 1825 2205 1877 Deo
2224 1821 2463 1877 domum
2495 1836 2613 1875 non
2641 1836 2815 1875 mauu
2843 1819 3072 1893 factum
3095 1826 3380 1878 wternam
3401 1822 3632 1879 iuratis

1985 1913 2066 1979 (ll
2090 1912 2220 1966 Cor.
2253 1928 2306 1977 v,
2339 1911 2420 1978 5).

2052 2001 2143 2054 70.
2177 1998 2737 2070 (V1(;11.11’3.)Verum
2779 1999 2889 2055 hoc
2920 1999 2990 2055 de
3034 1999 3333 2072 apostolis,
3359 2002 3633 2075 martyri-

1984 2088 2119 2155 bus,
2154 2088 2961 2161 confessoribus,ca:terisque
2979 2088 3119 2146 viris
3150 2090 3274 2145 ﬁeri
3307 2091 3633 2147 notandum

1986 2181 2094 2233 est.
2129 2178 2274 2232 Nam
2308 2181 2446 2232 sunt
2476 2178 2869 2250 quorumdam
2912 2179 3209 2249 justorum
3242 2179 3472 2247 animas;
3506 2196 3634 2252 qua

1987 2266 2180 2321 adhuc
2210 2266 2615 2322 mansionibus
2663 2267 3033 2333 differuntur,
3072 2267 3128 2321 in
3175 2284 3291 2338 quo
3336 2267 3635 2326 dilationis

1988 2353 2207 2409 caelesti
2260 2372 2455 2427 regno,
2504 2355 2640 2410 licet
2678 2355 2735 2410 in
2789 2356 2959 2411 beata
3005 2356 3224 2428 requie,
3277 2356 3635 2429 quibusdam

1990 2444 2203 2499 damno
2234 2444 2562 2500 ostenditur
2593 2446 2745 2516 quod
2780 2445 2850 2500 de
2875 2446 3128 2516 perfecta
3152 2446 3385 2516 justitia
3413 2445 3637 2519 aliquid

1992 2532 2188 2587 minus
2211 2533 2564 2589 habuerunt.
2591 2536 2660 2590 At
2700 2550 2833 2589 vero
2882 2533 3149 2590 nonnulli
3199 2539 3435 2607 propter
3486 2536 3640 2592 bona

1991 2622 2127 2677 ﬁdei
2158 2640 2332 2695 opera
2363 2624 2433 2679 ad
2469 2623 2785 2679 electorum
2837 2627 3055 2679 sortem
3107 2623 3500 2696 praeordinati,
3535 2625 3639 2681 sed

1992 2716 2227 2784 propter
2243 2711 2399 2768 mala
2419 2712 2617 2785 aliqua
2629 2713 2846 2785 quibus
2868 2714 2938 2769 de
2968 2729 3207 2786 corpore
3230 2713 3495 2770 exierunt
3508 2716 3642 2787 post

1993 2806 2241 2856 mortem
2256 2818 2478 2869 sereno,
2494 2801 2818 2875 castigandi
2843 2802 3209 2874 recipiuntur
3220 2801 3641 2876 ﬁammisignis

1994 2890 2502 2963 purgatorii,etvel
2535 2908 2721 2963 usque
2750 2891 2822 2946 ad
2854 2890 3642 2965 diemjudiciilongaexami-

1994 2980 2229 3035 natione
2251 2998 2284 3035 a
2312 2981 2584 3035 vitiorum
2609 2981 2777 3035 sorde
2800 2979 3178 3046 mundantur,
3193 2978 3281 3035 vel
3312 2985 3466 3035 certe
3478 2979 3643 3051 prius

1994 3068 2315 3123 amicorum
2341 3067 2602 3123 ﬁdelium
2627 3066 2915 3139 precibus,
2949 3065 3639 3139 eleemosynis,jejuniis,

1996 3156 2227 3212 fletibus
2259 3161 2316 3212 et
2342 3155 2544 3212 hostiae
2575 3155 2853 3211 salutaris
2883 3154 3301 3224 oblationibus,
3336 3156 3524 3227 pcenis
3547 3155 3643 3211 ab-

1918 3230 1961 3297 C
1999 3245 2268 3315 soluti,et
2289 3244 2401 3318 ipsi
2423 3245 2494 3299 ad
2517 3245 2821 3300 beatorum
2847 3245 3194 3316 perveniunt
3222 3244 3505 3317 requiem.
3522 3243 3643 3301 Illis

1997 3353 2132 3410 ergo
2163 3351 2364 3391 eorum
2391 3350 2567 3391 sacrae
2599 3334 2846 3390 victimae
2878 3334 3126 3389 mortuis
3147 3334 3528 3406 prosunt,qui
3551 3334 3645 3390 hic

1996 3425 2237 3481 vivendo
2269 3424 2647 3479 obtinuerunt
2678 3428 2741 3479 ut
2770 3440 2870 3478 eos
2883 3422 3057 3479 etiam
3076 3426 3469 3495 postmortem
3489 3424 3641 3479 bona

2000 3515 2439 3586 adjuvent,quaa
2462 3512 2555 3568 hic
2586 3529 2691 3584 pro
2720 3511 2864 3584 ipsis
2896 3512 2968 3567 ab
2999 3510 3130 3568 aliis
3160 3512 3328 3567 ﬁunt.
3347 3512 3503 3568 Inter
3526 3512 3647 3569 haec

2000 3608 2194 3659 autem
2226 3602 2593 3674 pensandum
2617 3602 2887 3673 est,quod
2909 3603 3097 3658 tutior
3112 3602 3219 3658 via
3245 3602 3646 3672 sit,utbonum

2002 3693 2157 3764 quod
2190 3690 2439 3763 quisque
2470 3695 2601 3763 post
2620 3694 2868 3746 mortem
2902 3695 3097 3762 sperat
3108 3689 3202 3763 agi
3216 3706 3318 3761 per
3333 3689 3498 3757 alios,
3515 3693 3650 3762 agat

2002 3782 2144 3837 dum
2174 3780 2314 3835 vivit
2340 3780 2464 3853 ipse
2495 3797 2596 3852 pro
2627 3796 2710 3835 se.
2745 3780 2978 3835 Beatius
3018 3778 3232 3852 quippe
3271 3784 3362 3835 est
3397 3779 3647 3835 liberum

2002 3870 2155 3925 exire
2184 3886 2361 3941 quam
2394 3872 2525 3940 post
2561 3866 2793 3923 vincula
2831 3867 3162 3924 libertatem
3202 3884 3480 3941 quaerere.
3514 3868 3649 3924 Pro-

2004 3964 2130 4032 pter
2160 3957 2260 4013 illa
2290 3974 2425 4031 ergo
2447 3958 2621 4012 verba
2639 3956 2855 4029 quibus
2874 3956 3109 4028 dicitur,
3121 3959 3224 4031 qui
3233 3974 3336 4015 nos
3347 3972 3649 4030 praecesse-

2000 4054 2139 4104 runt
2170 4063 2298 4103 cum
2328 4049 2501 4120 signo
2528 4045 2698 4118 fidei,
2730 4052 2784 4100 et
2812 4046 3119 4102 dormiunt
3152 4049 3213 4103 in
3232 4063 3429 4102 somno
3465 4047 3648 4114 pacis,

2004 4155 2148 4194 usus
2178 4136 2289 4192 fuit
2318 4134 2888 4207 antiquorum,sicut
2916 4134 3091 4190 etiam
3127 4136 3390 4191 Romana
3419 4133 3647 4205 agitEc-

2003 4225 2200 4292 clesia,
2233 4229 2300 4280 ut
2330 4224 2528 4280 statim
2554 4223 2939 4279 recitarentur
2968 4240 3035 4278 ex
3068 4222 3451 4296 diptychis,id
3470 4226 3648 4278 estta-

2002 4312 3047 4384 bulis,nominadefunctorum,atque
3060 4312 3140 4367 ita
3152 4310 3648 4383 postlectitionem

2003 4404 2310 4461 nominum
2342 4403 2837 4474 subjungerentur
2864 4401 3038 4456 verba
3064 4398 3396 4471 sequentia:
3429 4399 3571 4468 Ipsis
3601 4403 3653 4452 et

2004 4494 2253 4550 omnibus
2280 4494 2337 4548 in
2373 4492 2591 4547 Christo
2620 4490 3017 4561 quiescentibus
3039 4488 3219 4542 locum
3247 4485 3551 4556 refrigerii,
3571 4480 3654 4541 lu—

244 4577 427 4633 stolus
464 4581 489 4633 ?
520 4583 716 4649 Itaque
762 4580 1097 4650 relinquitur
1140 4581 1504 4636 sabbatismus
1551 4585 1749 4654 populo
1797 4586 1897 4641 Dei
1924 4600 1971 4664 D
2001 4586 2080 4639 cis
2110 4591 2159 4639 et
2184 4582 2338 4653 pacis
2364 4587 2424 4635 ut
2455 4578 2736 4648 indulgeas
2778 4577 3153 4647 deprecamur.
3190 4572 3339 4664 Ipsis
3382 4570 3650 4664 videlicet

245 4667 420 4733 (Hebr.
460 4667 630 4737 1v,9).
651 4666 757 4731 Qui
773 4666 929 4722 enim
964 4667 1269 4741 ingressus
1291 4669 1449 4724 estin
1467 4672 1725 4741 requiem
1740 4673 1889 4743 ejus,

246 4755 531 4827 requievit
559 4755 631 4811 ab
663 4755 938 4827 operibus
970 4756 1627 4828 suis,quemadmodum
1660 4763 1897 4818 etasuis

252 4842 423 4899 Deus.
461 4844 693 4915 Regnat
720 4843 920 4916 itaque
945 4862 1078 4900 cum
1108 4845 1336 4902 Christo
1368 4863 1520 4902 nunc
1552 4846 1808 4904 Ecclesia
1838 4850 1894 4905 in

246 4932 383 4988 vivis
412 4937 473 4989 et
504 4932 780 4989 mortuis.
818 4934 1123 5006 PrOpterea
1161 4935 1339 5001 enim,
1374 4934 1527 4991 sicut
1555 4935 1698 4992 dicit
1740 4939 1894 5010 Apo-

249 5019 430 5077 stolus
466 5037 480 5075 :
517 5024 772 5077 Mortuus
812 5031 889 5078 est
917 5023 1179 5089 Christus,
1212 5032 1271 5078 ut
1312 5032 1361 5079 et
1398 5023 1642 5080 vivorum
1671 5034 1722 5081 et
1750 5044 1896 5083 mor-

248 5118 463 5165 tuorum
490 5110 810 5167 dominetur
836 5112 1010 5183 (Rom.
1043 5129 1159 5180 xw,
1190 5112 1265 5183 9).
1300 5112 1460 5168 Unde
1496 5117 1554 5169 et
1597 5113 1733 5170 alibi
1767 5116 1848 5172 ait
1879 5133 1892 5170 :

245 5201 525 5269 Quoniam
553 5216 669 5257 non
691 5203 877 5272 posuit
900 5218 998 5257 nos
1029 5204 1164 5257 Deus
1194 5202 1262 5257 ad
1294 5203 1455 5268 iram,
1482 5202 1574 5257 sed
1612 5204 1669 5258 in
1702 5209 1895 5278 acqui-

245 5288 493 5344 sitionem
519 5290 725 5345 salutis
750 5306 852 5361 per
879 5291 1175 5346 Dominum
1217 5298 1464 5347 nostrum
1507 5293 1691 5347 Iesum
1738 5294 1893 5349 Chri-

244 5384 403 5442 stum,
435 5380 539 5449 qui
563 5387 815 5435 mortuus
853 5388 932 5436 est
953 5397 1054 5452 pro
1102 5380 1276 5446 nobis,
1310 5387 1386 5444 ut,
1419 5382 1532 5436 sive
1578 5383 1890 5450 vigilemus,

246 5465 353 5520 sive
395 5465 769 5534 dormiamus,
818 5486 942 5524 cum
982 5470 1078 5525 illo
1124 5471 1378 5526 vivamus
1425 5470 1471 5539 (I
1515 5469 1689 5525 Thess.
1731 5489 1786 5536 v,
1816 5472 1890 5543 9).

247 5550 307 5607 In
337 5554 560 5626 quibus
600 5557 798 5614 verbis
844 5557 1169 5631 vigilantes,
1202 5558 1481 5625 viventes,
1515 5557 1891 5627 dormientes,

247 5647 506 5701 mortuos
558 5644 814 5717 intelligi
866 5646 1067 5718 voluit,
1101 5647 1255 5703 sicut
1306 5646 1517 5704 iterum
1561 5646 1741 5703 dicit:
1775 5648 1897 5706 Sive

2003 4688 2255 4743 quorum
2287 4667 2526 4724 nomina
2545 4666 3038 4729 memorantur,et
3063 4661 3287 4718 caeteris
3300 4659 3651 4716 omnibusin

2004 4761 2233 4815 Christo
2254 4755 2691 4830 quiescentibus
2723 4754 2899 4808 locum
2928 4752 3228 4822 refrigerii,
3256 4749 3357 4805 ubi
3385 4766 3499 4805 non
3515 4766 3649 4804 sen-

2004 4849 2160 4904 tiunt
2190 4846 2424 4903 ardores
2457 4857 2781 4916 poenarum.
2815 4849 2866 4897 et
2891 4842 3050 4906 lucis,
3075 4840 3145 4896 de
3172 4856 3289 4912 qua
3319 4837 3647 4894 Psalmista:

2004 4940 2071 4993 Et
2091 4938 2335 5009 placeam
2365 4948 2548 4988 coram
2577 4931 2680 4986 Deo
2707 4938 2765 4985 tn
2799 4930 3006 4985 lumine
3036 4929 3333 4985 viventium
3362 4927 3536 4997 (Psal.
3561 4942 3649 4992 ιν,

2006 5027 2115 5097 lli).
2148 5027 2211 5081 Et
2234 5024 2406 5096 pacis,
2441 5022 2512 5076 de
2540 5037 2659 5091 qua
2677 5021 2883 5092 justus
2920 5018 3153 5074 Simeon
3180 5035 3192 5073 :
3218 5018 3373 5073 Nunc
3418 5014 3652 5070 dimittis

2002 5132 2220 5172 servum
2268 5122 2444 5176 tuum,
2483 5111 2731 5176 Domine,
2780 5108 3085 5164 secundum
3122 5106 3343 5162 verbum
3392 5113 3549 5160 tuum
3596 5104 3653 5156 in

1998 5221 2131 5277 pace
2160 5204 2307 5275 (Luc.
2337 5201 2528 5268 11,59).
2562 5200 2629 5254 Et
2675 5199 2733 5253 in
2782 5215 2898 5269 qua
2939 5200 3279 5253 sanctorum
3327 5197 3650 5264 martyrum

2004 5293 2210 5349 anima:
2242 5290 2573 5363 quiescunt,
2606 5288 2833 5342 dicente
2867 5284 3136 5358 Sriptura
3168 5301 3181 5341 ς
3218 5285 3330 5339 Visi
3365 5288 3493 5337 sunt
3527 5295 3651 5335 ocu-

2005 5385 2075 5439 lis
2126 5382 2507 5453 insipientium
2552 5377 2709 5442 mori,
2743 5376 2830 5431 illi
2879 5383 3058 5430 autem
3100 5381 3228 5429 sunt
3260 5374 3318 5426 in
3340 5385 3472 5441 pace
3502 5366 3650 5439 (Sap.

2006 5490 2089 5539 111,
2123 5475 2178 5535 ‘2,
2213 5470 2265 5542 3)

2072 5561 2133 5615 7|
2152 5605 2163 5616 .
2180 5560 2337 5615 Hanc
2370 5562 2565 5613 autem
2584 5554 2744 5627 piam
2767 5556 2823 5608 et
2836 5551 3170 5624 religiosam
3197 5546 3654 5614 observantiam,

2007 5666 2185 5724 quam
2215 5645 2613 5719 exapostolica
2644 5641 2769 5698 sine
2796 5641 2976 5697 dubio
2993 5637 3305 5696 traditione
3318 5640 3657 5708 susceptam
