4068 6190
400 337 487 404 63
1488 347 1732 410 FLOR]
1773 345 2036 409 DIACOI‘

2148 346 2703 411 LUGDUNENSIS.
2986 374 2993 389 ε
3733 340 3815 403 61

412 473 689 533 universa
717 474 775 533 in
809 478 1030 536 mundo
1062 477 1430 537 uniformiter
1458 484 1514 537 et
1552 477 1853 537 celebriter
1898 482 2054 536 tenet
2084 479 2137 546 Α
2166 496 2273 535 nos
2295 479 2395 535 Dei
2430 478 2617 552 pietas
2647 478 2980 536 introducat
3031 478 3326 553 petimus;
3360 482 3426 536 ut
3473 476 3643 536 nobis
3692 493 3808 534 non

412 563 686 634 Ecclesia,
706 566 881 622 etiam
911 567 1135 625 Veteris
1158 568 1513 626 Testamenti
1540 569 1837 640 Scriptura
1854 573 1910 624 et
1923 586 2054 624 con-

409 654 657 711 suetudo
671 673 704 711 a
717 655 982 713 Patribus
996 659 1286 714 custodita
1298 658 1746 730 diligentissime
1765 674 2053 713 commen-

410 742 529 799 dat.
550 744 823 818 Legimus
857 762 1111 819 namque
1128 748 1183 801 in
1205 747 1669 803 Machabaeorum
1693 747 1878 814 libris,
1897 748 2046 819 quod

405 832 494 886 vir
521 833 882 890 fortissimus
913 839 969 891 et
997 837 1256 907 pontifex
1299 836 1502 903 Judas,
1537 836 1845 891 duodecim
1868 835 2052 891 millia

405 922 718 978 drachmas
741 923 963 996 argenti
991 924 1132 979 nisit
1160 924 1583 997 Jerosolymam
1600 925 1787 980 offerri
1806 942 1907 997 pro
1924 942 2049 997 pec-

404 1011 551 1066 catis
565 1016 925 1067 mortuorum
944 1013 1110 1084 quiin
1130 1013 1280 1069 bello
1305 1014 1653 1082 ceciderant,
1673 1013 2049 1069 considerans

405 1101 561 1172 quod
594 1101 652 1155 hi
685 1101 782 1173 qui
813 1118 944 1156 cum
982 1103 1191 1174 pietate
1225 1102 1633 1158 dormitionem
1685 1108 2044 1173 acceperant,

402 1188 682 1261 optimam
715 1190 994 1245 haberent
1026 1191 1338 1262 repositam
1371 1191 1648 1263 gratiam;
1678 1191 1847 1246 ubict
1864 1191 2045 1246 hocin

402 1277 677 1334 laudibus
709 1278 844 1334 ﬁdei
869 1281 995 1351 ejus
1009 1280 1371 1352 adjungitur,
1389 1280 1526 1352 quia
1543 1284 1599 1335 et
1611 1284 1811 1335 sancta
1824 1284 1879 1333 et
1896 1279 2046 1335 salu-

401 1366 490 1423 bri
520 1367 869 1441 cogitatione
894 1385 996 1439 pro
1026 1368 1315 1425 defunctis
1345 1370 1637 1436 exorabat,
1658 1374 1779 1424 uta
1810 1377 2042 1441 peccato

398 1456 781 1513 solverentur.
813 1456 1089 1529 Sequitur
1116 1456 1175 1512 in
1210 1459 1483 1531 mysterio
1519 1475 1532 1513 :

466 1548 737 1603 72.1Vobis
752 1563 967 1619 quoque
978 1546 1377 1617 peccatoribus
1398 1546 1646 1621 famulis
1664 1547 2042 1614 tuis,etc.,us-

397 1652 509 1708 que
535 1641 643 1692 Per
671 1635 958 1691 Christum
983 1636 1281 1691 dominum
1305 1642 1585 1692 nos/rum.
1602 1636 2040 1691 Commendatio

396 1741 500 1797 pro
527 1723 831 1796 spiritibus
856 1725 1260 1780 defunctorum
1277 1742 1377 1797 per
1401 1725 1751 1782 oblationem
1782 1724 2035 1797 pietatis,

397 1816 463 1868 ut
494 1811 551 1867 in
582 1813 767 1868 beatis
800 1812 1115 1869 electorum
1142 1814 1382 1870 sedibus
1421 1818 1755 1869 mereantur
1776 1814 2037 1869 obtinere

395 1890 587 1957 locum
619 1900 1085 1975 ref'rigerii,lucis
1108 1907 1167 1958 et
1194 1902 1375 1974 pacis.
1393 1905 1824 1975 Consequenter
1841 1906 2041 1957 oratur

393 1990 766 2062 omnipotens
796 1989 947 2046 Deus
978 1991 1228 2047 utetiam
1243 1996 1478 2047 caeteros
1493 1991 1710 2059 ﬁdeles,
1732 1990 1828 2063 qui
1844 2008 2041 2063 super-

393 2078 561 2135 stites
590 2084 729 2135 sunt
757 2084 814 2135 et
841 2079 1060 2136 vivunt.
1086 2079 1145 2134 id
1175 2085 1263 2136 est
1293 2080 1625 2136 sacerdotes
1644 2085 1700 2136 et
1729 2078 2034 2151 pOpulum,

392 2184 495 2241 per
525 2168 797 2224 virtutem
815 2173 871 2224 et
881 2169 1127 2241 gratiam
1145 2170 1272 2241 ejus
1298 2170 1452 2224 Deus
1482 2168 1829 2226 venerabilis
1844 2185 2036 2225 sacra-

391 2257 573 2312 menti
596 2256 820 2312 auxilio
849 2258 917 2312 ad
951 2258 1214 2313 eamdem
1266 2257 1685 2313 beatitudinem
1735 2258 2034 2329 perducat,

392 2346 595 2401 Totius
618 2362 872 2417 namque
891 2345 1156 2401 Ecclesia:
1204 2364 1312 2401 vox
1341 2351 1449 2415 est,
1481 2347 1535 2401 id
1565 2351 1652 2402 est
1669 2347 2035 2401 sacerdotum

390 2438 448 2491 et
479 2434 734 2508 plebium
768 2452 901 2491 cum
932 2435 1265 2492 humilitate
1287 2441 1344 2492 et
1371 2436 1715 2492 contritione
1747 2435 2036 2492 cordisdi-

389 2522 649 2580 centium
681 2524 796 2579 Deo
831 2542 844 2579 :
881 2523 1302 2599 Nobisiquoque
1342 2526 1754 2597 peccatoribus
1778 2523 2036 2599 famulis

390 2613 510 2668 tuis
543 2630 556 2667 :
591 2611 746 2684 quia,
780 2612 914 2669 licet
943 2598 1101 2668 omni
1134 2618 1394 2686 tempore
1428 2618 1758 2687 peccatores
1780 2598 2035 2669 nosesse

389 2717 460 2758 ex
492 2701 662 2758 corde
693 2718 1040 2775 cognoscere
1072 2703 1618 2769 debeamus,tamen
1652 2703 1902 2758 maxime
1924 2702 2034 2758 hoc

389 2790 667 2846 attentius
697 2791 990 2864 agendum
1011 2796 1068 2846 et
1098 2792 1495 2847 conﬁtendum
1527 2797 1636 2859 cst,
1668 2810 1801 2848 cum
1843 2792 1901 2847 in
1933 2791 2032 2847 illo

386 2895 554 2935 sacro
584 2880 860 2952 mysterio
892 2880 1219 2936 celebratur
1245 2880 1609 2937 remissionis
1622 2880 2034 2955 gratia,indul-

386 2968 585 3043 gentia
612 2972 1005 3040 peccatorum,
1024 2974 1081 3025 et
1093 2986 1224 3025 cum
1250 2968 1581 3025 humilitate
1603 2976 1660 3025 et
1689 2971 2033 3031 contritione

393 3057 587 3114 cordis
611 3057 924 3113 dicendum
955 3058 1068 3114 Deo
1103 3076 1115 3113 :
1150 3061 1325 3116 Nobis
1364 3076 1580 3133 quoque
1624 3061 2033 3132 peccatoribus

387 3145 636 3221 famulis
663 3149 801 3216 tuis,
836 3146 997 3219 quia,
1030 3147 1181 3203 sicut
1209 3148 1491 3220 scriptum
1525 3154 1634 3212 est,
1670 3148 1776 3205 ctsi
1827 3165 2033 3220 pecca-

2166 568 2345 623 nostri
2380 567 2571 624 meriti
2602 568 2937 636 mstimator,
2955 570 3054 625 sed
3085 570 3265 624 veniae
3298 569 3371 624 sit
3403 567 3682 641 largitor;
3720 571 3809 634 ut,

2163 656 2300 727 quia
2332 659 2665 711 sanctorum
2690 657 2950 712 societati
2965 674 3068 729 per
3081 657 3352 713 meritum
3365 656 3535 728 jungi
3553 672 3667 711 non
3684 672 3812 727 pos-

2162 762 2392 811 sumus,
2426 761 2529 817 per
2569 744 2995 818 indulgentiam
3045 747 3491 819 conjungamur.
3540 743 3599 799 Si
3648 743 3807 799 enim

2160 832 2536 899 mstimemur,
2553 837 2607 889 et
2630 834 3064 906 divinojudicio
3096 832 3720 906 ponderemur,nullus
3734 833 3807 887 ad

2160 921 2556 994 apostolorum
2588 926 2642 977 et
2675 927 2999 995 martyrum
3031 924 3368 978 societatem
3413 925 3706 994 assurget.
3742 922 3806 976 In

2160 1012 2481 1066 ﬁneautem
2508 1012 2681 1083 hujus
2710 1011 3011 1078 orationis,
3030 1012 3181 1066 sicut
3199 1016 3255 1066 et
3274 1012 3331 1066 in
3355 1011 3805 1083 czeterisprzece-

2157 1100 2431 1156 dentibus
2445 1099 2928 1172 subjungiturper
2940 1100 3215 1155 Christum
3231 1101 3521 1155 Dominum
3532 1107 3802 1167 nostrum,

2156 1193 2212 1243 et
2243 1189 2441 1244 statim
2473 1187 2768 1244 conclusio
2804 1188 2984 1244 totius
3028 1189 3483 1245 consecrationis
3533 1189 3807 1261 sequitur

2154 1277 2397 1333 dicendo
2428 1295 2440 1333 :
2942 1276 2949 1283 “

2221 1368 2312 1422 73.
2351 1372 2454 1423 Per
2482 1383 2641 1439 quem
2668 1367 2855 1426 omnia
2892 1382 3103 1438 semper
3154 1366 3295 1422 bona
3342 1382 3513 1432 creas,
3547 1370 3657 1421 etc.
3695 1371 3806 1422 Per

2152 1455 2347 1528 ipsum
2380 1455 2535 1511 enim
2565 1455 2936 1527 omnipotens
2972 1455 3256 1510 Deushaec
3279 1456 3433 1511 bona
3461 1455 3802 1528 omniaquae

2151 1545 2336 1599 sacris
2369 1544 2652 1601 altaribus
2682 1548 3101 1599 consecrantur
3140 1561 3253 1599 non
3300 1543 3491 1600 solum
3525 1544 3585 1599 in
3634 1560 3802 1600 exor-

2150 1634 2245 1689 dio
2278 1633 2481 1689 mundi
2515 1634 2749 1698 creavit,
2781 1633 3084 1688 condendo
3125 1633 3281 1705 quod
3334 1626 3471 1688 non.
3502 1638 3664 1700 erat;
3700 1650 3805 1706 per

2148 1724 2419 1779 eumdem
2451 1721 2819 1794 unigenitum
2838 1723 3093 1777 Verbum
3126 1739 3299 1777 suum
3326 1721 3563 1795 dlxit,et
3580 1722 3801 1779 factum

2151 1816 2239 1866 est
2271 1828 2283 1866 :
2320 1810 2592 1866 Germth
2629 1819 2773 1866 terra
2825 1811 3048 1865 herbam
3092 1812 3357 1866 virentem
3403 1818 3454 1866 et
3483 1810 3802 1883 offerentem

2149 1916 2349 1967 semen,
2378 1901 2699 1972 lignumque
2725 1900 3057 1971 pomiferum
3083 1901 3293 1971 faciens
3310 1901 3552 1971 fructum
3569 1900 3724 1973 (Gen.
3756 1917 3797 1967 ι,

2149 1989 2236 2061 Η)
2270 1989 2365 2044 :in
2398 2006 2515 2061 qua
2541 1988 2830 2044 creatione
2863 1988 3066 2059 utique
3098 1992 3154 2042 et
3185 1987 3367 2043 herba
3405 1987 3683 2043 frumenti
3737 1992 3797 2043 et

2146 2077 2372 2152 lignum
2404 2078 2519 2132 vini
2543 2081 2866 2133 exortatum
2884 2081 3000 2143 est;
3026 2076 3125 2131 sed
3140 2076 3316 2131 etiam
3339 2093 3571 2149 semper
3587 2077 3794 2132 eadem

2146 2168 2299 2224 bona
2328 2170 2486 2223 creat
2517 2165 2890 2239 propagando
2921 2169 2978 2221 et
3008 2166 3352 2237 reparando,
3386 2170 3451 2220 ut
3478 2182 3583 2238 per
3610 2180 3797 2223 annos

2147 2256 2408 2329 singulos
2438 2260 2493 2312 et
2524 2272 2680 2311 novae
2712 2259 2936 2326 segetes
2959 2259 3014 2309 et
3027 2271 3175 2309 nova
3201 2255 3337 2310 vina
3356 2255 3797 2311 nascantur.De

2145 2348 2254 2403 hac
2295 2363 2549 2418 namque
2597 2345 2935 2418 operatione
2985 2346 3272 2417 regendae,
3304 2345 3692 2417 propagandae
3738 2349 3801 2400 et

2144 2436 2477 2510 reparanda:
2510 2439 2807 2501 creaturae,
2822 2432 2948 2506 ipse
2969 2433 3310 2505 unigenitus
3334 2432 3515 2489 Filius
3530 2432 3587 2487 in
3603 2434 3792 2488 Evan-

2143 2525 2290 2599 gelio
2321 2525 2462 2581 dicit
2488 2525 2562 2581 ad
2592 2523 2825 2579 Judaeos
2857 2522 3236 2596 indignantes
3269 2522 3423 2595 quod
3457 2522 3516 2576 in
3547 2522 3795 2579 sabbato

2142 2619 2418 2672 curaret:
2454 2620 2621 2669 Pater
2666 2629 2816 2667 meus
2867 2628 3035 2683 usque
3070 2610 3227 2667 modo
3276 2619 3551 2683 operatur,
3599 2619 3650 2667 et
3697 2627 3796 2681 ego

2141 2719 2349 2775 cperor,
2384 2706 2667 2773 tanquam
2709 2700 2959 2755 diceret:
2988 2700 3113 2755 Non
3163 2716 3264 2755 sex
3302 2703 3531 2754 tantum
3582 2699 3793 2757 diebus

2142 2791 2371 2864 primis,
2405 2794 2471 2846 ut
2499 2789 2742 2862 putatis,
2777 2789 2965 2854 Pater,
2988 2791 3262 2859 operatus
3310 2792 3418 2856 est,
3449 2789 3547 2843 sed
3601 2804 3796 2860 usque

2143 2881 2315 2936 modo
2339 2882 2632 2952 operatur,
2667 2895 2783 2933 non
2832 2893 3046 2932 novum
3098 2881 3377 2932 creaturae
3401 2892 3589 2949 genus
3618 2875 3790 2932 insti-

2142 2969 2493 3036 tuendo,sed
2529 2968 2726 3040 quaein
2756 2965 3042 3038 principio
3066 2968 3379 3031 creaverat,
3397 2982 3468 3020 ne
3490 2966 3787 3034 deﬁciant,

2141 3057 2537 3131 propagando.
2576 3056 2804 3129 (VIGIL.)
2835 3057 2899 3110 Et
2928 3071 3044 3123 ego,
3076 3054 3285 3126 inquit,
3316 3070 3532 3125 cperor,
3566 3054 3789 3110 subau—

2143 3147 2301 3202 ditur
2319 3162 2504 3218 usque
2517 3146 2710 3212 modo,
2728 3161 2861 3200 cum
2885 3160 2951 3199 eo
2965 3149 3179 3199 cuncta
3200 3144 3539 3216 disponens,
3555 3159 3787 3216 regens,

385 3234 664 3302 verimus,
696 3234 783 3291 tui
815 3249 1043 3302 sumis,
1078 3236 1329 3293 scientes
1350 3224 1816 3309 magnitudinem
1845 3244 2026 3304 tuam,
2060 3223 2102 3289 C
2141 3234 2621 3292 accumulans.ln
2644 3233 2861 3305 quibus
2884 3233 3076 3288 verbis
3090 3231 3373 3304 aequalem
3408 3249 3470 3287 se
3502 3232 3617 3288 Deo
3633 3233 3788 3289 Patri

391 3339 507 3380 non
540 3324 612 3379 de
634 3323 771 3380 ullis
800 3324 1018 3380 nostris
1051 3325 1409 3391 meritis,sed
1433 3327 1506 3381 de
1536 3325 2030 3382 multitudinemi—

385 3413 745 3467 serationum
775 3417 1021 3468 tuarum
1049 3413 1474 3483 separantibus,
1508 3414 1680 3468 corde
1712 3414 1768 3468 in
1803 3412 2028 3485 psalmo

387 3502 789 3557 cantamus:Et
798 3503 1107 3557 secundum
1122 3518 1221 3556 mu
1231 3501 1572 3558 ttitudinem
1585 3505 1830 3559 miserat
1837 3504 2027 3558 ianum

385 3595 633 3645 tuarum
682 3588 817 3645 dele
852 3590 1218 3663 iniquitatem
1267 3607 1455 3646 meam
1503 3590 1689 3659 (Psal.
1722 3609 1786 3662 1.,
1812 3593 1885 3660 3).
1921 3592 2028 3647 Re-

388 3679 682 3737 cordanda
723 3695 978 3750 namque
1027 3683 1167 3734 sunt
1212 3677 1271 3733 in
1300 3679 1406 3734 hoc
1435 3679 1579 3747 loco,
1612 3683 1669 3734 et
1724 3680 2033 3753 diligenter

386 3766 736 3823 inculcanda
762 3767 934 3822 verba
964 3766 1246 3839 Apostoli,
1278 3767 1562 3823 dicentis:
1599 3770 1786 3824 Omnis
1800 3786 2033 3841 namque

387 3855 631 3913 sacerdos
661 3872 731 3911 ex
757 3856 1072 3912 hminibus
1103 3865 1430 3928 assumptus,
1440 3873 1545 3928 pro
1575 3859 1888 3914 hominibus
1900 3875 2031 3915 con-

388 3946 614 4001 situitur
644 3947 703 4001 in
733 3945 820 4000 his
849 3959 976 4018 qua?
993 3954 1123 4001 sunt
1153 3946 1222 4001 ad
1251 3947 1438 4015 Deum,
1471 3954 1532 4002 ut
1573 3948 1765 4019 offerat
1813 3947 1955 4003 dona
1983 3957 2034 4003 et

385 4035 661 4106 sacriﬁcia
687 4050 787 4107 pro
812 4035 1045 4105 peccatis
1073 4052 1092 4088 :
1123 4036 1219 4106 qui
1265 4035 1546 4090 condolcrc
1585 4039 1756 4108 possit
1801 4039 1889 4091 his
1935 4039 2033 4108 qui

387 4126 647 4193 ignorant
673 4131 727 4179 et
744 4131 951 4191 errant,
982 4126 1245 4197 quoniam
1285 4132 1337 4179 et
1384 4125 1498 4197 ipse
1544 4126 1914 4181 circumdatus
1957 4134 2034 4181 est

389 4213 729 4284 inﬁrmitate,
778 4220 830 4269 et
874 4220 1157 4286 propterea
1203 4213 1373 4280 debet,
1424 4213 1875 4285 quemadmodum
1930 4230 2031 4285 pro

385 4304 605 4374 populo,
640 4304 716 4358 ita
743 4304 911 4358 etiam
937 4319 1037 4374 pro
1067 4319 1124 4358 se
1152 4302 1345 4374 offerre
1369 4319 1470 4374 pro
1498 4305 1730 4374 peccatis
1759 4305 1941 4373 (Hebr.
1974 4322 2028 4372 ν,

388 4392 566 4464 1).Αά
598 4392 753 4464 quod
775 4391 981 4448 beatus
1002 4390 1385 4463 Gregoriusin
1411 4391 1663 4462 quodam
1698 4391 2033 4449 locoexhor—

386 4486 522 4536 tans
555 4480 721 4536 dicit;
745 4503 772 4530 «
808 4481 919 4537 Sed
952 4495 1186 4534 necesse
1219 4482 1309 4534 est
1337 4482 1421 4546 ut,
1457 4495 1591 4533 cum
1623 4478 1744 4535 haec
1775 4481 2028 4553 agimus,

389 4569 780 4641 nosmetipsos
810 4569 925 4624 Deo
956 4568 1014 4623 in
1046 4568 1236 4624 cordis
1277 4568 1623 4624 contritione
1663 4573 1988 4626 mactemus
2017 4588 2029 4638 ;
2064 4594 2109 4658 Β

389 4658 529 4730 quia
550 4657 647 4728 qui
680 4657 971 4729 passionis
993 4655 1306 4712 Dominicis
1338 4656 1615 4729 mysteria
1643 4656 2027 4725 celebramus,

389 4746 673 4801 debemus
704 4745 921 4800 imitari
951 4746 1104 4817 quod
1134 4746 1385 4819 agimus.
1410 4746 1573 4800 Tunc
1604 4745 1758 4802 enim
1788 4765 2032 4820 veropro

390 4833 560 4890 nobis
590 4834 705 4888 Deo
737 4832 928 4889 hostia
949 4833 1078 4891 erit.
1093 4851 1226 4890 cum
1242 4853 1349 4892 nos
1368 4835 1528 4909 ipsos
1546 4835 1800 4891 hostiam
1818 4837 2031 4893 fecerit.

390 4923 602 4979 Oratur
622 4922 818 4993 itaque
847 4921 1216 4993 omnipotens
1230 4925 1402 4993 Deus,
1420 4930 1611 4981 utnon
1625 4925 1816 4982 solum
1828 4926 2032 4981 defun-

391 5012 521 5077 ctis,
556 5027 804 5083 quorum
860 5027 1039 5082 supra
1087 5013 1561 5070 commemoratio
1608 5015 1759 5071 facta
1798 5020 1906 5086 est,
1934 5016 2033 5072 sed

389 5101 565 5157 etiam
589 5098 758 5154 nobis
789 5098 1214 5170 peccatoribus,
1231 5099 1302 5154 de
1316 5101 1693 5160 multltudine
1708 5106 2035 5161 miseratio-

392 5207 533 5246 num
567 5204 811 5244 suarum
828 5187 1220 5260 sperantibus,
1246 5192 1471 5259 partem
1502 5190 1757 5261 aliquam
1781 5199 1840 5250 et
1859 5196 2038 5251 socie-

390 5284 569 5336 tatem
601 5276 817 5333 donare
843 5277 1117 5349 dignetur
1146 5292 1279 5331 cum
1303 5276 1427 5331 suis
1449 5278 1667 5333 sanctis
1691 5284 1968 5353 apostolis
1980 5288 2036 5340 et

391 5367 750 5440 martyribus
779 5370 833 5423 et
865 5365 1139 5421 omnibus
1171 5364 1389 5421 sanctis
1415 5382 1519 5437 pro
1543 5368 1778 5425 modulo
1810 5378 2030 5442 nostro;

392 5456 606 5527 quibus
638 5472 793 5511 nunc
823 5452 1713 5525 sociamurpercommunionem
1731 5458 2033 5527 ﬁdei,cum

392 5543 538 5616 ipsis
565 5542 739 5599 etiam
775 5543 1111 5600 societatem
1141 5540 1341 5597 vitaeet
1370 5542 1704 5600 beatudinis
1734 5551 2033 5607 mternzein

391 5630 592 5691 futuro
622 5630 1435 5704 accipiamus.lntraquorum
1458 5648 1563 5687 nos
1597 5636 1952 5693 consortium
1969 5644 2035 5697 ut

2139 3322 2613 3380 manifestissime
2626 3321 2957 3394 praedicavit
2972 3339 2984 3376 :
3001 3322 3139 3395 quia
3160 3338 3408 3394 quorum
3433 3338 3551 3377 una
3561 3322 3792 3378 eadem-

2138 3430 2251 3495 qu'e
2281 3410 2774 3485 operatio,procul
2806 3409 2981 3465 dubio
3015 3408 3257 3481 aequalis
3276 3414 3365 3466 est
3393 3415 3452 3467 et
3483 3411 3786 3481 majestas.

2140 3503 2245 3558 Per
2274 3501 2470 3575 ipsum
2503 3501 2763 3566 enim,ut
2792 3499 3013 3555 dictum
3046 3499 3325 3565 est,Deus
3356 3499 3791 3556 Paterhaacom-

2138 3592 2236 3647 nia
2267 3592 2417 3646 bona
2435 3606 2664 3661 semper
2678 3593 2857 3653 creat,
2872 3593 2930 3643 et
2942 3592 3134 3643 creato
3152 3605 3219 3643 ac
3232 3586 3359 3643 suis
3370 3589 3788 3660 conspectibus

2139 3680 2332 3736 oblata
2360 3677 2706 3745 sanctiﬁcat,
2742 3682 2808 3732 ut
2838 3694 2965 3748 quae
2996 3680 3162 3732 erant
3206 3675 3454 3748 simplex
3492 3681 3782 3741 creatura,

2140 3770 2283 3824 ﬁant
2312 3771 2714 3835 sacramenta;
2745 3766 2945 3837 sicque
2975 3764 3392 3821 sanctiﬁcando
3423 3764 3689 3833 viviilcet,
3719 3770 3789 3821 ut

2139 3857 2258 3913 sint
2288 3856 2562 3930 mysteria
2581 3855 2734 3924 vitae,
2769 3858 2833 3909 ut
2862 3859 3133 3909 sumatur
3161 3853 3219 3908 in
3243 3853 3326 3910 eis
3354 3854 3490 3922 vita,
3526 3858 3592 3909 ut
3636 3853 3784 3910 vita-

2138 3946 2251 4003 lem
2276 3945 2663 4001 substantiam
2686 3943 3106 4015 accipientibus
3122 3943 3591 3999 subministrent.
3609 3943 3786 3999 Sanc-

2138 4035 2413 4091 tiﬁcando
2427 4039 2622 4089 autem
2639 4032 3051 4088 etviviﬁcando
3069 4030 3440 4087 ineﬁabiliter
3468 4031 3780 4096 benedicit,

2140 4123 2277 4196 quia
2307 4140 2375 4178 ea
2403 4122 2561 4178 omni
2581 4120 2984 4177 benedictione
3001 4118 3218 4174 ccelesti
3245 4119 3787 4192 etgratiaaccumu-

2138 4212 2241 4269 lat.
2275 4212 2362 4268 Ita
2388 4229 2520 4267 vero
2553 4208 2932 4277 sanctiﬁcata,
2968 4212 3025 4263 et
3054 4208 3362 4275 viviﬁcata,
3394 4213 3452 4264 et
3480 4209 3788 4267 benedicta

2140 4304 2378 4375 praestat
2408 4300 2578 4355 nobis
2607 4316 2713 4371 per
2732 4299 3003 4354 eumdem
3032 4314 3232 4353 secum
3265 4298 3483 4369 pariter
3524 4298 3789 4354 sanctiﬁ-

2140 4395 2390 4457 cantem,
2415 4389 2803 4444 vivificantem
2830 4391 2886 4443 et
2916 4387 3490 4458 benediceutem,qui
3524 4387 3693 4443 nobis
3715 4387 3790 4443 de

2140 4495 2379 4550 corpore
2408 4481 2465 4533 et
2492 4477 2779 4549 sanguine
2809 4492 2914 4532 suo
2943 4476 3103 4531 dedit
3133 4480 3253 4531 tam
3298 4476 3598 4532 salubrem
3641 4476 3789 4531 refe-

2140 4569 2411 4624 ctionem.
2447 4565 3003 4636 (Auc.)Manducent
3032 4581 3167 4638 ergo
3198 4564 3300 4636 qui
3333 4565 3715 4633 manducant,
3731 4568 3793 4621 et

2142 4659 2343 4714 bibant
2374 4655 2474 4728 qui
2505 4655 2737 4722 bibunt,
2754 4653 3015 4710 esuriant
3033 4658 3089 4709 et
3113 4652 3333 4722 sitiant,
3349 4653 3527 4709 vitam
3548 4654 3794 4709 mandu-

2143 4750 2293 4815 cent,
2327 4745 2504 4801 vitam
2535 4743 2758 4799 bibant.
2785 4741 2929 4797 Illud
2963 4742 3337 4809 manducare,
3364 4742 3520 4797 reﬁci
3552 4746 3657 4798 est.
3675 4743 3789 4798 Sed

2144 4835 2230 4891 sic
2278 4833 2555 4900 reﬁceris,
2585 4835 2653 4886 ut
2692 4848 2807 4887 nou
2850 4830 3083 4886 deﬁciat
3132 4830 3286 4885 unde
3327 4830 3600 4886 reﬁceris.
3635 4829 3790 4886 lllud

2144 4925 2338 4979 bibere
2370 4921 2511 4994 quid
2543 4924 2649 4988 est,
2683 4919 2796 4975 nisi
2829 4918 3056 4974 vivere?
3089 4919 3378 4975 Manduca
3420 4917 3624 4987 vitam,
3656 4918 3793 4975 bibe

2143 5013 2344 5077 vitam,
2378 5009 2621 5064 habebis
2650 5008 2850 5075 vitam,
2883 5013 2939 5062 et
2961 5008 3185 5079 integra
3211 5010 3301 5063 est
3328 5006 3464 5061 vita.
3489 5008 3654 5063 Tunc
3683 5023 3790 5062 au-

2143 5105 2263 5156 tem
2303 5098 2411 5153 hoc
2462 5096 2590 5163 erit,
2620 5095 2678 5150 id
2729 5100 2816 5151 est
2865 5096 2983 5151 vita
3013 5094 3333 5168 unicuique
3357 5095 3467 5151 erit
3495 5112 3710 5169 corpus
3729 5100 3791 5152 et

2144 5186 2386 5260 sanguis
2415 5184 2652 5251 Christi,
2679 5183 2728 5239 si
2760 5184 2914 5255 quod
2962 5183 3021 5238 in
3074 5188 3438 5241 sacramento
3482 5184 3794 5240 visibiliter

2143 5276 2415 5341 sumitur,
2442 5272 2501 5327 in
2536 5273 2665 5344 ipsa
2687 5272 2925 5328 veritate
2955 5272 3341 5344 spiritualiter
3378 5275 3790 5343 manducetur,

2144 5362 2487 5440 spiritaliter
2517 5361 2770 5416 bibatur:

2209 5458 2299 5512 74.
2336 5454 2441 5509 Per
2486 5451 2681 5523 ipsum
2730 5466 2887 5523 ergo,
2921 5456 2987 5507 ut
3034 5451 3254 5508 dictum
3299 5458 3407 5520 est,
3438 5452 3594 5508 Deus
3624 5452 3797 5508 Pater

2143 5548 2264 5604 haec
2290 5540 2485 5601 omnia
2513 5540 2667 5594 bona
2696 5540 3114 5597 sanctiﬁcando
3145 5545 3202 5597 et
3230 5540 3796 5597 viviﬁcandoineﬁ‘a-

2143 5637 2336 5694 biliter
2364 5627 2676 5698 benedicit,
2695 5627 2835 5701 quia
2863 5646 2932 5687 ea
2963 5629 3122 5687 omni
3152 5629 3554 5688 benedictiene
3566 5628 3793 5687 scelesti
