4068 6190
230 309 298 368 73
1248 306 1655 369 OPUSCULA
1700 305 2112 367 ADVERSUS
2158 305 2654 369 AMALAlilUM.
3552 314 3629 371 74

225 456 365 506 eres,
389 438 628 495 Domini
658 443 751 496 est
778 456 953 496 causa
974 456 1153 512 quam
1176 439 1435 512 loquitur
1457 457 1469 495 :
1499 439 1676 512 digua
1697 442 1871 506 certe,
1904 438 1955 507 Α
1988 439 2253 509 gravitati
2276 438 2737 511 fastidiosum,et
2757 458 2896 497 mea:
2913 442 3356 514 supplicationis
3376 444 3629 500 sermoni

224 544 345 600 quae
366 545 402 583 a
424 527 772 584 melioribus
793 534 1166 601 suggereretu
1177 546 1222 595 r,
1239 533 1294 583 ct
1315 527 1524 583 idonea
1542 545 1668 599 qua
1692 528 1763 583 ad
1786 544 1875 582 ve-

218 622 404 672 strum
428 618 560 689 jam
588 617 732 672 olim
756 617 1049 689 judicium
1072 617 1461 673 examinanda
1490 618 1871 688 perferretur;

217 706 313 761 sed
345 705 633 778 quoniam
686 705 896 762 fortius
935 704 1189 762 clamare
1237 705 1428 762 solent
1474 706 1574 777 qui
1619 706 1874 762 atrocius

213 794 513 866 vapulant,
540 800 599 850 et
624 794 727 867 qui
758 795 1016 852 maxima
1039 798 1280 868 cogente
1314 794 1637 867 indigentia
1661 795 1875 867 impor-

213 883 413 939 tunius
436 882 766 956 postulant,
794 883 1169 940 miseratione
1192 883 1387 956 potius
1408 901 1588 956 quam
1612 883 1876 956 indigna-

215 972 367 1028 tione
397 973 567 1045 digni
598 972 929 1029 habentur:
954 974 1031 1029 sit
1065 978 1125 1029 et
1155 972 1301 1028 mihi
1332 972 1578 1030 minimo
1612 974 1724 1029 sub
1746 990 1872 1029 ves-

212 1066 298 1118 tra
326 1062 545 1133 pietate
575 1066 774 1118 tutum
804 1079 870 1119 ac
900 1062 1149 1119 liberum
1172 1062 1323 1117 inter
1346 1061 1579 1134 ﬂagella
1598 1061 1874 1134 vapulan-

195 1149 287 1206 ‘tis
315 1150 588 1207 Ecclesiae
628 1150 858 1207 tristius
895 1150 1220 1217 vociferari,
1243 1152 1314 1206 de
1344 1149 1610 1207 cladibus
1648 1153 1776 1219 ejus
1807 1168 1873 1206 ac

220 1239 473 1296 miseriis
492 1240 795 1312 conqueri,
817 1243 873 1296 et
898 1257 932 1296 a
952 1239 1114 1296 vobis
1148 1244 1400 1311 paterna:
1430 1238 1558 1313 opis
1587 1240 1871 1296 auxilium

219 1328 540 1402 deprecari.

279 1422 334 1473 2.
361 1418 587 1475 Idcirco
612 1418 770 1474 enim
793 1418 866 1474 ad
897 1435 1019 1487 vos,
1044 1436 1076 1473 ο
1108 1418 1330 1474 domini
1353 1423 1410 1474 et
1430 1423 1633 1475 Patres
1663 1419 1873 1475 beatis-

217 1505 371 1575 simi,
405 1507 511 1579 qui
542 1511 603 1563 et
633 1506 937 1580 dignitatis
965 1506 1245 1573 culmine,
1268 1514 1325 1563 et
1356 1506 1489 1563 ﬁdei
1517 1507 1870 1573 sinceritate,

212 1603 262 1653 et
294 1597 397 1653 Dei
433 1596 666 1664 timore,
698 1601 756 1652 et
805 1596 1061 1653 scientia:
1112 1597 1404 1668 probitate
1435 1596 1786 1668 praecellitis,
1816 1600 1874 1652 et

216 1686 600 1760 Lugdunensi
642 1684 912 1742 Ecclesia:
955 1686 1192 1758 quidem
1236 1686 1582 1742 familiarius
1608 1686 1871 1742 obstricti

1982 527 2210 583 videtur
2239 529 2649 601 incongruum,
2668 547 2841 601 quem
2874 536 3070 586 metuo
3099 533 3273 587 rebus
3304 532 3525 587 frivolis
3550 534 3631 588 fa-

1984 633 2111 671 cere
2144 616 2534 687 prolixiorem,
2567 636 2638 673 ne
2673 620 2730 672 in
2764 620 2932 675 seriis
2962 638 3027 675 ac
3060 621 3405 677 necessariis
3436 638 3636 677 onero-

1984 705 2102 760 sior
2125 706 2412 761 videatur.
2438 706 2595 762 Cerie
2628 707 2759 762 libri
2808 708 2919 780 ipsi
2954 710 3068 765 fere
3118 711 3334 781 ubique
3363 710 3634 782 dispersi,

1984 795 2102 850 fere
2132 796 2409 852 omnibus
2460 796 2580 852 noti
2641 803 2797 865 sunt,
2832 815 3019 870 neque
3060 799 3351 855 ullatenus
3401 800 3636 870 ambigo

1984 884 2126 955 quin
2157 885 2423 956 gravium
2446 902 2513 940 ac
2544 888 2921 956 prudentium
2945 888 3201 944 virorum
3226 889 3450 959 judicio
3476 905 3634 945 scve-

1982 972 2108 1028 rius
2150 973 2674 1044 reprehendantur,
2721 992 2899 1046 quam
2947 975 3279 1047 exiguitatis
3336 994 3477 1033 mea:
3534 981 3638 1033 aut

1983 1061 2402 1133 comprehendi
2426 1061 2682 1135 ingenio,
2699 1070 2799 1118 aut
2821 1065 3155 1137 exaggerari
3179 1065 3631 1138 possiteloquio.

1980 1150 2272 1216 Attamen,
2298 1168 2369 1206 ne
2422 1151 2640 1206 frustra
2682 1169 2849 1223 opem
2889 1153 3157 1209 sanitatis
3190 1154 3385 1210 videar
3428 1154 3635 1227 implo-

1981 1256 2130 1309 rare,
2148 1239 2196 1295 si
2222 1240 2533 1295 dissimulo
2556 1246 2656 1296 aut
2682 1241 2926 1297 formido
2949 1241 3160 1298 vulnus
3182 1243 3467 1316 detegere,
3486 1261 3630 1299 non-

1982 1327 2148 1383 nulla
2178 1328 2263 1384 vel
2296 1329 2549 1385 breviter
2577 1331 2890 1402 replicabo.
2916 1331 3031 1387 Vos
3061 1336 3127 1386 ut
3154 1331 3404 1387 caelestis
3436 1349 3634 1404 coope-

1983 1421 2203 1472 ratores
2232 1419 2466 1488 mcdici,
2486 1420 2604 1475 sive
2626 1418 2885 1475 antidoto
2908 1420 3063 1488 ﬁdei,
3087 1420 3206 1476 sive
3235 1420 3507 1492 scapello,
3532 1425 3636 1476 aut

1981 1506 2238 1562 cauterio
2270 1507 2680 1564 sincerissima;
2710 1509 2970 1565 veritatis
2990 1513 3191 1565 curate
3220 1509 3519 1582 languida,
3543 1527 3633 1566 re-

1981 1599 2172 1650 secate
2192 1595 2447 1666 putrida,
2475 1597 2625 1653 urite
2653 1597 2880 1667 vitiosa,
2905 1602 2962 1653 et
2990 1598 3167 1653 saluti
3192 1599 3451 1671 corporis
3470 1598 3633 1654 Chri-

1980 1684 2054 1740 sti
2086 1684 2145 1739 in
2178 1701 2490 1741 commune
2541 1686 2875 1758 prospicite.
2910 1688 3098 1755 Absit,
3133 1687 3287 1743 absit
3345 1705 3379 1742 a
3433 1692 3636 1744 vestrm

209 1776 369 1844 estis,
396 1774 702 1848 querelam
732 1774 888 1831 hanc
927 1775 1305 1847 potissimum
1346 1775 1569 1831 credidi
1607 1776 1869 1831 deferen-
1900 1812 1946 1876 Β
1978 1773 2281 1842 gravitatis
2321 1791 2590 1841 censura,
2624 1780 2689 1830 ut
2738 1776 2797 1830 in
2849 1776 3191 1848 hujusmodi
3251 1777 3549 1833 erroribus
3580 1782 3639 1843 et

213 1866 392 1921 dam:
429 1870 497 1920 ut
547 1869 767 1937 quanto
816 1863 1016 1936 plures
1061 1863 1239 1919 divini
1289 1864 1553 1919 muneris
1599 1863 1871 1935 largitate

216 1954 455 2028 praeitis,
492 1959 653 2009 tanto
692 1953 1012 2009 instantius
1041 1957 1099 2009 ct
1130 1952 1461 2025 religiosius
1510 1970 1613 2025 pro
1664 1953 1870 2007 divinae

218 2044 348 2100 ﬁdei
377 2047 439 2098 et
464 2042 728 2099 veritatis
754 2042 1002 2098 tuitione
1021 2042 1282 2110 certetis;
1307 2058 1596 2098 memores
1618 2042 1875 2113 Spiritus

220 2132 404 2191 sancti
440 2148 545 2204 per
575 2130 947 2188 Salomonem
994 2130 1232 2197 talibus,
1255 2130 1459 2202 quales
1488 2130 1703 2186 Christi
1734 2131 1877 2186 estis

222 2223 428 2295 gratia,
465 2220 881 2294 prsclamantis
927 2238 940 2275 :
996 2222 1138 2276 Erue
1192 2237 1279 2275 eos
1337 2222 1436 2291 qui
1490 2220 1765 2275 ducimtur
1810 2219 1879 2274 ad

220 2320 472 2373 mortem.
502 2318 553 2366 ct
582 2312 679 2381 qui
717 2309 1012 2366 trahuntur
1056 2309 1126 2364 ad
1174 2311 1457 2365 interitum
1505 2310 1738 2365 liberare
1783 2326 1880 2365 ne—

231 2417 370 2456 cesse
396 2408 480 2455 est
516 2400 698 2471 (Prov.
731 2416 885 2467 xxxv,
912 2398 1020 2467 11).
1046 2398 1103 2453 Si
1135 2397 1372 2469 dixeris,
1396 2399 1547 2453 vires
1588 2416 1702 2454 non
1742 2416 1881 2470 sup-

232 2494 461 2562 petunt,
487 2488 588 2560 qui
620 2487 915 2560 inspector
959 2491 1050 2543 est
1096 2488 1291 2542 cordis
1342 2487 1467 2558 ipse
1514 2486 1807 2559 intelligit,
1830 2491 1887 2542 et

233 2583 589 2635 servatorem
612 2577 822 2633 anima:
848 2581 958 2632 tua:
984 2575 1123 2631 nihil
1152 2575 1642 2647 fallit,reddetque
1662 2574 1886 2632 homini

224 2669 394 2738 juxta
423 2683 607 2739 opera
637 2683 767 2721 sua.
802 2664 1100 2721 Praecessit
1143 2666 1299 2720 enim
1333 2665 1390 2719 in
1435 2666 1675 2736 praefata
1704 2681 1889 2737 nuper

231 2756 492 2813 Ecclesia
522 2771 626 2827 per
654 2753 959 2827 praelatum
990 2754 1119 2825 ejus
1149 2752 1511 2809 Amalarium
1542 2769 1704 2808 error
1732 2754 1886 2808 insa-

234 2864 340 2902 nus
372 2849 434 2901 et
464 2861 675 2914 vanus,
697 2844 833 2898 ﬁdei
855 2848 911 2898 et
934 2843 1195 2898 veritatis
1227 2842 1524 2909 inimicus,
1549 2841 1813 2913 religioni
1835 2847 1891 2896 et

230 2934 405 2991 saluti
427 2933 785 2999 contrarius,
810 2949 985 3004 quem
1010 2931 1268 3004 primum
1291 2932 1552 3003 quidem,
1574 2934 1890 3002 aggregata

232 3025 705 3096 presbyterorum
735 3022 978 3093 synodo,
1002 3021 1570 3076 circumsedentibus
1591 3019 1888 3086 omnibus,

231 3120 284 3168 et
312 3112 477 3168 velut
508 3116 923 3184 praeceptorem
960 3110 1359 3176 audientibus,
1388 3110 1517 3165 viva
1549 3124 1684 3162 voce
1719 3125 1890 3162 cona-

1978 1862 2215 1935 ineptiis
2240 1863 2634 1930 confutandis,
2657 1870 2757 1919 aut
2779 1882 3039 1937 personae
3069 1870 3358 1938 respectu,
3377 1870 3479 1921 aut
3498 1867 3641 1922 adu-

1979 1947 2217 2007 lationis
2250 1951 2400 2018 fuco,
2426 1955 2527 2006 aut
2548 1952 2817 2007 humana:
2850 1954 3189 2010 offensionis
3219 1971 3319 2010 seu
3353 1954 3640 2010 discrimi-

1982 2039 2077 2095 nis
2094 2044 2255 2095 metu
2272 2041 2621 2113 cujusquam
2647 2041 2726 2112 pii
2747 2047 2804 2097 et
2824 2041 3013 2098 ﬁdelis
3034 2043 3267 2098 animus
3289 2044 3637 2099 retardetur.

1984 2131 2127 2183 Cum
2158 2145 2250 2183 res
2282 2129 2435 2197 ﬁdei,
2463 2146 2598 2184 cum
2631 2147 2808 2186 causa
2855 2131 3142 2198 Ecclesiae,
3165 2149 3299 2187 cum
3342 2133 3639 2204 negotium

1987 2217 2199 2273 Christi
2233 2218 2450 2289 agitur,
2474 2218 2599 2273 sola
2630 2220 2794 2284 ﬁdes,
2822 2218 2947 2275 sola
2977 2226 3161 2276 mater
3180 2220 3454 2289 Ecclesia,
3479 2221 3642 2277 solus

1988 2311 2216 2362 amator
2243 2306 2525 2374 veritatis,
2556 2308 2674 2362 imo
2709 2309 2951 2374 Veritas,
2974 2310 3241 2366 Christus
3289 2328 3404 2382 prie
3453 2310 3641 2367 oculis

1991 2395 2295 2450 habeatur.

2064 2484 2117 2539 4.
2151 2489 2326 2540 Docet
2366 2490 2681 2557 praeceptor
2712 2486 2834 2558 ipse
2874 2488 3205 2543 Aulularius
3245 2490 3535 2563 egregius,
3562 2489 3645 2546 ita

1995 2591 2207 2645 corpus
2236 2573 2451 2629 Christi
2483 2592 2610 2630 esse
2641 2576 2903 2631 triforme
2935 2583 2991 2632 et
3028 2578 3407 2649 tripartitum,
3441 2584 3505 2634 ut
3535 2580 3647 2635 tria

1996 2662 2207 2717 Christi
2232 2680 2505 2734 corpora:
2529 2663 2784 2734 primum
2807 2667 2961 2737 quod
2990 2666 3112 2738 ipse
3134 2669 3411 2740 suscepit,
3438 2685 3645 2723 secun-

1997 2752 2137 2807 dum
2163 2752 2220 2807 in
2241 2752 2535 2824 nobis,qui
2558 2771 2735 2825 super
2752 2760 2963 2809 terram
2985 2756 3389 2824 ambulamus;
3408 2758 3647 2812 tertium

1997 2842 2057 2895 in
2088 2840 2202 2896 illis
2231 2841 2332 2912 qui
2364 2840 2577 2913 sepulti
2600 2843 2819 2912 jacent.
2846 2844 3061 2898 Asserit
3094 2845 3150 2899 in
3174 2846 3449 2912 mysterio
3471 2846 3647 2901 sacri-

2000 2929 2113 2984 ﬁcii
2137 2929 2245 2983 hac
2267 2930 2337 2984 de
2359 2946 2536 2985 causa
2560 2936 2675 2985 tres
2701 2932 2909 2985 debere
2935 2932 3057 2986 ﬁeri
3080 2939 3272 3004 partes
3298 2951 3310 2987 :
3345 2950 3521 2988 unam
3555 2951 3649 2989 ca-

1999 3018 2129 3073 licis
2154 3036 2254 3089 pro
2271 3017 2521 3083 Christo,
2539 3018 2781 3074 alteram
2800 3019 2856 3073 in
2882 3024 3090 3090 patena
3112 3038 3215 3092 pro
3238 3022 3401 3092 vivis,
3416 3022 3649 3077 tertiam

1998 3107 2058 3161 in
2080 3106 2246 3161 altari
2276 3124 2376 3177 pro
2403 3107 2668 3162 mortuis.
2685 3108 2837 3163 Dicit
2859 3126 3069 3179 panem
3086 3109 3253 3164 illum
3270 3126 3398 3165 esse
3415 3127 3650 3166 carnem

233 3207 325 3257 tus
354 3207 449 3257 est
478 3180 846 3266 serere,_imo
900 3204 1020 3253 tota
1069 3199 1389 3253 intentione
1437 3204 1494 3253 et
1539 3197 1734 3252 studio
1783 3213 1885 3267 per
1916 3180 1957 3247 C
1992 3195 2599 3268 Cbristi,sanguinem
2642 3196 2923 3265 animam,
2954 3201 3017 3252 ut
3057 3197 3132 3252 sit
3174 3201 3333 3253 totus
3363 3198 3649 3257 Christus.

232 3296 419 3349 totum
452 3289 719 3345 triduum
757 3288 1152 3361 proponendo,
1186 3288 1546 3359 exponendo,
1578 3285 1880 3359 exigendo,

232 3382 510 3438 omnibus
558 3376 876 3435 inculcavit
904 3383 961 3432 et
992 3376 1249 3445 tradidit,
1276 3377 1444 3448 quasi
1494 3375 1634 3432 Novi
1682 3378 1883 3432 Testa-

235 3471 413 3526 menti
460 3467 734 3524 minister
778 3466 997 3523 tabulis
1035 3466 1228 3522 cordis
1287 3465 1620 3521 carnalibus
1679 3470 1889 3520 cuncta

233 3576 355 3632 qua:
374 3557 702 3623 asserebat,
718 3554 1284 3611 indelebilitervellet
1300 3554 1656 3627 imprimere.
1674 3553 1890 3609 Deinde

234 3646 408 3701 etiam
442 3660 730 3717 magnum
758 3643 1073 3715 quemdam
1101 3642 1359 3699 codicem
1385 3646 1636 3714 quatuor
1654 3641 1892 3697 volumi-

236 3735 408 3791 nibus
440 3735 752 3801 diﬂ'usum,
783 3749 818 3787 a
847 3749 910 3788 se
949 3732 1340 3804 compositum
1372 3736 1547 3802 atque
1573 3731 1672 3805 dig
1693 3737 1889 3802 :stum,

234 3824 550 3897 legendum
568 3827 695 3877 tran
704 3821 1198 3893 scribendumque
1212 3819 1747 3889 tradidit,asserens
1759 3836 1893 3876 eum

236 3911 561 3969 Ofﬁcialem
604 3910 955 3982 nuncupari,
988 3915 1270 3982 tanquam
1322 3909 1393 3964 de
1450 3909 1633 3965 sacris
1688 3908 1897 3965 ofﬁciis

237 4000 704 4075 prudentissime
733 4004 791 4055 et
819 3998 1320 4056 sufﬁcientissime
1349 3998 1773 4070 disputantem,
1796 3997 1897 4071 qui

239 4091 414 4147 tantis
446 4089 706 4146 vesaniis
746 4093 803 4145 et
850 4087 1148 4144 erroribus
1195 4088 1492 4144 confertus
1541 4091 1652 4155 est,
1674 4093 1738 4142 ut
1768 4088 1896 4159 qui-

240 4179 494 4236 buslibet
524 4179 704 4235 etiam
734 4176 1025 4250 imperitis
1057 4176 1250 4250 palam
1274 4176 1555 4232 ridendus
1577 4193 1901 4249 conspuen-

238 4271 467 4343 duaque
503 4269 795 4324 videatur.
829 4266 1079 4322 Protulit
1124 4281 1357 4338 quoque
1405 4264 1896 4336 Antiphonarium

237 4358 391 4415 velut
423 4376 460 4415 a
490 4374 556 4414 se
596 4355 890 4429 digestum
938 4360 1114 4428 atque
1163 4359 1511 4424 correctum,
1534 4353 1626 4408 cui
1662 4352 1803 4408 talia
1832 4369 1902 4409 ex

235 4465 341 4504 suo
372 4463 561 4504 sensu
592 4445 862 4511 inseruit,
899 4450 965 4500 ut
997 4461 1101 4517 pro
1133 4444 1263 4515 ejus
1295 4442 1623 4515 impudenti
1656 4442 1902 4499 audacia

1994 3284 2398 3342 Haesitandum
2432 3285 2596 3350 dicit,
2628 3289 2827 3339 utrum
2860 3303 3072 3357 corpus
3103 3286 3312 3342 Christi
3363 3288 3435 3343 de
3481 3288 3654 3348 altari

1994 3379 2321 3447 sumptum,
2348 3374 2407 3428 in
2438 3390 2677 3446 corpore
2708 3379 2907 3429 nostro
2930 3380 3167 3431 maneat
3186 3392 3373 3448 usque
3403 3376 3464 3431 in
3496 3378 3653 3433 diem

1995 3464 2333 3537 sepulturae,
2365 3480 2439 3518 an
2471 3462 2784 3535 recipiatur
2822 3463 3190 3520 invisibiliter
3216 3465 3277 3519 in
3307 3465 3541 3533 omium,
3567 3482 3641 3522 an

1999 3553 2232 3627 quando
2259 3568 2468 3607 venam
2516 3551 2848 3620 incidimus,
2875 3569 3008 3607 cum
3052 3553 3338 3625 sanguine
3368 3555 3640 3627 proﬂuat,

2000 3660 2073 3700 an
2096 3659 2229 3698 cum
2254 3639 2476 3697 caeteris
2498 3658 2624 3711 quae
2644 3640 2705 3695 in
2728 3658 2792 3696 os
2824 3641 3063 3711 intrant,
3088 3643 3147 3698 in
3169 3659 3462 3699 secessum
3486 3642 3646 3698 laba-

2000 3737 2117 3788 tur.
2143 3730 2403 3803 Epistola
2422 3732 2550 3801 ejus
2573 3737 2661 3785 est
2686 3729 2743 3784 in
2775 3748 2881 3785 suo
2904 3732 3149 3786 Ofliciali
3180 3732 3348 3800 libro,
3376 3732 3447 3788 ad
3482 3733 3648 3803 juve-

2002 3838 2136 3878 nem
2161 3820 2355 3875 nescio
2378 3836 2552 3891 quem
2575 3818 2912 3892 episcopum
2936 3822 3170 3892 scripta,
3186 3838 3314 3894 qua:
3342 3821 3451 3877 hoc
3472 3820 3654 3876 conti-

2005 3915 2138 3967 net:
2164 3909 2271 3965 Ubi
2293 3909 2467 3963 etiam
2492 3910 2563 3963 de
2582 3908 2774 3980 sputis
2797 3914 2853 3964 et
2872 3909 3244 3982 llegmatibus
3274 3910 3654 3982 spurcissime

2007 4000 2289 4071 disputat,
2314 4003 2371 4053 et
2399 4013 2533 4052 cum
2561 3996 2638 4051 sit
2665 4001 2780 4052 tam
2813 3998 3047 4054 sordide
3079 4000 3294 4054 mentis
3325 3999 3656 4070 putidaeque

2008 4088 2304 4150 doctrinae,
2324 4102 2386 4140 se
2408 4084 2730 4157 spiritalem
2748 4086 3056 4157 jactat,qui
3076 4087 3273 4143 omnia
3293 4087 3658 4159 diiudicet,et

2009 4177 2154 4234 alios
2179 4174 2442 4231 carnales
2472 4179 2528 4229 et
2575 4174 2859 4230 animales
2906 4179 3089 4231 vocat.
3125 4175 3375 4232 Calicem
3429 4174 3657 4231 Domini

2007 4270 2175 4322 vocat
2196 4264 2552 4337 sepulcrum,
2568 4264 2969 4335 presbyterum
2987 4265 3203 4337 Josepb
3223 4266 3293 4321 ab
3309 4263 3654 4330 Arimathia,

2009 4353 2485 4410 archidiaconum
2544 4353 2924 4408 Nicodemum
2992 4358 3273 4425 tanquam
3331 4352 3656 4423 sepultores

2010 4442 2254 4509 Christi;
2274 4442 2550 4497 diaconos
2576 4445 2728 4496 retro
2757 4442 3009 4497 acclines
3030 4440 3418 4513 apostolos,se
3439 4440 3496 4495 in
3522 4456 3656 4513 pas-

236 4538 392 4593 frons
423 4535 680 4608 legentis
707 4534 929 4607 pudore
952 4551 1017 4589 ac
1044 4534 1254 4588 rubore
1289 4532 1548 4587 feriatur.
1572 4531 1900 4587 Novissime
1930 4548 1975 4612 D
2008 4534 2169 4590 sione
2192 4529 2421 4587 Domini
2443 4530 2600 4586 velut
2625 4531 3036 4586 contrahentes
3066 4534 3123 4585 et
3151 4529 3441 4585 occultare
3460 4529 3657 4586 volen-

234 4643 367 4682 vero
400 4641 624 4682 novum
656 4622 901 4697 digessit
936 4621 1232 4688 volumen,
1257 4626 1313 4676 et
1343 4621 1498 4692 apud
1544 4621 1897 4693 Lugdunum

237 4720 439 4771 ornate
463 4712 661 4778 indui,
684 4729 750 4768 ac
780 4712 941 4767 vittis
971 4711 1205 4767 sericeis
1225 4709 1511 4782 distingui
1546 4709 1676 4765 fecit
1702 4726 1713 4763 :
1741 4710 1895 4781 quod

235 4806 303 4860 ad
338 4802 630 4877 palatium
661 4801 875 4869 ferens,
902 4803 995 4857 vel
1024 4799 1294 4873 principi,
1320 4798 1410 4853 vel
1443 4798 1725 4870 magistro
1756 4815 1898 4854 con-

238 4892 349 4948 silii
382 4893 612 4949 dicitur
642 4890 969 4947 oblaturus.
999 4890 1063 4945 In
1095 4906 1209 4961 quo
1243 4904 1370 4943 vere
1404 4891 1523 4942 tam
1556 4886 1751 4958 inepto
1781 4886 1897 4941 elo-

238 4983 396 5052 quio,
422 4986 547 5036 tam
574 4978 851 5035 absurdis
876 4978 1164 5043 sensibus,
1188 4982 1309 5032 tam
1338 4974 1643 5047 exquisitis
1663 4978 1721 5028 et
1740 4973 1902 5029 inau-

237 5070 375 5126 ditis
407 5067 743 5142 phantasiis
765 5066 1095 5133 involvitur,
1113 5070 1175 5120 ut
1196 5069 1364 5136 putes
1388 5080 1523 5119 eum
1547 5062 1903 5136 lymphatico

237 5176 395 5215 more
423 5155 724 5213 bacchari.
744 5155 927 5211 Vocat
946 5154 1128 5227 hujus
1160 5152 1570 5210 insulsissime;
1592 5149 1903 5225 garrulita-

239 5248 315 5304 tis
344 5248 592 5313 librum,
617 5246 895 5302 Embolim
923 5245 1307 5317 opusculorum
1344 5258 1586 5309 suorum,
1613 5244 1671 5296 et
1701 5239 1902 5295 rectis-

233 5336 381 5392 sime
411 5334 694 5402 omnino;
735 5338 826 5390 est
849 5334 1008 5390 enim
1038 5331 1456 5404 multiplicium
1482 5346 1745 5386 errorum
1777 5328 1905 5399 ejus

230 5425 393 5482 velut
422 5422 637 5480 cameli
689 5423 905 5496 gibbus
948 5438 1322 5494 procrescens
1352 5436 1419 5475 ac
1450 5417 1786 5473 redundans
1813 5433 1902 5472 ar-

235 5518 596 5588 gumentum
633 5514 758 5581 [al.,
787 5510 1216 5586 augmentum].

304 5606 358 5665 3.
383 5605 466 5664 De
502 5601 770 5677 singulis
802 5605 998 5659 autem
1038 5616 1225 5675 pauca
1253 5613 1593 5676 proponere,
1618 5600 1676 5654 et
1705 5597 1906 5653 vestras

570 5730 842 5796 PATBOL.
889 5729 1100 5793 CXIX.

2007 4626 2123 4691 tes;
2160 4619 2551 4677 subdiaconos
2582 4620 2654 4675 ad
2689 4620 2893 4674 faciem
2921 4623 3161 4685 erectos,
3185 4617 3460 4675 mulieres
3480 4618 3661 4675 libere

2011 4708 2487 4766 astantes.Aliam
2524 4712 2746 4778 partem
2780 4708 3036 4777 mysticae
3064 4706 3362 4775 orationis,
3388 4724 3505 4779 qua
3535 4725 3661 4763 cor-

2006 4816 2118 4871 pus
2150 4797 2381 4853 Domini
2427 4799 2819 4864 consecratur,
2849 4796 3079 4852 Christo
3128 4797 3336 4853 tribuit
3380 4797 3569 4853 oranti
3600 4796 3663 4852 in

2008 4892 2206 4943 monte
2238 4885 2480 4950 Oliveti;
2528 4884 2698 4940 aliam
2751 4884 2810 4940 in
2871 4902 3042 4942 cruce
3099 4887 3393 4958 pendenti,
3418 4891 3477 4942 et
3535 4890 3669 4959 post

2009 4975 2206 5031 nescio
2240 4990 2390 5046 quas
2426 4975 2614 5028 fatuas
2634 4973 2971 5040 divisiones,
2996 4974 3171 5030 aliam
3204 4975 3494 5031 morienti.
3519 4975 3664 5030 Cum

2011 5081 2145 5119 vero
2178 5064 2479 5135 presbyter
2508 5062 2845 5130 inclinatur,
2872 5063 2978 5119 hoc
3008 5081 3135 5120 esse
3160 5081 3171 5120 :
3194 5067 3261 5120 Et
3290 5066 3553 5121 inclinato
3582 5080 3669 5119 ca-

2008 5154 2122 5224 pite
2152 5151 2385 5207 tradidit
2406 5152 2664 5223 spiritum
2695 5154 2870 5223 (Joan.
2904 5171 3014 5221 xux,
3042 5154 3151 5225 30).

2080 5240 2135 5296 5.
2174 5240 2236 5294 In
2271 5256 2426 5294 anno
2460 5239 2721 5311 legitima
2751 5241 2978 5312 jejunia
3008 5243 3077 5297 ad
3111 5248 3363 5314 quatuor
3391 5243 3669 5298 humores

2013 5328 2448 5401 refert,quibus
2496 5346 2709 5401 corpus
2752 5336 3053 5403 vegetatur
3100 5332 3447 5399 humanum,
3483 5336 3540 5387 et
3566 5347 3670 5403 pro
3752 5372 3755 5377 ι

2014 5416 2108 5473 his
2140 5417 2267 5472 ﬁeri
2320 5418 2534 5474 asserit
2565 5419 2623 5473 in
2655 5418 2877 5474 eisdem
2900 5419 3166 5490 jejuniis.
3192 5420 3347 5476 Duas
3393 5419 3672 5476 lectiones

2020 5509 2228 5578 quarta
2253 5506 2401 5562 feria
2422 5508 2492 5562 ad
2517 5508 2759 5563 missam
2784 5506 2917 5580 legi,
2942 5512 3175 5580 propter
3201 5509 3314 5563 duo
3335 5508 3528 5565 sidera
3547 5508 3676 5582 ipso

2017 5594 2108 5652 die
2143 5596 2402 5667 condita,
2420 5600 2486 5655 ut
2515 5597 2760 5672 paganis
2782 5597 2911 5670 ejus
2931 5598 3123 5657 verbis
3141 5600 3292 5670 utar,
3317 5597 3600 5658 Phoebum
3621 5600 3680 5658 et

3321 5728 3356 5795 3
