4068 6190
379 311 455 368 75
1493 307 1719 368 FLOR]
1767 303 2089 369 lllACONI
2133 302 2707 369 LUGDUNENSIS.
3726 310 3762 367 7
3769 307 3810 371 ϐ

376 457 638 498 sororem
661 441 791 513 ejus
812 440 1110 498 Phaebam.
1134 440 1280 496 Nam
1304 444 1360 494 et
1386 456 1657 507 sanctum
1683 438 1863 495 David
1888 455 2037 494 sem-
2062 439 2119 506 Α
2147 437 2287 494 tiam
2311 440 2674 511 sequitur,ac
2690 440 2849 497 velut
2865 440 3097 497 creleste
3112 439 3415 497 oraculum
3437 440 3803 513 sequendam

376 546 480 601 per
511 530 570 585 in
602 530 850 587 Domino
879 532 1086 587 fortem
1120 535 1178 585 et
1208 528 1571 593 bellicosum,
1598 534 1781 584 morte
1804 529 2034 583 etlmico

376 618 592 674 arsisse
622 618 766 675 dicit
795 619 854 675 in
890 621 1094 687 Marte,
1123 635 1296 691 quem
1330 623 1654 673 daemonem
1686 634 1815 673 esse
1848 616 2033 689 pessi-

376 723 542 762 mum
559 706 919 763 inventorem
935 709 1056 780 [al.,
1075 707 1454 777 incentoremj
1474 704 1837 760 tumultuum
1861 710 2035 776 atque

376 794 666 851 bellorum
707 795 1033 868 proclamat
1062 796 1235 851 etiam
1282 799 1455 867 poeta
1499 794 1735 866 gentilis
1782 794 2031 849 dicens:

375 884 548 942 Saevit
574 893 677 941 toto
718 885 862 940 Mars
908 886 1111 957 impius
1159 884 1304 939 orbe.
1341 884 1404 938 In
1439 881 1747 955 Evangelio
1794 881 2036 953 majoris

378 972 639 1040 Litanize,
664 990 767 1046 per
789 989 999 1044 panem
1028 971 1303 1045 intelligit
1324 972 1523 1044 fruges
1555 976 1752 1038 terra};
1788 971 1845 1025 in
1879 970 2037 1043 pisce

376 1060 575 1133 genita
603 1078 672 1116 ex
706 1062 907 1133 aquis;
940 1061 999 1115 in
1049 1078 1153 1117 ovo
1203 1060 1483 1116 animalia
1514 1077 1641 1131 qua:
1691 1076 1761 1115 ex
1793 1064 2039 1130 utroque

378 1166 520 1207 sexu
540 1150 865 1222 gignuntur
885 1150 942 1205 in
966 1150 1166 1218 terris;
1190 1148 1484 1221 talemque
1507 1148 1883 1220 phantasiam
1909 1165 2041 1203 sen-

379 1255 483 1295 sus
512 1238 604 1293 sui
627 1238 957 1310 evangelico
989 1240 1301 1310 praeferens
1328 1235 1549 1303 sensui,
1573 1236 1783 1293 asserit
1813 1254 1915 1308 pro
1949 1240 2038 1291 ta-

378 1325 527 1381 lium
560 1342 756 1382 rerum
779 1325 1217 1382 conservatione
1238 1330 1377 1381 tunc
1396 1343 1429 1381 a
1451 1324 1725 1381 ﬁdelibus
1757 1324 2037 1381 celebrari

378 1414 635 1470 litanias.
659 1414 806 1471 Nam
828 1418 884 1470 et
905 1431 1131 1470 messes
1155 1418 1293 1469 tunc
1318 1414 1376 1469 in
1410 1414 1735 1485 profectum
1763 1416 1922 1480 sunt,
1954 1413 2039 1467 in-

378 1503 591 1576 quit,et
610 1502 799 1576 pisces
821 1508 962 1558 tunc
980 1503 1301 1570 veniunt,et
1323 1501 1465 1575 pulli
1493 1519 1733 1575 campos
1757 1502 2033 1557 tundunt.

375 1591 553 1646 Addit
570 1590 814 1662 insuper
834 1595 890 1645 et
911 1591 1193 1662 quasdam
1217 1590 1678 1662 signiﬁcationes
1701 1594 2036 1646 monstruo-

378 1684 572 1748 sas,et
600 1679 788 1734 instar
819 1680 1233 1751 antipodarum
1258 1680 1447 1751 capite
1469 1682 1768 1746 deorsum,
1793 1678 2039 1751 pedibus

378 1784 615 1824 sursum
638 1768 842 1835 versis,
865 1768 945 1823 ita
977 1773 1041 1823 ut
1072 1769 1128 1824 in
1154 1768 1246 1825 his
1269 1770 1556 1841 praecedat
1578 1786 1669 1824 res
1694 1768 1840 1840 ipsa,
1860 1772 1913 1823 et
1945 1785 2034 1823 se-

379 1859 594 1928 quatur
623 1856 837 1928 ﬁgura;
872 1874 1007 1912 cum
1039 1874 1068 1912 e
1100 1856 1391 1913 contrario
1426 1858 1645 1912 umbrae
1679 1857 2037 1929 legis,juxta

375 1944 743 2017 Apostolum,
766 1962 858 2001 res
880 1945 1188 2018 designent
1212 1947 1539 2002 futurorum
1566 1946 2034 2001 bonorum.Cum

378 2034 451 2090 ab
482 2032 650 2089 altari
684 2033 940 2089 sumitur
978 2035 1376 2108 Evangelium,
1413 2036 1606 2106 ipsum
1638 2034 1820 2090 altare
1852 2034 2033 2106 signi-

379 2124 516 2179 ﬁcat
545 2122 894 2190 Jerusalem,
921 2125 1073 2180 unde
1104 2125 1480 2197 Evangelium
1518 2124 1822 2197 processit.
1851 2125 2036 2179 Locus

379 2211 583 2269 altaris
610 2211 802 2268 locum
847 2212 1015 2268 illum
1048 2213 1359 2286 signiﬁcat,
1389 2214 1484 2268 ubi
1529 2214 1710 2269 Jacob
1740 2212 2036 2269 dormiens

380 2301 620 2374 angelos
654 2301 814 2357 vidit.
850 2303 1149 2358 Romanus
1172 2304 1604 2374 pontifex,cum
1628 2302 1872 2357 sabbato
1903 2306 2038 2356 ante

380 2389 609 2446 Palmas
639 2390 1072 2464 eleemosynam
1106 2392 1223 2460 dat,
1256 2390 1563 2448 mulierem
1595 2390 1889 2464 signiﬁcat
1910 2407 2037 2462 qua:

380 2478 700 2536 Dominum
735 2478 918 2534 unxit.

448 2569 504 2623 6.
527 2572 659 2623 Jam
691 2568 763 2624 de
793 2570 1164 2625 sacerdotum
1189 2575 1245 2625 et
1278 2569 1684 2624 ministrorum
1710 2568 1891 2623 sacris
1912 2585 2035 2621 vcs-

381 2657 564 2728 tibus,
586 2657 656 2712 de
686 2656 840 2713 vasis
867 2657 1046 2713 divini
1078 2658 1417 2725 ministerii,
1442 2658 1513 2713 de
1543 2661 1848 2713 cantorum
1872 2657 2039 2711 tabu.

380 2744 561 2814 lis,de
582 2745 768 2818 signis
798 2747 983 2814 aereis,
1009 2747 1080 2801 de
1111 2747 1255 2819 ipsis
1280 2746 1451 2802 etiam
1480 2747 1959 2801 indumentorum
1983 2749 2040 2800 et

380 2833 910 2891 calceamentorum
934 2835 1203 2903 ﬁmbriis,
1221 2835 1515 2892 coloribus
1536 2839 1592 2890 et
1617 2834 1943 2907 speciebus,
1969 2835 2037 2889 de

380 2922 591 2981 ofﬁciis
632 2940 866 2996 quoque
896 2925 1100 2992 sacris,
1128 2930 1185 2980 et
1212 2924 1576 2997 psalmorum
1610 2920 2035 2978 distributioni-

380 3012 514 3083 bus,
529 3029 707 3084 quam
730 3012 930 3085 inepta
948 3018 1005 3069 et
1026 3014 1186 3069 fatua
1208 3019 1264 3069 et
1284 3012 1444 3069 omni
1468 3014 1589 3068 risu
1612 3012 1792 3085 digna
1812 3011 2037 3066 contin-

380 3099 484 3174 git,
513 3101 681 3172 quasi
711 3102 761 3157 ei
792 3101 900 3157 soli
930 3101 1163 3157 licuerit
1210 3106 1345 3175 post
1390 3101 1577 3174 legem
1610 3106 1665 3156 et
1696 3100 2034 3173 prophetas,

2144 528 2434 599 proponit,
2451 547 2629 600 quam
2647 530 2835 585 cidem
2857 529 3160 602 respondit
3174 531 3246 585 de
3262 529 3481 586 talibus
3500 530 3808 587 consulen-

2144 616 2188 670 ti
2206 633 2256 669 ;‹‹
2270 618 2353 671 Ad
2373 635 2808 690 quamcunque,
2826 617 3125 690 inquiens,
3139 618 3455 675 Ecclesiam
3473 619 3802 686 deveneris,

2144 703 2272 773 ejus
2295 722 2519 760 morem
2541 723 2725 775 serva,
2748 707 2795 761 si
2820 724 2934 763 non
2957 707 3043 762 vis
3070 706 3237 764 alteri
3269 724 3398 763 esse
3430 707 3803 774 scandalum,

2146 809 2251 847 nec
2273 810 2631 866 quemquam
2655 795 2813 850 tibi.»
2831 796 2894 852 In
2913 796 3135 852 eisdem
3156 797 3225 851 ad
3240 796 3590 853 Januarium
3613 795 3803 852 libris.

2145 904 2172 931 «
2200 882 2494 954 Quidquid
2527 882 2789 939 humana
2816 886 3164 941 auctoritate
3205 884 3503 953 statuitur,
3527 901 3595 941 ac
3625 883 3806 940 veluti

2145 976 2578 1027 sacramentum
2603 978 2661 1026 et
2688 972 3033 1045 mysterium
3061 977 3311 1040 tenetur,
3334 972 3673 1028 nullatenus
3703 989 3807 1045 ap-

2146 1059 2537 1131 probandum,
2570 1060 2688 1115 imo
2712 1066 2769 1117 et
2792 1061 3030 1116 indubie
3053 1060 3284 1132 asserit,
3308 1062 3713 1118 resecandum.
3737 1082 3767 1111 ι)

2215 1150 2271 1202 ’7.
2291 1147 2439 1213 Quid
2464 1147 2642 1222 igitur
2663 1147 2926 1204 novellus
2946 1149 3056 1204 iste
3079 1154 3398 1221 praeceptor
3416 1149 3484 1204 de
3507 1148 3805 1223 mysteriis

2148 1236 2273 1292 suis
2295 1236 2503 1292 faciet?
2524 1255 2640 1309 qua
2662 1238 2882 1293 ratione
2904 1242 2988 1293 tot
3016 1238 3345 1294 vanitatum
3379 1255 3620 1295 suarum
3641 1255 3802 1294 eom-

2149 1329 2346 1380 menta
2364 1326 2672 1381 defendet?
2694 1326 3008 1398 Scripturaa
3031 1331 3244 1383 sancta:
3273 1327 3594 1384 auctoritas
3614 1328 3802 1394 deest,

2147 1414 2413 1469 Ecclesia:
2436 1414 2493 1469 in
2516 1414 2734 1470 talibus
2755 1414 3043 1488 generalis
3065 1415 3320 1481 traditio,
3337 1420 3394 1471 et
3417 1416 3619 1490 regula
3640 1415 3807 1472 nulla

2146 1508 2253 1568 est,
2282 1503 2548 1559 doctrina
2579 1504 2817 1559 Patrum
2868 1508 3176 1577 repugnat,
3212 1503 3502 1560 Libellum
3554 1505 3805 1561 Romani

2148 1590 2368 1647 ordinis
2400 1596 2572 1646 tanta:
2615 1592 2979 1648 auctoritatis
3029 1592 3223 1658 habet,
3250 1596 3314 1647 ut
3362 1609 3498 1648 eum
3533 1609 3679 1664 pene
3729 1593 3804 1648 ad

2146 1681 2385 1735 verbum
2411 1681 2636 1735 nitatur
2659 1697 2976 1752 exponere;
3011 1685 3063 1736 et
3088 1685 3283 1737 tamen
3308 1681 3507 1737 statim
3535 1681 3646 1737 sibi
3679 1682 3807 1754 ipse

2147 1768 2473 1824 contrarius
2495 1769 2704 1824 asserit
2726 1769 2881 1824 hunc
2908 1770 3167 1825 Romano
3185 1769 3616 1836 archidiacono,
3632 1771 3807 1842 cujus

2144 1856 2558 1913 traditionibus
2578 1857 2882 1930 gloriatur,
2901 1858 3188 1931 ignotum.
3207 1858 3370 1924 Quod
3395 1859 3445 1914 si
3468 1858 3805 1930 Scriptura-

2144 1962 2274 2000 rum
2300 1962 2509 2000 sensus
2530 1946 2601 2000 ad
2635 1963 2774 2002 suas
2798 1945 3029 2001 fabulas
3060 1946 3330 2011 trahit,et
3350 1951 3686 2003 commenta
3708 1962 3806 2003 er-

2145 2034 2292 2089 roris
2324 2033 2415 2088 sui
2448 2051 2514 2088 ex
2546 2034 2640 2090 his
2692 2034 2896 2091 fulcire
2927 2038 3191 2101 conatur,
3216 2035 3350 2106 quis
3399 2034 3551 2090 hanc
3581 2036 3807 2091 nesciat

2145 2122 2546 2178 haereticorum
2573 2123 2867 2195 propriam
2891 2140 3020 2179 esse
3044 2124 3331 2179 insaniam
3358 2128 3419 2178 ut
3442 2141 3549 2179 sua
3571 2139 3808 2196 semper

2146 2212 2449 2267 mendacia
2477 2213 2736 2267 veritatis
2777 2213 2969 2284 specie
3002 2212 3261 2285 pallient,
3293 2217 3605 2279 vertentes,
3630 2214 3806 2283 juxta

2147 2300 2379 2366 Isaiam,
2408 2306 2713 2374 argentum
2751 2302 2808 2355 in
2839 2300 3110 2365 scoriam,
3143 2306 3202 2357 et
3241 2301 3494 2357 caelestis
3540 2302 3803 2374 vigorem

2146 2389 2261 2443 vini
2291 2394 2533 2445 terrena:
2584 2389 2871 2446 fatuitatis
2918 2407 3083 2462 aquae
3133 2389 3486 2446 miscentes?
3535 2390 3807 2463 Ignoscat

2147 2477 2289 2532 mihi
2324 2478 2564 2549 indigno
2594 2482 2652 2532 et
2676 2477 2885 2550 exiguo
2906 2483 3100 2534 vestra
3119 2478 3460 2550 paternitas,
3486 2478 3534 2533 si
3560 2495 3685 2535 rem
3706 2495 3805 2534 ne-

2145 2566 2458 2622 cessariam
2483 2566 2615 2622 ﬁdei
2643 2571 2701 2621 et
2731 2566 3029 2623 salubrem
3053 2565 3319 2622 Ecclesia
3345 2568 3553 2623 devota
3573 2567 3801 2640 suppli-

2146 2656 2371 2711 catione
2392 2654 3143 2727 suggessero.Claudendus
3164 2660 3253 2711 est
3278 2655 3447 2727 plane
3461 2657 3633 2728 juxta
3652 2656 3803 2730 legis

2145 2749 2498 2816 praeceptum
2549 2745 2654 2799 bos
2704 2743 3021 2816 cornipeta,
3057 2747 3114 2799 et
3162 2761 3228 2799 os
3275 2746 3404 2816 ejus
3455 2745 3803 2818 sempiterni

2146 2835 2306 2888 freno
2338 2831 2554 2888 silentii
2580 2833 3124 2906 eonstringendum,
3149 2832 3268 2888 imo
3290 2833 3427 2905 quia
3451 2835 3576 2906 jam
3601 2839 3705 2889 aut
3724 2835 3805 2890 vi-

2145 2939 2276 2977 rum
2299 2926 2401 2977 aut
2430 2920 2735 2976 mulierem
2769 2920 3035 2977 fortassis
3082 2920 3317 2989 invasit,
3342 2922 3400 2977 id
3442 2926 3550 2988 est,
3573 2921 3665 2978 vel
3698 2923 3802 2995 qui

2144 3010 2256 3067 sibi
2289 3010 2454 3066 fortis
2483 3010 2731 3079 videtur,
2748 3009 2834 3066 vel
2860 3011 2959 3083 qui
2989 3027 3121 3067 vere
3148 3010 3420 3067 inﬁrmus
3454 3011 3513 3067 in
3543 3012 3657 3067 ﬁde
3687 3016 3800 3081 est,

2145 3098 2578 3171 scandalizavit,
2630 3099 2962 3155 divinarum
3013 3098 3438 3156 sententiarum
3492 3099 3803 3173 capidibus

383 3172 515 3262 post
542 3190 855 3263 Evangelia
881 3196 938 3246 et
968 3172 1283 3263 apostolos,
1309 3209 1401 3247 res
1432 3172 1654 3262 typicas
1675 3193 1732 3245 et
1758 3188 2033 3261 mysticae
2064 3172 2108 3241 Ο
2148 3190 2211 3262 [/2
2239 3188 2580 3260 cuspidibus
2611 3190 2692 3245 vel
2720 3188 3037 3262 lapidibus]
3068 3189 3429 3259 obruendus,
3455 3172 3803 3247 necicarnes

382 3277 444 3333 in
465 3276 724 3334 Ecclesia
739 3283 1014 3345 statuere,
1040 3279 1121 3334 ita
1144 3283 1208 3333 ut
1230 3278 1639 3350 mysteriorum
1664 3279 1794 3348 ejus
1821 3294 2038 3348 praeva-

384 3365 599 3422 ricator
626 3366 929 3434 habeatur,
954 3367 1053 3438 qui
1098 3385 1210 3422 usu
1239 3372 1296 3422 et
1327 3365 1751 3421 consuetudine
1783 3364 2035 3436 simplici

383 3453 543 3511 aliud
562 3454 702 3528 quid
720 3454 1010 3511 celebrare
1028 3454 1483 3528 pressumpserit.
1502 3454 1652 3509 Dicit
1668 3471 1730 3510 se
1750 3454 1810 3509 in
1827 3453 2034 3508 talium

380 3543 827 3617 phantasiarum
846 3544 1358 3601 adinventionibus
1377 3544 1561 3600 sancti
1578 3542 1889 3616 Augustini
1906 3559 2037 3598 auc-

377 3632 674 3689 toritatem
697 3633 959 3705 sequi,eo
978 3634 1132 3705 quod
1155 3634 1332 3688 obscu
1343 3650 1404 3687 ra
1420 3650 1666 3704 quisque
1686 3637 1743 3687 et
1759 3633 2037 3706 ambigua

374 3721 580 3776 tandiu
603 3721 698 3777 ille
722 3722 958 3776 tractari
973 3722 1182 3793 jubcat
1204 3726 1379 3794 atque
1398 3721 1825 3788 versari,donec
1850 3722 1921 3776 ad
1947 3722 2033 3777 di-

374 3808 683 3865 lectionem
709 3810 804 3864 Dei
828 3809 913 3865 vel
946 3810 1194 3882 proximi
1228 3809 1615 3883 intelligentia
1636 3811 1990 3881 perducatur
2017 3828 2031 3865 ι

374 3898 435 3954 in
468 3898 681 3970 quibus
714 3898 944 3954 duobus
976 3898 1273 3954 mandatis
1302 3903 1425 3954 tota
1454 3898 1541 3952 lex
1573 3898 1786 3970 pendet
1816 3902 1873 3952 et
1902 3916 2033 3970 pro-

375 3986 587 4060 phetis.
619 3987 734 4043 Nec
764 3986 1116 4051 considerat,
1142 3988 1327 4042 nimia
1359 3987 1683 4043 novitatum
1716 3987 2033 4059 cupiditate

375 4081 644 4143 caecatus,
667 4076 789 4131 haec
819 4076 987 4131 illum
1026 4077 1098 4131 de
1140 4095 1438 4132 sacrarum
1474 4076 1910 4147 Scripturarum
1945 4076 2033 4132 in-

376 4164 665 4237 dagandis
682 4164 955 4221 sensibus
979 4165 1323 4220 tradidisse:
1345 4182 1555 4237 nempe
1576 4164 1709 4220 libri
1734 4164 1793 4218 in
1818 4165 2034 4236 quibus

375 4252 498 4310 haec
528 4253 811 4325 loquitur,
838 4253 907 4308 de
940 4253 1215 4309 Doctrina
1245 4252 1579 4309 Christiana
1609 4252 1937 4321 titulantur,
1965 4256 2035 4310 de

376 4342 509 4400 sola
528 4343 585 4399 in
610 4343 703 4399 his
727 4343 1042 4414 Scriptura:
1075 4359 1250 4397 sacra:
1278 4342 1664 4414 intelligentia
1685 4343 1895 4415 regulae
1916 4348 2031 4400 t'ra-

375 4432 615 4497 duntur,
633 4432 819 4487 multa
845 4432 920 4486 ibi
941 4432 1012 4486 de
1029 4431 1224 4495 rebus,
1245 4431 1430 4485 multa
1447 4432 1518 4485 de
1537 4431 1720 4497 signis
1738 4432 2035 4487 disserun.

376 4526 500 4589 tur;
529 4525 586 4575 et
619 4525 809 4576 tamen
846 4522 917 4575 de
950 4519 1286 4591 hujusmodi
1325 4518 1853 4591 signiﬁcationibus
1883 4538 2032 4592 quas
2061 4540 2110 4605 D

373 4607 484 4662 iste
514 4610 825 4680 perquirit,
850 4608 995 4664 nihil
1031 4609 1267 4681 penitus
1290 4607 1521 4675 dicitur,
1547 4607 1663 4663 imo
1690 4607 1750 4663 in
1772 4608 1938 4665 libris
1961 4612 2032 4664 ad

371 4696 988 4763 Januarium,omnem
1008 4696 1539 4754 ecclesiasticarum
1557 4697 2029 4754 Observationum

373 4783 715 4837 varietatem
740 4784 955 4854 triplici
979 4802 1188 4856 genere
1209 4785 1850 4859 distinguit,universas
1872 4787 2027 4842 vide-

371 4870 509 4926 licet
540 4876 642 4924 aut
672 4889 739 4925 ex
770 4872 1082 4942 Scriptura:
1113 4892 1290 4929 saera:
1326 4874 1687 4941 auctoritate,
1713 4878 1815 4929 aut
1844 4892 1911 4929 ex
1934 4893 2029 4947 ge-

379 4958 559 5013 nerali
593 4959 860 5014 Ecclesiae
896 4961 1227 5027 traditione,
1253 4968 1355 5016 aut
1384 4982 1450 5017 ex
1482 4964 1842 5019 diversorum
1873 4964 2027 5036 loco-

377 5065 509 5103 rum
544 5048 891 5103 multiformi
927 5051 1348 5104 consuetudine
1378 5068 1474 5105 eas
1514 5070 1781 5107 asserens
1819 5070 2027 5125 propa-

372 5142 541 5211 gatas
567 5154 579 5192 :
604 5141 659 5192 et
681 5136 902 5209 primas
926 5138 1161 5209 quidem
1190 5139 1445 5192 ostendit
1471 5158 1710 5195 numero
1732 5159 1860 5196 esse
1884 5159 2024 5213 pau-

371 5226 661 5294 cissimas,
688 5226 787 5282 sed
822 5226 1222 5281 observatione
1248 5226 1576 5287 facillimas,
1600 5229 2025 5301 signiﬁcatione

370 5314 913 5388 praestantissimus;
937 5317 1227 5371 secundas
1246 5332 1476 5387 quoque
1502 5314 1623 5384 pari
1648 5316 1923 5389 religione
1940 5337 2027 5374 as-

369 5402 511 5460 serit
536 5403 931 5471 venerandas;
964 5403 1021 5457 in
1047 5403 1233 5458 tertiis
1258 5419 1388 5457 vero
1423 5401 1642 5456 nullam
1676 5405 1913 5462 omnino
1944 5408 2024 5463 si-

367 5491 827 5565 gniﬁcationem,
849 5492 1076 5547 nullum
1110 5492 1415 5564 requirens
1437 5491 1803 5561 mysterium,
1830 5495 2022 5552 since-

361 5578 658 5650 rissimam
685 5587 860 5660 atque
901 5580 1312 5661 gravissimam
1345 5580 1408 5639 B.
1441 5580 1734 5639 Ambrosii
1769 5590 2007 5643 sentcn-

2145 3280 2295 3349 ejus,
2318 3279 2375 3332 id
2410 3282 2499 3333 est
2530 3278 2796 3332 doctrina
2827 3282 2882 3334 et
2912 3295 3143 3346 sensus,
3171 3277 3466 3334 ullatenus
3489 3280 3803 3336 comeden-

2145 3368 2251 3422 dzn.
2268 3367 2412 3423 Nam
2436 3366 2662 3439 quoties
2682 3367 2751 3423 de
2770 3365 2862 3421 his
2884 3367 3153 3439 arguitur
3166 3367 3254 3423 vel
3279 3372 3568 3436 monetur,
3586 3385 3806 3441 nequa-

2146 3472 2344 3528 quam,
2376 3460 2441 3511 ut
2472 3454 2702 3528 piorum
2754 3456 2933 3512 moris
2965 3459 3075 3521 est,
3100 3454 3349 3513 libenter
3393 3461 3451 3513 et
3498 3455 3807 3513 humiliter

2144 3544 2483 3617 acquiescit,
2507 3545 2607 3600 sed
2630 3550 2767 3600 tunc
2782 3544 3108 3616 jactantius
3130 3549 3187 3601 et
3210 3545 3560 3601 insolentius
3582 3562 3808 3603 cornua

2145 3631 2394 3703 erigens,
2425 3630 2779 3703 multiplicat
2800 3632 3125 3698 vesaniam,
3147 3649 3317 3688 suam
3341 3634 3425 3689 sic
3456 3633 3672 3689 sentire
3693 3633 3808 3689 cla-

2146 3737 2314 3776 mans
2336 3737 2567 3776 omnem
2593 3720 2987 3790 Germaniam,
3010 3720 3094 3777 sic
3116 3726 3300 3778 totam
3324 3722 3574 3791 Italiam,
3598 3724 3683 3781 sic
3715 3725 3804 3799 ip-

2145 3826 2268 3864 sam
2304 3809 2567 3876 Romum,
2594 3825 2654 3865 se
2688 3809 2870 3865 fuisse
2891 3810 3420 3882 Constantinopoli,
3446 3830 3507 3868 se
3537 3813 3693 3884 apud
3718 3814 3803 3869 Is-

2145 3898 2314 3952 triam
2338 3898 2455 3953 sive
2479 3898 2817 3965 Lucaniam,
2836 3903 2892 3954 et
2913 3898 3130 3955 idcirco
3154 3900 3209 3954 in
3244 3901 3460 3956 talibus
3483 3901 3808 3975 singularis

2144 3984 2505 4042 auctoritatis
2527 3986 2793 4057 existere.
2816 3986 2930 4042 Nec
2953 3986 3000 4043 ei
3035 3992 3127 4043 sat
3157 3992 3245 4044 est
3277 3990 3431 4060 quod
3466 3988 3591 4061 ipse
3622 3991 3806 4047 tantis

2142 4074 2479 4146 implicatur
2498 4075 2792 4130 erroribus
2815 4080 2988 4146 atque
3012 4076 3361 4147 phantasiis.
3387 4078 3499 4133 nisi
3531 4083 3589 4133 et
3609 4082 3805 4135 totum

2143 4180 2288 4234 pene
2318 4164 2515 4218 orbem
2547 4162 2636 4218 sui
2669 4164 3015 4236 complicem
3048 4164 3312 4222 infamet.
3341 4166 3603 4223 Persistit
3634 4160 3806 4223 nam-

2141 4268 2274 4324 que,
2310 4252 2419 4307 sub
2471 4251 2793 4307 multorum
2841 4253 3187 4325 pontiﬁcum
3241 4256 3374 4311 ﬁcta
3428 4255 3804 4324 auctoritate,

2141 4358 2315 4396 suum
2351 4340 2419 4396 de
2451 4346 2837 4397 sacrosancta:
2858 4341 3224 4398 eucharistiaa
3246 4343 3534 4400 divisione
3556 4344 3806 4417 ineptis-

2140 4429 2502 4496 simum,imo
2522 4428 3313 4500 blasphemum,conﬁrmare
3332 4433 3806 4503 sensum.l\'eque

2142 4518 2296 4573 enim
2328 4534 2435 4572 nos
2468 4520 2823 4589 cujusquam
2856 4535 3077 4574 morem
3122 4519 3387 4575 Ecclesize
3419 4521 3808 4592 reprehendi-

2145 4624 2298 4673 mus,
2334 4623 2437 4661 nec
2466 4605 2711 4662 alteram
2748 4606 2911 4661 alteri
2951 4608 3201 4680 superbe
3242 4610 3629 4680 praeferimus,
3654 4626 3808 4682 quas

2140 4713 2343 4753 omnes
2374 4695 2433 4750 in
2465 4695 2692 4752 Christo
2739 4701 2967 4751 constat
2998 4696 3230 4752 vinculo
3278 4698 3443 4770 pacis
3492 4699 3713 4765 unitas,
3746 4705 3807 4755 et

2139 4785 2321 4840 sancti
2356 4784 2614 4856 Spiritus
2645 4784 3061 4841 distributione
3083 4786 3412 4852 distinctas,
3431 4787 3534 4842 sed
3553 4793 3804 4844 sensum

2140 4877 2449 4946 protanum
2506 4873 2939 4945 redarguimus,
2964 4891 3138 4945 quem
3199 4874 3681 4931 manifestissime
3743 4881 3806 4933 et

2138 4963 2450 5033 Scriptum
2474 4966 2710 5027 sanctae,
2725 4966 2782 5016 et
2804 4961 2935 5018 ﬁdei
2961 4962 3279 5030 catholicae,
3296 4969 3352 5019 et
3373 4964 3584 5020 unitati
3607 4963 3804 5021 Eccle-

2138 5052 2236 5107 sia:
2268 5050 2749 5105 inimicissimum
2783 5055 3029 5107 constat.
3055 5052 3201 5108 Vere
3245 5051 3393 5108 nulli
3427 5069 3691 5125 unquam
3724 5051 3801 5107 li-

2134 5141 2255 5197 cuit
2284 5156 2497 5211 corpus
2529 5139 2744 5194 Christi
2778 5140 2970 5195 dicere
3003 5141 3269 5197 triforme
3286 5141 3375 5197 vel
3406 5141 3796 5214 tripartitum,

2134 5229 2287 5302 quod
2305 5227 2620 5300 Apostolus
2642 5245 2825 5283 unum
2846 5245 3079 5301 semper
3098 5235 3156 5286 et
3177 5230 3417 5286 unicum
3443 5230 3799 5303 proclamat,

2134 5318 2334 5375 dicens
2360 5334 2371 5370 :
2402 5319 2547 5373 Unus
2574 5319 2759 5386 panis,
2784 5334 2962 5372 unum
2993 5335 3187 5391 corpus
3212 5320 3377 5375 multi
3394 5336 3582 5375 sumus
3603 5320 3652 5392 (Ι
3668 5319 3800 5378 Cor.

2129 5426 2185 5475 x,
2212 5410 2318 5475 t7).
2350 5406 2418 5461 Et
2441 5406 2655 5460 iterum
2682 5423 2693 5460 :
2719 5405 2876 5461 Multi
2906 5423 3080 5461 unwn
3108 5424 3303 5481 corpus
3333 5425 3520 5464 sumus
3550 5410 3611 5464 in
3633 5408 3799 5465 Chri-

2131 5507 2211 5553 sto
2240 5498 2415 5564 (Rom.
2440 5511 2540 5561 xu,
2564 5494 2640 5565 5).
2676 5494 2744 5549 Et
2772 5492 2907 5549 alibi
2945 5512 2958 5551 :
2999 5497 3174 5553 Unum
3201 5514 3415 5570 rorpus,
3438 5498 3659 5553 ct‘unus
3677 5500 3799 5569 spi-

2132 5590 2295 5659 ritus,
2328 5588 2467 5643 sicut
2496 5584 2668 5642 vocati
2695 5584 2824 5643 estis
2866 5586 2927 5643 in
2956 5602 3068 5645 una
3114 5602 3207 5663 spe
3258 5587 3556 5647 vocationis
3598 5595 3801 5652 vestrae
