4068 6190
251 407 320 474 81

1256 405 1668 473 OPUSCULA
1707 407 2124 474 ADVERSUS
2167 351 2666 479 AMALARIUM.

3581 412 3665 478 ΒΞ

255 540 391 599 dum
424 536 849 615 opusculorum
874 554 1114 596 suorum
1133 540 1392 597 codicem
1424 541 1583 598 omni
1616 542 1902 615 parochias
1932 544 1987 611 Α
2014 548 2324 617 praesente;
2350 549 2406 603 et
2428 564 2520 605 res
2540 545 2916 622 blasphemas
2939 545 3249 625 religiosus
3278 542 3540 607 horreret
3555 563 3659 607 au-

253 638 462 689 nostrae
481 629 639 687 velut
658 629 1901 706 legendumtranscribendumqueingessit;

252 723 349 779 sed
369 726 427 778 et
447 725 581 777 ante
600 736 821 793 paucos
843 719 966 774 dies
987 736 1117 775 cum
1142 719 1323 775 alium
1356 720 1572 776 librum
1595 738 1769 777 suum
1790 721 1903 778 huc

160 834 163 843 ν
251 810 461 868 detulit
525 808 1030 877 clementissimus,
1104 808 1581 866 adinventionum
1658 826 1901 867 suarum

250 899 767 974 phantasmatibus
790 896 1050 969 plenum.
1078 899 1210 964 Qua:
1238 897 1453 966 omnia,
1481 899 1672 971 magis
1692 898 1823 954 odio
1847 903 1904 954 et

250 990 539 1047 oblivione
562 1005 741 1060 quam
767 986 949 1042 relatu
982 987 1179 1060 digna,
1202 986 1453 1044 libenter
1483 1005 1636 1043 nunc
1668 987 1901 1043 silentio

251 1075 887 1154 praiteriremmisihzec
909 1075 995 1131 vel
1018 1076 1178 1130 tenui
1201 1076 1749 1132 commemoratione
1762 1095 1902 1150 pra:-

251 1165 655 1241 stringere,rei
679 1169 856 1238 gestae
887 1181 1060 1237 quam
1091 1164 1492 1235 explicandam
1513 1167 1899 1238 suscepiordo

250 1263 305 1315 et
331 1273 518 1314 causa
547 1257 904 1327 deposceret.
938 1254 1136 1325 Neque
1182 1254 1338 1310 enim
1387 1255 1521 1310 ﬁnis
1559 1255 1899 1327 quaestionis

252 1351 440 1421 potest
472 1344 581 1401 rite
602 1342 863 1418 agnosci,
888 1342 999 1399 nisi
1023 1347 1155 1399 ante
1176 1343 1411 1399 initium
1436 1343 1745 1401 sollicitius
1759 1362 1897 1417 prm-

250 1440 548 1493 noscatur.

313 1525 367 1581 5.
404 1523 633 1579 Asserit
662 1521 858 1594 itaque
885 1521 1085 1576 doctor
1115 1520 1410 1593 praefatus,
1434 1521 1587 1576 inter
1617 1521 1747 1590 alia,
1773 1539 1897 1579 cor-

249 1631 358 1689 pus
382 1613 601 1668 Christi
641 1611 905 1667 triforme
949 1613 1006 1665 et
1052 1609 1409 1682 tripartitum
1458 1626 1608 1678 esse,
1638 1611 1757 1667 imo
1786 1613 1899 1668 tria

247 1719 371 1760 esse
401 1700 623 1758 Christi
651 1716 911 1772 corpora.
945 1698 1168 1771 Corpus
1197 1699 1405 1754 Christi
1442 1700 1596 1771 quod
1617 1699 1675 1755 in
1699 1718 1897 1757 sacra-

250 1795 443 1848 mento
469 1808 504 1845 a
522 1789 794 1845 ﬁdelibus
814 1788 1089 1856 sumitur,
1108 1787 1197 1844 vel
1219 1788 1279 1843 in
1302 1788 1507 1843 ccelum
1531 1788 1899 1846 invisibiliter

248 1880 444 1952 recipi,
466 1879 556 1934 vel
586 1877 646 1933 in
678 1876 1019 1949 corporibus
1051 1876 1412 1932 sumentium
1445 1894 1679 1934 manere
1712 1896 1895 1951 usque

250 1971 303 2025 in
333 1969 494 2025 diem
527 1965 867 2040 sepulturae,
897 1965 986 2020 vel
1016 1983 1085 2021 ex
1114 1965 1397 2022 incisione
1444 1983 1721 2022 venarum
1762 1985 1897 2024 cum

247 2058 535 2132 sanguine
569 2057 767 2121 ﬂuere,
788 2054 874 2110 vel
901 2055 958 2110 in
982 2071 1276 2111 secessum
1298 2054 1416 2112 labi
1449 2056 1739 2128 opinatur.
1761 2058 1899 2113 Dia-

247 2165 446 2212 conos,
468 2145 639 2201 altari
662 2161 797 2200 cum
821 2143 1109 2199 assistunt
1139 2144 1406 2210 inclines,
1440 2145 1650 2200 asserit
1678 2145 1898 2218 signiﬁ-

246 2253 374 2293 care
403 2233 706 2307 apostolos
730 2233 787 2287 in
810 2231 1084 2304 passione
1116 2230 1344 2287 Domini
1372 2237 1697 2288 metuentes
1723 2239 1898 2306 atque

246 2321 1004 2388 latitantes;subdiaconos,
1030 2319 1305 2376 mulieres
1331 2322 1486 2376 cruci
1511 2321 1795 2394 intrepide
1812 2340 1899 2379 as-

244 2414 522 2471 sistentes
538 2429 552 2478 ;
569 2411 995 2483 presbyterum,
1018 2408 1233 2481 Joseph
1247 2409 1319 2464 ab
1338 2409 1688 2477 Arimathia;
1714 2410 1899 2466 archi-

244 2499 1016 2568 diaconum,Nicodemum;
1051 2496 1310 2566 calicem,
1345 2498 1676 2570 sepulcrum
1705 2518 1717 2568 ;
1742 2500 1898 2555 obla-

240 2593 461 2649 tionem
494 2588 783 2644 Dominici
833 2585 1090 2658 corporis
1140 2586 1282 2641 dicit
1320 2587 1791 2657 cruciﬁxionem;
1827 2582 1898 2643 li-

242 2696 423 2754 gnum
456 2678 656 2751 ipsum
690 2676 996 2747 designare
1018 2674 1159 2730 dicit
1190 2674 1723 2749 doctores;lignum
1747 2677 1899 2731 unde

242 2770 478 2844 pendet,
513 2782 747 2822 crucem
775 2783 787 2832 ;
824 2764 1021 2819 funem
1053 2780 1168 2836 quo
1199 2763 1757 2833 attrahitur,ﬁdem;
1780 2766 1899 2820 tin-

242 2856 622 2917 tinnabulum
647 2871 761 2926 quo
794 2852 1323 2926 resonat,linguam
1352 2870 1364 2920 ;
1399 2870 1640 2908 manum
1672 2854 1901 2910 trahen-

242 2949 315 3005 tis
335 2964 475 3003 cum
509 2944 756 3008 levatur,
778 2943 955 2998 vitam
987 2941 1529 3014 contemplativam;
1564 2959 1697 2998 cum
1730 2944 1901 3015 depo-

244 3038 424 3103 nitur,
480 3033 749 3090 activam.
806 3030 1171 3086 Exorcismos
1217 3030 1792 3099 catechumenorum,
1827 3033 1899 3087 ad

244 3123 571 3199 spiritalem
594 3119 1033 3177 emundationis
1054 3120 1328 3175 ati'ectum
1342 3118 1689 3192 simpliciter
1700 3120 1902 3193 depro-

244 3215 513 3279 mendos,
530 3211 603 3266 ad
622 3209 882 3282 quinque
900 3225 1433 3281 sensuacorporeos
1446 3207 1629 3263 nimia
1649 3208 1900 3264 carnali-

241 3309 356 3361 tate
388 3300 698 3359 convertit.
1929 3283 1974 3353 ϐ

308 3394 367 3448 6.
404 3389 652 3446 Hisdem
683 3386 850 3459 ipsis,
873 3385 1024 3442 sicut
1054 3403 1225 3443 aures
1255 3390 1312 3445 et
1344 3403 1535 3451 nares,
1568 3387 1650 3442 ita
1678 3391 1737 3443 et
1766 3403 1900 3443 ocu-

244 3480 327 3538 los
338 3477 678 3552 tangendos
690 3475 901 3547 melius
916 3475 1283 3531 indicat.Anti
1292 3474 1645 3547 phonarium
1655 3475 1901 3532 Joannis

243 3565 595 3643 Apocalypsi
627 3569 949 3638 comparat.
980 3567 1167 3637 Atque
1194 3564 1302 3619 has
1328 3580 1531 3619 omnes
1557 3569 1615 3619 et
1637 3564 1903 3622 innume-

246 3657 461 3715 rabiles
483 3655 634 3711 alias
654 3654 874 3709 naeniae
896 3670 999 3725 per
1025 3658 1292 3708 sanctum
1323 3652 1467 3708 dicit
1497 3653 1780 3725 Spiritum
1812 3672 1900 3711 re-

244 3744 580 3812 velari,sibi
612 3760 908 3815 usurpans
937 3743 1339 3798 testimonium
1374 3742 1522 3797 Petri
1553 3743 1796 3815 apostoli
1821 3744 1904 3799 di-

248 3835 432 3893 centis
466 3851 480 3890 :
514 3838 636 3891 Non
688 3834 839 3888 enim
883 3832 1157 3887 voluntate
1204 3831 1448 3886 humana
1485 3832 1658 3887 allata
1686 3840 1765 3887 est
1793 3834 1903 3888 ali—

246 3926 465 3998 quando
490 3923 799 3996 pr0phetia,
827 3920 919 3975 sed
945 3920 1159 3992 Spiritu
1204 3928 1389 3975 sancto
1436 3922 1693 3992 inspirati
1741 3922 1907 3978 locuti

248 4023 374 4070 sunt
400 4014 586 4069 sancti
610 4012 711 4068 Dei
729 4010 972 4066 homines
990 4010 1062 4081 (II
1082 4015 1224 4066 Petr.
1247 4009 1504 4077 i,2l).Ex
1524 4026 1638 4081 quo
1662 4010 1904 4067 manife-

251 4111 334 4159 ste
374 4107 435 4160 et
480 4118 545 4157 se
598 4098 965 4173 prophetam,
998 4104 1055 4154 et
1085 4098 1409 4155 doctrinam
1441 4098 1823 4155 vanissimam
1852 4104 1909 4157 et

252 4192 367 4249 risu
399 4189 671 4264 dignam,
695 4188 807 4245 heu
825 4187 837 4243 l
863 4187 1276 4244 miserabiliter
1295 4188 1593 4259 deceptus,
1610 4187 1730 4243 vult
1749 4189 1907 4245 credi

252 4280 645 4355 prophetiam.
677 4278 917 4345 Verum,
951 4281 1017 4332 ut
1046 4276 1202 4349 quod
1250 4281 1504 4348 emptum
1541 4281 1631 4332 est
1662 4277 1911 4333 breviter

250 4371 595 4444 explicetur,
629 4367 731 4423 ubi
759 4366 1035 4423 doctrinm
1079 4365 1416 4438 hujusmodi
1470 4365 1804 4438 contagium
1837 4367 1909 4421 ad

253 4459 699 4517 subversionem
722 4454 1081 4529 simplicium
1096 4456 1155 4510 in
1168 4454 1277 4510 hac
1290 4453 1546 4510 Ecclesia
1562 4454 1911 4512 dissemina-

254 4548 300 4604 ri
321 4547 520 4620 capit,
536 4550 741 4619 pastor
759 4545 831 4600 de
855 4542 1152 4599 commissi
1174 4543 1370 4615 gregis
1392 4541 1579 4599 salute
1602 4542 1910 4611 sollicitus,

2015 636 2211 704 ditus;
2245 636 2484 710 exigunt
2513 638 2584 693 ab
2617 654 2703 707 eo,
2739 638 2787 695 si
2838 656 2970 696 vere
3018 657 3126 711 sua
3171 644 3329 697 esset
3372 636 3659 696 doctrina.

2012 725 2234 797 Negare
2265 743 2378 781 non
2412 727 2618 798 potuit,
2637 731 2836 800 utpote
2859 746 2984 801 quas
3017 731 3076 785 in
3106 728 3273 786 libris
3301 726 3665 802 quampluri-
3696 730 3701 737 ’

2012 815 2125 870 mis
2157 815 2227 870 ab
2262 815 2386 887 ipso
2416 815 2587 871 editis
2619 816 2735 871 fere
2768 816 2986 890 ubique
3017 816 3253 892 vulgata
3281 817 3376 874 sit.
3409 819 3662 875 Interm-

2011 907 2151 976 gant
2200 904 2299 958 ubi
2350 902 2468 959 haec
2517 904 2738 976 legerit.
2773 906 2937 960 Tunc
2979 905 3096 973 ille,
3130 906 3385 962 maximo
3414 905 3662 963 constri-

2010 999 2140 1048 ctus
2172 992 2436 1060 articulo,
2457 1010 2577 1048 rem
2606 1012 2731 1065 quae
2765 1011 2951 1066 neque
2983 996 3052 1051 de
3076 995 3393 1067 Scripturis
3425 999 3665 1069 sumpta

2009 1085 2117 1150 est,
2144 1100 2331 1154 neque
2352 1084 2422 1137 de
2445 1082 2865 1138 catholicorum
2891 1084 3125 1139 Patrum
3148 1084 3527 1156 dogmatibus
3548 1088 3663 1141 tra-

2010 1174 2123 1237 cta,
2157 1172 2257 1227 sed
2290 1187 2391 1226 nec
2423 1171 2495 1227 ab
2542 1170 2686 1243 ipsis
2735 1171 2911 1226 etiam
2962 1171 3250 1228 haereticis
3304 1177 3662 1244 praesumpta

2007 1261 2170 1333 (quia
2182 1259 2339 1316 aliud
2365 1260 2522 1332 quod
2545 1260 2760 1315 diceret
2781 1260 3015 1331 penitus
3036 1278 3149 1315 non
3172 1260 3447 1330 habebat)
3470 1260 3526 1315 in
3551 1279 3659 1317 suo

2009 1349 2216 1422 spiritu
2250 1366 2311 1406 se
2342 1348 2553 1422 legisse
2581 1348 2899 1421 respondit.
2916 1348 3027 1404 Sed
3047 1366 3179 1405 mox
3198 1354 3317 1405 tam
3341 1349 3655 1422 superbam

2007 1442 2066 1494 et
2107 1440 2327 1495 fatuam
2373 1438 2812 1511 responsionem
2844 1438 3175 1494 veneranda
3204 1439 3462 1511 synodus
3492 1454 3655 1495 exse-

2006 1545 2197 1596 crans,
2217 1527 2388 1583 dixit:
2416 1550 2443 1578 ‹‹
2462 1531 2605 1582 Vere
2627 1525 2723 1581 ille
2746 1526 2853 1581 fuit
2873 1525 3119 1598 spiritus
3141 1526 3656 1583 erroris.Memine«

2007 1622 2139 1673 rant
2165 1618 2321 1673 enim
2367 1617 2604 1673 beatum
2653 1615 2870 1671 dixisse
2916 1613 3261 1688 Apostolum
3294 1631 3309 1670 :
3339 1616 3656 1672 Novissimis

2006 1708 2338 1777 temporibus
2366 1705 2637 1761 discedent
2668 1704 2894 1776 quidam
2916 1721 2949 1759 a
2968 1703 3092 1774 ﬁde,
3126 1702 3459 1759 attendentes
3485 1704 3654 1775 spiri-

2004 1796 2153 1851 tibus
2182 1798 2384 1852 erroris
2413 1804 2464 1851 et
2491 1794 2754 1850 doctrinis
2778 1792 3175 1850 daemoniorum
3198 1794 3253 1848 in
3283 1793 3561 1864 hypocrisi
3581 1793 3657 1848 lo-

2005 1888 2286 1955 quentium
2332 1884 2679 1939 mendacium
2707 1884 2757 1951 (I
2789 1884 2921 1937 Tim.
2954 1899 3029 1945 ιν,
3067 1883 3138 1950 1).
3174 1885 3251 1936 De
3294 1880 3569 1953 qualibus
3599 1884 3659 1937 et

2007 1973 2267 2029 Ezechiel
2298 1972 2484 2028 dicit:
2526 1974 2614 2029 Vae
2659 1970 2938 2043 prophetis
2998 1970 3386 2042 insipientibus
3431 1970 3530 2041 qui
3573 1985 3654 2025 se-

2007 2070 2252 2134 quuntur
2279 2063 2543 2134 spiritum
2570 2078 2752 2128 suum,
2776 2068 2827 2117 et
2861 2060 3007 2115 nihil
3036 2059 3261 2114 vident!
3292 2057 3502 2130 (Ezech.
3529 2073 3653 2125 XIII,

2005 2151 2084 2223 3.)
2098 2152 2167 2206 Et
2188 2151 2429 2207 iterum:
2448 2150 2691 2206 Vzdentes
2712 2166 2853 2204 vana
2882 2156 2932 2204 et
2958 2148 3265 2203 divinantes
3284 2145 3652 2214 mendacium,

2005 2240 2246 2295 dicentes
2278 2255 2291 2293 :
2328 2243 2463 2295 Haec
2508 2239 2642 2293 dicit
2684 2239 2965 2308 Dominus,
2995 2252 3120 2291 cum
3156 2236 3416 2291 Dominus
3442 2249 3556 2291 non
3581 2235 3659 2291 sit

2007 2330 2216 2385 locutus
2242 2329 2455 2397 (Ezech.
2488 2344 2625 2391 xxxi,
2656 2327 2769 2398 28).
2805 2326 2964 2382 Unde
3015 2328 3073 2380 et
3122 2323 3453 2380 istiusmodi
3506 2340 3653 2396 pra-

2006 2422 2338 2490 sumptores
2369 2417 2523 2472 Deus
2556 2434 2658 2489 per
2685 2415 2956 2471 eumdem
2989 2412 3334 2487 prophetam
3364 2429 3472 2469 suo
3491 2412 3656 2470 dece-

2007 2512 2137 2580 ptos
2167 2522 2296 2563 esse
2317 2506 2542 2577 judicio
2572 2509 2837 2573 testatur,
2871 2504 3072 2559 dicen-3
3106 2519 3118 2557 :
3152 2504 3216 2557 Et
3243 2503 3504 2574 propheta
3529 2518 3657 2558 cum

2004 2598 2269 2651 erraverit
2299 2613 2332 2650 α
2360 2612 2464 2661 me,
2494 2603 2544 2651 et
2584 2595 2792 2650 locutus
2836 2594 3008 2666 fuerit
3056 2593 3277 2648 verbum
3328 2592 3391 2648 in
3433 2592 3659 2649 nomine

2005 2702 2123 2741 meo
2165 2685 2305 2756 quod
2350 2701 2460 2740 non
2498 2685 2739 2756 pra’cepi
2765 2685 2835 2751 ei,
2868 2699 2964 2752 ego
3006 2683 3269 2736 Dominus
3319 2681 3502 2752 decepi
3525 2696 3657 2752 pro-

2003 2776 2226 2848 phetam
2274 2775 2435 2829 illum
2478 2773 2687 2845 (Bacch.
2722 2790 2835 2838 xw,
2866 2773 2943 2839 9).
2977 2773 3132 2836 Quos
3183 2785 3386 2825 omnes
3437 2769 3660 2841 Spiritu

2012 2862 2108 2918 Dei
2128 2880 2361 2929 vacuos,
2377 2866 2434 2918 et
2449 2861 2655 2933 spiritu
2680 2861 2916 2933 proprio
2941 2857 3540 2927 intlatos,alienandos
3558 2874 3660 2931 pe-

2010 2952 2168 3007 nitus
2198 2968 2233 3006 a
2262 2954 2599 3007 sanctorum
2631 2954 2782 3005 coetu
2833 2946 3170 3004 terribiliter
3213 2945 3568 3001 denuntians
3598 2946 3657 3001 in

2009 3038 2273 3106 concilio,
2312 3038 2425 3093 ait:
2459 3038 2657 3109 Populi
2686 3038 2797 3091 mei
2824 3052 2935 3091 non
2966 3041 3146 3103 erunt,
3178 3041 3230 3089 et
3258 3035 3318 3089 in
3346 3033 3661 3105 Scriptuer

2008 3130 2197 3185 domus
2252 3128 2422 3183 Israel
2475 3142 2587 3182 non
2642 3125 2967 3191 scribentur,
3002 3139 3099 3179 nec
3136 3131 3340 3178 terram
3368 3123 3537 3179 Israel
3568 3123 3657 3178 in-

2010 3217 2327 3287 gredientur
2356 3216 2564 3288 (Bacch.
2592 3231 2653 3282 ιι,
2682 3214 2768 3284 10)
2795 3231 2808 3281 ;
2844 3229 3118 3284 cumque,
3152 3210 3252 3266 illo
3284 3210 3558 3266 reticente
3590 3226 3658 3267 ac

2012 3308 2082 3363 de
2113 3304 2550 3361 mendaciorum
2582 3319 2824 3359 suorum
2856 3298 3234 3374 deprehensis
3258 3298 3505 3355 fallaciis
3525 3314 3659 3356 con-

2008 3397 2159 3466 fuso,
2180 3393 2510 3450 veneranda
2530 3391 2789 3465 synodus
2811 3390 3066 3463 plurima
3084 3386 3660 3461 loqueretur,delibe-

2010 3489 2203 3540 ratum
2226 3487 2316 3539 est
2338 3481 2663 3537 doctrinam
2676 3480 2827 3536 hanc
2841 3496 2969 3534 esse
2980 3476 3216 3534 omnino
3236 3475 3654 3545 damnabilem,

2009 3577 2063 3627 et
2082 3572 2152 3627 ab
2175 3568 2448 3626 omnibus
2470 3567 2764 3623 catholica:
2786 3566 2919 3623 ﬁdei
2941 3564 3262 3622 cultoribus
3284 3564 3550 3620 funditus
3571 3580 3658 3621 re-

2012 3659 2356 3732 spucnclam,
2391 3657 2757 3729 praecipiente
2788 3655 2956 3710 nobis
2988 3653 3360 3726 Apostolo,ac
3389 3651 3673 3709 dicente:

2012 3748 2283 3806 Doctrinis
2340 3747 2517 3801 variis
2575 3753 2625 3799 et
2664 3745 2975 3815 peregrinis
3028 3743 3197 3798 nolite
3252 3741 3450 3796 abduci
3478 3740 3660 3812 (Hebr.

2011 3853 2135 3904 xm,
2167 3836 2243 3901 9).
2278 3835 2578 3890 Diversum
2609 3849 2738 3888 esse
2768 3832 2940 3887 istam
2991 3830 3319 3886 doctrinam
3356 3846 3391 3885 a
3419 3829 3664 3886 sinceri-

2012 3932 2130 3981 tate
2159 3942 2303 3979 verae
2336 3922 2489 3987 fidei,
2523 3927 2581 3975 et
2610 3921 2850 3976 omnino
2880 3921 2952 3975 ab
2986 3918 3241 3975 Ecclesia
3269 3916 3659 3991 peregrinam,

2016 4015 2232 4087 quippe
2280 4028 2456 4083 quam
2506 4026 2677 4065 nemo
2726 4010 3179 4065 orthodoxorum
3212 4007 3447 4063 Patrum
3478 4005 3659 4077 novit,

2016 4102 2180 4159 nulla
2207 4100 2466 4157 veritatis
2506 4098 2650 4155 ratio
2684 4097 2870 4163 fulcit,
2905 4098 3005 4153 sed
3052 4096 3307 4152 novitius
3357 4098 3533 4168 atque
3562 4095 3666 4150 ad-

2017 4191 2294 4247 ventitius
2323 4205 2484 4245 error
2513 4187 2766 4252 induxit;
2794 4187 3034 4241 umbras
3067 4190 3123 4241 et
3154 4186 3371 4257 ﬁguras
3403 4182 3463 4237 in
3495 4198 3668 4238 ciere-

2020 4279 2232 4335 moniis
2271 4276 2631 4333 Testamenti
2680 4275 2908 4331 Veteris
2958 4274 3289 4339 exstitisse;
3324 4285 3539 4326 novum
3568 4268 3671 4324 ad-

2017 4373 2257 4425 ventum
2284 4365 2493 4422 Christi
2525 4364 2763 4420 veritate
2795 4363 3033 4435 fulgere,
3058 4367 3115 4417 et
3144 4360 3274 4415 ﬁdei
3309 4357 3562 4431 puritate
3583 4360 3669 4412 at—

2022 4474 2133 4531 que
2183 4453 2561 4513 observantiae
2621 4451 2993 4524 simplicitate
3051 4449 3388 4513 consistere,
3421 4447 3672 4501 testante

2020 4544 2294 4619 Apostolo
2329 4562 2341 4598 :
2382 4544 2569 4599 Vetera
2598 4543 2954 4604 transierunt,
2985 4555 3101 4595 ecce
3137 4539 3288 4609 facta
3331 4542 3461 4591 sunt
3505 4538 3671 4591 nova.

255 4652 385 4691 cum
418 4632 598 4689 multi
631 4631 900 4687 maeroris
928 4630 1322 4686 amaritudine
1357 4630 1628 4702 religioso
1660 4632 1907 4704 principi
1945 4655 1992 4720 D
2024 4636 2220 4691 omnia
2265 4641 2447 4687 autem
2494 4648 2563 4685 ac
2608 4632 2857 4694 Domino,
2892 4629 2990 4699 qui
3034 4626 3411 4682 reconciliavit
3436 4638 3535 4679 nos
3564 4622 3675 4678 sibi

257 4740 493 4781 causam
528 4720 808 4789 innotuit,
833 4736 1198 4791 conquerens
1220 4735 1286 4775 ac
1309 4718 1620 4791 deplorans
1638 4736 1918 4792 magnum

257 4811 527 4868 Ecclesiae
548 4808 787 4878 vulnus,
807 4812 864 4864 et
886 4809 1298 4865 exsecrandum
1324 4806 1458 4863 ﬁdei
1483 4809 1914 4874 maculam,sub

259 4896 599 4956 istiusmodi
619 4897 944 4953 novitatum
967 4897 1419 4970 prmsumptione
1439 4896 1665 4964 nutriti,
1690 4896 1803 4952 nisi
1826 4914 1917 4954 ve-

259 4988 441 5044 locius
474 4988 597 5042 Deo
627 4986 824 5042 debita
855 4987 982 5057 ejus
1032 4985 1395 5058 providentia
1444 4985 1794 5041 subveniret.
1830 4986 1914 5041 Pii

260 5074 547 5148 principis
580 5091 722 5130 cura
751 5074 1022 5130 ardenter
1050 5091 1117 5131 ac
1141 5074 1510 5129 laudabiliter
1538 5073 1595 5128 in
1620 5075 1717 5129 Dei
1743 5076 1919 5133 rebus

261 5162 535 5228 sollicita,
570 5178 707 5217 cum
735 5161 808 5216 ob
840 5160 1112 5234 pleraque
1136 5160 1401 5216 Ecclesia:
1424 5160 1656 5233 negotia
1686 5161 1743 5215 in
1769 5179 1913 5233 prie-

261 5253 483 5308 dictum
515 5248 721 5324 palatii
752 5248 949 5306 locum
978 5250 1322 5307 reverendos
1372 5249 1569 5305 Patres
1611 5249 1915 5323 episcopos

263 5340 575 5396 convenire
598 5338 904 5410 jussisset,
940 5356 1176 5394 causam
1208 5339 1280 5393 ad
1314 5338 1705 5411 cognitionem
1743 5346 1919 5411 atque

264 5444 507 5486 examen
531 5426 769 5482 concilii
792 5444 994 5483 eorum
1016 5426 1255 5499 prot'erri
1292 5428 1444 5494 fecit,
1465 5443 1719 5498 cumque
1742 5427 1798 5481 in
1824 5445 1924 5483 eo-

264 5534 392 5574 rum
424 5515 703 5581 auribus,
728 5520 850 5570 tam
876 5517 1073 5589 inepta
1094 5521 1148 5571 et
1172 5517 1416 5588 profana
1445 5532 1726 5571 novarum
1761 5518 1922 5572 adin-

263 5607 606 5663 ventionum
637 5609 975 5661 commenta
1001 5605 1402 5672 recitarentur,
1424 5605 1551 5677 ipso
1575 5622 1807 5676 quoque
1832 5612 1930 5678 qui

268 5696 432 5754 eade
470 5694 676 5751 cordis
728 5693 820 5749 sui
867 5690 1256 5750 audacissima
1303 5693 1557 5749 vanitate
1608 5689 1937 5765 protulerat

2027 4740 2125 4795 per
2162 4723 2437 4777 Christum
2463 4720 2538 4791 (Il
2571 4720 2689 4773 Cor.
2718 4735 2775 4782 ν,
2801 4717 2911 4782 l8).
2939 4715 3149 4772 Omnia
3191 4713 3392 4788 igitur,
3412 4711 3472 4769 id
3501 4715 3592 4769 est
3617 4713 3678 4769 et

2025 4815 2217 4866 vetera
2248 4812 2303 4863 et
2335 4824 2500 4874 nova,
2542 4809 2599 4861 et
2628 4810 2831 4877 typum
2873 4805 3020 4878 legis
3053 4808 3109 4860 et
3135 4800 3432 4876 Evangelii
3463 4799 3677 4857 verita-

2026 4905 2164 4968 tem,
2187 4897 2363 4952 unius
2385 4899 2441 4950 et
2462 4893 2643 4950 solius
2664 4893 2783 4961 Dei,
2799 4911 2913 4949 non
2936 4895 3287 4966 cujusquam
3301 4889 3681 4947 hominisaut

2027 4986 2239 5060 angeli,
2273 4983 2615 5040 auctoritate
2647 4986 2932 5040 constare.
2967 4982 3130 5038 Unde
3163 4980 3383 5037 nemini
3413 4978 3676 5045 omnino,

2028 5082 2161 5150 post
2184 5075 2492 5144 utriusque
2513 5072 2875 5127 Testamenti
2906 5071 3211 5128 ministros
3240 5068 3437 5125 divino
3468 5066 3680 5139 spiritu

2029 5166 2371 5229 illustratos,
2396 5159 2590 5216 divina
2620 5160 2965 5216 auctoritate
2986 5160 3287 5225 subnixos,
3312 5158 3371 5212 in
3395 5155 3611 5228 quibus
3625 5156 3685 5209 et

2028 5272 2129 5328 per
2149 5269 2296 5325 quos
2318 5267 2386 5306 ea
2406 5267 2532 5322 qua:
2555 5248 2799 5304 divorsis
2826 5249 3191 5321 temporibus
3215 5248 3287 5302 ad
3312 5244 3562 5301 salutem
3586 5256 3685 5313 po-

2031 5341 2151 5415 puli
2170 5340 2259 5396 sui
2284 5356 2544 5410 congrua
2568 5337 2877 5408 judicavit,
2902 5338 3199 5393 evidenter
3228 5336 3383 5390 Deus
3404 5335 3462 5387 et
3482 5346 3687 5402 opera-

2033 5438 2130 5487 tus
2160 5435 2247 5485 est
2276 5433 2330 5483 et
2352 5427 2605 5492 locutus,
2629 5425 2866 5481 licuisse
2888 5426 3175 5480 autlicere
3196 5438 3343 5476 nova
3362 5421 3689 5502 ﬁgurarum

2039 5535 2252 5593 genera
2270 5516 2356 5571 vel
2384 5514 2792 5587 mysteriorum
2818 5516 3187 5569 sacramenta
3209 5507 3456 5573 sancire,
3479 5512 3540 5562 et
3560 5507 3690 5565 ideo

2042 5604 2385 5665 rationabile
2414 5603 2760 5675 obsequium
2812 5601 3081 5657 Ecclesia:
3114 5599 3232 5655 sive
3262 5598 3323 5654 in
3353 5600 3565 5654 ornatu
3590 5613 3693 5654 ve-

2047 5698 2247 5761 stium,
2282 5695 2401 5751 sive
2451 5692 2509 5748 in
2562 5690 2871 5763 multiplici
2919 5705 3194 5747 vasorum
3249 5685 3602 5753 ministerio,
3633 5685 3703 5744 in-
