4068 6190
304 407 382 474 83
1332 456 1339 463 ο
1401 411 1628 473 FLORI
1673 405 1963 471 DIACON

2079 404 2612 470 IUGDUNENSIS.
3631 396 3712 460 84
3792 398 3793 401 “

304 545 680 621 simplicitate
702 546 966 604 veritatis
999 550 1056 604 et
1086 546 1217 603 ﬁdei
1250 546 1525 619 puritate,
1558 543 1757 616 procul
1785 542 1943 600 omni
1976 545 2029 609 Α
2056 543 2303 597 scientim
2334 549 2564 596 vestram
2594 540 2660 596 ab
2691 539 2941 613 aperibus
2984 537 3234 604 mortuis,
3267 535 3338 593 ad
3364 535 3712 593 serviendum

308 637 743 711 superstitionis
776 638 1204 710 phantasmate,
1240 640 1463 691 remota
1491 633 1650 689 omni
1684 631 1952 688 nebulosi

307 727 599 799 dogmatis
627 727 1060 799 vanitate,pure
1091 727 1205 781 Deo
1235 729 1293 780 et
1310 723 1655 796 simpliciter
1684 723 1956 777 exhiben-

310 817 450 872 dum
483 834 648 884 esse;
680 817 736 871 in
769 816 862 870 his
893 816 1172 871 honorem
1217 813 1534 886 religionis,
1572 812 1953 867 reverentiam

2060 633 2166 687 Deo
2195 633 2402 686 viventi
2429 630 2609 697 (Hebr.
2643 648 2719 695 IX,
2756 631 2863 701 14).
2898 629 3006 685 Sed
3037 633 3095 684 et
3126 627 3398 701 princeps
3429 624 3715 698 apostolo-

2063 737 2193 775 rum
2225 720 2427 775 Petrus
2460 721 2759 781 :Scientes,
2793 720 2893 787 ait,
2928 718 3069 791 quod
3106 734 3218 772 non
3265 715 3717 787 corruptibilibus

2063 826 2199 865 auro
2229 818 2281 864 et
2308 818 2527 880 argento
2567 810 2831 880 redempti
2870 810 3000 863 estis
3043 807 3108 863 de
3134 824 3281 862 vana
3310 807 3719 861 conversatione

310 906 491 962 divini
522 905 735 972 cultus,
770 905 1028 960 laetitiam
1072 902 1411 957 Christianae
1460 901 1804 966 devotionis,
1839 916 1955 954 non
2059 907 2310 971 paternae
2349 899 2681 963 traditionis,
2713 898 2804 953 sed
2847 899 3082 969 pretioso
3138 897 3411 965 sanguine
3457 902 3721 966 tanquam

311 997 533 1069 ﬁguras
563 994 789 1067 aliquas
820 993 905 1048 vel
939 992 1215 1065 mysteria
1241 991 1535 1045 vanitatis.
1569 991 1699 1046 Jam
1726 1006 1858 1044 vero
1887 988 1955 1042 il-

313 1084 413 1140 lud
441 1083 594 1156 quod
628 1099 838 1153 corpus
870 1080 1085 1135 Christi
1116 1081 1373 1135 triforme
1395 1084 1449 1134 et
1478 1078 1838 1150 tripertitum
1870 1076 1957 1131 di-

314 1189 463 1238 cere,
500 1173 616 1226 imo
646 1171 760 1225 tria
790 1169 1000 1224 Christi
1032 1184 1274 1240 corpora
1308 1167 1581 1221 inaudita:
1611 1165 1960 1221 temeritatis

316 1260 557 1317 audacia
588 1276 847 1315 asserere
878 1256 1269 1330 prmsumpsit,
1291 1256 1348 1310 in
1377 1260 1607 1310 tantum
1629 1255 1958 1310 sacerdotes

316 1348 546 1406 Domini
568 1346 846 1403 exsecrati
870 1350 1029 1410 sunt,
1045 1350 1108 1399 ut
1127 1344 1254 1409 hoc,
1279 1344 1429 1399 sicut
1454 1361 1632 1415 supra
1656 1349 1958 1399 ostensum

315 1442 424 1505 est,
451 1439 523 1493 de
553 1436 861 1509 spiritibus
891 1434 1195 1501 erroris,et
1228 1433 1508 1489 doctrinis
1538 1432 1958 1488 daemoniorum

316 1532 620 1599 sumptum
652 1526 843 1580 dicere
874 1523 1115 1578 minime
1147 1522 1490 1589 dubitarint,
1514 1525 1794 1594 tanquam
1827 1537 1960 1575 cum

316 1616 521 1690 angelo
568 1612 798 1669 Domini
830 1613 1184 1667 detestantes
1215 1613 1411 1678 Satan,
1446 1611 1543 1683 qui
1575 1611 1791 1666 dextris
1821 1611 1959 1666 Jesu

316 1704 514 1777 magni
536 1708 592 1759 et
610 1703 727 1757 veri
751 1700 1069 1757 sacerdotis
1100 1700 1391 1755 adversari
1427 1699 1962 1765 conatur,etexsut-

317 1795 524 1849 ﬂantes
556 1792 813 1847 dicerent
845 1808 857 1844 :
890 1793 1129 1861 Increpet
1184 1792 1445 1844 Dominus
1490 1790 1548 1843 in
1595 1797 1662 1854 te,
1694 1788 1886 1855 Satan,
1916 1795 1966 1843 et

318 1885 557 1954 increpet
584 1882 641 1936 in
676 1888 725 1935 te
752 1882 850 1950 qui
877 1877 1047 1947 elegit
1075 1878 1378 1933 Jerusalem
1411 1879 1592 1949 (Zueh.
1629 1894 1709 1932 ιιι.
1743 1881 1820 1943 2).

387 1974 441 2027 7.
468 1973 687 2041 Corpus
710 1972 904 2023 autem
938 1966 1188 2032 Domini,
1209 1967 1362 2038 quod
1390 1967 1446 2020 in
1471 1965 1744 2038 mysterio
1768 1983 1801 2020 a
1826 1965 1968 2019 fide-

320 2061 477 2117 libus
500 2055 945 2124 sumitur,absit
962 2059 1157 2110 uttam
1177 2056 1412 2111 sordida
1440 2054 1525 2109 vel
1559 2054 1969 2126 superstitiosa

322 2153 515 2205 mente
546 2148 680 2219 quis
711 2149 965 2218 appetat,
986 2143 1285 2215 utaliquid
1319 2143 1528 2199 horum
1561 2161 1686 2216 quae
1717 2143 1970 2197 immun-

324 2236 566 2294 dissime
598 2240 802 2291 auctor
832 2232 1107 2288 doctrina:
1140 2232 1435 2299 confinxit,
1473 2234 1532 2287 in
1559 2250 1665 2289 suo
1696 2233 1893 2288 animo
1914 2236 1970 2286 et

325 2325 777 2399 cogitationibus
813 2322 1031 2377 versari
1078 2321 1409 2393 permittat!
1446 2326 1807 2393 Quapropter
1834 2338 1967 2375 cum

326 2413 788 2472 omnidesiderio
809 2416 865 2468 et
881 2409 1304 2483 supplicatione
1327 2411 1559 2483 pietatis
1581 2410 1835 2465 divinam
1859 2410 1967 2464 mi-

325 2502 702 2561 sericordiam
715 2500 1173 2572 implorandum,
1189 2504 1377 2554 utnon
1398 2500 1587 2555 solum
1613 2500 1683 2554 ab
1706 2500 1966 2565 auribus,

323 2610 526 2650 verum
548 2591 723 2647 etiam
747 2607 781 2645 a
801 2588 1075 2645 cordibus
1106 2587 1342 2655 nostris,
1367 2588 1574 2642 talium
1600 2588 1971 2660 phantasma-

322 2687 451 2739 tum
466 2698 531 2737 ac
547 2680 807 2737 sordium
831 2678 961 2733 labe
984 2682 1271 2733 remota...
1289 2677 1710 2749 sempiternum
1736 2678 1969 2732 mundi-

322 2773 414 2829 tia:
429 2788 568 2836 suae,
586 2772 810 2824 mentes
822 2770 1054 2822 nostras
1076 2766 1371 2829 emundet,
1387 2768 1809 2837 quatenustam
1832 2767 1972 2821 divi-

322 2876 463 2915 num
486 2857 923 2931 gloriosumque
956 2853 1297 2927 mysterium
1333 2870 1478 2925 puro
1511 2870 1685 2908 sensu
1719 2854 1973 2925 cogitan-

323 2954 431 3011 tes,
467 2964 613 3020 pura
642 2945 852 3017 pietate
883 2947 1204 3008 sumentes,
1240 2942 1585 3013 incorruptae
1616 2943 1972 3014 puriﬁcatio—

324 3037 418 3094 nis
466 3035 713 3109 gratiam
773 3048 1222 3104 consequamur.
1277 3031 1423 3085 Cum
1482 3031 1637 3086 enim
1689 3031 1972 3088 Dominus

327 3126 527 3181 dicat:
562 3125 673 3191 Ego
717 3138 841 3176 sum
890 3122 1013 3175 vitis
1058 3136 1181 3175 vera
1230 3121 1409 3187 (Joan.
1438 3138 1527 3187 xv,
1566 3121 1615 3186 l)
1642 3139 1654 3187 ;
1684 3125 1779 3176 et:
1817 3128 1977 3177 Pater

327 3230 480 3269 meus
510 3212 603 3266 dat
630 3210 779 3264 vobis
805 3224 1007 3278 panem
1056 3208 1121 3262 de
1149 3210 1278 3262 cado
1314 3224 1497 3262 verum
1528 3209 1701 3278 (Joan.
1732 3226 1809 3272 v1,
1841 3212 1933 3279 32)
1958 3228 1970 3279 ;

332 3305 424 3357 et:
461 3302 596 3354 Caro
630 3314 751 3351 mea
780 3311 903 3351 vere
929 3304 1005 3350 est
1033 3296 1204 3362 cibus,
1238 3303 1289 3350 et
1316 3298 1543 3364 sanguis
1570 3313 1720 3352 meus
1749 3315 1870 3353 vere
1898 3308 1975 3354 est
2006 3277 2049 3342 C

329 3396 488 3461 potus
517 3386 701 3453 (Ibid,
732 3386 863 3450 56);
915 3387 1017 3437 et:
1079 3385 1194 3453 Qui
1246 3384 1543 3438 manducat
1595 3401 1698 3451 me,
1759 3394 1810 3441 et
1868 3388 1981 3457 ipse

334 3480 477 3533 vivet
498 3482 721 3547 propter
753 3488 841 3528 me
871 3471 1051 3543 (Ibid.,
1084 3473 1214 3540 58);
1250 3471 1401 3526 sicut
1448 3471 1594 3527 nihil
1641 3474 1767 3528 vita:
1814 3480 1979 3530 aeter-

335 3584 423 3622 nae
454 3564 581 3621 cibo
614 3562 728 3618 nisi
758 3578 895 3617 vera
952 3561 1161 3615 anima:
1222 3561 1453 3615 reiectio
1513 3564 1839 3633 appetenda
1866 3569 1977 3631 est,

334 3653 418 3709 ita
473 3650 616 3705 nihil
677 3649 910 3721 penitus
968 3648 1366 3720 cogitandum,
1425 3648 1535 3703 nisi
1596 3651 1749 3720 quod
1802 3653 1978 3723 spiri-

334 3740 450 3797 tale
480 3745 537 3795 et
564 3737 894 3793 immortale
926 3742 1033 3792 est.
1067 3737 1213 3802 Quid
1260 3743 1457 3791 autem
1492 3739 1705 3793 mirum
1739 3741 1809 3803 si,
1845 3742 1975 3797 fidei

332 3828 523 3903 gratia
550 3831 607 3882 et
635 3826 847 3881 virtute
877 3826 1089 3891 divina,
1125 3824 1260 3880 talis
1308 3826 1474 3881 cibus
1520 3828 1601 3881 sic
1633 3830 1889 3885 sumitur
1915 3836 1981 3887 ut

332 3918 716 3973 absorbeatur
768 3915 922 3985 quod
983 3914 1228 3970 mortale
1272 3919 1361 3969 est
1390 3932 1423 3969 a
1452 3916 1572 3970 vita
1592 3917 1619 3971 ?
1648 3920 1748 3972 Hic
1771 3928 1867 3983 est,
1899 3922 1980 3975 ait

330 4004 637 4069 Dominus,
656 4005 820 4075 panis
841 4003 905 4058 de
924 4004 1053 4058 caelo
1076 4003 1397 4058 descendens
1419 4024 1437 4065 :
1463 4013 1520 4059 ut
1547 4008 1598 4060 si
1625 4009 1747 4077 quis
1768 4024 1836 4062 ea:
1866 4010 1978 4079 ipso

329 4094 761 4156 manducauerit,
812 4109 923 4149 non
977 4094 1249 4147 moriatur
1306 4093 1487 4162 (Ibid.,
1521 4095 1633 4164 50).
1676 4096 1785 4151 Sed
1838 4099 1977 4170 quid

331 4184 585 4256 pertinet
612 4182 683 4238 ad
715 4182 989 4237 virtutem
1037 4181 1406 4247 sacramenti,
1441 4184 1596 4253 quod
1626 4185 1876 4255 pertinet
1905 4188 1974 4243 ad

328 4270 561 4327 visibile
591 4274 1022 4327 sacramentum
1046 4270 1074 4325 ?
1104 4270 1208 4333 Qui
1235 4272 1550 4326 manducat
1573 4272 1880 4340 intus,non
1903 4277 1978 4333 fo.

332 4361 442 4428 ris;
472 4361 572 4433 qui
606 4361 919 4416 manducat
950 4358 1007 4413 in
1041 4359 1232 4423 corde,
1268 4376 1381 4414 non
1416 4361 1514 4431 qui
1541 4363 1752 4431 premit
1784 4364 1973 4421 dente.

331 4450 576 4506 Credere
608 4449 763 4504 enim
796 4449 851 4502 in
886 4465 1042 4513 eum,
1077 4448 1184 4502 hoc
1228 4453 1316 4502 est
1363 4450 1714 4505 manducare
1764 4468 1974 4523 panem

329 4538 525 4594 vivum
557 4555 570 4603 ;
606 4536 705 4608 qui
737 4537 1310 4603 credit,manducat;
1344 4536 1716 4594 invisibiliter
1745 4540 1974 4612 sagina-

1998 1912 2046 1976 B

2064 989 2208 1056 Agni
2237 989 2655 1042 incontaminati
2683 996 2731 1042 et
2754 987 3010 1041 inviolati
3037 987 3247 1041 Christi
3274 986 3324 1057 (ι
3348 990 3497 1040 Petr.
3529 1002 3569 1049 ι,
3603 986 3713 1043 l8).

2067 1077 2191 1131 Non
2220 1092 2355 1147 ergo
2387 1076 2751 1148 corruptibili
2796 1074 3084 1147 redempti
3116 1092 3345 1130 sumus.
3377 1075 3494 1130 Hoc
3528 1074 3720 1130 ﬁdelis

2068 1165 2250 1220 sumit
2281 1166 2351 1219 ad
2378 1164 2578 1230 vitam,
2612 1164 2890 1236 indignus
2920 1164 2991 1219 ad
3025 1180 3289 1236 poenam;
3324 1163 3432 1219 hoc
3463 1164 3719 1235 pretium

2068 1253 2486 1325 redemptionis
2508 1258 2566 1308 et
2593 1252 2868 1307 viaticum
2903 1252 3111 1308 salutis
3142 1251 3551 1325 unusquisque
3584 1252 3725 1307 ﬁde-

2068 1343 2212 1397 lium
2246 1342 2355 1398 sub
2386 1343 2530 1398 hora
2560 1342 2766 1398 mortis
2798 1341 2952 1397 ﬁdeli
2986 1342 3200 1414 pietate
3230 1340 3507 1414 exposcit.
3527 1342 3641 1397 [loc
3659 1357 3723 1396 se

2070 1435 2440 1504 peccatorum
2473 1431 2701 1486 veniam
2734 1431 3164 1503 adepturum,a
3194 1429 3587 1503 malignorum
3608 1429 3729 1502 spi-

2070 1521 2291 1575 rituum
2315 1520 2553 1575 incursu
2579 1521 2637 1575 in
2661 1520 2789 1593 ipsa
2811 1524 2999 1576 morte
3020 1520 3329 1587 tuendum,
3361 1519 3432 1574 ad
3463 1517 3722 1591 paradisi

2072 1627 2301 1665 ammna
2332 1610 2634 1682 praesumit
2664 1610 3118 1665 admittendum.
3143 1608 3406 1681 Cumque
3426 1608 3617 1682 pulvis
3641 1625 3728 1663 re-

2070 1699 2315 1753 vertitur
2344 1699 2404 1753 in
2439 1704 2654 1754 terram
2688 1715 2858 1753 suam
2888 1698 3045 1753 unde
3074 1702 3216 1765 erat,
3235 1697 3479 1770 spiritus
3502 1701 3724 1764 tamen,

2074 1787 2255 1859 hujus
2286 1788 2546 1842 muneris
2579 1786 2785 1842 solatio
2809 1787 3013 1850 fretus,
3038 1786 3216 1858 hujus
3236 1786 3433 1857 gratia:
3457 1785 3729 1858 praesidio

2078 1876 2362 1943 munitus,
2396 1876 2545 1930 redit
2577 1876 2647 1931 ad
2686 1876 2996 1931 Dominum
3021 1875 3118 1947 qui
3140 1874 3297 1930 dedit
3324 1874 3513 1943 illum,
3538 1891 3646 1930 nec
3666 1874 3727 1929 in

2076 1964 2436 2036 depositione
2468 1963 2865 2036 corruptibilis
2896 1964 3154 2036 corporis
3197 1964 3287 2019 sui
3329 1963 3603 2019 amittens
3634 1963 3723 2018 in-

2076 2054 2514 2126 corruptibilem
2544 2054 2793 2126 gratiam
2825 2054 3085 2126 corporis
3111 2052 3343 2109 Christi.
3368 2054 3517 2120 Haec,
3552 2056 3727 2125 prout

2078 2148 2190 2198 Deo
2222 2148 2515 2197 annuente
2545 2142 2727 2214 potui,
2753 2143 2823 2198 de
2855 2142 3100 2198 concilio
3125 2141 3544 2197 venerabilium
3576 2141 3730 2214 epis-

2077 2248 2375 2304 coporum,
2409 2233 2479 2286 ad
2513 2231 2952 2286 aedificationem
2984 2230 3247 2286 Ecclesiae
3280 2231 3402 2295 Dei,
3434 2236 3490 2286 et
3520 2232 3730 2286 conﬁr-

2079 2321 2396 2375 mationem
2426 2320 2723 2375 catholica:
2758 2320 2891 2375 ﬁdei
2924 2337 3111 2393 nuper
3142 2320 3537 2385 habito,brevi
3571 2320 3732 2393 pagi-

2079 2409 2219 2464 nula
2249 2413 2528 2465 annotare
2559 2409 2966 2473 curavi,verba
2985 2426 3186 2465 eorum
3204 2413 3262 2464 et
3278 2426 3489 2465 sensus
3510 2409 3730 2481 quibus

2078 2500 2231 2554 valui
2255 2500 2536 2563 verbis,et
2558 2498 2993 2570 Srripturarum
3026 2499 3378 2555 testimoniis
3410 2500 3728 2571 explicans,

2079 2592 2136 2642 et
2158 2587 2462 2659 cxcogitati
2495 2605 2680 2659 nuper
2698 2593 2754 2643 et
2778 2589 3111 2644 exsecrandi
3140 2587 3354 2645 erroris
3384 2589 3733 2644 confutatio-

2079 2694 2235 2732 nem.
2261 2677 2321 2731 In
2346 2676 2608 2731 omnium
2633 2677 2729 2749 qui
2756 2677 2874 2732 hzec
2896 2676 3084 2751 legere
3107 2677 3192 2732 vel
3216 2678 3420 2733 audire
3437 2676 3734 2733 voluerint

2082 2766 2349 2821 notitiam
2397 2765 2712 2837 perferens,
2748 2771 2829 2834 ut,
2875 2784 3012 2838 repu
3033 2766 3177 2821 iiata
3228 2771 3404 2839 atque
3451 2767 3735 2821 damnata

2081 2854 2306 2927 profani
2358 2854 2649 2926 dogmatis
2708 2855 3145 2910 fobulosissima
3172 2855 3426 2911 vanitate
3450 2859 3506 2911 et
3533 2855 3731 2910 vanis-

2083 2942 2233 2999 sima
2263 2941 2873 3015 fabulositate,procul
2905 2944 3150 3015 abjectis
3180 2948 3236 2999 et
3266 2942 3435 2999 libris
3464 2950 3521 3000 et
3538 2945 3734 2999 verbis

2083 3031 2552 3087 mendaeissimis
2608 3031 2903 3104 vaniloqui
2957 3032 3231 3099 doctoris,
3284 3032 3353 3088 de
3411 3032 3732 3105 purissimo

2084 3121 2515 3193 Scripturarum
2551 3122 2727 3189 fonte,
2763 3122 2831 3175 de
2881 3121 3283 3177 sincerissima
3330 3123 3567 3177 Patrum
3620 3123 3735 3177 do~

2086 3209 2291 3274 ctrina,
2326 3210 2397 3264 de
2439 3209 2785 3264 venerabilis
2833 3209 3061 3265 concilii
3110 3211 3475 3279 auctoritate,
3508 3210 3641 3266 ﬁdei
3674 3216 3736 3265 et

2087 3297 2341 3352 scientiae
2355 3296 2701 3353 hauriemus
2724 3298 2959 3364 ﬂuenta,
2975 3304 3272 3356 servantes
3293 3300 3537 3356 sollicite
3552 3298 3735 3355 semel

2087 3386 2367 3440 traditum
2401 3387 2568 3441 nobis
2599 3386 2731 3442 ﬁdei
2760 3387 3126 3454 thesaurum,
3150 3393 3207 3443 et
3237 3389 3525 3462 fugientes
3557 3406 3738 3461 oppo-

2088 3474 2327 3530 sitiones
2358 3474 2608 3529 scientias
2645 3475 2773 3531 falsi
2808 3476 3082 3544 nominis,
3116 3482 3173 3533 et
3202 3478 3476 3549 profanas
3523 3495 3734 3534 vocum

2089 3563 2392 3629 novitates,
2426 3564 2495 3618 de
2527 3565 2741 3636 quibus
2774 3565 3088 3637 Apostolus
3120 3566 3274 3621 fideli
3306 3566 3597 3639 discipulo
3629 3567 3736 3623 ait:

2086 3656 2132 3711 Ο
2184 3654 2466 3718 Timotheo,
2525 3653 2823 3724 depositum
2879 3655 3108 3721 custodi,
3168 3655 3415 3711 devitans
3467 3658 3739 3729 profanas

2086 3757 2274 3796 vocum
2306 3744 2653 3810 novitates,et
2672 3745 3029 3813 oppositiones
3056 3745 3190 3815 falsi
3216 3747 3460 3801 nominis
3485 3747 3740 3803 scientiae

2087 3847 2251 3901 quam
2299 3830 2519 3902 quidam
2561 3833 2937 3902 promittentes
2993 3834 3141 3888 circa
3196 3834 3357 3904 ﬁdem
3413 3834 3739 3890 exciderunt

2088 3921 2133 3990 (1
2169 3921 2302 3973 Tim.
2336 3936 2410 3984 vn,
2440 3921 2551 3989 20),
2586 3935 2717 3973 cum
2751 3936 2887 3992 ergo
2934 3920 3270 3977 istiusmodi
3317 3922 3737 3994 pseudoscien-

2087 4008 2169 4062 tia
2199 4012 2254 4061 et
2296 4007 2538 4079 profana
2593 4024 2799 4063 vocum
2861 4009 3085 4065 novitas
3144 4010 3278 4065 ﬁdei
3338 4011 3630 4066 excidium
3674 4015 3741 4066 et

2088 4095 2457 4168 naufragium
2516 4096 2708 4167 faciat,
2765 4097 2923 4153 velut
2979 4098 3220 4171 scyllam
3303 4100 3621 4170 quamdam
3675 4104 3741 4156 et

2087 4185 2426 4259 cbarybdim
2459 4202 2586 4241 eam
2619 4186 2889 4253 vitemus,
2916 4188 3741 4260 metuamusqueintimacor-

2087 4273 2178 4329 dis
2207 4274 2540 4342 formidine,
2572 4293 2641 4330 ne
2674 4275 2816 4330 forte
2859 4277 2983 4347 jam
3038 4277 3094 4331 in
3128 4276 3225 4332 illo
3284 4282 3544 4350 tempore
3603 4293 3741 4334 esse

2086 4363 2435 4433 cmpeiimus
2460 4365 2529 4419 de
2560 4382 2676 4435 quo
2708 4364 2862 4419 idem
2891 4364 3134 4421 terribili
3161 4366 3601 4422 denuntiatione
3622 4364 3743 4421 cla-

2087 4456 2207 4505 mat
2235 4452 2546 4522 Apostolus
2579 4470 2590 4507 :
2627 4454 2742 4508 Erit
2782 4456 2927 4509 enim
2979 4461 3186 4525 tempus
3231 4472 3354 4510 eum
3399 4472 3591 4510 sanam
3638 4454 3741 4510 do-

2084 4541 2320 4595 ctrinam
2349 4556 2457 4595 non
2486 4542 2866 4609 sustinebunt,-
2896 4542 2988 4598 sed
3014 4544 3083 4598 ad
3130 4560 3230 4599 sua
3287 4543 3556 4599 desideria
3603 4560 3742 4599 eoa-

330 4630 447 4691 tur,
495 4626 635 4697 quia
681 4629 737 4679 et
786 4625 1159 4681 invisibiliter
1208 4626 1550 4682 renascitur.
1604 4628 1979 4686 Sacramenta
2010 4642 2055 4705 Β
2086 4632 2377 4683 eervabunt
2451 4631 2561 4685 sibi
2631 4633 2941 4701 magistros,
2998 4634 3307 4703 prurientes
3371 4632 3624 4698 auribus,
3682 4642 3743 4690 et

333 4718 471 4771 sunt
490 4712 603 4768 ista
628 4732 640 4780 ;
668 4713 795 4767 ideo
818 4718 1009 4768 autem
1036 4714 1313 4769 dicuntur
1342 4720 1725 4785 sacramenta,
1759 4718 1897 4789 quia
1918 4720 1978 4775 in

329 4801 414 4859 eis
444 4801 602 4857 aliud
635 4801 881 4867 videtur,
911 4801 1067 4856 aliud
1100 4802 1463 4874 intelligitur.
1518 4806 1677 4869 Quod
1724 4806 1975 4875 videtur,

329 4891 582 4963 speciem
598 4890 771 4944 habet
784 4889 1164 4961 corporalem;
1181 4893 1330 4962 quod
1349 4892 1973 4966 intelligitur,fructum

326 4979 503 5035 habet
525 4976 869 5050 spiritalem.
890 4978 1083 5033 Manet
1108 4978 1285 5051 igitur
1305 4980 1359 5033 in
1388 4987 1579 5037 mente
1598 4982 1861 5038 ﬁdelium
1886 4984 1973 5040 in-

327 5070 601 5139 corrupta
620 5066 968 5122 venerabilis
987 5067 1243 5137 mysterii
1266 5068 1471 5134 virtus,
1492 5075 1547 5124 et
1568 5071 1975 5129 efﬁcacissima

325 5155 606 5230 potentia,
640 5170 899 5225 purgans
931 5155 1162 5219 delicta,
1196 5156 1524 5210 emundans
1564 5160 1971 5229 conscientias,

325 5243 633 5317 perﬁciens
662 5241 911 5314 gratiam
938 5241 1353 5313 redemptionis
1375 5248 1430 5297 et
1452 5243 1679 5301 salutis.
1712 5248 1872 5304 Unde
1895 5250 1976 5306 ait

325 5332 705 5390 beatissimus
751 5330 1051 5386 Joannes:
1088 5331 1150 5385 Et
1202 5334 1431 5400 sanguis
1487 5334 1625 5389 Filii
1679 5337 1794 5406 ejus
1848 5340 1975 5395 Jesu

329 5423 533 5479 Christi
581 5420 839 5475 emundat
884 5437 980 5474 nos
1028 5422 1095 5474 ab
1140 5422 1291 5475 omni
1317 5431 1532 5492 peccato
1567 5423 1609 5495 (Ι
1636 5425 1788 5479 Joan.
1825 5444 1862 5493 ι,
1894 5431 1972 5492 7).

326 5513 441 5566 Vas
483 5526 716 5581 quoque
765 5508 1062 5565 electionis
1117 5508 1330 5565 Paulus
1364 5526 1378 5564 :
1414 5514 1621 5578 Quanto
1650 5516 1845 5583 magis,
1883 5516 1975 5572 in-

329 5600 474 5673 quit,
507 5601 735 5665 sanguis
764 5598 986 5665 Christi,
1021 5599 1118 5669 qui
1148 5615 1241 5666 per
1286 5600 1559 5670 Spiritum
1603 5612 1851 5659 sanctum
1891 5622 1975 5661 se-

328 5691 615 5762 metipsum
660 5687 852 5742 obtulit
897 5688 1310 5742 immaculatum
1344 5692 1469 5759 Deo,
1504 5690 1826 5749 emunduvit
1848 5711 1973 5748 con-

2087 4734 2122 4771 a
2178 4720 2402 4774 veritate
2462 4720 2678 4792 quidem
2749 4720 2999 4775 auditum
3071 4728 3328 4787 avertent,
3389 4720 3459 4775 ad
3512 4722 3742 4793 fabulas

2085 4814 2267 4861 autem
2294 4816 2669 4863 convertentur
2699 4810 2769 4880 (11
2802 4811 2933 4864 Tim.
2969 4826 3051 4876 ιιι,
3086 4811 3160 4876 4),
3215 4809 3533 4882 statimque
3589 4810 3739 4866 sub-

2076 4895 2277 4967 jungit
2306 4912 2317 4950 :
2358 4902 2441 4952 Tu
2474 4912 2593 4952 vero
2625 4898 2815 4965 vigila,
2850 4897 3118 4953 videlicet
3164 4914 3255 4965 ne,
3302 4898 3740 4955 dormientibus

2083 4984 2501 5053 patrisfamilim
2535 4986 2736 5053 servis,
2771 4986 3048 5041 inimicus
3094 4986 3270 5043 homo
3301 4986 3741 5060 superscmiuet

2082 5070 2301 5126 zizania
2323 5073 2376 5126 in
2405 5074 2594 5129 medio
2616 5074 2808 5130 tritici.
2833 5075 3155 5131 Audiamus
3187 5077 3459 5132 eumdem
3490 5078 3740 5149 Aposto-

2085 5159 2200 5213 lum
2218 5159 2379 5214 alteri
2395 5162 2739 5218 charissimo
2762 5165 3049 5236 discipulo
3070 5166 3355 5221 dicentem
3372 5183 3385 5221 :
3400 5167 3605 5221 Stultus
3626 5182 3737 5219 au-

2082 5255 2185 5304 tem
2215 5253 2556 5320 qua’stiones,
2590 5261 2640 5308 et
2667 5255 3028 5324 genealogias,
3061 5263 3111 5309 et
3130 5257 3515 5321 contentiones,
3547 5262 3597 5309 et
3620 5271 3738 5326 pu-

2081 5356 2218 5407 gnas
2248 5340 2382 5408 legis
2412 5340 2588 5396 devita
2615 5359 2627 5409 ;
2659 5351 2787 5397 sunt
2814 5345 2962 5397 enim
2991 5344 3213 5399 inutiles
3240 5352 3290 5400 et
3315 5344 3618 5411 vanse(Tit.
3644 5360 3739 5413 III,

2082 5428 2157 5494 9).
2192 5428 2261 5482 Et
2292 5430 2559 5500 protinus
2588 5430 2857 5502 adjungit
2891 5449 2902 5485 :
2938 5435 3274 5488 Hem'eticum
3311 5435 3585 5488 hominem
3609 5443 3749 5504 post

2083 5534 2249 5572 unum
2277 5526 2326 5573 et
2360 5520 2651 5574 secundum
2697 5523 3088 5591 correptionem
3140 5523 3360 5589 devita,-
3390 5525 3567 5577 seiens
3598 5525 3745 5594 quia

2081 5608 2367 5663 subversas
2396 5617 2471 5663 est
2500 5610 2784 5679 ejusmodi,
2817 5618 2868 5665 et
2892 5620 3075 5682 peccat
3100 5613 3325 5684 proprio
3358 5610 3571 5683 judicio
3600 5628 3741 5667 con-

2084 5695 2368 5752 demnatus
2399 5698 2581 5768 (Ibid,
2621 5699 2706 5765 tt),
2746 5700 2851 5771 11).
2888 5701 2998 5757 Sed
3029 5705 3085 5757 et
3114 5699 3225 5758 alio
3273 5700 3398 5758 loco
3448 5700 3589 5757 dicit
3622 5717 3635 5756 :
3667 5701 3747 5759 Si
