4126 6200
236 378 314 443 93
1014 394 1031 401 ν
1244 377 1654 443 OPUSCULA
1698 376 2109 443 anvsasus
2154 378 2655 445 AMALAHIUM.
3565 382 3646 445 94
3700 353 3713 359 ’

235 512 912 605 ltem‘s.
1201 514 1887 605 ministrorumet‘slacer-
1918 516 1972 581 Α
2000 517 2111 588 85).
2133 520 2319 591 Atque
2339 519 2741 594 intelligamus
2763 539 2940 596 quam
2960 540 3163 583 verum
3187 526 3264 584 sit
3289 498 3443 601 quod
3469 531 3645 605 Spiri-

302 585 738 714 ornatu,
770 603 840 642 ea:
868 586 1026 641 libris
1069 585 1415 655 dialogorum
1457 586 1619 641 Attici
1645 595 1696 639 et
1726 585 1888 639 Chri-

302 676 329 713 s
354 675 386 714 o
426 675 455 714 o
485 676 525 713 ι.

301 675 501 714 διοοοιι
512 700 525 713 .

300 780 721 854 20._Adiungis
759 781 1006 855 gloriam
1047 782 1297 837 vestium
1325 785 1382 837 et
1411 783 1888 835 ornamentorum

108 888 123 909 ε
232 874 349 926 Deo
403 887 535 927 esse
578 872 962 926 contrarium.
997 870 1135 935 Qua
1180 875 1341 935 sunt,
1376 887 1534 943 rogo,
1568 867 1889 924 inimicitia:

234 964 438 1016 contra
467 960 675 1023 Deum,
701 960 749 1015 si
796 960 1055 1016 tunicam
1107 960 1366 1015 habuero
1396 957 1810 1027 mundiorem?
1839 956 1889 1013 si

234 1047 515 1120 episcOpi,
542 1047 590 1103 si
639 1049 982 1121 presbyteri,
1006 1049 1057 1105 si
1105 1049 1337 1105 diaconi
1367 1054 1425 1104 et
1454 1047 1719 1120 reliquus
1748 1046 1888 1101 ordo

232 1137 671 1194 ecclesiasticus
699 1137 758 1192 in
790 1138 1296 1194 administratione
1318 1137 1737 1194 sacriﬁciorum
1761 1151 1893 1191 cau-

234 1226 370 1282 dida
387 1231 555 1282 veste
573 1226 958 1299 processerit?
978 1226 1203 1295 Cavete,
1221 1226 1434 1291 clerici,
1451 1229 1663 1293 cavete,
1696 1241 1893 1280 mona-

230 1314 345 1381 chi,
378 1313 571 1369 vidua
601 1320 661 1371 et
697 1314 974 1388 virgines,
1008 1314 1419 1387 periclitamini
1464 1314 1577 1369 nisi
1622 1312 1889 1371 sordidas

230 1420 329 1460 vos
357 1408 543 1476 atque
571 1421 869 1475 pannosas
899 1404 1110 1477 vulgus
1141 1404 1448 1476 aspexerit.
1473 1405 1657 1459 Taceo
1684 1404 1756 1458 de
1786 1402 1889 1457 ho-

232 1491 494 1547 minibus
528 1491 750 1559 saculi,
778 1493 994 1563 quibus
1039 1498 1235 1564 aperte
1264 1491 1485 1548 bellum
1514 1490 1809 1557 indicitur,
1833 1493 1892 1545 et

230 1580 560 1636 inimicitia
592 1586 797 1637 contra
834 1581 1041 1645 Deum,
1073 1582 1123 1637 si
1155 1581 1428 1654 pretiosis
1476 1586 1651 1652 atque
1701 1579 1889 1635 niten-

230 1670 389 1726 tibus
431 1675 690 1725 utuntur
730 1669 974 1726 exuviis.
1010 1672 1073 1725 In
1105 1670 1426 1726 sacerdotio
1476 1668 1740 1725 Ecclesia
1772 1685 1887 1725 non

229 1757 552 1830 mysticum
582 1757 841 1814 vestium
880 1762 1172 1826 ornatum,
1196 1759 1297 1815 sed
1328 1758 1700 1830 splendorem
1732 1774 1887 1829 qua-

228 1846 477 1902 rendum
512 1846 876 1917 animarum,
903 1846 1032 1919 ipsa
1054 1847 1412 1921 consecratio
1441 1850 1730 1903 monstrat
1750 1862 1890 1918 pon-

229 1936 424 2005 tiﬁcis,
460 1937 545 1992 ita
578 1952 641 1992 se
674 1936 896 1992 habens
929 1953 978 1991 ;‹‹
1013 1937 1167 1992 Deus
1198 1935 1299 2008 qui
1329 1937 1564 2010 Moysen
1598 1934 1886 1990 famulum

228 2026 395 2082 tuum
429 2025 644 2082 secreti
673 2025 980 2081 familiaris
1002 2026 1201 2091 aifatu,
1224 2025 1377 2080 inter
1401 2030 1609 2081 catera
1638 2022 1889 2079 caelestis

228 2116 590 2171 documenta
632 2113 901 2182 cultura,
926 2115 999 2170 de
1047 2113 1249 2170 habitu
1282 2130 1517 2187 quoque
1557 2112 1888 2169 indumenti

228 2203 614 2261 sacerdotalis
634 2202 975 2270 instituens,
990 2202 1241 2258 electum
1262 2205 1450 2258 Aaron
1479 2202 1721 2275 mystico
1743 2200 1891 2257 ami-

227 2298 319 2350 ctu
344 2292 553 2348 vestiri
584 2292 739 2348 inter
769 2308 938 2348 sacra
958 2291 1214 2363 jussisti,
1244 2296 1309 2347 ut
1337 2290 1737 2364 intelligentia
1763 2307 1893 2345 sen-

229 2398 359 2437 sum
386 2381 464 2436 de
484 2379 775 2452 exemplis
797 2380 1056 2452 priorum
1087 2384 1315 2453 caperet
1337 2385 1613 2435 secutura
1640 2378 1890 2451 posteri-

228 2476 335 2538 tas,
356 2487 435 2525 ne
467 2467 724 2526 eruditio
749 2468 1027 2525 doctrina
1048 2475 1160 2525 tua
1184 2467 1287 2525 ulli
1313 2469 1542 2524 deesset
1561 2467 1736 2535 atati,
1756 2484 1890 2523 cum

227 2564 281 2615 et
308 2559 475 2632 apud
530 2563 755 2614 veteres
784 2558 1166 2613 reverentiam
1217 2558 1343 2630 ipsa
1392 2556 1890 2630 significationum

225 2646 455 2721 species
477 2646 801 2713 obtineret;
835 2650 892 2702 et
920 2647 1075 2719 apud
1108 2642 1483 2702 nos'certiora
1503 2650 1699 2702 essent
1728 2662 1894 2719 expc-

1996 612 2094 664 tus
2116 614 2353 664 sanctus
2375 610 2705 669 Salomonis
2726 630 2823 669 ore
2854 617 3205 687 pracecinit,
3231 618 3430 677 dicens
3454 637 3467 676 :
3490 621 3647 679 Multi

1997 698 2109 753 sibi
2137 700 2198 752 in
2223 700 2510 756 novalibus
2533 710 2760 773 patrum
2779 711 2831 759 et
2856 706 2988 760 aliis
3014 717 3417 780 congregantur
3445 712 3646 782 absque

1987 786 2200 858 judicio
2229 792 2414 852 (Prov.
2437 807 2559 855 xm,
2581 794 2693 859 23),
2722 809 2908 865 neque
2937 795 3094 850 enim
3135 797 3219 853 sic
3264 803 3463 855 nostra
3491 801 3644 856 cala-

1999 876 2204 932 mitate
2234 881 2290 932 et
2327 877 2660 935 humilitate
2696 882 2856 937 abuti
2889 883 3077 950 debet,
3101 889 3168 941 ut
3197 886 3458 944 imitator
3484 888 3644 946 inso-

1996 964 2336 1022 lentissima
2372 967 2669 1038 jactantia
2701 971 2853 1027 Naas
2882 973 3036 1045 regis
3083 974 3339 1033 ﬁliorum
3369 980 3641 1049 Ammon,

1999 1054 2100 1126 qui
2129 1056 2549 1128 interpretatur
2566 1075 2805 1129 serpens,
2831 1062 3021 1118 dicere
3045 1064 3403 1133 nobis,velut
3423 1068 3647 1124 habita-

1997 1144 2226 1201 toribus
2250 1145 2281 1199 J
2287 1147 2425 1201 abes
2446 1147 2684 1215 Galaad,
2709 1155 3076 1222 oppugnator
3093 1153 3354 1210 veritatis
3375 1156 3487 1212 iste
3507 1176 3645 1230 pra-

1998 1236 2196 1287 sumat
2210 1250 2222 1287 :
2238 1235 2299 1288 In
2315 1235 2413 1289 hoc
2425 1237 2626 1305 feriam
2640 1239 2915 1293 vobtscum
2926 1240 3102 1310 fadus
3117 1250 3177 1298 ut
3191 1260 3383 1300 eruam
3399 1248 3646 1302 omnium

1996 1329 2234 1377 vestrum
2283 1325 2465 1380 oculos
2517 1325 2753 1391 dextros,
2788 1343 3092 1400 portamque
3148 1348 3238 1388 vos
3295 1337 3647 1405 opprobrium

1996 1412 2165 1467 Israel
2213 1411 2259 1483 (ι
2297 1413 2422 1481 Reg.
2454 1430 2532 1481 χι,
2565 1415 2640 1487 2).
2673 1414 2818 1472 Vere
2876 1418 3031 1473 enim
3090 1420 3359 1477 dextrum
3410 1424 3645 1481 oculum

1999 1505 2244 1555 conatur
2271 1518 2493 1569 eruere,
2528 1504 2628 1575 qui
2678 1504 2877 1560 lumen
2919 1510 3084 1561 recta
3117 1508 3249 1565 ﬁdei
3295 1511 3520 1568 laborat
3550 1530 3644 1569 ex-

1998 1590 2318 1661 stinguere.
2352 1591 2562 1648 Utilius
2599 1592 2682 1647 illi
2724 1610 2758 1648 a
2797 1595 2965 1651 nobis
3003 1599 3327 1668 optandum
3359 1605 3465 1667 est,
3491 1603 3646 1674 quod

1999 1681 2327 1753 parabolice
2350 1698 2453 1753 per
2474 1682 2843 1739 Salomonem
2867 1683 3116 1741 dicitur:
3140 1686 3369 1744 Oculum
3395 1692 3493 1761 qui
3518 1693 3647 1747 sub-

1996 1776 2195 1824 sannat
2220 1777 2450 1841 patrem,
2473 1778 2524 1825 et
2543 1770 2770 1842 despicit
2785 1780 3005 1843 partum
3022 1777 3215 1831 matris
3234 1792 3371 1846 sua,
3390 1779 3650 1851 effodiant

1919 1885 1967 1949 Β
1996 1876 2123 1915 eum
2150 1860 2300 1915 corvi
2317 1859 2383 1914 de
2410 1861 2758 1949 torrentibus,
2786 1869 2838 1917 et
2859 1863 3141 1921 comedunt
3161 1882 3287 1921 eum
3306 1868 3418 1938 ﬁlii
3444 1870 3652 1941 aquila:

1998 1954 2183 2016 (Prov.
2207 1966 2336 2015 xxx,
2364 1950 2471 2017 17).
2491 1948 2638 2004 Vere
2667 1950 2884 2006 etenim
2916 1952 3244 2009 subsannat
3275 1955 3522 2024 Patrem,
3548 1959 3649 2031 qui

2000 2038 2129 2095 Filii
2158 2037 2364 2093 dividit
2393 2038 2701 2103 unitatem,
2725 2043 2978 2096 testante
3017 2042 3145 2115 ipso
3180 2059 3192 2097 :
3226 2047 3324 2116 qui
3350 2061 3461 2101 non
3483 2049 3649 2104 hono-

1999 2130 2181 2200 riﬁcat
2230 2129 2463 2195 Filium,
2517 2145 2629 2183 non
2686 2130 3007 2201 honoriﬁcat
3062 2137 3303 2201 Patrem,
3351 2137 3450 2206 qui
3502 2138 3655 2208 misi;

2000 2221 2162 2275 illum
2193 2218 2368 2291 (Joan.
2403 2234 2457 2275 v.
2487 2217 2600 2289 23),
2624 2221 2681 2272 et
2705 2234 2945 2289 prorsus
2977 2219 3222 2292 despicit
3254 2227 3486 2293 partum
3526 2240 3650 2281 ma—

2000 2309 2109 2365 tris
2140 2325 2259 2363 sua
2286 2305 2691 2378 Ecclesia,qui
2715 2308 3058 2378 mysterium
3089 2310 3651 2386 redemptionis.quo

2000 2415 2068 2454 ex
2098 2398 2227 2469 ejus
2275 2400 2438 2452 utero
2479 2397 2550 2451 ad
2581 2396 2758 2451 vitam
2808 2397 3089 2469 gignitur,
3124 2399 3377 2470 puritate
3426 2402 3653 2459 sincera

1998 2486 2260 2542 venerari
2289 2485 2630 2540 contemnit.
2656 2486 2899 2557 Expedit
2921 2486 3090 2542 nobis
3110 2486 3169 2542 in
3195 2488 3369 2545 talem
3391 2491 3648 2561 oculum,

2001 2575 2100 2648 qui
2133 2576 2410 2631 ducatum
2442 2574 2730 2646 promittit
2759 2574 3022 2643 luminis,
3045 2581 3104 2631 et
3133 2593 3163 2632 e
3187 2579 3476 2635 contrario
3497 2585 3652 2637 tene-

2002 2665 2122 2721 bris
2165 2663 2376 2736 caligat
2422 2661 2653 2731 erroris,
2707 2669 3061 2736 praceptum
3113 2668 3511 2740 evangelicum
3546 2687 3559 2724 :
3591 2671 3655 2726 Si

226 2737 485 2792 rimenta
512 2752 734 2803 rerum,
770 2752 949 2809 quam
998 2735 1311 2807 anigmata
1352 2735 1695 2807 ﬁgurarum.
1731 2734 1888 2791 Illius

2002 2757 2189 2811 oculus
2221 2734 2341 2808 tuas
2372 2752 2560 2807 dexter
2604 2734 2948 2808 scandalizat
2972 2762 3040 2820 te,
3073 2771 3203 2811 erue
3249 2734 3394 2824 eum,
3424 2767 3476 2814 et
3518 2776 3651 2831 pro-

227 2842 489 2898 ηαωίιιιθ
510 2824 827 2881 “cerdoni
853 2825 1161 2916 θτῖξίθτξονίδ
1190 2823 1426 2916 Fami“
1450 2827 1659 2916 Ποεῖῖεθ
1682 2822 1894 2916 mestis
1993 2845 2106 2915 jice
2134 2845 2228 2899 abs
2258 2850 2307 2898 te
2338 2842 2551 2911 (Matth.
2585 2858 2640 2905 ν,
2662 2840 2774 2906 29).
2800 2842 2973 2913 Cupit
3004 2860 3256 2916 nequam
3305 2822 3415 2902 iste
3445 2822 3652 2904 oculus

226 2916 479 2969 ornatus
510 2918 624 2977 est,
648 2917 706 2968 et
734 2911 1129 2984 pontiﬁcalem
1154 2910 1400 2983 gloriam
1428 2927 1541 2966 non
1566 2912 1693 2981 jam
1727 2910 1888 2967 nobis

2003 2910 2399 2987 bareditatem
2432 2934 2665 3002 patrum
2701 2910 2926 2985 auferre
2955 2947 2966 2985 :
3003 2910 3211 2987 nititur
3236 2935 3463 2990 vineam
3494 2936 3650 3008 ipso-

227 3000 420 3058 honor
441 3001 824 3057 commendat
840 3000 1215 3066 vestium,sed
1239 2998 1518 3072 splendor
1538 2999 1890 3054 animarum.
2004 3037 2135 3076 rum
2169 3020 2227 3074 ίη
2250 2998 2484 3074 δοκοίη
2508 3018 2731 3073 016mm
2766 3023 3148 3085 commutare,
3173 3021 3230 3076 id
3261 3026 3369 3085 est,
3393 2998 3566 3079 ποηίά
3596 3027 3653 3079 et

225 3091 375 3155 Ουίδ
390 3096 458 3147 et
478 3088 583 3145 ίῙῙθι
598 3106 726 3162 qua
749 3094 891 3145 tunc
908 3088 1241 3145 carnalibus
1263 3086 1720 3144 blandiebantur
1734 3088 1897 3144 οδω·
2006 3110 2305 3166 fructuosa
2324 3124 2389 3164 ac
2410 3105 2815 3162 meracissima
2834 3121 3036 3162 eorum
3060 3108 3215 3164 dicta
3227 3109 3442 3166 vilibus
3463 3116 3521 3168 et
3538 3112 3650 3168 cito

225 3180 414 3247 tibus»
440 3178 733 3251 eaPOtius
756 3196 883 3268 quin
906 3178 964 3268 ίῄῐι
989 3178 1136 3250 ἱΡθθίδ
1157 3182 1324 3268 9mm
1347 3176 1745 3268 ἰηιθυίεθιᾎάε,
1768 3193 1897 3268 Ροδῇ
1928 3249 1967 3268 η
2004 3198 2405 3255 arescentibus
2430 3212 2495 3250 ac
2525 3194 2930 3250 decidentibus
2963 3195 3177 3253 fabulis
3213 3214 3514 3268 enervare;
3548 3202 3651 3256 sed

227 3270 470 3325 ﬁebam-
495 3249 566 3324 Εὶ
589 3249 806 3323 ίάοίτοὸ
833 3266 970 3357 huic
994 3266 1214 3357 {mulo
1241 3272 1362 3357 tu?»
1382 3249 1560 3338 queui
1579 3267 1649 3322 ad
1675 3265 1894 3322 summi
1924 3249 1968 3317 (ἶ
2006 3249 2415 3357 {amasse
2446 3282 2686 3356 lapidati
2719 3249 3186 3355 respondeantﬂei
3216 3249 3349 3342 ait;
3366 3249 3648 3344 Mota?

229 3356 549 3413 sacerdotii
601 3355 996 3413 ministerium
1043 3354 1287 3429 elegisti,
1330 3355 1481 3411 hanc
1529 3371 1889 3427 quasumus,

228 3446 507 3511 Domine,
525 3445 779 3517 gratiam
829 3444 1097 3518 largiaris
1146 3449 1229 3512 ut,
1253 3443 1541 3516 quidquid
1590 3442 1688 3498 illa
1736 3443 1892 3499 vela-

228 3534 389 3590 mina
418 3534 487 3589 in
521 3533 746 3608 fulgore
776 3535 925 3601 auri,
948 3534 1009 3589 in
1041 3533 1225 3589 nitore
1255 3546 1644 3606 gemmarum,
1670 3532 1728 3587 in
1748 3532 1893 3588 mul-

227 3623 439 3680 timodi
474 3623 672 3696 operis
701 3624 981 3679 varietate
1011 3622 1346 3696 signabaut,
1380 3621 1489 3676 hoc
1520 3622 1578 3676 in
1611 3623 1739 3693 ejus
1769 3638 1891 3678 mo-

228 3713 393 3769 ribus
422 3713 784 3785 actibusque
814 3710 1115 3768 clarescat.
1144 3734 1171 3759 »

226 3840 415 3894 Falsas
446 3837 680 3902 codices,
702 3845 753 3893 et
784 3854 817 3891 α
845 3835 981 3907 fidei
1003 3837 1315 3890 sinceritate
1332 3834 1623 3900 discordes,
1649 3836 1710 3889 in
1737 3836 1893 3891 nullo

296 3927 399 3965 usu
430 3910 688 3964 lectionis
716 3907 984 3964 habendos
1014 3926 1032 3961 :
1062 3908 1199 3979 quin
1222 3907 1403 3979 potius
1432 3908 1554 3974 igni
1582 3907 1888 3972 tradendos,

295 3998 366 4063 ea:
393 3981 636 4053 cpistola
682 3980 861 4034 sancti
897 3976 1086 4034 Leonis
1107 3976 1273 4049 papa
1301 3976 1370 4032 ad
1405 3979 1687 4033 Turibium
1732 3980 1893 4034 Astu-

297 4067 593 4108 ησσηιςεπι.

296 4114 388 4214 21..
423 4157 769 4214 Curandum
801 4172 936 4229 ergo
977 4159 1089 4223 est,
1113 4158 1171 4212 et
1199 4154 1545 4212 sacerdotali
1576 4154 1891 4229 diligentia

230 4247 490 4304 maxime
519 4245 966 4320 providendum,
993 4248 1057 4300 ut
1086 4243 1217 4301 falsi
1243 4243 1490 4315 codices,
1515 4249 1572 4300 et
1602 4261 1636 4300 a
1666 4244 1894 4300 sincera

228 4337 475 4393 veritate
500 4335 822 4407 discordes,
841 4334 901 4390 in
923 4334 1084 4390 nullo
1115 4350 1227 4389 usu
1258 4332 1523 4389 lectionis
1541 4332 1886 4389 habeantur.

226 4425 589 4499 Apocrypha
606 4428 807 4481 autem
821 4424 1123 4496 scriptura
1139 4440 1265 4496 qua
1280 4422 1390 4478 sub
1411 4420 1747 4478 nominibus
1761 4439 1894 4495 apo-

230 4516 521 4571 stolorum
550 4512 876 4569 multarum
898 4512 1116 4569 habent
1136 4511 1518 4568 seminarium
1540 4509 1886 4581 l'alsitatum,

229 4622 341 4660 non
364 4603 565 4659 solum
588 4602 999 4660 interdicenda
1023 4606 1182 4668 sunt,
1208 4601 1309 4657 sed
1331 4601 1507 4656 etiam
1541 4601 1774 4674 penitus
1794 4619 1893 4658 au—
1925 4620 1968 4684 ο

229 4693 485 4749 ferenda
506 4696 684 4764 atque
714 4692 950 4765 ignibus
981 4690 1888 4763 concremanda,quia,quamvis

227 4782 346 4838 sint
374 4784 438 4839 in
473 4780 595 4837 illis
615 4782 882 4854 quadam
902 4797 1030 4853 qua
1052 4780 1360 4836 videantur
1388 4777 1642 4852 speciem
1674 4780 1886 4839 habere

228 4872 486 4944 pietatis,
508 4888 814 4943 nunquam
845 4876 1042 4926 tamen
1069 4885 1251 4925 vacua
1279 4874 1419 4924 sunt
1447 4869 1705 4925 venenis.

294 4964 388 5016 22.
423 4960 579 5028 Hac,
612 4958 833 5015 domini
869 4956 1251 5027 venerabiles,
1296 4961 1416 5012 tam
1457 4958 1527 5012 de
1568 4957 1885 5029 Scripturis

230 5048 436 5115 sacris,
471 5064 654 5121 quam
698 5048 769 5104 de
817 5047 1254 5121 Scripturarum
1304 5051 1642 5103 sanctarum
1690 5047 1882 5116 dictis,

226 5135 437 5193 sedula
465 5135 792 5193 intentione
824 5136 1049 5210 collegi,
1084 5152 1150 5192 ac
1182 5134 1509 5191 reverentia
1547 5138 1748 5214 vestra
1780 5153 1884 5192 au-

228 5224 445 5280 dienda
474 5242 582 5281 seu
604 5228 660 5281 et
682 5224 928 5297 legenda
958 5224 1260 5297 proposui,
1282 5228 1590 5295 quatenus,
1615 5240 1684 5280 ea
1707 5228 1762 5280 et
1783 5224 1886 5280 hu-

216 5312 487 5383 jusmodi
510 5312 886 5379 meditantes,
908 5318 1111 5369 contra
1144 5312 1377 5368 novella
1410 5313 1883 5384 prasumptionis

225 5401 748 5474 auctorem,qui,in
767 5402 1216 5458 similitudinem
1236 5400 1443 5457 harioli
1463 5405 1517 5456 et
1536 5402 1883 5473 conjectoris

224 5490 481 5546 astimat
500 5507 633 5563 qua
659 5491 910 5564 ignorat,
936 5492 1068 5548 ﬁdei
1091 5496 1147 5548 et
1168 5490 1425 5547 veritatis
1456 5490 1729 5546 ﬁrmitate
1752 5509 1880 5547 Inu-

225 5578 351 5635 uita
372 5580 645 5637 dicamus
666 5597 802 5636 cum
822 5580 1079 5652 Ecclesia
1103 5597 1116 5636 :
1142 5584 1520 5636 Narraverunt
1537 5581 1680 5635 mihi
1700 5582 1884 5652 iniqui

227 5670 618 5737 tabulationes,
640 5670 732 5727 sed
760 5688 867 5727 non
901 5679 960 5727 ut
992 5671 1081 5726 lex
1110 5678 1225 5738 tua,
1252 5670 1472 5726 Domine
1494 5670 1662 5741 (Psal.
1686 5685 1876 5739 cxvm,

2006 3377 2281 3449 Propitius
2307 3374 2449 3429 mihi
2476 3375 2549 3428 sit
2589 3374 2871 3439 Dominus,
2907 3388 2976 3428 ne
3004 3372 3125 3428 dem
3154 3374 3525 3433 haereditatem
3549 3366 3650 3450 ρὰ-

2004 3475 2153 3523 trum
2180 3480 2426 3520 meorum
2455 3462 2553 3529 (Ill
2582 3462 2706 3530 Reg.
2741 3478 2858 3527 xxx,
2890 3462 2965 3532 3).
3000 3461 3060 3517 Si
3090 3463 3163 3518 ob
3204 3462 3383 3535 hujus
3415 3483 3652 3539 respon-

2005 3554 2188 3612 sionis
2246 3553 2555 3607 honestam
2613 3548 2943 3604 libertatem
2974 3549 3061 3605 vel
3096 3550 3431 3608 .infamandi
3492 3555 3655 3612 falsis

2003 3644 2272 3708 testibus,
2296 3640 2383 3697 vel
2414 3640 2589 3695 etiam
2624 3636 2918 3710 lapidibus
2941 3638 3224 3697 obruendi
3246 3657 3531 3713 essemus,
3553 3643 3655 3699 he-

2004 3735 2248 3789 beamus
2269 3731 2452 3786 Deum
2473 3726 3001 3784 clementissimum
3023 3728 3446 3786 consolatorem
3478 3735 3654 3804 atque

2004 3822 2253 3879 ultorem
2297 3819 2626 3875 dicentem:
2660 3816 2722 3872 Si
2744 3833 2853 3872 non
2898 3833 2997 3888 pro
3043 3821 3314 3890 sanguine
3361 3820 3574 3877 Naboth
3602 3830 3654 3878 et

2000 3913 2244 3983 ﬁliorum
2273 3910 2388 3981 ejus
2434 3923 2595 3979 quem
2622 3904 2740 3961 vidi
2767 3905 2906 3972 heri,
2939 3905 3073 3962 dicit
3108 3909 3391 3973 Dominus,
3432 3909 3655 3965 reddam

2002 4000 2104 4057 tibi
2133 4001 2194 4055 in
2223 4014 2356 4069 agro
2388 3997 2508 4061 isto,
2537 3994 2671 4050 dicit
2697 3996 2982 4051 Dominus.

2739 4119 2912 4158 FINIT.

1998 4416 2278 4509 Epistola
2334 4420 2517 4509 litum
2571 4414 2978 4509 Lugdunensis
3036 4414 3292 4509 diaconi.
3325 4415 3409 4477 ad
3460 4416 3646 4509 Ilico-

2078 4499 2245 4560 donis
2298 4496 2454 4558 villa
2510 4494 2824 4557 concilium
2886 4494 3166 4557 adversus
3224 4494 3400 4557 libros
3455 4500 3645 4558 Ama-

2082 4580 2246 4641 larii.

2070 4696 2281 4750 Sancto
2338 4697 2397 4748 et
2442 4688 2753 4747 venerabili
2787 4688 3052 4757 concilio,
3106 4691 3262 4763 apud
3313 4691 3645 4751 Theodonis

1994 4783 2193 4839 villam
2223 4780 2443 4838 habito.

2066 4871 2295 4939 Audite,
2318 4871 2511 4926 Patres
2534 4867 2858 4923 beatissimi
2880 4869 2938 4922 et
2958 4869 3451 4936 revereudissimi,
3474 4888 3508 4926 a
3529 4876 3642 4927 Deo

1996 4959 2292 5018 convocati
2325 4963 2383 5013 et
2410 4957 2469 5011 in
2503 4958 2618 5012 Deo
2650 4956 2822 5022 uniti,
2845 4960 3082 5029 prOpter
3111 4957 3297 5013 Deum
3328 4958 3644 5015 auxiliante

1995 5050 2124 5123 ipso
2143 5048 2473 5104 laborantes
2488 5050 2544 5102 et
2565 5044 2879 5101 laboraturi
2891 5089 2903 5113 ,
2920 5050 3095 5118 atque
3111 5046 3171 5102 in
3188 5045 3285 5102 illo
3308 5051 3366 5103 et
3380 5064 3515 5113 cum
3542 5046 3641 5103 illo

1995 5143 2129 5211 post
2147 5139 2382 5193 beatum
2405 5134 2664 5190 laborem
2684 5134 3024 5207 requieturi,
3044 5136 3239 5193 audite
3257 5136 3338 5192 ita
3359 5140 3423 5191 ut
3439 5137 3643 5192 audiat

1991 5245 2094 5283 vos
2118 5226 2290 5291 Deus,
2308 5240 2373 5279 ac
2396 5227 2748 5280 mementote
2767 5223 3048 5296 Apostoli,
3074 5232 3324 5281 rectores
3347 5224 3637 5295 Ecclesia,

1992 5313 2354 5372 exhortantis
2385 5319 2442 5369 et
2472 5312 2719 5369 dicentis
2752 5329 2764 5368 :
2799 5313 3064 5370 Attendite
3092 5315 3240 5370 vobis
3287 5322 3339 5369 et
3384 5315 3639 5370 universo

1990 5407 2147 5475 gregi
2177 5406 2236 5459 in
2268 5421 2370 5476 quo
2398 5420 2488 5459 vos
2519 5404 2758 5474 Spiritus
2786 5411 3005 5459 sanctus
3045 5407 3227 5476 posuit
3250 5405 3522 5475 episcopos
3552 5420 3637 5459 re-

1989 5511 2114 5564 gere
2137 5494 2432 5549 Ecclesiam
2455 5494 2678 5548 Domini
2713 5509 2877 5563 quam
2914 5494 3206 5564 acquisivit
3239 5495 3512 5561 sanguine
3538 5508 3638 5549 suo

1991 5586 2124 5653 (Act.
2148 5600 2240 5645 xx,
2266 5582 2373 5651 28).
2399 5583 2602 5637 Sermo
2644 5582 2713 5637 de
2754 5582 2865 5636 ﬁde
2906 5582 3120 5655 agitur,
3144 5584 3200 5637 et
3228 5580 3515 5638 catholica
3542 5599 3634 5638 ve-

1991 5672 2177 5735 ritate,
2197 5688 2373 5743 quam
2404 5668 2679 5742 pralatus
2709 5669 2963 5726 ecclesia
2999 5669 3406 5743 Lugdunensis
3436 5670 3639 5742 depra-
