4068 6190
195 316 274 373 97.
1270 319 1536 380 SERMO
1579 318 1680 378 DE
1726 312 2513 382 Dll/EDESTINATIONE.
3515 330 3594 391 98

193 447 343 504 bona
363 463 495 520 que
517 447 655 504 boni
679 453 848 505 erant
872 449 1098 519 facturi,
1122 455 1178 506 et
1199 451 1353 508 mala
1369 469 1498 524 quin
1517 451 1651 508 mali
1676 457 1844 508 erant
1870 455 1926 522 Α
1957 470 2072 525 qua
2101 453 2160 509 in
2191 454 2395 510 eodem
2427 455 2654 528 psalmo
2687 457 3018 528 subjunxit:
3051 459 3347 517 Deleanlur
3375 462 3438 518 de
3457 464 3597 520 libro

187 538 428 610 gesturi.
467 537 577 594 Sed
611 539 672 594 in
706 539 878 596 bonis
925 541 1050 613 ipse
1095 540 1227 596 fecit
1255 557 1362 597 sua
1392 541 1580 614 gratia
1609 547 1666 598 ut
1702 542 1841 598 boni

187 632 408 695 essent;
433 626 492 683 in
522 627 698 684 malis
729 646 860 685 vero
890 647 1003 686 non
1039 630 1160 702 ipse
1193 631 1325 686 fecit
1353 635 1420 686 ut
1448 634 1644 688 essent
1676 631 1838 697 mali,

188 717 337 788 quod
354 715 514 772 absit
529 735 542 785 ;
557 717 661 773 sed
686 721 920 774 tantum
943 719 1230 791 praascivit
1247 737 1346 775 eos
1357 719 1590 792 proprio
1601 720 1838 776 vitiota-

184 804 267 862 les
281 805 535 862 futuros.
551 807 754 880 Neque
772 807 924 862 enim
950 808 1314 880 praescientia
1333 809 1434 864 Dei
1457 809 1736 882 imposuit
1756 810 1840 866 eis

185 896 597 952 necessitatem
624 901 690 952 ut
711 896 869 953 aliud
901 914 1030 954 esse
1059 915 1173 954 non
1206 903 1464 971 possent,
1486 900 1584 955 sed
1611 902 1839 954 tantum

185 985 334 1056 quod
369 983 462 1040 illi
497 985 679 1040 futuri
731 991 897 1042 erant
937 1003 1005 1042 ex
1035 988 1270 1060 propria
1297 987 1615 1055 voluntate,
1649 987 1746 1043 ille
1780 992 1842 1043 ut

183 1073 336 1129 Deus
366 1073 641 1146 praevidit
664 1091 736 1130 ex
763 1093 872 1131 sua
901 1077 1286 1148 omnipotenti
1317 1078 1644 1148 majestate.
1679 1077 1840 1132 Unde

183 1163 490 1236 Scriptura
535 1163 1116 1220 incontaminabilem
1165 1165 1460 1238 justitiam
1510 1167 1638 1237 ejus
1674 1165 1841 1222 nobis

185 1252 522 1319 insinuans,
549 1253 630 1308 ait
659 1253 732 1310 de
761 1253 888 1310 illo:
915 1257 1140 1312 Nemini
1165 1255 1447 1311 mandavit
1475 1258 1641 1326 impie
1660 1271 1838 1324 agere,

177 1351 224 1398 et
253 1345 478 1397 nemini
515 1341 667 1398 dedit
710 1344 950 1415 spatium
991 1343 1270 1416 peccandi.
1305 1344 1465 1407 Quod
1499 1361 1634 1416 ergo
1667 1343 1842 1416 impie

179 1436 363 1503 agunt
393 1430 564 1503 impii
597 1436 654 1486 et
684 1431 892 1504 iniqui,
913 1435 967 1488 ct
981 1433 1238 1504 spatium
1272 1433 1554 1504 temporis
1583 1433 1710 1486 vitae
1735 1433 1840 1487 hu-

174 1519 294 1590 jus,
330 1520 492 1591 quod
529 1519 614 1576 eis
645 1519 800 1576 Deus
859 1521 1019 1576 dedit
1071 1522 1140 1576 ad
1193 1522 1340 1576 bene
1384 1521 1696 1594 agendum,
1728 1522 1840 1594 ipsi

179 1623 205 1664 e
225 1607 530 1664 contrario
562 1613 910 1665 convertunt
939 1610 1008 1665 ad
1043 1609 1266 1665 malum
1301 1610 1841 1680 exercendum,non

178 1697 298 1764 Dei,
323 1697 434 1752 sed
458 1698 724 1770 ipsorum
757 1702 846 1753 est
865 1697 1130 1770 culpa,et
1152 1699 1281 1755 ideo
1309 1703 1460 1754 recte
1487 1699 1844 1754 damnantur

175 1786 367 1858 ipsius
389 1787 652 1858 justitia.
683 1787 978 1842 Przescivit
1024 1793 1222 1842 autem
1270 1789 1422 1843 idem
1471 1787 1839 1859 omnipotens

177 1875 332 1932 Deus
360 1875 548 1931 etiam
580 1879 857 1932 aeternam
889 1877 1122 1932 illorum
1147 1878 1607 1947 damnationem,
1642 1879 1740 1933 sed
1775 1895 1842 1934 ex

177 1964 386 2021 merito
418 1964 876 2038 ipsorum,quos
907 1965 965 2020 in
998 1965 1233 2039 propria
1264 1965 1488 2022 malitia
1520 1983 1843 2039 persevera-

175 2059 340 2109 turos
371 2053 666 2126 praevidit,
695 2071 811 2109 non
842 2071 910 2110 ex
940 2071 1068 2124 sua,
1102 2056 1258 2127 quod
1303 2055 1476 2122 absit,
1511 2055 1838 2128 iniquitate,

175 2144 270 2213 qui
304 2142 458 2197 nihil
489 2143 716 2214 injuste
759 2143 1084 2210 constituit,
1117 2150 1174 2198 et
1203 2147 1304 2215 qui
1332 2144 1514 2199 reddet
1542 2147 1842 2216 unicuique

173 2231 476 2286 secundum
506 2247 674 2303 opera
693 2248 794 2286 sua
825 2236 1000 2300 (Rom.
1026 2249 1089 2300 ιι,
1111 2233 1189 2302 6),
1214 2233 1270 2287 id
1297 2237 1406 2299 est,
1431 2237 1486 2288 et
1508 2234 1652 2288 bene
1676 2250 1844 2303 ngen-

173 2321 333 2375 tibus
358 2321 518 2376 bona
531 2325 834 2389 aaterna,et
857 2320 1007 2376 male
1029 2321 1340 2392 agentibus
1365 2319 1517 2376 mala
1537 2327 1837 2394 perpetua.

173 2409 324 2482 Ergo
358 2409 552 2464 bonos
584 2409 871 2481 praescivit
900 2409 1161 2478 omnino,
1183 2415 1240 2464 et
1263 2426 1364 2481 per
1390 2411 1638 2480 gratiam
1672 2427 1838 2464 suam

174 2498 364 2553 bonos
389 2498 646 2564 futuros,
667 2502 724 2552 et
753 2515 857 2570 per
885 2498 1150 2554 eamdem
1183 2499 1430 2570 gratiam
1463 2505 1677 2552 interna
1698 2517 1840 2571 pl‘tB-

174 2587 296 2642 mia
324 2591 700 2659 accepturos,
736 2585 794 2641 id
827 2591 935 2649 est,
970 2592 1027 2642 et
1055 2586 1114 2642 in
1147 2587 1416 2660 praesenti
1454 2586 1665 2641 smeulo
1697 2588 1842 2641 bene

169 2675 462 2743 victuros,
481 2679 538 2731 et
560 2675 620 2731 in
645 2675 842 2732 futuro
867 2675 1104 2732 feliciter
1126 2675 1606 2740 remunerandos,
1623 2680 1844 2730 utrum-

175 2781 293 2837 que
325 2769 529 2821 tamen
579 2781 648 2820 ex
687 2765 840 2820 dono
889 2764 1295 2820 misericordiae
1339 2764 1461 2820 Dei.
1496 2764 1658 2820 Unde
1685 2767 1841 2837 Apo-

174 2853 422 2908 stolus:
467 2857 612 2909 Vasa
654 2853 1048 2908 mixericordiw
1093 2855 1220 2924 ejus
1267 2852 1540 2924 appellat,
1590 2853 1788 2908 dicens
1824 2870 1836 2907 :

171 2951 242 2997 ut
255 2941 558 2997 ostenderet
576 2941 800 2997 divitias
827 2943 1027 3011 gratim
1053 2956 1172 2998 sua,"
1195 2943 1250 2996 in
1274 2958 1405 2996 vasa
1423 2942 1836 3007 misericordize,

170 3047 305 3103 quae
329 3032 682 3103 praeparavit
710 3032 772 3085 in
802 3031 1041 3100 gloriam
1071 3033 1246 3100 (Rom.
1282 3047 1356 3096 ix,
1389 3031 1499 3102 23).
1533 3031 1573 3084 E
1606 3033 1842 3086 contra—

172 3119 269 3176 rio
279 3127 508 3187 autem,
525 3118 714 3175 malos
735 3124 792 3174 et
807 3118 1096 3192 priescivit
1117 3137 1220 3190 per
1234 3119 1528 3192 propriam
1554 3118 1838 3174 malitiam

1949 544 2265 610 viventium,
2298 552 2349 599 et
2392 559 2517 598 cum
2557 546 2726 617 justis
2772 564 2883 604 non
2927 549 3242 605 scribantur
3271 551 3451 621 (Ibid,
3483 555 3593 621 29).

1949 631 2058 687 Sed
2090 631 2149 686 in
2187 631 2314 687 istis
2345 637 2400 688 et
2432 632 2488 688 in
2521 634 2799 691 omnibus
2852 635 3074 709 iniquis
3121 637 3266 694 illud
3317 638 3480 712 prius
3531 659 3598 698 ex

1950 721 2183 792 propria
2212 725 2300 776 est
2321 721 2794 793 pravitate,istud
2827 741 3080 798 sequens
3111 743 3178 783 ex
3201 727 3397 784 divina
3419 727 3597 801 tequi-

1948 813 2084 864 tate.
2121 809 2237 865 Hoc
2269 812 2442 866 modo
2473 815 2532 867 et
2561 813 2630 867 de
2660 813 3168 885 prmdestinatione
3225 817 3323 872 Dei
3359 817 3598 884 omnino

1950 899 2322 954 sentiendum
2373 904 2482 967 est,
2518 900 2658 972 quia
2705 901 2764 956 in
2827 902 2997 958 bonis
3058 905 3512 976 praedestinavit,
3545 911 3601 962 et

1948 986 2139 1060 ipsam
2187 1005 2388 1044 eorum
2441 989 2762 1046 bonitatem
2813 992 3072 1048 futuram
3117 1010 3187 1048 ex
3217 995 3368 1051 dono
3401 995 3599 1068 gratiae

1951 1094 2090 1143 suae,
2115 1082 2174 1132 et
2191 1095 2293 1149 pro
2315 1078 2518 1132 eadem
2543 1078 2796 1135 bonitate
2819 1085 3092 1136 aeternam
3125 1082 3388 1154 ipsorum
3416 1101 3604 1140 remu-

1950 1165 2334 1232 nerationem,
2352 1170 2416 1221 ut
2437 1166 2626 1238 ipsius
2652 1167 2802 1223 dono
2835 1169 3040 1224 ﬁerent
3070 1170 3226 1238 boni,
3244 1169 3431 1244 ipsius
3451 1172 3601 1227 dono

1949 1259 2143 1310 essent
2175 1255 2552 1311 remunerati.
2586 1255 2747 1312 Unde
2780 1255 2860 1312 ait
2893 1258 3228 1330 Apostolus:
3262 1260 3370 1328 Qui
3393 1260 3602 1330 prcede-

1947 1346 2174 1400 stinavit
2200 1361 2298 1399 nos
2329 1347 2386 1399 in
2417 1344 2759 1416 adoptionem
2791 1347 3036 1417 ﬁliorum
3083 1364 3181 1418 per
3226 1349 3410 1404 Iesum
3439 1349 3602 1404 Chri-

1948 1441 2091 1488 stum
2121 1436 2182 1488 in
2212 1437 2390 1505 ipsum
2423 1435 2636 1506 (Ephes.
2671 1453 2706 1502 ι,
2739 1436 2815 1508 5).
2857 1436 2927 1490 Et
2973 1437 3033 1490 in
3079 1435 3192 1492 alio
3239 1436 3364 1492 loco
3393 1453 3406 1491 :
3454 1441 3602 1508 Quos

1945 1525 2229 1594 pra‘scirit
2253 1531 2304 1578 ct
2341 1523 2757 1596 prmdestinavit
2811 1525 3110 1596 con/armos
3167 1525 3293 1596 ﬁeri
3338 1527 3604 1594 imaginis

1949 1613 2088 1666 Filii
2117 1614 2208 1667 sui
2237 1617 2408 1684 (Rom.
2443 1630 2562 1680 vm,
2593 1613 2706 1683 '29).
2743 1611 3180 1668 Prmdestinavit
3230 1613 3428 1686 itaque
3484 1612 3600 1670 ele-

1951 1706 2074 1755 ctos
2107 1718 2266 1765 suos,
2301 1705 2366 1754 ut
2397 1706 2455 1756 et
2485 1717 2641 1756 nunc
2665 1707 3110 1758 assumerentur
3138 1701 3196 1756 in
3226 1702 3602 1775 adoptionem

1953 1789 2205 1844 tiliorum
2239 1789 2337 1844 Dei
2371 1806 2473 1860 per
2501 1789 2747 1861 gratiam
2781 1790 3082 1862 baptismi,
3107 1791 3243 1846 etin
3267 1791 3465 1846 futuro
3487 1791 3606 1847 efﬁ-

1955 1879 2188 1934 c’antur
2215 1881 2544 1934 cont‘ormes
2581 1878 2859 1952 imaginis
2893 1879 3020 1934 Filii
3056 1880 3171 1946 Dei,
3205 1895 3308 1952 per
3337 1881 3604 1936 eamdem

1951 1968 2048 2023 Dei
2081 1969 2332 2041 gratiam
2381 1969 2708 2024 secundum
2749 1968 3064 2039 imaginem
3097 1971 3224 2041 ejus
3256 1968 3518 2024 renovati
3549 1973 3606 2024 et

1945 2055 2278 2124 glorificati.
2315 2055 2750 2112 Praedestinavit
2797 2057 3036 2112 omnino
3085 2062 3152 2112 ut
3188 2061 3246 2112 et
3284 2057 3380 2112 hic
3410 2060 3608 2112 essent

1952 2144 2110 2211 boni,
2136 2162 2250 2198 non
2268 2162 2335 2198 ex
2354 2161 2434 2210 se,
2453 2145 2549 2198 sed
2577 2161 2642 2198 ex
2676 2143 2804 2211 illo;
2839 2150 2895 2198 et
2915 2145 3033 2200 illic
3064 2145 3218 2200 beati
3248 2162 3362 2200 non
3390 2161 3491 2218 per
3518 2161 3602 2209 se,

1951 2235 2053 2288 sed
2088 2249 2190 2304 per
2217 2233 2404 2288 illum.
2425 2235 2485 2287 in
2521 2238 2769 2304 utroque
2800 2249 2936 2306 ergo
2966 2235 3115 2288 bona
3138 2251 3244 2290 sua
3274 2233 3331 2288 in
3357 2234 3441 2288 eis
3459 2240 3515 2289 et
3533 2234 3604 2288 de

1951 2323 2034 2376 eis
2051 2325 2248 2377 t‘utura
2268 2321 2556 2393 Ρνερεθίνὶι
2573 2325 2628 2377 et
2645 2321 3094 2392 praedestinavit.
3120 2322 3181 2377 In
3207 2321 3380 2378 malis
3401 2338 3532 2377 vero
3549 2327 3606 2378 et

1952 2411 2150 2481 impiis
2175 2428 2286 2465 non
2313 2411 3127 2482 praedestinavitomnipotens
3141 2411 3297 2466 Deus
3320 2409 3602 2466 malitiam

1952 2507 2007 2553 et
2029 2500 2411 2571 impietatem,
2437 2501 2491 2552 id
2511 2503 2600 2554 est
2619 2504 2682 2552 ut
2703 2499 2840 2554 mali
2861 2505 2920 2554 et
2942 2499 3104 2571 impii
3129 2505 3344 2570 essent,
3369 2505 3427 2554 et
3443 2499 3602 2554 aliud

1951 2607 2078 2643 esse
2125 2606 2238 2642 non
2290 2593 2548 2660 possent.
2603 2589 2712 2642 Sed
2767 2604 2914 2660 quos
2955 2587 3243 2660 praescivit
3286 2588 3419 2654 [βοά.
3453 2590 3599 2655 Her.,

1952 2679 2053 2733 sed
2075 2679 2212 2750 quia
2242 2695 2339 2734 eos
2363 2677 2665 2750 preescivit]
2692 2681 2748 2733 et
2770 2677 3202 2750 praedestinavit
3225 2677 3409 2734 malos
3431 2683 3604 2750 atque

1951 2767 2164 2838 impios
2197 2767 2426 2822 futuros
2455 2766 2689 2838 proprio
2719 2765 2876 2833 vitio,
2901 2767 3024 2837 ipse
3045 2783 3144 2822 eos
3173 2766 3606 2838 praedestinavit

1952 2856 2022 2909 ad
2057 2861 2330 2910 :rternam
2364 2855 2802 2910 damnationem
2827 2855 2990 2924 justo
3015 2855 3276 2925 judicio:
3313 2872 3428 2910 non
3461 2855 3604 2926 quia

1951 2943 2110 2998 aliud
2144 2959 2270 2997 esse
2301 2959 2414 2997 non
2447 2947 2782 3014 potuerunt,
2798 2943 2897 2998 sed
2917 2943 3058 3012 quia
3078 2941 3235 2997 aliud
3258 2959 3386 2998 esse
3406 2943 3602 2999 nolue-

1951 3035 2107 3086 runt.
2128 3031 2240 3102 Ipsi
2267 3030 2447 3102 igitur
2477 3030 2864 3101 sibimetipsis
2894 3029 3244 3086 exstiterunt
3275 3046 3454 3085 causa
3476 3047 3602 3104 per-

1952 3119 2210 3175 ditionis.
2227 3119 2378 3174 Deus
2399 3119 3002 3190 autemjudexjustus
3018 3125 3074 3174 et
3093 3119 3601 3189 ordinatorjustus

170 3209 367 3264 malos
387 3210 704 3274 futuros,et
717 3207 1005 3280 praascivit
1019 3227 1121 3280 per
1135 3226 1302 3265 suam
1313 3209 1606 3280 justitiam
1625 3213 1840 3265 aaterna
1869 3199 1910 3264 C
1950 3209 2137 3281 ipsius
2159 3207 2552 3262 damnationis
2569 3223 2582 3262 :
2599 3225 2712 3262 non
2732 3208 2888 3262 enim
2911 3207 3338 3280 praedestinavit
3355 3207 3597 3280 injuste,

172 3297 404 3352 ultione
436 3296 830 3352 damnandos.
867 3295 1026 3352 Sicut
1057 3296 1398 3370 praesciebat
1427 3297 1498 3352 de
1527 3297 1680 3352 Juda
1709 3313 1840 3369 pro-

171 3385 387 3452 ditore,
420 3385 567 3457 quod
595 3402 723 3441 eum
755 3393 891 3442 esset
921 3385 1246 3453 traditurus,
1281 3385 1435 3441 sicut
1463 3385 1840 3458 Evangelium

176 3473 342 3544 dicit,
392 3491 524 3529 cum
571 3483 707 3531 esset
763 3490 908 3530 unus
963 3491 1033 3530 ea:
1077 3475 1358 3530 duodecim
1415 3475 1586 3546 (Joan.
1619 3492 1695 3546 vn,
1725 3475 1838 3547 72).

179 3562 532 3619 Presciebat
560 3565 735 3619 etiam
767 3570 1046 3618 aeternam
1077 3564 1205 3634 ejus
1235 3564 1671 3618 damnationem
1703 3581 1839 3619 cum

175 3653 397 3708 diceret
431 3669 446 3706 ε
488 3653 579 3709 Vae
601 3660 784 3708 autem
811 3653 1025 3708 homini
1053 3653 1143 3708 illi
1168 3669 1268 3724 per
1313 3669 1474 3723 quem
1503 3654 1676 3707 Filius
1723 3661 1839 3709 tra-

179 3741 356 3798 detur.
389 3747 610 3798 Bonum
656 3749 775 3798 erat
811 3743 867 3797 ei
907 3743 959 3797 si
1005 3750 1169 3797 natus
1206 3757 1312 3796 non
1345 3742 1534 3813 fuisset
1562 3742 1713 3797 homo
1745 3743 1841 3798 ille

180 3830 364 3902 (lare.
387 3847 506 3895 xw,
527 3829 643 3902 21).
676 3829 772 3886 Sic
801 3833 861 3886 et
889 3830 961 3885 de
985 3829 1187 3902 impiis
1231 3830 1451 3886 Judaeis
1499 3831 1841 3902 praesciebat

181 3919 308 3975 sine
327 3918 512 3975 dubio
543 3935 748 3974 eorum
780 3918 1143 3991 impietatem
1168 3920 1445 3982 futuram,
1465 3921 1535 3974 de
1558 3936 1674 3991 qua
1696 3937 1837 3992 prie-

183 4009 330 4064 dixit
357 4008 418 4063 in
451 4007 684 4080 psalmo
717 4025 730 4062 :
763 4007 1040 4064 Dederant
1069 4011 1129 4063 in
1159 4023 1336 4062 escam
1364 4025 1544 4062 meam
1569 4007 1671 4078 fel,
1703 4017 1756 4064 et
1779 4009 1839 4063 in

183 4099 278 4152 siti
305 4113 427 4153 mea
451 4104 782 4170 potaverunt
825 4113 912 4152 me
956 4104 1101 4154 aceto
1146 4097 1256 4169 (Ps.
1294 4111 1480 4164 vanl,
1531 4099 1643 4165 22).
1689 4097 1836 4151 Prae-

186 4186 404 4242 sciebat
424 4190 485 4242 et
505 4187 970 4258 subsequentem
999 4185 1262 4258 ipsorum
1285 4185 1744 4251 damnationem,
1767 4186 1838 4241 de

190 4291 822 4364 mutuanteHeriboldo
837 4291 1734 4364 quondamAntissiodorensium
1751 4308 1840 4364 ve-

187 4363 428 4445 nerabili
452 4364 732 4445 episcopo
755 4363 813 4418 in
838 4363 1098 4445 synodali
1131 4368 1414 4445 conventu
1449 4365 1601 4445 apud
1639 4363 1840 4445 Bon_oi-

191 4432 306 4508 iam
327 4432 840 4508 transcripsimus,
855 4432 912 4508 et
929 4441 1056 4507 post
1080 4436 1464 4508 reversionem
1487 4432 1836 4508 deitumpltu

191 4504 514 4570 Brionensi,
541 4504 795 4578 quodam
825 4504 1100 4562 offerente
1121 4505 1349 4578 clerico.
1373 4522 1438 4560 ex
1460 4507 1674 4578 scrinio
1697 4507 1837 4561 Ebo-

1951 3298 2050 3353 sed
2066 3299 2260 3369 justa;
2286 3296 2719 3368 praedestinavit
2748 3300 2946 3351 tamen
2977 3301 3034 3352 et
3064 3313 3308 3352 coronas
3329 3297 3512 3368 justis
3543 3303 3601 3352 et

1949 3403 2152 3458 pinnas
2194 3385 2453 3458 injustis,
2486 3385 2625 3457 quia
2670 3391 2989 3458 utrumque
3018 3390 3107 3442 est
3127 3385 3378 3458 justum.
3411 3385 3598 3450 Quam

1939 3476 2236 3547 justitiam
2269 3475 2399 3544 ejus
2433 3475 2852 3530 commendans
2885 3475 3054 3530 nobis
3100 3473 3432 3547 Apostolus.
3465 3475 3548 3530 ait
3579 3492 3593 3530 :

1946 3564 2206 3636 Nunquid
2245 3565 2468 3635 iniquus
2519 3569 2659 3619 Deus
2689 3565 2787 3634 qui
2814 3565 2982 3634 infert
3009 3566 3150 3620 iram
3175 3566 3203 3618 ?
3230 3563 3382 3620 Absit
3407 3565 3594 3635 (Rom.

1947 3671 2032 3717 In.
2053 3654 2128 3724 5).
2153 3654 2220 3708 Et
2243 3651 2381 3724 quia
2405 3652 2576 3708 modo
2607 3651 2884 3707 omnibus
2916 3655 3201 3724 praerogat
3229 3653 3592 3723 patientiam,

1947 3746 2012 3798 ut
2041 3745 2450 3798 convertantur
2480 3741 2550 3796 ad
2582 3740 2986 3813 pmnitentiam
3019 3757 3030 3796 :
3066 3745 3122 3797 et
3175 3741 3277 3814 qui
3330 3745 3594 3814 pereunt,

1947 3847 2053 3887 suo
2075 3835 2414 3901 contemptu
2431 3829 2715 3885 etduritia
2735 3834 3006 3902 pereunt;
3031 3829 3172 3902 quia
3189 3835 3416 3886 tantam
3441 3831 3600 3887 boni-

1947 3924 2125 3974 tatem
2160 3917 2259 3973 Dei
2290 3923 2790 3989 eontempserunt,
2824 3919 3035 3973 iterum
3086 3917 3200 3974 alio
3249 3918 3374 3974 loco
3404 3919 3548 3974 dicit
3580 3935 3593 3976 :

1945 4013 2027 4064 An
2041 4008 2264 4062 divitias
2296 4008 2548 4062 bonitatis
2577 4013 2629 4062 et
2650 4008 2958 4078 patientur,
2973 4015 3023 4062 et
3036 4009 3600 4080 longanimitatisejus

1943 4098 2264 4163 contemnis,
2289 4097 2550 4164 ignorans
2578 4099 2839 4167 quoniam
2870 4097 3180 4166 benignitas
3207 4098 3306 4152 Dei
3333 4097 3404 4152 ad
3427 4098 3602 4170 paeni-

1943 4187 2174 4243 tentiam
2207 4193 2256 4240 te
2285 4185 2548 4241 adducit?
2576 4185 2882 4240 Secundum
2928 4186 3194 4242 duritiam
3234 4194 3416 4242 autem
3447 4194 3599 4242 tuam

1935 4295 2087 4365 justo
2107 4291 2320 4365 judicio
2345 4308 2358 4356 ;
2387 4293 2442 4345 in
2477 4289 2578 4365 illa
2605 4291 2793 4346 rotula
2819 4291 3108 4365 scriptum
3139 4291 3389 4347 habetur
3417 4307 3594 4365 quam

1945 4361 2016 4420 de
2047 4361 2357 4434 Heriboldo
2389 4362 2722 4433 accepimus
2755 4380 2768 4418 :
2799 4363 2903 4418 Sed
2943 4361 3081 4434 quia
3123 4379 3214 4418 eos
3239 4361 3522 4433 przscivit
3547 4369 3600 4418 et

1940 4433 2201 4509 prmridit
2227 4434 2399 4509 malos
2441 4441 2612 4509 atque
2660 4436 2852 4509 impios
2897 4433 3113 4509 futuros
3154 4435 3383 4509 proprio
3433 4434 3594 4509 vitio,

1945 4505 2358 4580 pra’destinavit
2383 4505 2452 4580 ad
2480 4513 2746 4580 fnteran
2773 4505 3198 4580 damnationem,
3221 4519 3330 4580 qua
3363 4505 3479 4580 ipsi
3493 4521 3596 4576 pu-

188 4578 298 4650 nis,
331 4578 485 4650 sicut
507 4569 641 4650 ipse
660 4578 913 4650 dixerat,
941 4576 1290 4650 venerabilis
1316 4577 1834 4650 Gratianopolitani
1867 4569 1923 4632 Β
1944 4569 2201 4635 nircntar
2220 4577 2367 4647 justo
2388 4577 2620 4650 judicio.
2652 4577 2724 4650 Et
2774 4576 2834 4629 in
2891 4592 2958 4630 eo
3008 4573 3144 4650 loco
3176 4569 3276 4650 ubi
3309 4569 3592 4650 scriptum

189 4647 442 4722 episcOpi
473 4647 830 4722 accepimus,
866 4649 1154 4722 integram
1198 4648 1291 4703 hic
1334 4664 1546 4720 ponere
1591 4647 1832 4722 dignum

190 4719 485 4783 duximus,
515 4719 660 4845 quia
687 4725 744 4775 et
773 4719 1206 4775 constructione
1235 4724 1293 4774 et
1333 4736 1544 4774 sensus
1599 4719 1837 4774 veritate

190 4797 350 4845 caute
381 4792 512 4845 ince
559 4792 622 4845 it.
642 4791 897 4845 exceptis
931 4791 1160 4845 duobus
1189 4791 1429 4845 locis.in
1458 4789 1674 4845 quibus
1704 4807 1834 4845 cum

190 4797 350 4861 caute
381 4789 622 4858 incedit,
642 4791 897 4861 exceptis
931 4791 1160 4846 duobus
1189 4791 1429 4859 locis,in
1458 4789 1674 4861 quibus
1704 4807 1834 4845 cum

189 4859 268 4914 ita
287 4861 504 4918 dixisse
527 4879 644 4918 non
674 4859 990 4934 credimus,
1017 4862 1250 4934 sicutin
1273 4879 1337 4918 eo
1369 4859 1588 4934 scripto
1616 4861 1836 4934 inveni-

191 4949 535 5006 mus,quem
555 4934 625 4989 de
648 4933 868 5006 scrinio
885 4932 1228 5006 venerabilis
1243 4931 1459 5006 Ehonis
1481 4931 1834 5006 accepimus,

189 5017 316 5077 eum
338 5004 398 5060 in
424 5005 558 5060 aliis
578 5006 661 5060 sic
683 5005 964 5077 cathiolice
985 5004 1213 5072 dixerit,
1243 5004 1395 5077 sicut
1411 5004 1631 5076 patebit
1651 5004 1840 5077 legen-

189 5075 343 5130 tibus
377 5094 390 5130 :
423 5077 680 5149 maxime
727 5075 883 5149 quia
912 5076 970 5149 in
1007 5077 1224 5149 eodem
1257 5075 1838 5149 scripto,_quetnfper

192 5161 395 5229 manus
407 5148 636 5229 praefati
655 5145 953 5229 Heriboldi
971 5147 1122 5229 sicut
1143 5148 1212 5202 ad
1224 5163 1296 5229 .se
1319 5164 1353 5202 a
1373 5145 1644 5228 praedicto
1671 5145 1836 5202 Floro

191 5217 603 5291 transmissum
636 5219 995 5291 accepimus,
1026 5218 1194 5274 aliter
1221 5217 1636 5291 invenerimus,
1657 5235 1833 5290 quam

198 5286 251 5342 in
271 5287 383 5363 isto
417 5307 591 5362 quem
627 5286 841 5363 postea
860 5291 1190 5363 accepimus
1222 5290 1601 5363 reperiamus.
1623 5286 1744 5354 Qua
1767 5291 1836 5344 de

196 5375 249 5414 re
267 5360 646 5418 immutatum
673 5362 747 5417 ab
763 5361 966 5434 aliquo
987 5360 1377 5434 suspicamur:
1391 5362 1524 5424 Quae
1540 5360 1666 5416 loca
1679 5367 1836 5434 ante-

193 5445 354 5504 quam
379 5449 719 5489 sermonem
740 5431 911 5504 illum
940 5431 1193 5504 scribere
1222 5431 1557 5504 adoriamur
1576 5431 1838 5504 speciali-

189 5503 586 5574 ter-designare
597 5503 1078 5560 curabimus.Ubi
1092 5503 1246 5560 enim
1259 5503 1426 5558 dicit:
1443 5502 1545 5558 Sed
1556 5502 1837 5574 quasprae-

187 5575 360 5651 scjiijit,
383 5587 435 5634 et
454 5577 934 5651 praeviditmalos
962 5583 1122 5651 atque
1152 5577 1346 5647 impios
1373 5576 1588 5651 futuros
1611 5577 1834 5651 proprio

189 5645 564 5729 vilio,ipie'eos
585 5647 1011 5728 praedestinavit
1032 5645 1110 5708 'ad
1135 5645 1402 5708 aeternam
1429 5645 1837 5707 damnationem

1946 4655 2034 4706 est
2067 4667 2080 4704 :
2115 4645 2231 4706 Non
2265 4645 2412 4702 enim
2465 4649 2558 4702 ille
2607 4647 2847 4716 aliquem
2888 4645 3297 4717 pra’destinavit
3325 4653 3386 4701 ut
3411 4645 3594 4701 malus
3667 4705 3670 4710 _

1945 4730 2098 4789 esset,
2132 4719 2224 4778 sed
2253 4735 2373 4774 vero
2398 4733 2609 4790 omnem
2637 4717 2844 4790 malum
2871 4716 3306 4790 praedestinavit,
3336 4726 3400 4772 ut
3420 4719 3596 4790 impu-

1943 4787 2094 4850 nitus
2122 4807 2227 4848 non
2261 4798 2436 4860 esset;
2467 4787 2795 4860 invenimus
2829 4787 2884 4842 in
2932 4787 3142 4860 rotula,
3175 4805 3352 4860 quam
3386 4804 3420 4844 a
3447 4787 3593 4860 prae-

1948 4865 2102 4920 dicto
2135 4859 2442 4920 Heriboldo
2475 4858 2807 4932 accepimus
2840 4875 2852 4914 :
2885 4859 2989 4932 Sed
3017 4874 3138 4914 vere
3180 4858 3596 4932 praedestinavit
3673 4927 3678 4931 ,

1941 4953 2178 5008 pa’nnm,
2212 4933 2502 5008 ut__onmis
2553 4931 2734 5008 malus
2773 4931 3076 5008 impunitus
3105 4931 3216 4986 non
3241 4939 3392 4986 esset.
3427 4931 3590 4994 Quod

1947 5001 2006 5062 in
2041 5001 2420 5080 sequentibus
2455 5001 2578 5080 ipse
2607 5001 2970 5080 demonstrat
2998 5001 3234 5080 dicens:
3265 5019 3480 5080 paruam
3507 5018 3592 5080 eo-

1945 5096 2069 5154 rum
2086 5073 2450 5154 etpra’scisse,
2481 5073 2792 5154 quia‘Deus
2817 5081 2987 5154 est._et
3013 5073 3591 5154 prgedestinassequia

1937 5151 2122 5221 justus
2146 5142 2253 5221 'est,
2286 5142 2501 5221 (iactarat
2529 5142 2795 5221 catholici
2826 5142 3060 5200 lectoris
3081 5145 3306 5221 judicio
3337 5142 3588 5200 derelin-

1947 5215 2332 5292 quimus.Sed
2354 5216 2572 5292 idcirco
2601 5215 2756 5292 hunc
2787 5232 3114 5292 sermonem
3147 5232 3215 5270 ex
3245 5215 3471 5292 integro
3494 5232 3588 5292 pio-

1944 5285 2078 5347 nere
2111 5287 2504 5346 necessarium
2540 5285 2838 5353 duximus,
2872 5287 3010 5358 quia
3037 5303 3104 5342 ex
3134 5303 3211 5358 eo
3235 5285 3586 5358 contictorin

1944 5363 2206 5434 proximo
2234 5357 2722 5434 subsequentium
2757 5355 3302 5434 capitulorumduo
3333 5355 3588 5434 capitula

1945 5429 2015 5490 de
2040 5431 2409 5489 Prmscientia
2429 5429 2485 5484 et
2499 5429 3007 5484 Praedestinatione
3033 5429 3272 5500 confuso
3296 5433 3353 5483 et
3373 5444 3590 5500 praepo-

1944 5510 2098 5561 stero
2112 5505 2332 5568 ordine,
2353 5518 2418 5556 ac
2432 5517 2606 5572 sensu
2620 5499 2956 5567 falsissimo,
2970 5501 3030 5554 in
3051 5499 3308 5572 secundo
3329 5497 3586 5572 capitulo

1943 5577 2170 5652 studuit
2189 5571 2679 5649 compilare,sicut
2697 5572 2795 5652 qui
2813 5572 2971 5630 hunc
2991 5570 3158 5629 etilla
3176 5569 3380 5650 legerit
3391 5569 3588 5650 aperte

1941 5647 2247 5728 intelliget.
2284 5669 2306 5702 η
