4068 6190
497 290 574 348 99
936 365 955 375 υ
1596 282 1823 345 FLORI
1873 282 2189 342 DIACONI
2238 285 2807 347 LUGDUNENSIS.

3794 284 3900 343 100

493 430 542 475 et
577 437 670 475 eor
697 421 1039 492 impumitens
1072 418 1409 474 thesaurizas
1440 417 1545 471 tibi
1581 418 1727 470 iram
1758 415 1818 470 in
1845 412 1934 470 die
1962 415 2066 472 ira:
2093 422 2145 470 et
2172 418 2226 485 Α
2255 417 2678 489 cst:przescivit
2697 434 2830 473 vero
2853 418 3040 473 multa
3062 434 3186 490 quae
3210 418 3333 490 ipse
3355 418 3619 473 facturus
3636 433 3753 473 non
3777 421 3896 471 est:

496 509 841 564 reuelationis
862 508 1006 579 justi
1025 507 1232 578 judicii
1260 507 1373 573 Dei,
1408 506 1504 576 qui
1524 504 1704 561 reddet
1734 505 2033 576 unicuique
2059 520 2144 559 se-

492 597 735 653 cundum
778 612 942 668 opera
988 612 1092 651 sua
1123 597 1297 667 (Rom.
1332 610 1394 661 ιι,
1427 592 1567 665 4-6).
1604 592 1745 646 Hinc
1803 590 1978 647 etiam
2033 590 2150 647 alia

496 685 800 757 Scriptura
824 689 1074 741 testatur
1102 683 1302 740 dicens
1336 698 1350 737 :
1388 686 1537 737 Deus
1582 689 1811 736 mortem
1858 696 1970 735 non
1995 682 2142 750 fecit,

494 791 593 830 nec
622 775 845 830 buntur
875 774 934 828 in
959 772 1263 844 perditione
1291 770 1741 840 vivorumepii
1770 776 1950 823 autem
1968 770 2148 823 mani-

496 866 595 919 bus
623 872 676 920 et
702 864 878 919 verbis
907 861 1274 917 areersierunt
1291 860 1537 926 illam,et
1548 860 1889 915 (estimantes
1907 858 2146 911 amicam

493 954 857 1023 deﬂuxerunt,
883 958 935 1005 et
952 951 1267 1021 sponsiones
1285 946 1669 1020 posueruntad
1687 947 1869 1011 illam,
1882 947 2145 1016 quoniam

491 1042 650 1113 digni
676 1040 932 1111 suntqui
966 1040 1081 1093 sint
1125 1054 1196 1093 ea:
1247 1045 1406 1109 parte
1461 1037 1618 1091 illius
1650 1038 1802 1107 (Sep.
1834 1050 1873 1101 ι,
1908 1035 1996 1100 13,
2032 1034 2140 1104 16).

492 1131 614 1186 Non
637 1145 774 1202 ergo
794 1128 1166 1199 omnipotens
1189 1126 1343 1182 Deus
1362 1124 1465 1181 ulli
1484 1125 1791 1180 hominum
1807 1138 1983 1177 causa
1997 1138 2145 1177 mor-

491 1218 566 1273 tis
596 1217 684 1272 vel
718 1214 1061 1289 perditionis
1088 1214 1305 1280 existit,
1329 1213 1429 1269 sed
1462 1213 1650 1285 ipsam
1683 1215 1930 1267 mortem
1945 1214 2001 1265 et
2013 1226 2140 1281 per-

490 1306 770 1362 ditionem
793 1304 1070 1359 manibus
1080 1301 1461 1374 etverbisipsi
1482 1300 1650 1375 impii
1674 1300 1787 1355 sibi
1808 1303 2140 1365 accersunt,

488 1396 629 1450 dum
654 1393 920 1467 nequiter
940 1391 1255 1465 operando,
1270 1397 1329 1446 et
1359 1390 1609 1462 nequius
1630 1388 1761 1445 aliis
1782 1387 2141 1461 persuaden-

487 1485 646 1551 do,et
664 1482 773 1538 sibi
798 1486 855 1537 et
878 1480 993 1535 illis
1016 1480 1452 1535 damnationem
1476 1478 1964 1535 adducuntzdum
1985 1476 2139 1531 viam

488 1571 816 1644 iniquitatis
856 1576 915 1624 et
962 1568 1306 1640 perditionis
1366 1572 1650 1633 amantes,
1685 1583 1719 1621 a
1748 1570 1902 1621 recto
1934 1565 2139 1620 itinere

485 1660 893 1723 deﬂectuntur,
926 1663 984 1712 et
1012 1656 1083 1711 ad
1117 1662 1463 1729 perpetuam
1514 1654 1976 1719 damnationem,
2009 1657 2137 1707 tan-

486 1764 666 1821 quam
699 1747 853 1802 datis
883 1747 1035 1801 inter
1050 1762 1113 1801 se
1131 1745 1371 1812 dextris,
1396 1744 1522 1817 pari
1543 1759 1832 1799 consensu
1863 1740 2136 1813 nequitia:

486 1837 652 1909 quasi
682 1853 752 1892 ex
781 1838 910 1891 voto
932 1839 990 1891 et
1010 1834 1323 1906 sponsione
1353 1833 1652 1898 festinant,
1688 1830 1949 1887 t‘csderati
1980 1846 2137 1885 mor-

483 1926 562 1981 tis
591 1929 648 1981 et
674 1924 801 1980 vita:
831 1929 1055 1979 aeterna:
1087 1923 1330 1989 inimici,
1354 1923 1466 1995 ipsi
1498 1922 1822 1977 secundum
1855 1918 2135 1974 duritiam

484 2031 675 2082 suam,
707 2019 764 2069 et
792 2030 891 2069 cor
920 2012 1296 2084 impmnitens
1324 2011 1727 2067 thesaurizant
1757 2008 1867 2063 sibi
1899 2007 2048 2063 iram
2073 2007 2135 2062 in

480 2104 576 2160 die
606 2104 724 2159 iraa.
748 2103 810 2158 1n
833 2118 952 2174 qua
971 2102 1067 2157 die
1086 2101 1235 2173 justi
1259 2099 1470 2172 judicii
1499 2099 1621 2167 Dei,
1651 2098 1790 2170 quia
1820 2095 2136 2167 unusquis-

481 2209 594 2265 que
625 2192 949 2248 secundum
978 2207 1156 2263 opera
1186 2207 1294 2245 sua
1324 2188 1737 2261 recipit,nemo
1759 2203 1828 2242 ex
1856 2185 1953 2241 Dei
1989 2201 2134 2257 pra:-

472 2281 827 2354 judicio,sed
847 2297 916 2335 ex
937 2280 1145 2335 merito
1167 2278 1412 2351 propriae
1434 2276 1766 2349 iniquitatis
1787 2274 2135 2330 condemna-

478 2374 595 2425 tur.
631 2370 754 2425 Non
788 2369 944 2424 enim
978 2368 1074 2424 ille
1105 2367 1359 2439 aliquem
1392 2364 1827 2439 praedestinavit
1849 2368 1913 2418 ut
1942 2361 2133 2417 malus

480 2463 655 2527 esset,
668 2458 767 2513 sed
785 2474 913 2512 vere
925 2472 1161 2512 omnem
1176 2455 1397 2510 malum
1421 2453 1853 2527 praedestinavit
1868 2451 2133 2520 utimpu-

480 2548 638 2603 nitus
697 2563 812 2602 non
870 2552 1026 2601 esset
1068 2544 1204 2618 [cod.
1237 2546 1386 2612 Her.,
1420 2541 1849 2615 praedestinavit
1878 2555 2129 2611 pmnam,

480 2640 546 2693 ut
565 2635 758 2693 omnis
781 2634 973 2691 malus
1007 2634 1337 2706 impunitus
1370 2650 1484 2689 non
1515 2629 1872 2702 esset]:quia
1900 2633 1957 2683 et
1986 2644 2130 2682 una-

479 2741 725 2798 quaque
754 2724 846 2779 lex
869 2724 1040 2795 juxta
1069 2723 1290 2778 crimen
1321 2740 1437 2778 non
1468 2720 1665 2785 habet,
1683 2736 1753 2774 ne
1775 2718 1854 2775 sit
1879 2717 2127 2788 injusta;

477 2818 537 2871 et
561 2818 758 2868 tamen
790 2812 1176 2869 criminosum
1209 2811 1398 2884 punit,
1426 2814 1491 2866 ut
1540 2825 1673 2865 vere
1706 2808 1784 2863 sit
1806 2808 1990 2878 justa.
2024 2803 2131 2867 Qui

477 2919 615 2975 ergo
645 2901 785 2957 dicit
814 2901 969 2973 quod
1001 2900 1060 2955 hi
1091 2900 1191 2972 qui
1224 2904 1469 2972 pereunt
1492 2894 1886 2971 praedestinati
1907 2892 2129 2949 suntad

476 2990 881 3065 perditionem,
907 2993 965 3045 et
982 2988 1113 3045 ideo
1135 2987 1307 3045 aliter
1325 2988 1555 3044 evenire
1580 3003 1693 3042 non
1718 2987 1935 3057 potest;
1960 2982 2130 3037 simi-

475 3081 609 3136 liter
626 3095 859 3151 quoque
873 3082 929 3134 et
941 3079 1014 3134 de
1017 3079 1220 3150 justis,
1235 3083 1520 3150 tanquam
1538 3082 1595 3132 et
1613 3076 1723 3146 ipsi
1746 3074 1872 3128 ideo
1903 3070 2127 3128 salven-

474 3169 721 3241 turquia
743 3168 1139 3240 prmdestinati
1162 3167 1233 3222 ad
1266 3164 1709 3232 salutem,aliud
1740 3179 1869 3219 esse
1888 3178 2002 3217 non
2021 3177 2120 3232 po-
2153 3156 2195 3222 C

474 3255 843 3326 tuerunt;qui
856 3271 992 3326 ergo
1008 3254 1129 3309 haec
1141 3259 1261 3309 tam
1276 3254 1516 3309 confuse
1527 3248 2051 3315 etinsulsedicit,et
2063 3247 2128 3301 il-

474 3344 548 3399 lis
561 3343 999 3399 tollitmeritum
1022 3340 1651 3407 damnationis,etistis
1674 3338 1949 3393 meritum
1967 3335 2125 3390 salu—

476 3433 659 3488 tis.Ac
673 3431 894 3504 perhoc
906 3431 1048 3503 quid
1062 3430 1219 3485 aliud
1232 3429 1493 3501 agit,nisi
1510 3434 1639 3485 utet
1651 3425 2029 3500 pereuntibus
2042 3439 2128 3478 se-

476 3522 735 3577 cundum
755 3520 920 3574 illum
939 3518 1018 3575 sit
1046 3519 1322 3591 imposita
1353 3518 1673 3574 necessitas
1701 3513 2127 3588 perditionis,et

476 3610 569 3666 his
599 3609 699 3681 qui
720 3609 1019 3665 salvantur
1036 3608 1113 3664 sit
1133 3608 1409 3680 imposita
1437 3607 1757 3667 necessitas
1787 3602 2127 3659 salutis?at-

475 3715 589 3772 que
612 3699 740 3753 ideo
763 3714 866 3753 nec
887 3697 972 3752 illi
987 3698 1151 3768 juste
1173 3693 1851 3768 damnentur,quiajusti
1867 3686 1994 3747 esse
2007 3707 2121 3746 non

474 3792 811 3861 potuerunt,
848 3803 952 3841 nec
981 3785 1076 3841 isti
1105 3788 1267 3858 juste
1297 3790 1762 3851 remunerentur,
1795 3781 1934 3854 quia
1963 3779 2122 3836 aliud

475 3893 652 3950 quam
677 3875 824 3947 justi
859 3891 988 3930 esse
1030 3875 1418 3947 nequiverunt
1449 3891 1462 3929 :
1497 3878 1561 3929 ut
1592 3874 1653 3928 in
1684 3879 1930 3943 utraque
1960 3872 2124 3941 parte

474 3971 532 4022 et
551 3964 799 4038 perditio
830 3969 888 4019 et
918 3963 1080 4019 salus
1111 3981 1226 4019 non
1260 3964 1337 4019 sit
1352 3981 1420 4019 ex
1445 3963 1667 4035 judicio
1690 3960 1935 4034 propriae
1952 3957 2125 4013 actio-

474 4054 590 4119 nis,
607 4053 708 4109 sed
722 4069 792 4109 ex
811 4053 947 4125 praej
959 4052 1150 4107 udicio
1174 4051 1379 4107 divinae
1402 4048 2003 4125 praeordinationisEt
2022 4046 2120 4102 ubi

474 4143 583 4200 erit
602 4141 745 4198 illud
769 4159 782 4197 :
811 4144 927 4214 Qui
946 4141 1128 4197 reddet
1143 4143 1441 4214 unicuique
1460 4141 1755 4197 secundum
1785 4155 1947 4211 opera
1974 4154 2075 4192 sua
2096 4140 2124 4192 ?

473 4239 650 4305 (Rom.
684 4250 743 4300 ιι,
773 4235 854 4302 6.)
884 4230 953 4285 Et
980 4230 1191 4287 iterum
1227 4247 1240 4286 :
1273 4231 1530 4303 Nunquid
1574 4232 1799 4302 iniquus
1850 4234 1990 4285 Deus
2027 4228 2124 4300 qui

473 4326 644 4397 infert
670 4324 817 4379 iram
837 4324 863 4376 ἵ
893 4321 1043 4376 Absit
1065 4321 1420 4392 (Rom.m,5).
1443 4322 1654 4393 Aperte
1679 4335 1933 4391 namque
1944 4333 2124 4374 causa

474 4412 819 4487 perditionis
850 4408 1085 4465 illorum
1117 4409 1217 4481 qui
1249 4415 1512 4481 pereunt,
1546 4410 1606 4464 in
1641 4410 1821 4464 Deum
1854 4407 2120 4472 refertur,

2256 506 2409 561 sicut
2427 507 2626 562 omnia
2648 506 2829 561 mala:
2846 507 3358 579 quaamalaulique
3379 506 3517 562 mali
3537 506 3897 573 faciunt,non

2256 593 2371 650 ille.
2396 599 2560 666 Ipsos
2585 611 2820 667 quoque
2851 594 3037 651 malos
3068 613 3183 652 non
3216 595 3347 651 ideo
3380 595 3568 667 perire
3595 594 3736 666 quia
3768 593 3900 649 boni

2254 700 2383 740 esse
2416 701 2531 738 non
2563 685 3003 755 potuerunt,sed
3021 684 3160 756 quia
3181 683 3318 740 boni
3348 700 3476 740 esse
3506 682 3903 752 noluerunt,et

2254 788 2362 827 suo
2390 772 2529 828 vitio
2562 789 2691 828 vasa
2736 774 2841 829 irae
2895 781 3025 844 apta
3073 775 3133 828 in
3181 774 3468 829 interitum
3492 774 3667 842 (Rom.
3705 789 3780 838 IX,
3810 774 3901 839 22)

2252 865 2782 932 perseveraverunt,
2799 865 2855 916 et
2884 860 2944 916 in
2976 878 3173 917 massa
3202 860 3597 917 damnationis
3621 859 3711 915 vel
3730 859 3901 932 origi-

2253 949 2372 1004 nali
2392 949 2479 1005 vel
2503 949 2717 1006 actuali
2731 950 2939 1007 merito
2955 954 3421 1022 permanserunt.
3440 949 3500 1005 In
3519 948 3900 1005 bonisautem

2253 1037 2625 1110 omnipotens
2660 1039 2830 1105 Deus,
2863 1038 3016 1095 sicut
3062 1056 3244 1111 supra
3275 1039 3418 1094 satis
3447 1043 3755 1094 ostensum
3790 1041 3898 1107 est,

2252 1131 2570 1199 utrumque
2600 1128 2888 1200 praesciuit
2916 1132 2973 1183 et
3003 1126 3454 1201 praedestinavit,
3486 1132 3551 1183 ut
3579 1131 3637 1183 et
3667 1126 3727 1182 in
3760 1143 3901 1200 pra:-

2252 1216 2402 1270 senti
2431 1216 2549 1271 vita
2578 1232 2680 1288 per
2709 1233 2878 1272 suam
2908 1216 3158 1289 gratiam
3207 1216 3522 1271 existerent
3559 1214 3718 1281 boni,
3752 1219 3812 1271 et
3839 1214 3898 1270 in

2251 1304 2448 1359 futura
2476 1304 2651 1360 etiam
2682 1304 2854 1361 beati.
2890 1304 3206 1376 Utriusque
3236 1303 3392 1362 enim
3425 1304 3560 1361 boni
3590 1321 3819 1371 eorum,
3842 1304 3898 1360 id

2249 1397 2338 1449 est
2368 1397 2425 1449 et
2453 1392 2754 1467 praesentis
2787 1399 2845 1449 et
2875 1393 3077 1459 futuri,
3110 1394 3237 1466 ipse
3293 1399 3386 1450 est
3441 1396 3644 1450 auctor
3683 1397 3742 1449 et
3774 1392 3901 1466 ipse

2249 1480 2508 1554 largitor,
2532 1486 2589 1537 et
2609 1481 2822 1538 idcirco
2843 1482 2968 1538 sine
2989 1482 3167 1539 dubio
3185 1481 3494 1554 utriusque
3509 1481 3902 1555 pracognitor

2248 1574 2306 1626 et
2335 1572 2807 1643 prmdestinator:
2834 1572 2973 1643 quia
2997 1575 3052 1627 et
3082 1570 3193 1642 ipsi
3221 1588 3290 1626 ex
3319 1570 3529 1643 seipsis
3562 1587 3679 1628 non
3702 1569 3896 1627 solum

2247 1658 2405 1715 aliud
2436 1677 2566 1717 esse
2598 1664 2933 1732 potuerunt,
2958 1661 3057 1715 sed
3088 1660 3262 1716 etiam
3294 1658 3453 1715 aliud
3485 1660 3724 1715 fuerunt
3741 1663 3900 1716 ante.

2247 1765 2423 1820 quam
2455 1766 2557 1821 per
2585 1766 2743 1814 eum,
2776 1748 2875 1821 qui
2925 1748 3215 1820 justiﬁcat
3272 1748 3542 1821 impium,
3576 1764 3645 1803 ex
3693 1748 3903 1820 impiis

2238 1838 2386 1908 justi
2420 1839 2806 1894 efficerentur.
2830 1838 2960 1894 Sive
2982 1841 3179 1893 autem
3207 1838 3267 1893 in
3289 1836 3406 1893 illis
3437 1836 3537 1910 qui
3568 1836 3898 1905 salvantur,

2246 1926 2365 1982 sive
2389 1927 2447 1981 in
2468 1926 2585 1982 illis
2608 1926 2707 1999 qui
2734 1932 3000 2000 pereunt,
3020 1927 3290 1983 voluntas
3308 1926 3542 2001 propria
3562 1943 3901 1983 remunera-

2245 2018 2360 2082 tur,
2384 2015 2650 2072 voluntas
2673 2014 2907 2088 propria
2927 2017 3262 2072 damnatur.
3283 2016 3395 2072 Sed
3416 2016 3474 2071 in
3495 2014 3613 2072 illis
3635 2014 3776 2087 quia
3792 2032 3899 2088 per

2243 2103 2493 2175 gratiam
2525 2103 2757 2159 Domini
2791 2102 3107 2159 Salvatoris
3127 2108 3218 2158 est
3232 2106 3459 2165 sanata,
3482 2106 3549 2157 ut
3568 2119 3638 2158 ex
3658 2102 3818 2158 mala
3839 2108 3901 2158 et

2244 2209 2419 2264 prava
2432 2194 2593 2248 ﬁeret
2606 2193 2757 2249 bona
2769 2197 2826 2247 et
2838 2197 3013 2263 recta,
3027 2197 3116 2247 est
3130 2190 3327 2264 procul
3343 2191 3520 2247 dubio
3542 2192 3899 2265 dignissime

2243 2286 2516 2337 coronata
2549 2297 2561 2335 :
2598 2282 2655 2336 in
2698 2281 2827 2337 istis
2869 2285 3086 2347 autem,
3120 2280 3261 2353 quia
3290 2297 3404 2336 non
3437 2282 3758 2352 acquiescit
3787 2300 3900 2355 per

2243 2369 2598 2425 Salvatorem
2631 2370 2886 2443 recipere
2913 2370 3248 2435 sanitatem,
3261 2369 3595 2441 justissime
3616 2387 3899 2442 pereum-

2242 2460 2372 2514 dem
2400 2460 2659 2529 judicem
2692 2460 2903 2514 sentiet
2955 2465 3293 2531 perpetuam
3327 2458 3789 2515 damnationem.
3821 2463 3899 2517 Et

2241 2548 2351 2603 hoc
2381 2553 2468 2603 est
2495 2548 2742 2603 breviter
2760 2552 2948 2602 totum
2982 2548 3135 2619 quod
3160 2547 3431 2604 delibero
3454 2548 3694 2603 arbitrio
3716 2550 3899 2620 juxta

2238 2638 2537 2692 veritatem
2566 2636 2698 2692 ﬁdei
2720 2636 3018 2692 catholicae
3034 2641 3122 2692 est
3136 2637 3474 2704 tenendum,
3492 2638 3647 2708 quod
3662 2637 3898 2696 scilicet

2240 2742 2473 2781 omnem
2496 2725 2792 2781 hominem
2815 2724 2983 2780 liberi
3000 2724 3224 2780 arbitrii
3246 2724 3571 2780 condiderit
3591 2727 3893 2784 Deus.Sed

2240 2831 2315 2887 qu
2327 2815 2381 2870 ia
2395 2832 2494 2886 per
2510 2831 2683 2869 unum
2700 2815 2973 2869 hominem
2979 2823 3257 2886 peccatum
3281 2816 3511 2869 intravit
3523 2816 3580 2869 in
3594 2816 3894 2883 mundum,

2237 2912 2289 2960 et
2312 2920 2409 2976 per
2434 2913 2714 2976 peccatum
2739 2921 2907 2975 mors,
2938 2912 2989 2959 et
3017 2906 3095 2960 ita
3127 2906 3183 2959 in
3214 2920 3398 2959 omnes
3454 2903 3699 2959 homines
3755 2922 3897 2977 per-

2238 2996 2478 3061 transiit,
2515 2996 2573 3049 in
2604 3010 2708 3066 quo
2738 3010 2927 3049 omnes
2962 3001 3321 3065 peccaverunt
3367 2993 3537 3061 (Rom.
3570 3010 3625 3060 v,
3666 2994 3770 3065 l2),
3805 2995 3899 3051 ita

2238 3083 2394 3139 istud
2415 3082 2665 3139 liberum
2690 3082 2997 3138 arbitrium
3020 3084 3078 3138 in
3104 3081 3375 3137 universo
3392 3080 3650 3136 humano
3672 3099 3896 3155 genere

2234 3172 2391 3227 illius
2415 3172 2906 3244 praevaricationis
2919 3171 3124 3227 merito
3144 3170 3411 3225 vitiatum
3443 3174 3501 3225 et
3517 3176 3891 3243 corruptum,

2235 3260 2316 3315 ita
2345 3261 2698 3316 obcaecatum
2724 3265 2812 3316 est
2829 3267 2886 3316 et
2907 3261 3362 3326 inﬁrmatum,ut
3382 3258 3632 3315 sufﬁciat
3654 3259 3893 3318 homini

2235 3349 2302 3403 ad
2330 3348 2480 3404 male
2496 3349 2875 3423 agendum,id
2889 3354 2978 3405 est
3007 3350 3079 3405 ad
3111 3348 3343 3404 ruinam
3373 3348 3725 3421 iniquitatis,
3741 3353 3891 3408 etad

2234 3437 2343 3493 hoc
2373 3436 2562 3493 solum
2594 3438 2782 3510 possit
2812 3454 2939 3493 esse
2969 3437 3338 3493 liberumzad
3369 3437 3513 3493 bene
3541 3453 3677 3494 vero
3702 3455 3889 3512 agen-

2234 3527 2398 3592 dum,
2432 3526 2490 3581 id
2521 3531 2610 3581 est
2639 3527 2710 3582 ad
2741 3526 3080 3582 exercitium
3112 3526 3342 3581 virtutis
3370 3531 3428 3581 et
3456 3526 3710 3582 fructum
3746 3528 3891 3585 boni

2233 3614 2444 3687 operis,
2470 3612 2630 3669 nullo
2661 3615 2833 3670 modo
2864 3619 3135 3687 assurgat
3162 3619 3218 3669 et
3247 3613 3753 3681 convalescat,nisi
3784 3635 3894 3691 per

2233 3704 2406 3758 ﬁdem
2442 3702 2618 3758 unius
2668 3703 3002 3758 Mediatoris
3050 3702 3151 3757 Dei
3193 3708 3251 3757 et
3281 3702 3590 3758 hominum
3621 3703 3893 3762 hominis

2234 3791 2449 3847 Christi
2480 3792 2621 3847 Jesu
2654 3796 2711 3846 et
2740 3791 2959 3846 donum
2992 3791 3246 3863 Spiritus
3281 3791 3468 3847 sancti
3496 3792 3890 3859 instauretur,

2232 3880 2599 3935 illuminetur
2644 3884 2820 3952 atque
2866 3884 3107 3935 sanetur
3138 3896 3152 3934 :
3185 3879 3336 3935 sicut
3374 3880 3498 3952 ipse
3528 3880 3798 3938 Salvator
3830 3886 3894 3939 in

2232 3967 2541 4039 Evangelia
2564 3968 2849 4041 promittit
2870 3968 3071 4023 dicens
3096 3985 3109 4022 :
3136 3970 3200 4024 Si
3223 3984 3313 4023 vos
3341 3969 3517 4023 Filius
3538 3969 3890 4041 liberavevit,

2232 4066 2360 4113 tunc
2389 4074 2511 4113 vere
2561 4057 2725 4113 liberi
2778 4059 2933 4112 eritis
2965 4058 3148 4128 (Joan.
3182 4074 3297 4124 vm,
3326 4059 3437 4124 36).
3468 4057 3539 4112 Et
3567 4060 3893 4130 Apostolus

2232 4147 2342 4201 ait:
2371 4147 2471 4204 Ubi
2490 4147 2741 4218 .Spiritus
2771 4147 3009 4212 Domini,
3035 4147 3117 4201 ibi
3137 4147 3362 4201 libertas
3395 4148 3463 4217 (Il
3495 4146 3616 4202 Cor.
3649 4164 3733 4212 In,
3774 4151 3891 4217 17).

2232 4235 2306 4291 Ut
2337 4252 2439 4307 per
2468 4208 2619 4290 hanc
2646 4234 2891 4307 gratiam
2920 4208 3133 4289 Christi
3162 4238 3219 4289 et
3249 4208 3503 4307 Spiritus
3531 4208 3750 4290 Christi
3781 4208 3895 4292 hu-

2232 4341 2475 4380 manum
2507 4323 2756 4379 liberum
2787 4323 3093 4378 arbitrium
3127 4321 3459 4390 liberatum,
3479 4322 3891 4381 illuminatum

2232 4419 2407 4485 atque
2429 4412 2888 4481 sanatum,dicat
2909 4410 3211 4485 gratulans
3234 4410 3378 4466 illud
3402 4411 3760 4467 Psalmista:
3788 4415 3893 4470 Do-

477 4503 525 4557 si
558 4503 682 4573 ipse
707 4518 807 4557 eos
837 4502 918 4555 ita
947 4500 1018 4555 ad
1052 4498 1351 4553 interitum
1386 4498 1836 4570 praedestinavit,
1871 4502 1934 4551 ut
1963 4495 2120 4550 aliud
2145 4527 2205 4588 θ
2234 4506 2421 4558 minus
2452 4504 2789 4557 illuminotio
2818 4516 2937 4556 mea
2967 4509 3017 4556 et
3034 4502 3216 4556 salus:
3253 4516 3413 4573 quem
3443 4502 3676 4555 timebo?
3705 4505 3891 4569 (Psal.

476 4605 605 4644 esse
635 4607 749 4644 non
781 4588 1217 4661 possentzquod
1254 4587 1470 4643 sentire
1491 4586 1577 4642 vel
1608 4588 1796 4643 dicere
1829 4584 2126 4641 horribilis

477 4675 847 4749 blasphemia
878 4682 987 4734 est.
1023 4678 1133 4734 Sed
1168 4677 1434 4734 Ecclesiae
1480 4676 1775 4733 catholicae
1824 4675 1990 4743 ﬁdes,
2023 4691 2122 4730 cu-

471 4767 573 4839 jus
606 4764 707 4819 filii
742 4772 800 4821 et
829 4771 1142 4823 sectatores
1197 4784 1325 4823 esse
1377 4767 1682 4835 debemus,
1714 4766 1797 4823 ita
1828 4766 1996 4822 nobis
2027 4767 2126 4820 fir-

480 4854 745 4910 missime
798 4855 1116 4910 tenendum
1176 4855 1462 4925 insinuat,
1515 4861 1580 4912 ut
1635 4855 1906 4929 superius
1956 4856 2127 4926 juxta

480 4944 791 5015 Scriptura:
844 4947 1057 4998 sancta:
1116 4947 1526 5001 auctoritatem
1559 4947 1809 5002 breviter
1855 4945 2124 5016 designa-

479 5032 673 5088 vimus
705 5050 719 5087 ε
750 5031 1037 5098 videlicet,
1094 5032 1551 5105 omnipotentem
1605 5035 1790 5091 Deum
1847 5034 1905 5088 in
1954 5033 2126 5089 malis

479 5122 743 5197 ipsorum
772 5120 1051 5177 malitiam
1087 5122 1407 5194 praescisse,
1441 5123 1581 5194 quia
1610 5141 1678 5179 ex
1705 5125 1849 5197 ipsis
1874 5126 2126 5193 est;non

482 5210 949 5287 praedestinasse,
984 5212 1121 5282 quia
1152 5228 1220 5266 ex
1252 5210 1351 5266 illo
1402 5227 1515 5266 non
1573 5217 1699 5282 est;
1733 5230 1963 5285 pmnam
1993 5229 2127 5268 vero

481 5319 684 5359 eorum
714 5307 771 5357 et
801 5301 1102 5373 praiscisse
1134 5300 1271 5374 quia
1301 5300 1455 5356 Deus
1485 5304 1665 5366 est,et
1684 5304 2131 5374 praedestinasse

484 5393 623 5464 quia
634 5393 838 5463 justus
859 5393 1040 5461 cst,ut
1060 5394 1118 5445 et
1136 5391 1194 5445 in
1218 5389 1334 5445 illis
1355 5390 1433 5446 sit
1454 5390 1730 5447 meritum
1753 5408 1871 5447 suae
1891 5393 2132 5449 damna-

483 5480 679 5549 tionis,
705 5479 839 5535 etin
862 5478 959 5534 illo
972 5483 1231 5551 potestas
1244 5480 1328 5550 etj
1339 5477 1761 5549 udiciumjustc
1774 5480 2130 5539 damnantis.

2234 4592 2479 4661 xxv1,l.)
2510 4590 2615 4657 Qui
2640 4590 2820 4664 igitur
2850 4590 3001 4645 hanc
3030 4588 3276 4663 gratiam
3310 4588 3597 4645 libertatis
3620 4590 3897 4663 accipere

2234 4681 2703 4747 desiderat,utad
2722 4681 2868 4735 bene
2898 4685 2955 4735 et
2986 4679 3076 4751 pie
3105 4678 3414 4733 vivendum
3446 4678 3902 4737 veraciterliber

2236 4772 2356 4839 fiat,
2374 4770 2573 4826 nonde
2598 4769 2968 4825 suis'viribus
2991 4767 3437 4841 prmsumat,sed
3459 4766 3619 4823 illise
3636 4768 3903 4825 fideliter

2236 4860 2568 4917 sanandum
2626 4858 3243 4927 eorroborandumque
3285 4857 3633 4923 committat,
3667 4858 3742 4912 de
3776 4876 3903 4931 quo

2236 4950 2389 5004 idem
2426 4947 2735 5003 Psalmista
2764 4946 2936 5001 dicit:
2972 4946 3125 5018 Apud
3153 4947 3443 5001 Dominum
3470 4961 3689 5014 gressus
3718 4947 3906 5003 homi-

2234 5040 2325 5092 nis
2352 5037 2681 5106 dirigentur,
2714 5043 2766 5090 et
2802 5036 2950 5089 viam
3005 5036 3122 5106 ejus
3173 5034 3317 5089 volet
3346 5033 3513 5104 (Psal.
3544 5050 3739 5102 xxxw,
3773 5036 3902 5108 23).

2236 5124 2406 5181 Illum
2435 5127 2558 5179 oret
2588 5127 2760 5194 atque
2790 5120 2875 5176 illi
2906 5119 3198 5193 supplicet
3226 5118 3426 5177 dicens
3461 5136 3474 5175 :
3511 5119 3907 5179 Gressusmeos

2235 5215 2413 5285 dirige
2440 5211 2739 5267 secundum
2766 5212 3043 5281 eloquium
3074 5218 3249 5275 tuum,
3266 5218 3317 5266 et
3344 5226 3456 5266 non
3479 5210 3909 5269 domineturme

2238 5304 2414 5361 omnis
2445 5302 2724 5372 injustitiu
2744 5303 3065 5368 (Ps.cxvm,
3090 5300 3233 5368 133).
3264 5300 3329 5354 Et
3355 5299 3569 5355 iterum
3596 5316 3609 5353 :
3634 5301 3905 5369 Domine,

2239 5391 2409 5448 deduc
2435 5406 2522 5445 me
2552 5391 2612 5444 in
2641 5390 2731 5443 via
2756 5395 2870 5454 tua,
2904 5396 2954 5443 et
2984 5388 3266 5460 ingrediar
3295 5390 3353 5444 in
3393 5390 3620 5445 veritate
3647 5394 3746 5444 tua
3774 5390 3909 5458 (Ps.

2240 5502 2297 5551 v,
2319 5482 2394 5554 9).
2418 5481 2486 5536 Et
2518 5481 2721 5535 caetera
2751 5475 3138 5534 similiaJiiec
3158 5477 3585 5535 vobishreviter
3614 5478 3914 5551 rescripsi

483 5567 611 5631 Non
639 5569 798 5628 enim
826 5568 1202 5647 praedestinat
1228 5568 1403 5642 Deus,
1420 5567 1533 5627 nisi
1565 5583 1693 5645 quae
1720 5567 1844 5645 ipse
1872 5570 2135 5632 tacturus
2244 5574 2316 5635 ad
2349 5587 2416 5632 ea
2445 5586 2573 5648 qua
2591 5565 2879 5644 jussistis.
2910 5566 3075 5627 Nunc
3124 5567 3372 5627 ﬁdeliter
3398 5567 3680 5646 deprecor
3706 5571 3766 5627 et
3796 5583 3916 5631 ex-
