4068 6190
251 371 344 430 105
1168 370 1393 431 LIBER
1437 369 1847 431 ADVERSUS
1893 368 2260 429 JOANNEM
2309 370 2648 432 SCOTUM.

3490 377 3604 434 106

250 501 454 559 sordium
478 508 527 556 et
545 498 828 572 judicium
852 500 1082 558 cantabo
1110 503 1229 572 tibi,
1264 503 1494 560 Domine
1521 502 1759 573 (Psal.c,
1778 502 1851 573 1).
1882 501 1939 569 Α
1968 500 2140 559 dibus
2169 518 2636 561 commemorans
2667 504 2776 561 ait:
2811 505 3013 569 Lauda,
3047 506 3236 561 anima
3254 521 3392 575 mea,
3417 508 3603 563 Domi-

247 593 304 649 Et
327 589 579 648 eumdem
602 588 868 661 judicem
898 590 1077 663 hujus
1108 591 1854 664 prmdestinationismyste-

246 679 372 736 rium
398 678 544 751 apud
577 677 808 735 Patrem
838 678 1188 736 internaliter
1216 680 1400 738 fuisse
1418 681 1853 754 dispositum,et

244 767 517 826 manifeste
547 765 607 825 in
625 766 875 826 aliorum
888 768 1274 825 obcaecatione
1300 768 1615 826 etaliorum
1638 769 1853 825 illumi-

245 858 442 919 natione
462 856 811 914 mirabiliter
837 856 1132 930 expletum
1150 858 1208 913 in
1224 858 1532 932 Evangelio
1548 858 1850 915 declaran-

243 954 339 1007 tem
367 944 606 1004 ﬁdeliter
632 945 1098 1012 audientes,cum
1124 946 1184 1003 in
1201 947 1421 1020 Spiritu
1439 952 1641 1004 sancto
1663 946 1851 1003 exsul-

241 1042 349 1093 tans
374 1035 473 1091 ait:
495 1035 798 1107 Conﬁtebor
825 1037 947 1104 tibi,
974 1037 1156 1102 Pater,
1189 1038 1415 1093 Domine
1441 1038 1566 1093 cwli
1584 1046 1636 1093 et
1662 1045 1845 1106 terrae,

242 1127 350 1198 quia
375 1123 699 1185 abscondisti
726 1124 844 1182 lare
873 1142 908 1181 a
933 1125 1269 1197 sapientibus
1296 1135 1347 1182 et
1389 1125 1767 1199 prudentibus,
1798 1134 1851 1181 et

239 1215 459 1273 revelasti
502 1230 568 1271 ea
612 1214 881 1287 parvulis.
921 1216 1025 1286 Ita,
1063 1217 1244 1283 Pater,
1297 1217 1557 1288 quoniam
1612 1217 1693 1271 sic
1738 1216 1850 1287 fuit

235 1304 463 1377 placitam
494 1310 621 1359 ante
650 1312 700 1359 te
730 1304 934 1374 (Matth.
966 1321 1044 1371 χι,
1073 1306 1164 1371 25,
1189 1303 1465 1376 27).Quid
1497 1303 1654 1361 enim
1683 1320 1847 1377 aper-

237 1391 335 1457 tius
360 1392 414 1451 in
443 1395 757 1465 utramque
784 1396 1009 1466 partem
1031 1392 1145 1449 dici
1186 1393 1578 1466 potuit,quam
1595 1410 1730 1449 cum
1749 1409 1851 1466 per

237 1481 520 1538 adventum
551 1499 726 1538 suum
756 1486 816 1538 et
842 1482 1127 1555 superbos
1157 1481 1302 1538 dixit
1322 1486 1633 1538 excaecatos
1662 1485 1719 1537 et
1746 1481 1851 1537 hu-

233 1569 376 1635 miles
402 1569 797 1640 illuminatos;
832 1570 941 1639 hoc
970 1576 1060 1628 est
1101 1571 1257 1627 enim
1288 1588 1301 1627 :
1338 1571 1478 1640 Quia
1523 1570 1852 1627 abscondisti

233 1661 330 1719 hac
359 1678 393 1719 α
433 1661 776 1732 sapientibus
803 1667 857 1716 et
878 1660 1244 1734 prudentibus
1272 1669 1323 1717 et
1355 1661 1607 1717 revelasti
1628 1677 1692 1717 ea
1716 1677 1848 1732 par-

230 1750 437 1809 vulisEt
455 1750 605 1822 quid
620 1749 849 1819 ﬁrmius
870 1766 937 1805 ac
958 1750 1167 1807 fortius
1189 1751 1259 1807 de
1280 1750 1586 1823 utriusque
1601 1749 1677 1807 rei
1685 1751 1708 1821 j
1718 1754 1851 1806 usta

1962 609 2115 647 nam.
2148 593 2405 649 Laudabo
2435 594 2726 649 Dominum
2774 596 2835 649 in
2876 596 2991 651 vita
3032 611 3184 650 mea:
3214 594 3451 667 psallam
3500 595 3604 651 Deo

1959 697 2076 737 meo
2106 681 2353 753 quandiu
2379 685 2533 755 fuero
2566 684 2736 755 (Psal.
2782 674 2941 750 (λέων,
2978 685 3029 752 1)
3052 702 3064 752 ;
3089 688 3146 739 et
3199 687 3329 756 post
3382 699 3601 756 pauca:

1963 770 2069 838 Qui
2095 772 2325 827 custodit
2369 774 2654 829 veritatem
2702 774 2759 828 in
2819 774 3103 841 saeculum,
3155 775 3290 845 facit
3329 772 3609 843 judicium

1962 860 2234 931 injuriam
2258 862 2642 932 partientibus,
2673 861 2769 917 dat
2820 877 2999 918 escam
3053 862 3436 929 esurientibus,
3470 865 3603 929 etc.,

1961 965 2146 1021 usque
2175 949 2276 1004 ubi
2308 949 2423 1004 ait:
2454 951 2756 1021 Pupillum,
2780 959 2831 1007 et
2858 951 3081 1007 viduam
3101 952 3432 1023 suscipiet,et
3463 952 3607 1005 viam

1952 1044 2300 1110 peccatorum
2329 1038 2601 1110 disperdet
2648 1039 2841 1111 (tbid.,'
2866 1040 3009 1109 7-9).
3071 1039 3232 1096 Unde
3280 1039 3339 1093 in
3383 1042 3605 1111 Apoca-

1958 1124 2107 1200 lypsi
2141 1130 2271 1200 post
2300 1126 2443 1183 illud
2475 1127 2793 1184 extremum
2830 1128 3122 1200 judicium
3153 1132 3211 1184 et
3262 1144 3605 1185 remunera-

1956 1216 2134 1272 tionis
2156 1216 2925 1289 justorumetdamnationis
2953 1216 3455 1290 iniquorum,talis
3476 1217 3603 1273 laus

1958 1309 2016 1361 et
2044 1304 2366 1378 gratiarum
2399 1306 2547 1363 actio
2568 1306 2639 1361 de
2655 1311 2901 1378 utraque
2930 1323 2990 1362 re
3006 1323 3040 1362 a
3068 1307 3287 1363 sanctis
3308 1306 3423 1361 Deo
3439 1306 3604 1362 oti'er-

1958 1398 2074 1461 tur,
2107 1394 2333 1453 dicente
2364 1396 2567 1451 eodem
2600 1394 2745 1451 libro
2770 1397 2854 1451 :Et
2884 1397 3087 1465 viginti
3115 1404 3347 1467 quatuor
3363 1398 3602 1452 seniores

1958 1485 2057 1555 qui
2085 1485 2145 1539 in
2175 1492 2459 1556 conspectu
2488 1486 2583 1540 Dei
2609 1484 2793 1540 sedent
2822 1486 2882 1539 in
2911 1485 3127 1541 sedibus
3155 1485 3604 1551 suis,ceciderunt

1962 1574 2017 1627 in
2038 1575 2209 1645 [acies
2236 1590 2385 1641 suas,
2435 1581 2487 1629 ct
2531 1574 2901 1629 adoravcrunt
2952 1576 3121 1631 Deum
3170 1574 3404 1630 dicentes
3423 1593 3442 1629 .·
3468 1574 3600 1630 Gra—

1957 1664 2064 1719 tias
2095 1664 2312 1731 agimus
2342 1663 2467 1731 tibi,
2496 1665 2738 1730 Domine,
2772 1664 2908 1719 Deus
2937 1665 3292 1735 omnipotens,
3326 1666 3520 1736 quies,
3553 1671 3603 1720 et

1959 1752 2056 1825 qui
2077 1769 2219 1821 eras,
2253 1760 2304 1809 et
2341 1754 2439 1824 qui
2487 1751 2610 1825 [al.,
2643 1754 2796 1824 quia]
2853 1754 3109 1825 accepisti
3152 1754 3409 1809 virtutem
3453 1761 3604 1809 tuam

228 1844 276 1895 et
296 1838 560 1901 clementi
580 1839 1293 1914 prcedestiuatione,quam
1318 1839 1472 1912 quod
1496 1838 1696 1895 statim
1718 1855 1850 1895 cou—
1881 1875 1928 1941 Β
1956 1858 2233 1914 magnam,
2265 1849 2318 1898 et
2347 1844 2611 1911 regnasti.
2643 1844 2707 1897 Et
2738 1843 2900 1899 irata:
2926 1850 3055 1898 sunt
3082 1850 3282 1914 gentes,
3314 1850 3365 1898 et
3388 1842 3605 1898 advenit

226 1928 497 2002 gratulans
533 1927 839 1999 subjunxit
866 1927 1067 1984 dicens
1098 1944 1112 1984 :
1147 1929 1249 2001 Ita,
1271 1933 1454 1996 Pater,
1480 1930 1740 2001 quoniam
1766 1930 1848 1983 sic

226 2018 318 2087 fuit
338 2018 602 2090 placitum
629 2025 754 2074 ante
781 2024 849 2074 te.
884 2017 950 2074 Et
979 2018 1120 2090 quia
1149 2018 1317 2074 Pater
1345 2033 1517 2074 omne
1551 2015 1846 2089 judicium

228 2105 364 2163 dedit
388 2105 526 2167 Filio
562 2123 577 2163 :
614 2111 671 2162 et
700 2107 824 2180 ipse
854 2123 988 2163 cum
1020 2108 1185 2163 Patre
1232 2106 1294 2163 in
1340 2112 1555 2163 aeterno
1604 2105 1846 2163 consilio

229 2194 505 2268 utriusque
534 2195 664 2251 Ι]ωο
695 2196 893 2252 omnia
936 2196 1141 2252 statuit
1169 2200 1225 2251 et
1267 2196 1593 2269 praelinivit,
1627 2213 1754 2268 quae
1786 2195 1845 2251 in

228 2285 418 2348 mundo
446 2284 578 2344 suis
589 2285 953 2357 temporibus
966 2285 1846 2358 discernitetjudicat,continuo

225 2373 284 2429 de
308 2390 364 2430 se
391 2373 892 2447 adjungit:0mnia
918 2376 1060 2431 mihi
1087 2375 1292 2431 tradita
1320 2382 1448 2431 sunt
1475 2393 1508 2430 (ι
1537 2380 1702 2431 Patre
1731 2392 1846 2432 meo

225 2463 380 2533 (Ibid,
420 2463 532 2535 27).
590 2462 805 2519 Omnia
850 2462 1072 2521 scilicet
1117 2468 1176 2520 et
1225 2463 1527 2520 liberanda
1574 2469 1632 2520 et
1680 2464 1843 2520 dam-

223 2552 409 2619 nanda,
422 2552 667 2624 etgjuste
694 2553 1036 2609 excmcanda
1063 2556 1123 2608 et
1150 2552 1603 2609 misericorditer
1632 2552 1847 2609 illumi-

225 2641 410 2709 nanda,
458 2622 623 2698 sicut
669 2639 807 2697 alibi
857 2640 983 2713 ipse
1030 2640 1217 2697 dicit:
1274 2643 1333 2697 In
1353 2642 1631 2714 judicium
1657 2658 1753 2712 ego
1785 2644 1845 2697 in

218 2728 342 2793 hunc
366 2730 638 2789 mundum
672 2732 816 2797 veni,
847 2737 909 2785 ut
932 2732 1031 2803 qui
1058 2729 1379 2786 non'vident
1400 2731 1636 2798 videant,
1669 2740 1720 2787 et
1750 2733 1847 2804 qui

218 2819 379 2881 vident
401 2821 535 2878 caeci
562 2820 711 2891 ﬁant
741 2820 918 2890 (Joan.
951 2819 1270 2892 13,39).Hoc
1295 2820 1527 2892 justum
1550 2821 1843 2892 judicium

218 2908 321 2977 Dei,
351 2908 502 2967 sicut
528 2907 666 2982 ipse
695 2907 982 2965 Dominus
1012 2913 1070 2964 et
1098 2908 1360 2965 Salvator
1384 2908 1603 2976 laudat,
1622 2914 1679 2965 et
1709 2926 1844 2966 cum

218 2997 512 3069 gratiarum
544 2996 781 3053 actione
799 2998 868 3052 ad
889 2997 1076 3053 Patris
1091 2997 1336 3070 gloriam
1360 2998 1639 3066 refert,ita
1651 2999 1844 3055 omnis

214 3085 491 3160 Scriptura
517 3084 809 3155 divina,et
827 3085 1020 3143 omnis
1050 3091 1255 3142 sancta
1278 3085 1532 3142 Ecclesia
1560 3086 1847 3142 catholica

214 3173 264 3231 in
291 3174 620 3248 psalmis,et
648 3174 975 3248 hymnis,et
1001 3175 1242 3231 canticis
1274 3174 1842 3249 spiritualibus,quae

1958 1932 2046 1986 ira
2076 1938 2194 1999 tua,
2224 1937 2278 1986 et
2303 1939 2510 2002 tempus
2540 1938 2880 1987 mortuorum
2896 1930 3147 2002 judiairi
3168 1947 3180 1985 :
3213 1930 3433 1988 reddere
3460 1947 3603 1986 mer-

1955 2019 2136 2075 cedem
2161 2021 2330 2077 servis
2378 2021 2485 2076 tuis
2529 2020 2805 2092 prophetis
2851 2029 2903 2076 et
2945 2022 3167 2091 sanctis,
3199 2028 3249 2076 et
3291 2021 3606 2077 timentibus

1956 2125 2153 2165 nomen
2184 2117 2335 2165 tuum
2362 2110 2606 2181 pusillis,
2639 2118 2689 2165 et
2726 2112 2963 2179 magnis,
2995 2118 3046 2165 et
3092 2109 3498 2166 exterminandi
3516 2126 3604 2165 eos

1955 2200 2055 2270 qui
2080 2207 2443 2271 corruperunt
2488 2207 2691 2255 terram
2747 2200 2925 2271 (Apoc.
2948 2216 3025 2268 x1,
3080 2200 3287 2271 l6-t8).
3323 2199 3388 2253 Et
3418 2197 3605 2254 multa

1956 2288 2321 2360 hujusmodi,
2355 2305 2481 2360 qua:
2511 2287 2570 2343 in
2604 2287 2921 2359 Scripturis
2955 2287 3175 2344 sanctis
3205 2286 3605 2360 multipliciter

1956 2376 2353 2444 inveniuntur,
2388 2381 2455 2432 ut
2480 2375 2624 2431 nihil
2649 2376 2857 2433 melius
2889 2377 2965 2431 sit
2994 2375 3218 2433 homini
3250 2376 3602 2449 ﬁdeliquam

1947 2467 2179 2538 justum
2213 2466 2311 2522 Dei
2337 2464 2632 2537 judicium
2656 2465 2713 2521 in
2749 2470 2993 2538 utraque
3025 2470 3188 2539 parte
3210 2482 3523 2539 agnoscere
3545 2470 3603 2522 et

1953 2553 2194 2611 laudare
2242 2554 2491 2611 ﬁdeliter
2547 2554 2824 2611 dicendo:
2874 2557 3057 2612 Justus
3113 2571 3187 2623 es,
3261 2555 3504 2622 Domine,
3553 2561 3606 2611 et

1954 2650 2163 2700 rectum
2181 2643 2461 2716 judicium
2490 2652 2643 2700 tuum
2674 2645 2841 2714 (Psal.
2877 2662 3068 2712 cxvm,
3104 2644 3244 2716 137).

2027 2733 2141 2788 Hoc
2157 2733 2331 2789 etiam
2357 2733 2543 2789 sancti
2571 2734 2766 2789 Patres
2798 2737 2855 2788 et
2876 2734 3140 2789 doctores
3161 2732 3425 2788 Ecclesia:
3447 2732 3603 2789 solli-

1954 2823 2065 2878 cite
2096 2823 2415 2879 admonent
2463 2838 2591 2878 esse
2638 2822 2990 2889 faciendum,
3021 2822 3173 2878 sicut
3215 2823 3419 2878 beatus
3451 2839 3602 2895 papa

1957 2911 2067 2968 Leo
2097 2910 2155 2965 in
2187 2911 2442 2983 quodam
2469 2910 2592 2967 loco
2625 2911 2964 2966 exhortatur
3019 2911 3254 2966 dicens:
3291 2910 3470 2980 [Nihil
3504 2926 3602 2965 no-

1956 3000 2047 3056 bis
2077 3000 2248 3056 debet
2278 3000 2348 3055 de
2378 3000 2477 3055 Dei
2502 2998 2746 3069 judiciis
2776 2998 3103 3070 displicere.
3155 2998 3299 3053 Nam
3349 3014 3464 3052 non
3496 3013 3601 3069 per

1956 3087 2154 3147 omnia
2205 3087 2287 3142 illi
2337 3087 2555 3160 gratias
2613 3102 2803 3159 agere,
2852 3086 2993 3157 quid
3052 3089 3142 3142 est
3199 3085 3361 3140 aliud
3420 3102 3599 3157 quam

1955 3194 2025 3238 ex
2052 3177 2307 3249 quadam
2357 3194 2490 3233 eum
2538 3179 2701 3249 parte
2760 3174 3181 3248 reprehendere
3199 3175 3244 3241 7]
3276 3175 3343 3229 Et
3394 3175 3598 3231 beatus

213 3247 313 3322 Deo
338 3266 541 3323 otl'erre
576 3247 1194 3336 consuevit,tanquam
1217 3247 1533 3335 justum,et
1549 3247 1838 3334 sanctum,
1873 3247 1916 3312 Ο
1954 3247 2342 3339 Augustinus,
2404 3247 2557 3320 cum‘
2592 3268 2865 3320 tractaret
2921 3264 2991 3318 de
3047 3264 3237 3319 verbis
3284 3262 3494 3335 psalmi
3525 3264 3599 3319 ad

215 3358 259 3409 et
283 3354 434 3426 pium
464 3353 729 3412 ﬁdeliter
755 3353 1048 3410 laudando
1072 3358 1129 3409 et
1159 3353 1377 3427 gratias
1407 3354 1631 3427 agendo
1647 3371 1847 3411 conce-

215 3440 397 3511 lebrat,
429 3444 689 3501 dicendo
718 3460 854 3500 cum
885 3442 1196 3499 Psalmista
1226 3460 1239 3498 :
1270 3445 1459 3499 Justus
1495 3445 1754 3500 Dominus
1786 3446 1853 3518 in_

214 3536 441 3591 omnibus
490 3536 629 3601 viis,
659 3540 712 3590 et
754 3541 976 3591 sanctus
1021 3534 1082 3588 in
1130 3533 1382 3589 omnibus
1432 3535 1686 3605 operibus
1730 3535 1846 3589 suis

215 3621 306 3693 (Ps.
335 3640 480 3693 ων,
517 3624 612 3696 17)
638 3641 652 3692 ;
682 3627 741 3679 et
774 3621 921 3680 illud
960 3623 1117 3694 quod
1162 3621 1466 3696 legislator
1509 3621 1569 3678 in
1619 3623 1843 3679 cantico

213 3709 635 3769 Denteronomii
662 3712 746 3768 ait
778 3728 791 3767 :
828 3715 968 3768 Date
993 3711 1442 3785 magnitudinem
1488 3714 1594 3768 Deo
1637 3720 1841 3769 nostro.

214 3798 348 3870 Deus,
376 3818 504 3859 vera
551 3816 727 3875 opera
774 3800 910 3872 ejus,
941 3807 994 3856 et
1041 3816 1226 3857 omnes
1270 3802 1381 3857 vim
1421 3802 1541 3872 ejus
1579 3801 1844 3873 judicia:

213 3888 329 3946 Deus
354 3891 548 3961 ﬁdelis,
586 3891 658 3947 in
685 3905 790 3963 quo
813 3906 926 3946 non
952 3898 1032 3946 est
1064 3891 1331 3962 iniquitas
1353 3909 1373 3957 ;
1390 3891 1576 3961 justus
1622 3897 1674 3946 et
1717 3907 1846 3946 san-

211 3985 307 4045 ctus
330 3981 590 4037 Dominus
625 3980 796 4049 (Deut.
832 3996 893 4048 ιι,
914 3980 970 4046 3,
995 3976 1069 4051 4).
1094 3977 1237 4034 Item
1264 3978 1323 4034 in
1356 3978 1601 4050 psalmo,
1627 3995 1761 4035 cum
1791 3984 1848 4036 et

212 4067 270 4123 de
291 4068 481 4127 electis
509 4067 928 4138 liberandis,et
940 4068 1012 4123 de
1028 4067 1292 4140 reprobis
1311 4068 1662 4125 damnandis
1678 4085 1847 4141 gene-

216 4156 385 4215 raliter
410 4160 646 4217 dictum
679 4161 839 4215 esset
871 4174 884 4214 :
924 4163 1097 4231 Prope
1124 4164 1206 4214 est
1248 4158 1552 4214 Domnibus
1597 4160 1849 4215 omnibus

214 4245 565 4306 invocantibus
597 4265 731 4306 eum
770 4249 833 4303 in
876 4248 1124 4303 veritate.
1161 4246 1497 4303 Voluntatem
1536 4249 1848 4305 timentium

212 4350 259 4389 se
278 4338 449 4408 faciet,
481 4346 538 4395 et
568 4338 1012 4411 deprecationem
1039 4352 1228 4393 eorum
1275 4337 1555 4406 exaudiet,
1584 4344 1636 4393 et
1672 4338 1848 4393 salvos

211 4423 354 4492 faciet
394 4444 483 4484 eos
514 4447 536 4484 :
571 4425 823 4483 Custodit
863 4426 1129 4483 Dominus
1156 4442 1339 4482 omnes
1375 4425 1663 4496 diligentes
1689 4443 1765 4496 se,
1798 4432 1851 4485 et

213 4528 369 4571 me:
432 4522 754 4589 peccatores
828 4513 1102 4587 disperdet
1152 4516 1330 4584 (Psal.
1389 4530 1573 4583 CXLIV,
1635 4518 1843 4589 18-20).

1954 3354 2236 3428 populum
2278 3354 2376 3410 ubi
2436 3354 2721 3426 scriptum
2779 3357 2904 3409 est:
2938 3354 3088 3408 Sicut
3143 3352 3339 3424 defecit
3391 3355 3597 3424 lamus,

1952 3441 2173 3516 deﬁciat
2195 3465 2215 3511 ;
2244 3444 2388 3499 sicut
2412 3444 2537 3513 ﬂuit
2562 3459 2689 3498 cera
2717 3460 2752 3497 α
2776 3444 2921 3513 facie
2951 3443 3208 3513 ignis,sic
3231 3450 3456 3513 pereant
3474 3458 3599 3513 pec-

1953 3541 2214 3591 catoresa
2239 3534 2382 3604 facie
2410 3534 2508 3588 Dei
2537 3531 2711 3605 (Psal.
2746 3548 2914 3602 LXVII,
2946 3531 3038 3599 3):
3073 3529 3226 3602 quis,
3257 3531 3465 3602 inquit,
3481 3531 3599 3603 glo-

1956 3621 2201 3677 riabitur
2231 3624 2459 3677 castum
2489 3637 2551 3676 se
2577 3619 2791 3675 habere
2820 3636 2938 3687 cor,
2955 3623 3057 3674 aut
3085 3619 3218 3690 quis
3250 3619 3602 3691 gloriabitur

1955 3712 2246 3766 mundum
2277 3726 2339 3766 se
2368 3726 2498 3766 esse
2528 3726 2562 3765 a
2590 3707 2839 3781 peccatis
2859 3708 2888 3763 ‘2
2914 3709 2993 3763 Ac
3016 3724 3118 3780 per
3148 3707 3259 3763 hoc
3289 3725 3426 3764 cum
3448 3709 3601 3764 Scri-

1955 3804 2128 3873 ptura
2156 3799 2335 3855 dicit:
2367 3801 2531 3856 Sicut
2557 3802 2682 3870 ﬂuit
2710 3814 2833 3854 cera
2862 3815 2896 3853 a
2914 3799 3057 3869 facie
3078 3799 3241 3869 ignis,
3274 3801 3354 3854 sic
3379 3806 3607 3869 pereant

1951 3898 2254 3962 peccatores
2283 3907 2317 3945 a
2344 3891 2487 3961 facie
2516 3890 2632 3956 Dei,
2666 3886 2799 3959 quis
2845 3903 2961 3943 non
3013 3887 3442 3955 contremiscat,
3472 3887 3606 3960 quis

1957 3993 2071 4033 non
2099 3978 2471 4051 pavibundus
2519 3976 2795 4034 exsiliat?
2820 3975 2966 4041 Quid
3016 3993 3154 4049 ergo
3213 3978 3517 4045 faciemus,
3551 3981 3608 4032 et

1956 4085 2084 4141 qua:
2117 4084 2250 4141 spes
2269 4067 2439 4123 nobis
2457 4071 2545 4123 est
2564 4067 2783 4139 ?neque
2809 4065 2966 4121 enim
2992 4065 3355 4132 haecfrustra
3371 4072 3609 4123 cantan-

1956 4161 2071 4213 tur.
2104 4159 2219 4212 Aut
2247 4173 2381 4213 vero
2411 4172 2547 4212 cum
2569 4156 2689 4211 haec
2721 4156 2863 4211 dicit
2894 4155 3197 4229 Propheta,
3223 4159 3383 4229 optat
3412 4173 3480 4212 ea
3510 4156 3608 4210 ho-

1958 4245 2311 4313 minibus,ac
2338 4263 2453 4301 non
2484 4246 2677 4318 potius
2709 4249 2953 4301 ventura
2983 4244 3256 4317 praevidet
3281 4244 3293 4299 l
3319 4245 3381 4299 In
3412 4244 3603 4299 verbis

1958 4334 2196 4408 quidem
2220 4336 2407 4408 figura
2426 4334 2683 4407 optantis
2705 4333 3071 4407 apparet,sed
3096 4332 3445 4405 intelligitur
3466 4349 3607 4405 pra:-

1958 4422 2203 4481 scientia
2234 4423 2754 4480 nuntiantis.Sicut
2773 4422 2931 4478 enim
2962 4421 3228 4492 quaedam
3258 4420 3317 4475 in
3348 4420 3605 4492 Scriptu-

1958 4532 2024 4571 ra
2053 4513 2471 4587 prOphetarum
2502 4518 2782 4584 tanquam
2814 4512 2874 4566 in
2905 4510 3263 4584 praeteritum
3295 4509 3447 4566 facta
3478 4527 3606 4566 nar-

215 4598 505 4678 Utriusqne
534 4604 732 4678 partis
754 4604 988 4676 justum
1010 4602 1305 4675 judicium
1337 4604 1575 4677 copiosa
1596 4609 1652 4662 et
1679 4622 1849 4678 geue-
1878 4619 1927 4684 D
1960 4609 2309 4661 ranturcum
2324 4604 2522 4659 futura
2533 4600 3030 4675 praedicantur,ita
3045 4600 3311 4672 quaedam
3324 4602 3605 4673 tanquam

213 4689 302 4745 rsli
327 4692 672 4751 laudatione
703 4693 1168 4762 commendatur,
1203 4709 1338 4749 cum
1370 4693 1566 4751 statim
1598 4695 1843 4767 subjun-

211 4778 344 4851 gitnr
373 4800 387 4839 :
415 4784 825 4853 Laudationem
875 4784 1107 4839 Domini
1154 4783 1402 4856 loquetur
1450 4800 1507 4840 os
1552 4800 1753 4852 meum,
1797 4793 1848 4842 et

212 4867 459 4929 Maedica
487 4874 680 4930 omnis
708 4888 833 4929 caro
862 4873 1078 4929 nomini
1109 4881 1293 4929 sancto
1321 4874 1439 4945 ejus
1470 4876 1529 4929 in
1556 4875 1843 4943 siccatum,

206 4964 250 5012 et
289 4962 341 5015 in
384 4962 664 5020 arcanam
706 4960 905 5019 saeculi
952 4960 1138 5031 (Ibid,
1179 4961 1293 5031 21).
1345 4960 1439 5017 Sic
1498 4964 1556 5018 et
1613 4962 1673 5016 in
1731 4962 1844 5018 alio

208 5048 432 5120 psalmo,
479 5067 629 5107 cum
679 5049 1060 5123 prmmisisset
1106 5049 1207 5106 Dei
1258 5049 1678 5122 laudationem,
1712 5069 1845 5107 mox

211 5138 493 5214 utramque
524 5142 766 5215 partem
790 5139 1022 5210 justum
1040 5139 1140 5197 Dei
1166 5139 1457 5212 judicium
1489 5140 1548 5196 in
1579 5142 1706 5214 ejus
1724 5141 1845 5198 lau-

1953 4698 2085 4751 voto
2116 4693 2388 4749 dicantur
2441 4689 2740 4763 optantis:
2775 4690 2875 4745 scd
2920 4688 3022 4761 qui
3070 4693 3221 4745 recte
3269 4688 3606 4762 intelligunt

1954 4783 2108 4857 quod
2142 4781 2408 4848 audiunt,
2440 4778 2720 4835 visionem
2755 4777 3203 4850 praenuntiantis
3251 4782 3598 4851 agnoscunt.

1956 4875 2027 4945 (a)
2057 4872 2221 4929 Sicut
2245 4887 2382 4942 ergo
2414 4869 2473 4924 in
2503 4866 2693 4924 verbis
2724 4867 2977 4940 prmterit
2997 4868 3278 4941 temporis
3306 4869 3502 4924 futura
3524 4868 3605 4924 fa-

1955 4967 2047 5020 cta
2077 4960 2502 5034 signiﬁcantur,
2539 4957 2621 5013 sic
2673 4957 2732 5013 in
2792 4958 2979 5030 ﬁgura
3036 4957 3291 5030 optantis
3337 4975 3608 5031 praenun-

1952 5050 2155 5108 tiantis
2188 5065 2354 5103 mens
2384 5046 2766 5119 intelligenda
2788 5052 2877 5102 est
2908 5048 3003 5102 Sic
3033 5052 3089 5103 et
3109 5049 3180 5104 de
3204 5048 3356 5104 Juda
3376 5046 3608 5103 Domini

1953 5140 2539 5209 traditore,tanquavn
2574 5137 2817 5210 (b)optat
2843 5137 2891 5190 ei
2915 5136 3204 5209 Propheta
3233 5138 3386 5210 quod
3408 5140 3607 5193 ventu-

1184 5273 1398 5331 NOT/E
1437 5274 1777 5334 DUVALLII
1816 5275 2171 5336 DOCTORIS
2212 5271 2612 5329 SORBONICI.

266 5388 554 5463 (a))dulta
587 5389 694 5463 hic
721 5390 1117 5462 deerant,quae
1148 5389 1634 5463 repositasuntex
1655 5394 1850 5453 codice
1880 5437 1891 5443 η

215 5458 323 5513 ωε(
337 5458 704 5519 Corbeiensi.

1960 5392 2357 5468 praedicuntur
2383 5392 2441 5444 et
2461 5386 2888 5469 annuntiantur
2906 5391 3189 5469 tanquam
3202 5390 3396 5469 optata
3416 5403 3611 5469 recent

1961 5459 2201 5522 scatur:
2236 5478 2351 5541 non
2385 5460 2540 5541 quod
2590 5459 2783 5530 reipsa
2833 5459 3117 5541 cuiquam
3148 5463 3479 5541 ‘peccatum
3512 5462 3614 5517 aut

269 5528 336 5609 (ὁ)
366 5532 452 5609 Ad
483 5532 913 5609 certitudinem
945 5532 1263 5609 prOphetiae
1280 5533 1545 5609 futurum
1567 5538 1852 5609 tanquam
1962 5542 2238 5609 mternam
2267 5528 2716 5609 dam-nationem
2751 5528 3095 5609 optaverint,
3148 5528 3255 5609 hoc
3286 5531 3445 5609 enim
3477 5548 3615 5609 cum

214 5601 555 5670 praeteritum
592 5607 892 5671 narratur,
925 5601 983 5660 et
1011 5601 1084 5660 ad
1113 5603 1431 5663 tollendam
1482 5606 1623 5664 mali
1670 5601 1854 5666 animi
1964 5607 2247 5668 charitate
2278 5620 2397 5677 qua
2437 5602 2550 5677 ipsi
2645 5601 2900 5659 ollebant
2957 5604 3202 5674 pugnat,
3236 5603 3338 5658 sed
3382 5606 3618 5659 tantum

214 5674 603 5734 suspicionem
641 5673 706 5729 in
735 5674 877 5734 ipsis
909 5674 1226 5734 prophetis.
1261 5693 1387 5734 quae
1420 5677 1619 5734 futura
1664 5667 1737 5734 ab
1782 5679 1856 5734 iis
1964 5680 2123 5734 auod
2148 5677 2291 5734 illud
2322 5676 2494 5734 longe
2522 5620 2658 5734 safe
2706 5673 3302 5734 praemonstraverint.
3338 5672 3427 5731 vel
3461 5674 3618 5734 quod

214 5667 603 5752 iuspicionem
641 5673 706 5729 in
735 5667 887 5747 ipsis
907 5674 1226 5749 prophetis,
1261 5693 1387 5754 quae
1420 5677 1619 5739 futura
1664 5667 1737 5743 ab
1782 5679 1856 5743 iis
1964 5667 2123 5761 quod
2148 5667 2494 5750 illud'longe
2522 5692 2597 5736 an

516 5802 798 5869 Parion.
841 5800 1049 5869 CXIX.

2628 5691 2658 5733 e
2704 5672 3302 5750 presnlonstr'averint,
3338 5672 3427 5731 vel
3461 5674 3620 5748 quod

3259 5803 3300 5886 4
