4126 6200
258 411 375 471 109

1228 412 1463 473 LIBER
1506 411 1922 475 ADVERSUS
1964 410 2340 474 JOANNEM
2382 410 2721 474 SCOTUM.

3554 404 3682 478 'iio

254 544 547 618 sapientia
592 549 650 601 et
678 543 913 613 veritas,
943 545 1025 602 ita
1052 546 1174 603 sint
1220 546 1280 600 in
1330 549 1467 613 Deo,
1527 551 1588 601 ut
1647 544 1913 601 absolute
1940 542 1999 612 Α
2028 548 2085 600 et
2117 545 2327 600 usitate
2359 544 2587 600 dicatur
2614 560 2740 600 esse
2774 545 3196 615 praescientiam
3221 550 3278 600 ct
3307 549 3680 619 praedestina-

252 634 569 690 ostendant
600 638 875 691 naturam
906 634 1041 703 Dei,
1076 634 1178 707 qui
1207 641 1297 691 est
1339 651 1578 690 summa
1624 633 1916 702 voluntas,

250 739 489 779 summa
504 723 794 796 sapientia
814 727 874 780 et
887 724 1121 791 veritas,
1139 740 1375 779 omnem
1408 722 1633 779 habens
1663 726 1918 795 potesta-

251 814 389 878 tem,
409 828 648 868 omnem
666 827 1027 884 exsuperans
1050 811 1432 877 intellectum,
1448 816 1507 867 et
1523 828 1700 884 super
1720 811 1918 867 omnia

252 899 761 957 incommutabilis
777 916 1045 969 manens,
1066 900 1377 957 manifesta
1389 905 1478 956 est
1499 900 1600 955 Dei
1619 899 1838 973 regula,
1854 905 1920 956 ut

250 987 724 1045 substantialiter
751 989 824 1045 de
847 990 965 1045 Deo
985 988 1097 1045 dici
1117 988 1545 1063 intelligantur.
1570 993 1648 1046 De
1672 989 1919 1046 scientia

250 1094 486 1150 quoque
530 1077 915 1135 manifestum
959 1082 1049 1134 est
1098 1079 1238 1150 quia
1268 1079 1328 1134 in
1360 1079 1477 1134 Deo
1528 1077 1918 1135 essentialiter

251 1167 423 1223 debet
453 1166 739 1239 intelligi,
771 1165 912 1239 quia
940 1184 1056 1223 non
1087 1172 1179 1223 est
1207 1166 1290 1222 illi
1323 1166 1483 1223 aliud
1516 1184 1644 1224 esse
1671 1172 1729 1223 et
1756 1166 1915 1223 aliud

251 1255 434 1324 scire;
459 1255 565 1312 sed
597 1256 754 1329 quod
786 1255 872 1311 illi
899 1260 987 1312 est
1015 1273 1177 1325 esse,
1210 1255 1317 1312 hoc
1350 1255 1654 1312 scireznec
1682 1255 1841 1312 aliud
1860 1257 1913 1313 ei

252 1344 464 1400 habere
490 1344 832 1413 scientiam,
859 1344 972 1402 nisi
1004 1344 1203 1418 ipsum
1232 1361 1361 1401 esse
1392 1344 1696 1402 scientiam
1723 1362 1736 1400 :
1761 1345 1916 1401 sicut

248 1432 512 1507 idipsum
543 1434 703 1489 estei
736 1433 1099 1507 sapientiaam
1131 1435 1367 1503 habere,
1386 1434 1540 1507 quod
1563 1434 1912 1507 sapientiam

249 1539 396 1578 esse.
432 1521 645 1578 Utrum
665 1539 801 1579 vero
830 1522 985 1579 sicut
1012 1523 1229 1579 dicitur
1262 1528 1414 1579 Deus
1446 1522 1916 1579 substantialiter

247 1612 518 1679 scientia,
552 1611 637 1667 ita
677 1612 857 1668 etiam
897 1612 1367 1669 substantialiter
1404 1612 1517 1668 dici
1554 1612 1738 1684 possit
1768 1630 1913 1684 prae-

246 1699 753 1771 scientia,judicet
774 1702 1098 1757 secundum
1114 1701 1396 1759 rationem
1412 1705 1470 1757 ct
1491 1700 1755 1773 regulam
1779 1700 1913 1756 ﬁdei

246 1787 343 1860 qui
366 1791 594 1860 potest;
620 1788 791 1845 nobis
803 1792 1001 1845 tamen
1033 1789 1264 1845 videtur
1286 1790 1441 1861 quod
1461 1788 1614 1845 sicut
1634 1789 1914 1845 veraciter

240 1876 465 1932 dicitur
493 1877 567 1933 de
589 1876 707 1933 Deo
730 1876 889 1933 :Non
908 1881 998 1933 est
1014 1877 1171 1933 aliud
1199 1877 1282 1933 illi
1312 1893 1441 1934 esse
1471 1882 1528 1934 et
1556 1877 1714 1933 aliud
1742 1877 1908 1947 scire,

245 1982 359 2021 non
395 1965 482 2021 ita
512 1965 911 2038 possitdicide
940 1965 1040 2022 illo
1071 1966 1185 2021 nisi
1208 1966 1293 2022 vel
1312 1965 1696 2035 mendaciter,
1718 1966 1803 2022 vel
1826 1967 1911 2022 ni-

248 2054 363 2109 mis
395 2054 790 2111 usitate:Non
814 2059 904 2111 est
932 2054 1089 2111 aliud
1124 2054 1354 2111 illiesse
1370 2054 1597 2111 etaliud
1623 2055 1910 2127 przescire.

242 2144 408 2209 Quod
438 2142 601 2199 enim
633 2147 784 2199 recte
811 2148 868 2199 et
901 2144 1112 2200 usitate
1142 2143 1330 2217 possit
1358 2143 1504 2200 dici:
1542 2144 1694 2201 Deus
1726 2145 1911 2201 scien-

242 2232 324 2288 tia
344 2237 461 2301 est,
486 2231 643 2288 sicut
664 2236 819 2289 recte
839 2236 897 2288 et
925 2233 1135 2289 usitate
1152 2232 1402 2289 dicitur:
1442 2234 1591 2289 Deus
1625 2233 1915 2305 sapientia

240 2326 348 2389 est,
374 2320 530 2377 nulli
561 2325 653 2377 est
671 2321 940 2377 dubium.
974 2321 1048 2377 Ut
1074 2325 1270 2377 autem
1293 2322 1552 2378 dicatur:
1578 2327 1733 2378 Deus
1763 2339 1911 2394 prae-

242 2410 497 2468 scientia
527 2415 640 2477 est,
669 2410 965 2483 sicutjam
991 2411 1268 2477 diximus,
1289 2416 1390 2467 aut
1414 2427 1531 2466 non
1564 2415 1653 2468 est
1685 2428 1910 2478 verum,

244 2505 347 2556 aut
380 2498 573 2557 nimis
601 2499 971 2556 inusitatum.

306 2588 547 2649 Similis
564 2588 712 2646 ratio
743 2597 827 2646 est
857 2588 946 2644 vel
967 2587 1143 2645 etiam
1169 2588 1373 2645 durior
1396 2589 1467 2645 de
1495 2605 1562 2645 eo
1590 2590 1744 2662 quod
1769 2590 1909 2646 deli-

239 2677 411 2745 nivit,
443 2679 582 2751 quia
599 2680 741 2736 Deus
767 2679 1210 2734 substantialiter
1222 2677 1634 2750 prledestinatio
1652 2686 1749 2735 est.
1770 2679 1911 2745 Quis

237 2767 404 2823 enim
441 2783 713 2839 unquam
736 2767 809 2825 de
839 2766 955 2823 Deo
986 2765 1102 2823 dici
1134 2767 1355 2823 audivit
1383 2768 1538 2839 quod
1570 2785 1685 2823 non
1717 2767 1792 2824 sit
1824 2767 1907 2823 illi

237 2854 400 2913 aliud
430 2861 664 2924 esse,et
692 2855 853 2914 aliud
886 2856 1331 2929 praedestinare;
1366 2856 1467 2912 sed
1499 2857 1656 2928 quod
1690 2856 1905 2929 praede-

235 2944 490 3011 stinare,
526 2944 637 3001 hoc
667 2962 825 3011 esse,
853 2944 1005 3002 sicut
1031 2961 1161 3001 vere
1192 2944 1263 3001 de
1289 2960 1354 3000 eo
1387 2944 1638 3001 dicitur:
1668 2945 1793 3000 Non
1818 2949 1909 3001 est

237 3033 316 3089 illi
333 3032 511 3090 aliud
534 3050 665 3090 esse
695 3038 752 3090 et
782 3033 941 3091 aliud
973 3050 1090 3092 non
1119 3049 1281 3102 esse;
1315 3034 1415 3089 sed
1440 3034 1594 3106 quod
1617 3050 1774 3100 esse,
1796 3034 1905 3090 hoc

231 3140 439 3180 nosse.
480 3122 556 3178 Ut
584 3121 759 3179 etiam
787 3123 900 3179 hoc
929 3122 1266 3180 istiusmodi
1303 3138 1509 3178 vocum
1553 3120 1906 3179 novitatibus

230 3210 435 3268 dicere
475 3210 923 3284 compellamur,
955 3210 1095 3283 quia
1118 3209 1291 3267 sicut
1324 3212 1473 3267 Deus
1523 3211 1769 3267 scientia
1793 3216 1900 3280 est,

2029 633 2248 688 tionem
2281 633 2404 704 Dei,
2437 633 2590 688 sicut
2619 632 2882 688 omnium
2911 634 3226 691 conditoris
3259 638 3314 690 et
3337 637 3577 707 judicis,
3612 640 3682 695 ad

2029 737 2205 793 opera
2235 738 2345 777 sua
2380 738 2392 775 :
2430 725 2583 777 recte
2615 721 2790 777 etiam
2823 724 2879 776 et
2910 722 3123 778 usitate
3144 723 3374 779 dicatur
3395 742 3523 782 esse
3544 744 3685 799 pra:-

2028 809 2333 866 scientiam
2384 814 2443 866 et
2488 809 3057 882 prmdestinationem
3106 812 3165 867 in
3214 813 3350 881 Deo,
3395 814 3452 869 id
3501 819 3592 871 est
3624 817 3683 871 in

2026 902 2263 968 aeterna,
2296 900 2554 971 perfecta
2599 903 2657 954 et
2712 899 3179 955 incommutabili
3226 901 3469 958 scientia
3518 905 3679 975 ejus;

2026 1003 2144 1043 non
2175 992 2369 1042 autem
2400 987 2697 1053 inusitate,
2731 987 2817 1042 vel
2868 1005 2983 1042 non
3029 988 3205 1043 etiam
3249 995 3422 1059 recte,
3455 992 3684 1048 dicatur

2024 1076 2209 1132 Deum
2234 1076 2660 1149 praescientiam
2676 1075 2765 1131 vel
2784 1077 3350 1148 praedestinationem
3382 1081 3682 1145 essc.Quia

2022 1165 2293 1222 videlicet
2323 1165 2568 1222 scientia
2584 1165 2712 1237 ejus
2733 1165 2803 1220 ad
2826 1182 2886 1221 se
2903 1165 3144 1235 dicitur;
3170 1168 3676 1239 praascientiavero

2023 1259 2081 1311 et
2111 1254 2541 1327 praedestinatio
2576 1255 2649 1310 ad
2681 1257 2978 1310 creaturas
3012 1256 3274 1312 refertur.
3300 1256 3463 1313 Unde
3492 1257 3552 1313 in
3585 1258 3677 1316 his

2024 1343 2214 1416 magis
2244 1344 2373 1415 ejus
2411 1343 2688 1416 operatio,
2723 1360 2850 1415 qua:
2903 1343 2962 1398 in
3008 1343 3150 1415 ipsis
3195 1344 3281 1401 vel
3332 1362 3468 1418 erga
3516 1347 3676 1419 ipsas

2023 1435 2319 1488 creaturas
2351 1432 2745 1505 agitur,quam
2770 1434 2897 1502 ejus
2923 1431 3176 1488 essentia
3204 1432 3293 1489 vel
3315 1435 3673 1500 substantia,

2022 1522 2479 1577 demonstratur.
2515 1522 2607 1577 Sic
2648 1536 2902 1593 namque
2950 1520 3166 1576 dicitur
3210 1523 3573 1593 przsscientia
3621 1528 3677 1580 et

2023 1610 2456 1682 prasdestinatio
2489 1610 2586 1665 Dei
2620 1609 2706 1665 vel
2738 1609 2797 1664 in
2830 1611 2966 1679 Deo,
3000 1609 3151 1665 sicut
3178 1609 3353 1666 etiam
3386 1611 3675 1668 ordinatio

2021 1697 2110 1754 vel
2140 1699 2445 1772 dispositio
2482 1698 2573 1755 Dei
2606 1697 2694 1755 vel
2720 1699 2779 1754 in
2810 1698 2923 1754 Deo
2956 1716 2969 1754 :
3006 1699 3301 1755 neminem
3336 1704 3531 1756 tamen
3556 1706 3677 1758 tam

2022 1788 2275 1845 absurde
2303 1788 2388 1844 vel
2412 1788 2771 1844 contentiose
2792 1788 3051 1844 locutum
3069 1788 3496 1857 audivimus,ut
3523 1791 3676 1847 dice-

2024 1880 2128 1945 ret,
2159 1877 2313 1933 sicut
2343 1878 2773 1934 ordinationem
2818 1882 2875 1933 et
2923 1877 3366 1950 dispositionem
3399 1879 3498 1935 Dei
3527 1895 3674 1945 esse,

2023 1966 2103 2022 ita
2161 1967 2355 2039 ipsum
2412 1972 2598 2023 Deum
2648 1966 3073 2022 ordinationem
3123 1971 3180 2023 et
3229 1967 3675 2039 dispositionem

2023 2072 2170 2123 esse,
2203 2055 2291 2111 vel
2324 2055 2403 2112 ita
2428 2055 2541 2111 dici
2574 2060 2631 2111 et
2650 2054 2879 2111 deﬁniri
2911 2055 3138 2111 debere.

2093 2143 2257 2200 Unde
2287 2148 2482 2200 autem
2504 2150 2624 2201 tota
2642 2144 2762 2200 haec
2789 2150 2907 2201 tam
2932 2162 3077 2200 nova
3108 2149 3167 2201 et
3195 2145 3557 2202 contentiosa
3581 2148 3679 2202 de-

2022 2232 2209 2289 finitio
2242 2233 2606 2290 occasionem
2629 2234 2946 2306 sumpserit
2967 2234 3342 2290 manifestum
3375 2236 3676 2291 est.Timct

2022 2322 2176 2377 enim
2210 2339 2281 2378 ne
2312 2322 2360 2378 si
2392 2322 2756 2396 prazscientia
2784 2327 2841 2378 et
2864 2323 3469 2395 praedestinatio,sicut
3489 2328 3547 2380 et
3571 2341 3674 2397 gu-

2021 2410 2284 2467 bernatio
2316 2411 2560 2480 Dei,non
2594 2410 3064 2468 substantialiter
3084 2412 3153 2468 de
3184 2412 3300 2468 Deo
3333 2412 3672 2485 accipiatur,

1990 2524 1991 2527 η
2021 2500 2121 2556 sed
2154 2500 2224 2556 ad
2258 2500 2687 2557 ordinationem
2710 2504 3109 2557 creaturarum
3123 2501 3251 2572 ejus
3269 2501 3571 2557 referenda
3592 2501 3677 2557 in-

2017 2587 2336 2661 telligatur,
2369 2606 2485 2645 non
2517 2589 2703 2662 possit
2732 2607 2859 2646 eam
2891 2590 3083 2646 dicere
3113 2589 3519 2662 duplicem,vel
3551 2590 3676 2662 plu-

2018 2676 2160 2735 ralis
2190 2678 2421 2735 numeri
2450 2696 2577 2735 esse
2606 2696 2720 2735 non
2752 2696 2944 2751 posse.
2982 2679 3141 2735 Unde
3167 2680 3321 2751 apud
3372 2697 3479 2736 nos
3511 2681 3676 2737 nulla

2018 2768 2311 2823 contentio
2332 2768 2566 2836 est,sive
2590 2768 2813 2824 scilicet
2833 2769 3059 2840 possint
3080 2768 3193 2823 dici
3213 2768 3516 2841 pluraliter
3538 2788 3678 2842 prte-

2017 2855 2583 2923 destinationes,sive
2607 2874 2722 2912 non
2744 2856 2991 2929 possint,
3028 2858 3346 2913 dummodo
3370 2857 3513 2913 illud
3538 2859 3674 2913 lide-

2014 2942 2148 3000 liter
2176 2949 2235 3000 et
2262 2945 2509 3002 firmiter
2538 2950 2989 3015 teneamus,uno
3020 2950 3194 3017 atque
3226 2946 3429 3001 eodem
3461 2945 3666 3001 divinis

2015 3033 2393 3105 prmscientim
2414 3037 2472 3089 et
2493 3032 3018 3104 prmdestinationis
3027 3032 3253 3105 judicio
3279 3037 3454 3105 atque
3476 3034 3669 3089 conci-

2014 3121 2092 3177 lio
2123 3122 2238 3178 duo
2270 3122 2537 3193 quaedam
2570 3122 2896 3178 certissime
2936 3119 3332 3194 adimplenda,
3366 3121 3422 3177 id
3472 3126 3580 3189 est,
3614 3127 3671 3179 et

2009 3210 2205 3280 justos
2250 3215 2475 3265 aeternae
2525 3209 2722 3283 gloriae
2771 3208 3211 3282 praeordinatos,
3245 3214 3301 3265 et
3343 3209 3579 3282 iniquos
3609 3210 3668 3265 in

234 3306 391 3358 Deus
417 3301 719 3373 sapientia
739 3305 847 3368 est,
866 3300 1022 3355 Deus
1050 3300 1267 3356 veritas
1285 3299 1493 3367 est,ita
1524 3304 1675 3356 Deus
1692 3300 1906 3372 praede-
1940 3285 1985 3355 α
2019 3298 2419 3372 impietatibus
2450 3297 2575 3356 suis
2606 3314 2794 3371 usque
2842 3299 2913 3354 ad
2961 3302 3208 3354 mortem
3238 3303 3672 3370 perseverantes

233 3390 489 3447 stinatio
519 3395 632 3463 est.
657 3389 769 3445 Sed
801 3388 971 3445 nobis
997 3387 1208 3444 melius
1230 3393 1286 3444 et
1297 3388 1738 3446 convenientius
1758 3406 1910 3445 vero:

235 3480 373 3536 fidei
416 3484 481 3536 et
509 3476 919 3535 ecclesiasticae
951 3477 1230 3535 doctrinae
1261 3476 1509 3550 videtur,
1542 3484 1606 3534 ut
1634 3479 1768 3534 licet
1789 3478 1910 3535 hinc

235 3569 395 3643 apud
429 3584 546 3625 nos
592 3567 703 3623 tria
729 3584 857 3624 esse
886 3566 1213 3634 videantur,
1244 3565 1303 3621 id
1335 3570 1425 3623 est
1454 3566 1725 3634 scientia,
1760 3583 1909 3638 prm-

235 3657 496 3715 scientia
525 3661 585 3713 et
614 3654 1069 3730 prazdestinatio,
1092 3660 1151 3712 et
1180 3672 1248 3711 ea
1277 3655 1635 3729 quibusdam
1657 3655 1913 3730 proprie-

236 3748 472 3802 tatibus
498 3745 907 3801 discernamus
937 3762 951 3801 :
984 3750 1051 3801 ut
1075 3742 1346 3800 videlicet
1375 3743 1617 3799 scientia
1649 3741 1913 3801 absolute

237 3833 865 3907 dicatur,prescientia
891 3850 1026 3890 vero
1059 3838 1116 3889 et
1146 3831 1579 3906 praedestinatio
1600 3832 1671 3888 ad
1694 3831 1915 3889 futuro-

240 3942 375 3980 rum
410 3921 846 3997 providentiam
877 3922 1207 3978 referantur
1251 3939 1265 3977 :
1320 3924 1377 3978 et
1420 3921 1480 3976 in
1511 3920 1654 3994 ipsis
1683 3921 1914 3980 duobus

238 4011 625 4085 praeseientia
644 4010 939 4068 scilicetin
956 4009 1126 4067 bonis
1139 4013 1197 4066 et
1219 4009 1277 4066 in
1293 4009 1465 4066 malis
1480 4027 1597 4082 pne
1606 4011 1914 4067 noscendis

241 4101 649 4174 intelligatur:
669 4099 1102 4173 praedestinatio
1132 4102 1329 4155 autem
1357 4099 1414 4154 in
1436 4097 1578 4155 solis
1609 4098 1778 4155 bonis
1803 4102 1915 4156 sta-

242 4189 490 4246 tuendis
519 4192 701 4260 atque
731 4187 1095 4256 ordiuandis,
1120 4205 1247 4260 quae
1279 4189 1584 4260 propterea
1612 4186 1695 4244 sic
1727 4187 1837 4243 dici
1859 4192 1916 4245 et

241 4277 539 4350 distingui
571 4276 974 4333 necessarium
1006 4276 1137 4343 fuit,
1170 4280 1237 4332 ut
1266 4275 1456 4344 nobis,
1489 4274 1590 4348 qui
1618 4279 1914 4348 tempora-

248 4366 333 4424 !es
366 4372 429 4424 et
447 4365 736 4423 mortales
754 4368 1050 4432 sumus,et
1065 4364 1408 4437 plenissima
1426 4363 1671 4420 scientia
1691 4364 1752 4420 in
1776 4364 1913 4434 Deo,

240 4461 297 4511 et
325 4454 692 4530 gubernatio
721 4456 850 4527 ejus
871 4454 944 4511 ad
976 4456 1273 4511 creaturas
1293 4453 1607 4509 distinctus
1636 4454 1916 4525 quodam-

241 4545 423 4602 modo
436 4543 544 4601 tali
556 4543 938 4600 distinctione
952 4542 1118 4612 vel,si
1131 4542 1243 4599 dici
1262 4541 1913 4615 potest,distributione,

2019 3388 2248 3444 aeternis
2279 3387 2585 3460 suppliciis
2615 3388 2957 3444 destinatos.
2991 3386 3315 3459 Utrumque
3347 3389 3503 3444 enim
3526 3388 3676 3444 Scri-

2020 3480 2194 3550 ptura
2226 3476 2593 3549 apertissime
2636 3476 2779 3532 dicit
2827 3477 2897 3532 de
2937 3476 3119 3548 justis
3172 3493 3184 3532 :

2019 3573 2274 3639 quotquot
2320 3574 2478 3622 erant
2513 3566 2883 3638 praeordinati
2911 3566 2981 3620 ad
3010 3567 3181 3621 vitam
3227 3574 3496 3621 aeternam
3534 3567 3673 3635 (Act.

2018 3673 2141 3724 xm,
2185 3654 2304 3723 48);
2357 3655 2428 3710 de
2473 3654 2672 3727 impiis
2714 3656 2875 3725 juste
2923 3654 3274 3710 damnandis
3328 3672 3341 3710 :
3395 3655 3676 3711 Sustinuit

2020 3746 2160 3801 Deus
2192 3747 2248 3801 in
2278 3744 2455 3800 multa
2473 3746 2743 3816 patientia
2769 3762 2896 3801 vasa
2928 3746 3032 3801 ira:
3060 3753 3245 3816 aptata
3290 3747 3347 3801 in
3388 3747 3677 3801 interitum

2022 3834 2192 3906 (Rom.
2226 3833 2418 3906 1x,22).
2454 3834 2541 3889 Ita
2565 3832 2721 3889 enim
2755 3833 2862 3889 hoc
2892 3838 3206 3905 utrumque
3260 3835 3317 3889 in
3368 3834 3588 3902 electis,
3620 3838 3679 3891 et

2022 3923 2284 3996 reprobis
2316 3940 2431 3978 uno
2463 3923 2788 3996 eodemque
2815 3922 3019 3978 divinae
3051 3922 3679 3995 prmdestinationis,et

2013 4010 2225 4084 judicii
2251 4011 2453 4066 effectu
2488 4012 2786 4085 peragitur
2817 4028 2829 4066 :
2865 4010 3017 4068 sicut
3046 4027 3163 4066 uno
3192 4011 3514 4085 eodemque
3535 4010 3678 4070 solis

2026 4099 2187 4157 radio
2240 4103 2297 4155 et
2338 4099 2465 4156 sani
2497 4100 2650 4156 oculi
2680 4104 3022 4174 vegetantur
3053 4105 3109 4157 et
3137 4100 3399 4174 languidi
3432 4118 3678 4174 exaspe-

2024 4192 2230 4246 rantur
2260 4205 2273 4244 :
2310 4188 2461 4246 sicut
2491 4188 2666 4245 etiam
2690 4207 2806 4245 uno
2838 4190 3158 4261 eodemque
3190 4189 3310 4262 igni
3337 4193 3395 4245 et
3422 4189 3601 4245 limus
3624 4189 3677 4246 ei

2023 4277 2328 4352 appositus
2359 4278 2700 4347 durescit,et
2728 4295 2859 4335 cera
2888 4278 3155 4351 liquescit
3179 4295 3190 4334 :
3212 4278 3487 4350 dignetur
3502 4278 3677 4334 etiam

2024 4367 2450 4441 agnoscere,ita
2476 4368 2547 4423 de
2578 4367 3085 4439 praedestinatione
3120 4366 3240 4433 Dei,
3275 4366 3428 4422 sicut
3456 4368 3526 4422 de
3548 4366 3678 4438 ejus

2016 4456 2254 4528 justitia
2283 4456 2812 4528 sentiendum,quas
2843 4455 3283 4523 eumsituna,ct
3312 4471 3542 4527 semper
3562 4472 3679 4511 uno

2024 4546 2346 4617 eodemque
2378 4545 2550 4601 modo
2582 4561 2642 4602 se
2675 4543 3230 4611 habens,manifesie
3259 4543 3553 4615 duplicem
3586 4560 3681 4600 re-

236 4634 657 4691 insinuaretur
674 4636 731 4689 et
746 4632 1258 4689 commendaretur
1277 4648 1291 4688 :
1310 4630 1677 4688 commodius
1715 4635 1913 4688 tamen
1943 4656 1993 4723 Ι)
2025 4634 2167 4707 cipit
2194 4633 2690 4702 distributionem,
2722 4634 2863 4689 dum
2896 4650 2998 4705 per
3019 4649 3149 4688 eam
3180 4632 3269 4689 vel
3302 4632 3499 4706 dignis
3528 4649 3683 4706 prae-

240 4721 364 4777 hac
396 4722 517 4779 tria
546 4722 607 4776 in
638 4722 755 4777 Deo
786 4721 897 4777 sub
929 4737 1045 4778 uno
1078 4720 1314 4777 nomine
1347 4719 1603 4776 scientiae
1634 4719 1918 4793 intelliga-

239 4811 566 4884 mus,quia
598 4809 888 4883 quidquid
918 4809 980 4865 in
1009 4809 1103 4866 his
1127 4808 1317 4866 tribus
1349 4826 1382 4864 a
1411 4808 1581 4866 nobis
1621 4813 1918 4881 utcunque

236 4899 603 4974 intelligitur
613 4903 669 4955 et
681 4898 951 4956 distincte
963 4897 1417 4972 eognoscitur,in
1432 4897 1533 4955 illa
1544 4899 1593 4971 ej
1603 4915 1671 4955 us
1684 4915 1920 4955 summa

238 4992 295 5043 et
325 5005 456 5044 una
485 4993 543 5044 et
575 4985 830 5060 simplici
852 4986 1097 5044 scientia
1112 4986 1289 5045 simul
1306 4988 1578 5043 est.Scire
1608 4986 1763 5043 enim
1788 4988 1917 5059 ejus

238 5079 577 5149 perfectum
612 5081 670 5132 et
700 5075 939 5150 plenum
971 5080 1080 5145 est,
1113 5093 1219 5133 nec
1249 5081 1382 5149 post
1424 5076 1633 5145 minui,
1672 5076 1762 5132 vel
1805 5094 1913 5133 au-

235 5167 506 5240 geri,aut
535 5165 737 5240 aliqua
765 5183 963 5223 rerum
991 5166 1269 5223 varietate
1302 5165 1645 5239 permutari.
1681 5165 1748 5221 Et
1784 5165 1913 5222 ideo

238 5256 406 5327 quod
436 5272 548 5313 nos
559 5255 633 5311 de
645 5254 934 5312 scientiaa
952 5252 1316 5328 praescientia
1334 5257 1393 5309 et
1410 5254 1920 5326 praedestinatione

242 5345 382 5417 ejus
411 5342 578 5401 velut
606 5344 994 5402 discernendo
1024 5359 1372 5416 cognoscere
1402 5343 1770 5411 conamur,in
1792 5345 1920 5416 ejus

242 5433 520 5507 perfecta
531 5431 1069 5490 etincommutabili
1096 5431 1340 5489 scientia
1356 5447 1471 5487 non
1495 5430 1651 5488 aliud
1667 5436 1723 5488 et
1734 5431 1893 5489 aliud
1904 5478 1919 5503 ,

237 5527 344 5578 aut
379 5521 559 5578 aliter
586 5521 676 5578 vel
722 5521 916 5590 aliter,
946 5521 1046 5578 sed
1098 5537 1215 5576 uno
1268 5526 1444 5594 atque
1493 5522 1696 5577 eodem
1745 5523 1917 5578 modo

237 5611 607 5669 eternaliter
626 5610 910 5667 est.Unde
938 5614 997 5666 et
1025 5614 1182 5667 recta
1212 5609 1611 5666 moderatione
1641 5609 1919 5667 ecclesia—

243 5700 420 5763 stica
439 5698 762 5777 disciplinis
780 5699 1194 5761 observantum
1209 5715 1336 5762 esse
1353 5698 1742 5773 credimus,ut
1762 5705 1918 5763 recte

2026 4723 2167 4789 mia,
2189 4721 2277 4778 vel
2311 4722 2572 4795 indignis
2602 4720 2893 4793 supplicia
2926 4721 3282 4794 irrogantur.

2043 4806 2050 4812 ’
2098 4811 2262 4868 Certe
2293 4811 2419 4883 ipse
2450 4808 2659 4866 asserit
2690 4808 3047 4865 voluntatem
3081 4810 3180 4867 Dei
3210 4809 3297 4867 vel
3327 4810 3388 4867 in
3425 4811 3684 4881 Deo,sic-

2026 4903 2093 4956 ut
2139 4900 2506 4973 sapientiam,
2543 4897 2693 4953 sicut
2737 4897 3061 4967 veritatem,
3113 4899 3504 4957 essentialiter
3542 4898 3679 4969 dici,

2026 4992 2169 5061 quot
2194 4984 2394 5060 utique
2422 5003 2625 5042 verum
2656 4986 2916 5042 est.Nam
2947 4987 3054 5043 etsi
3087 4989 3303 5045 diceret
3332 4988 3515 5046 Deum
3538 4989 3679 5047 sub-

2025 5076 2377 5134 stantialiter
2404 5091 2532 5131 esse
2555 5074 3183 5146 justitiam,verissime
3214 5077 3415 5150 utique
3437 5077 3677 5133 diceret.

2022 5169 2137 5222 Cur
2162 5165 2356 5238 itaque
2387 5164 2508 5220 hazc
2541 5164 2654 5219 duo
2687 5181 2812 5237 quae
2845 5165 3311 5223 substantialiter
3332 5167 3392 5223 in
3424 5168 3562 5238 Deo,
3587 5164 3683 5220 vel

2030 5255 2206 5313 etiam
2235 5252 2702 5311 substantialiter
2732 5254 2885 5312 Deus
2917 5273 3045 5312 esse
3077 5254 3435 5325 dicuntur,id
3467 5259 3554 5311 est
3580 5271 3681 5309 vo-

2026 5344 2226 5400 luntas
2257 5344 2385 5415 ejus
2417 5346 2474 5398 et
2500 5341 2716 5398 veritas
2744 5344 2872 5415 ejus
2903 5343 3208 5416 pluraliter
3237 5344 3393 5399 dicta
3421 5343 3482 5397 in
3531 5340 3685 5395 Scri-

2026 5433 2219 5506 pturis
2248 5432 2523 5507 leguntur
2554 5449 2566 5488 :
2604 5432 2770 5488 Sicut
2798 5432 3048 5489 habetur
3074 5433 3133 5488 in
3161 5430 3548 5503 Psalmo,ipso
3578 5429 3687 5487 Do-

2028 5521 2189 5578 mino
2217 5522 2445 5578 dicente
2477 5522 2839 5592 :Miriﬁcavit
2883 5537 3066 5577 omnes
3096 5522 3401 5576 voluntates
3437 5536 3586 5575 meas
3619 5519 3680 5575 in

2025 5614 2133 5679 eis;
2165 5614 2222 5667 et
2251 5610 2389 5667 alibi
2419 5628 2431 5667 :
2464 5612 2657 5666 Inveni
2688 5609 2857 5665 David
2885 5611 3069 5680 ﬁlium
3093 5615 3245 5666 Jesse
3274 5610 3463 5664 virum
3491 5624 3686 5665 secun-

2024 5701 2157 5762 dum
2200 5716 2294 5761 cor
2337 5716 2537 5773 meum,
2590 5700 2688 5776 qm‘
2732 5699 2908 5776 faciat
2950 5713 3133 5758 omnes
3176 5698 3484 5759 voluntates
3514 5711 3689 5774 meas,

3236 3479 3299 3542 E1
3329 3478 3679 3534 crediderunt
3760 3509 3773 3514 ν
