4126 6200
279 322 389 385 H3

1233 314 1465 383 LIBER
1506 317 1918 381 ADVERSUS
1960 314 2319 380 JOANNEM
2369 319 2709 384 SCOTUM.

3561 322 3677 385 114

276 455 423 512 ratio
456 471 471 512 :
505 452 691 529 gratia
719 467 854 510 vero
903 452 1022 526 iam
1068 451 1197 526 ipsa
1226 450 1481 509 donatio.
1515 451 1676 517 Quod
1726 449 1922 523 itaque
1955 450 2007 518 Α
2036 456 2093 507 ct
2122 450 2346 509 sincere
2375 452 2446 509 de
2477 452 2842 526 praescientia
2869 457 2925 511 et
2955 450 3462 528 praedestinatione
3486 456 3682 516 divina

275 544 356 602 ait
390 543 706 617 Apostolus
739 560 753 600 :
786 546 903 601 Non
932 560 1002 600 ea:
1029 545 1302 616 operibus,
1336 559 1404 598 ne
1431 545 1573 615 forte
1603 544 1722 615 quis
1750 541 1927 596 extol-

276 635 440 699 latur,
466 636 642 705 ipsius
672 635 821 689 enim
849 649 1042 688 sumus
1067 633 1406 703 ﬁgmentum,
1430 633 1603 687 creati
1632 633 1688 686 in
1712 630 1928 686 Christo

273 723 401 780 Iesu
432 725 494 778 in
522 724 774 794 operibus
816 721 988 787 bonis,
1015 721 1207 794 gratia
1251 724 1368 789 est;
1404 720 1558 793 quod
1609 723 1804 775 autem
1838 735 1927 775 se-

276 813 512 885 quitur:
544 814 689 884 Quaz
714 812 1049 883 prceparavit
1076 811 1238 875 Deus,
1263 818 1323 865 ut
1341 811 1397 865 in
1424 810 1537 864 illis
1564 809 1929 875 ambulemus,

2038 542 2255 599 sentire
2281 541 2589 598 desiderat.
2612 541 2716 599 llla
2745 548 2938 599 autem
2972 545 3103 600 novi
3129 544 3511 617 disputatoris
3539 548 3681 603 defi-

2038 630 2202 699 nitio,
2229 649 2344 703 qua
2364 630 2484 688 haec
2509 633 2623 687 duo
2647 636 2809 688 tanta
2835 632 3183 691 discretione
3205 634 3500 702 distincta,
3522 640 3685 694 tanta

2036 719 2338 794 diligentia
2378 721 2631 777 discreta
2677 739 2861 777 unum
2895 723 3167 796 idemque
3214 741 3341 781 esse
3394 726 3684 782 definiun-

2036 814 2153 877 tur,
2179 811 2383 865 merito
2415 827 2531 864 sua:
2562 809 2834 866 falsitatis
2862 817 3034 884 atque
3065 813 3304 869 fallacia)
3335 815 3571 887 penitus
3592 815 3687 872 ab-

274 899 708 975 praadestinatio
738 904 847 963 est,
880 916 1006 972 quae
1039 900 1165 955 sine
1194 897 1560 970 praescientia
1590 914 1706 953 non
1740 901 1931 970 potest
2031 900 2294 972 jicienda
2324 903 2430 955 est.
2456 899 2584 955 Sive
2610 900 2767 955 enim
2792 900 2899 955 hoc
2930 900 3026 956 ille
3051 907 3358 973 propterea
3377 903 3570 960 taliter
3591 905 3686 961 de-

273 1007 401 1048 esse
427 1007 442 1045 :
469 993 659 1063 potest
689 992 884 1045 autem
915 997 1043 1045 essie
1085 988 1212 1044 sine
1242 987 1751 1060 praedestinatione
1782 1004 1929 1059 prae-

275 1079 537 1137 soientia.
567 1077 1082 1133 Praedestinatione
1115 1077 1330 1149 quippe
1359 1077 1513 1131 Deus
1544 1093 1611 1131 ea
1640 1076 1931 1148 prrescivit
1960 1095 1974 1112 ο

274 1184 400 1242 qua
424 1168 613 1223 fuerat
632 1168 755 1240 ipse
776 1167 1076 1223 facturus?
1097 1167 1260 1222 Unde
1286 1165 1509 1221 dictum
1532 1170 1640 1233 est,
1657 1166 1787 1236 fecit
1805 1180 1931 1237 qua:

271 1260 464 1331 futura
491 1265 640 1312 sunt.
665 1256 937 1312 Praescire
982 1261 1176 1312 autem
1216 1259 1423 1327 potens
1463 1258 1571 1320 est,
1590 1254 1769 1311 etiam
1801 1272 1929 1326 qum

273 1347 396 1420 ipse
418 1363 534 1402 non
554 1346 714 1411 facit,
731 1345 887 1402 sicut
904 1361 1267 1417 quaecunque
1289 1347 1547 1417 peccata.
1563 1343 1707 1408 Quia
1723 1344 1774 1400 si
1792 1348 1932 1399 sunt

274 1437 544 1509 quaedam
575 1452 704 1508 quae
735 1435 817 1489 ita
848 1438 1085 1507 peccata
1114 1438 1273 1502 sunt,
1297 1438 1365 1489 ut
1392 1451 1572 1507 poena:
1605 1434 1723 1488 sint
1752 1432 1928 1488 etiam

271 1529 670 1599 peccatorum.
696 1524 859 1579 Unde
890 1523 1111 1579 dictum
1143 1528 1233 1579 est
1256 1541 1269 1578 :
1293 1524 1358 1579 Et
1388 1523 1616 1579 tradidit
1644 1524 1767 1579 illos
1795 1526 1930 1578 Deus

2038 988 2207 1043 finire
2237 986 2503 1055 voluerit,
2532 991 2596 1042 ut
2641 1004 2708 1044 ea
2732 988 2929 1055 (sicuti
2964 991 3090 1061 jam
3130 991 3513 1063 przemiserat)
3544 994 3682 1050 sub-

2039 1075 2393 1133 stantialiter
2420 1074 2481 1130 in
2508 1075 2621 1131 Deo
2649 1075 2807 1132 velut
2835 1095 3021 1133 unum
3043 1094 3170 1134 esse
3190 1080 3539 1146 ostenderet,
3561 1080 3684 1138 ina-

2038 1165 2131 1220 nis
2161 1170 2219 1221 et
2246 1163 2449 1220 frivola
2479 1170 2567 1220 est
2597 1165 2723 1236 ejus
2753 1167 3017 1234 assertio,
3039 1167 3157 1223 sive
3194 1168 3303 1225 hoc
3352 1169 3555 1227 docere
3583 1189 3681 1228 vo-

2039 1252 2231 1322 luerit,
2256 1257 2412 1326 quod
2445 1253 2567 1309 lucc
2598 1255 2656 1309 in
2682 1255 2998 1326 Scripturis
3015 1255 3325 1314 indiscrete
3343 1262 3400 1314 et
3420 1260 3683 1329 confuse,

2039 1347 2213 1415 atque
2239 1343 2638 1399 indifferenter
2656 1342 3036 1417 intelligenda
3057 1346 3196 1415 sint,
3219 1348 3683 1405 manifestissimi

2039 1431 2252 1489 erroris
2283 1436 2390 1488 est.

2109 1520 2428 1594 Subjungit
2446 1521 2598 1578 idem
2622 1522 2952 1594 disputator
2982 1527 3037 1579 et
3066 1524 3207 1581 dicit
3237 1541 3250 1580 :
3283 1527 3585 1583 Homintem
3616 1525 3688 1582 ad

270 1617 331 1671 in
358 1616 653 1687 reprobam
680 1621 933 1679 mentem,
966 1620 1027 1669 ut
1052 1614 1265 1685 faciant
1293 1629 1419 1685 qua:
1458 1630 1565 1668 non
1604 1613 1931 1668 conveniunt
2036 1617 2204 1668 Deum
2234 1627 2392 1683 quem
2421 1610 2591 1667 libero
2621 1612 2851 1668 arbitrio
2868 1614 2986 1668 sine
3012 1614 3195 1670 labore
3222 1613 3548 1684 deseruerat,
3569 1617 3688 1672 sine

270 1705 401 1777 (Isa.
434 1721 564 1768 XLV,
600 1703 661 1757 11
704 1718 809 1757 sec.
844 1702 987 1769 LXX)
1010 1717 1024 1756 :
1049 1702 1174 1757 Non
1208 1701 1286 1756 ibi
1322 1705 1621 1773 peccatum
1674 1700 1774 1755 Dei
1820 1704 1926 1768 est,

2041 1701 2244 1756 laboris
2283 1700 2463 1756 studio
2512 1708 2563 1756 et
2611 1703 2944 1773 cooperantis
2973 1704 3175 1770 gratia?
3217 1703 3354 1760 dono
3402 1706 3690 1777 pervenire

270 1794 371 1851 sed
417 1791 739 1865 judicium.
772 1789 1054 1855 Quocirca
1099 1789 1530 1863 praedestinatio
1578 1790 1679 1846 Dei
1713 1808 1839 1862 qum
1870 1790 1927 1844 in
1966 1826 2012 1891 Β
2042 1806 2149 1845 non
2173 1806 2347 1861 posse.
2378 1789 2440 1844 In
2475 1789 2689 1862 quibus
2719 1791 2910 1845 verbis
2940 1791 3093 1863 quod
3129 1793 3271 1847 dicit
3300 1793 3558 1865 primum
3590 1792 3691 1848 ho-

269 1884 427 1940 bono
456 1884 568 1949 est,
611 1878 811 1953 gratia:
859 1883 949 1936 est
999 1883 1087 1948 (ut
1137 1879 1278 1947 dixi)
1310 1880 1652 1952 praeparatio
1690 1897 1702 1935 :
1745 1878 1935 1953 gratia
1966 1877 2011 1891 ”
2046 1878 2261 1934 minem
2286 1877 2466 1934 libero
2489 1879 2728 1934 arbitrio
2763 1883 2941 1935 Deum
2973 1880 3457 1953 deseruisse,jam
3489 1881 3693 1954 utique

266 1988 405 2029 vero
437 1975 531 2027 est
560 1969 748 2043 ipsius
792 1968 1322 2042 praedestinationis
1353 1970 1612 2025 effectus.
1647 1969 1788 2025 Item
1822 1968 1933 2024 alio

269 2060 396 2118 loco
420 2061 515 2133 (De
544 2062 691 2115 Dono
732 2075 965 2131 persev.,
998 2074 1125 2130 cap.
1162 2058 1253 2126 44)
1300 2074 1312 2112 :
1356 2057 1507 2130 [Haec
1556 2061 1663 2125 est,
1720 2057 1932 2130 inquit,

270 2147 714 2224 predestinatio
758 2152 1095 2203 sanctorum
1144 2146 1290 2202 nihil
1336 2146 1518 2213 aliud,
1552 2148 1934 2219 prmscientia,

267 2237 516 2305 scilicet,
541 2241 599 2292 et
632 2236 975 2309 praeparatio
1001 2234 1420 2290 beneficiorum
1451 2235 1551 2290 Dei
1581 2236 1795 2307 quibus
1820 2254 1938 2292 cer-

264 2327 504 2384 tissime
552 2325 881 2382 liberantur
927 2324 1265 2397 quicunque
1316 2324 1687 2381 liberantur:
1732 2330 1939 2381 caetera

264 2421 473 2473 autem
508 2414 613 2471 ubi
645 2413 760 2470 nisi
796 2414 857 2469 in
887 2431 1086 2470 massa
1114 2414 1461 2487 perditionis
1493 2414 1688 2470 divino
1712 2414 1937 2487 judicio

264 2505 745 2578 relinquuntur.]
776 2503 856 2559 Ex
889 2502 1105 2576 quibus
1144 2503 1419 2560 omnibus
1469 2504 1653 2559 sancti
1685 2504 1939 2560 doctoris

261 2594 468 2652 verbis
518 2592 849 2650 clarissime
878 2596 1139 2666 apparet,
1168 2592 1444 2649 distincte
1495 2597 1551 2648 et
1600 2593 1830 2666 proprie
1880 2593 1938 2647 in

265 2684 501 2742 sanctis
533 2682 704 2739 libris
725 2681 909 2755 accipi
938 2682 1147 2738 debere
1169 2680 1617 2754 praescientiam,
1642 2686 1698 2737 et
1728 2683 1942 2754 praede-

264 2773 660 2831 stinationem
684 2787 699 2826 :
724 2788 831 2828 nec
853 2788 980 2843 qua:
1003 2773 1166 2826 tanta
1182 2769 1462 2827 distantia
1482 2769 1635 2826 inter
1656 2786 1716 2826 se
1739 2771 1943 2827 distin-

261 2867 566 2936 guuntur,
590 2875 779 2915 unum
823 2863 997 2931 atque
1043 2857 1199 2915 idem
1232 2876 1361 2915 esse
1401 2858 1550 2914 sicut
1578 2857 1689 2915 iste
1718 2859 1938 2927 definit,

262 2950 527 3024 intelligi
562 2949 793 3005 debere.
824 2948 1044 3003 Tamen
1077 2946 1392 3020 aliquando
1425 2946 1614 3020 ipsam
1652 2949 1943 3021 praedesti-

264 3040 603 3104 nationem,
621 3055 751 3111 qua:
776 3052 1083 3109 nunquam
1106 3036 1233 3092 sine
1256 3036 1620 3108 praescientia
1640 3041 1749 3103 est,
1765 3036 1940 3092 etiam

2044 1966 2104 2022 in
2135 1967 2438 2022 deserente
2469 1967 2651 2023 Deum
2683 1970 2739 2022 ct
2772 1967 3002 2023 deserto
3034 1985 3067 2023 τι
3098 1969 3213 2025 Deo
3245 1985 3358 2025 non
3389 1975 3514 2026 erat
3544 1968 3693 2027 libe-

2043 2073 2176 2112 rum
2195 2055 2503 2111 arbitrium
2525 2057 2597 2111 ad
2624 2056 2863 2125 bonum,
2886 2056 2988 2112 illa
3011 2060 3067 2113 et
3094 2062 3312 2114 naturae
3335 2058 3499 2115 bonae
3521 2078 3555 2114 a
3575 2058 3692 2116 Deo

2046 2145 2312 2211 conditae,
2336 2150 2392 2201 et
2419 2144 2618 2217 gratia:
2658 2163 2692 2200 a
2742 2149 2858 2201 Deo
2897 2146 3123 2202 donatae
3180 2148 3349 2203 beata
3408 2148 3691 2216 libertate,

2047 2251 2223 2308 quam
2258 2234 2568 2307 Apostolus
2617 2235 2989 2290 commendat
3037 2236 3235 2291 dicens
3269 2253 3281 2292 ε
3320 2238 3419 2294 Ubi
3459 2238 3695 2309 Spiritus

2046 2326 2287 2391 Domini,
2320 2324 2402 2379 ibi
2429 2324 2650 2379 libertas
2674 2324 2744 2396 (II
2767 2325 2896 2380 Cor.
2920 2339 3001 2393 ιη,
3031 2325 3139 2393 l7);
3165 2326 3264 2381 sed
3297 2330 3420 2382 erat
3446 2325 3695 2382 liberum

2047 2414 2454 2471 tantummodo
2486 2414 2557 2468 ad
2609 2413 2853 2480 malum,
2889 2417 2946 2469 et
2975 2420 3209 2486 peccato
3239 2416 3578 2471 dominante
3603 2428 3698 2471 ca-

2049 2503 2399 2576 ptivum.De
2446 2519 2563 2574 qua
2611 2501 2944 2559 miserrima
2998 2502 3263 2559 libertate
3311 2508 3370 2560 et
3426 2504 3702 2561 servitute

2047 2591 2358 2663 Apostolus
2389 2591 2682 2647 conversis
2714 2590 2985 2647 ﬁdelibus
3017 2591 3159 2647 dicit
3185 2608 3196 2647 :
3231 2593 3362 2647 Cum
3392 2594 3541 2648 enim
3559 2595 3704 2649 servi

2048 2684 2233 2737 essetis
2262 2681 2487 2753 peccati,
2516 2680 2680 2736 liberi
2706 2682 2894 2752 fuistis
2910 2683 3163 2754 justitia:
3193 2682 3365 2753 (Rom.
3389 2699 3465 2750 vr,
3498 2684 3611 2751 20).
3637 2682 3704 2738 Et

2048 2768 2262 2825 iterum
2296 2786 2309 2825 :
2343 2770 2569 2826 Nescitis
2598 2772 2860 2841 quoniam
2886 2772 2982 2825 cui
3017 2771 3281 2826 cxhibetis
3310 2787 3398 2826 vos
3426 2787 3606 2828 servos
3631 2771 3703 2827 ad

2049 2860 2423 2925 obedicndum,
2456 2860 2600 2914 servi
2625 2860 2755 2914 estis
2785 2860 2903 2930 ejus
2947 2862 3040 2914 cui
3081 2860 3329 2926 obeditis,
3351 2862 3465 2916 sive
3495 2862 3702 2927 peccati

2052 2953 2111 3004 in
2148 2956 2394 3015 mortem,
2432 2950 2546 3002 sive
2592 2947 2915 3003 obeditionis
2964 2949 3034 3002 ad
3069 2949 3351 3020 justitiam
3394 2949 3550 3017 (Ibid.
3588 2950 3697 3022 16).

2050 3038 2213 3096 Unde
2244 3041 2302 3092 et
2330 3035 2615 3091 Dominus
2647 3035 2724 3090 ait
2748 3052 2760 3089 :
2787 3036 2975 3090 Omnis
2996 3038 3093 3107 qui
3118 3038 3253 3107 facit
3276 3044 3557 3108 peccatum
3583 3052 3699 3093 ser-

266 3130 521 3187 nomine
578 3125 956 3200 preescientiae
1017 3124 1335 3198 significari
1390 3124 1547 3181 idem
1604 3126 1804 3181 doctor
1859 3126 1942 3181 ita
1981 3192 2011 3200 ᾧ
2051 3144 2148 3184 vus
2177 3133 2254 3182 est
2274 3126 2479 3198 peccati
2509 3126 2815 3193 (Joanmu,
2850 3125 2961 3192 33).
2995 3125 3065 3180 Et
3094 3124 3300 3181 beatus
3333 3125 3701 3199 Petrusapo-

264 3218 541 3277 ostendit
574 3192 776 3271 dicens
817 3216 958 3288 (cap.
986 3192 1115 3284 18):
1145 3213 1492 3287 [Aliquando
1537 3214 1740 3271 eadem
1793 3232 1937 3287 prae-
1970 3192 2013 3262 Ο
2054 3217 2241 3275 stolus
2273 3192 2288 3269 ξ
2320 3215 2357 3270 Α
2393 3230 2495 3286 quo
2522 3192 2707 3277 enim,
2751 3212 2963 3285 inquit,
2994 3215 3115 3285 quis
3164 3223 3473 3287 separatur,
3504 3192 3624 3288 ejus
3651 3223 3704 3272 et

265 3306 603 3364 destinatio
635 3303 1001 3377 significatur
1042 3302 1219 3359 etiam
1264 3304 1498 3360 nomine
1545 3302 1936 3375 praescientim,

268 3396 431 3452 sicut
454 3393 542 3449 ait
582 3394 933 3465 Apostolus:
965 3396 1087 3448 Non
1118 3394 1321 3465 repulit
1346 3396 1485 3448 Deus
1512 3393 1724 3463 plebem
1760 3409 1938 3464 suam,

268 3498 446 3557 quam
475 3483 763 3555 prazscivit
790 3483 964 3550 (Rom.
996 3498 1076 3550 x1,
1100 3484 1178 3551 2).
1202 3481 1304 3536 Hic
1348 3480 1501 3552 quod
1534 3480 1617 3535 ait
1640 3483 1939 3552 prmscivit,

264 3590 389 3629 non
422 3574 590 3627 recte
618 3569 986 3643 intelligitur,
1009 3569 1124 3625 nisi
1156 3568 1614 3641 praedestinavit;
1645 3570 1798 3640 quod
1831 3568 1941 3623 cir-

266 3658 646 3719 cumstantia
696 3659 884 3730 ipsius
940 3657 1206 3714 lectionis
1257 3656 1528 3713 ostendit.
1575 3657 1946 3729 Loquebatur

271 3751 436 3808 enim
466 3750 540 3804 de
575 3745 843 3819 reliquiis
868 3747 1367 3818 Judzeorum,quze
1395 3744 1564 3800 salva:
1598 3745 1757 3800 facta:
1785 3752 1943 3814 sunt,

270 3836 676 3910 pereuntibus
709 3833 960 3902 caeteris;
989 3833 1117 3889 ideo
1151 3850 1285 3889 cum
1318 3832 1581 3901 dixisset,
1603 3833 1759 3889 unde
1790 3851 1946 3889 nunc

274 3928 543 4001 agimus,
558 3942 672 3981 non
690 3924 895 3996 repulit
908 3928 1042 3979 Deus
1052 3922 1262 3995 plebem
1277 3939 1457 3989 suam,
1473 3938 1637 3995 quam
1647 3924 1945 3994 praesciuit,

274 4020 416 4090 post
446 4013 655 4085 aliqua
684 4015 923 4067 secutus
945 4010 1211 4083 adiunxit
1234 4028 1246 4067 :
1271 4010 1426 4081 Quod
1449 4012 1729 4082 quaerebat
1757 4013 1945 4079 Israel,

281 4107 381 4162 hoc
411 4120 531 4160 non
560 4109 639 4158 est
682 4107 995 4157 consecutus
1029 4117 1048 4155 :
1075 4100 1261 4156 electio
1308 4106 1491 4155 autem
1536 4110 1820 4156 consecuta
1849 4110 1947 4171 est,

282 4194 484 4251 caeteri
519 4206 650 4248 vero
678 4192 934 4245 excwcati
964 4189 1099 4244 bunt
1127 4187 1284 4261 (Ibid.
1317 4188 1395 4259 7).
1420 4188 1482 4242 In
1527 4188 1633 4243 hac
1670 4206 1805 4262 ergo
1838 4189 1951 4246 ele-

284 4280 487 4337 ctione
514 4284 575 4335 et
606 4279 667 4334 in
698 4278 793 4333 his
818 4277 1104 4349 reliquiis,
1129 4293 1256 4349 qum
1284 4293 1385 4350 per
1411 4278 1723 4332 electionem
1751 4282 1957 4347 gratia:

283 4372 469 4427 salvae
491 4371 663 4439 [tich
690 4374 835 4431 sunt,
862 4365 1046 4422 voluit
1077 4365 1323 4438 intelligi
1356 4366 1798 4439 plebem,quam
1832 4385 1957 4440 pro-

285 4463 500 4531 pterea
521 4457 681 4512 Deus
702 4471 813 4511 non
834 4456 1052 4526 repulit,
1078 4454 1217 4527 quia
1233 4456 1532 4526 praesciuit.
1552 4454 1760 4511 Nullus
1782 4457 1960 4529 igitur

2047 3323 2233 3364 servus
2279 3312 2355 3361 est
2386 3304 2462 3373 (II
2488 3309 2636 3359 Petr.
2665 3320 2728 3368 ιι,
2752 3303 2994 3371 19).,88ς1
3027 3308 3084 3359 et
3130 3303 3519 3376 captivitatem
3569 3320 3701 3378 pec-

2051 3397 2163 3452 cati
2194 3396 2401 3450 beatus
2432 3391 2646 3447 Paulus
2678 3409 2792 3447 non
2837 3395 2992 3447 tacet
3038 3391 3236 3448 dicens
3270 3409 3283 3448 :
3322 3393 3494 3450 Video
3522 3400 3704 3450 autem

2051 3486 2224 3541 aliam
2255 3485 2423 3554 legem
2454 3484 2514 3537 in
2536 3481 2792 3537 membris
2812 3483 2947 3536 meis
2968 3490 3360 3553 repugnantem
3378 3484 3489 3552 legi
3506 3484 3704 3539 mentis

2050 3590 2209 3642 meae,
2242 3581 2292 3629 et
2320 3572 2592 3642 captivum
2621 3587 2706 3625 me
2735 3570 3016 3626 ducentem
3044 3573 3103 3625 in
3135 3572 3308 3640 legem
3330 3574 3557 3642 peccati,
3580 3588 3707 3644 quae

2054 3672 2131 3719 est
2162 3665 2218 3718 in
2248 3660 2506 3717 membris
2532 3661 2665 3715 meis
2687 3660 2859 3731 (Rom.
2883 3677 3002 3726 vm,
3024 3661 3136 3725 23).
3157 3658 3251 3715 Sic
3280 3658 3476 3732 itaque
3506 3659 3701 3728 homo,

2058 3756 2122 3808 ut
2152 3750 2368 3806 dictum
2424 3752 2530 3813 est,
2553 3748 2827 3802 deserens
2873 3748 3079 3815 Deum,
3100 3752 3158 3803 et
3206 3748 3471 3803 desertus
3502 3765 3537 3804 a
3565 3747 3702 3816 Deo,

2060 3840 2248 3895 factus
2279 3841 2370 3893 est
2401 3839 2540 3892 liber
2552 3837 2812 3907 justitiar,
2840 3836 2929 3890 cui
2964 3836 3177 3891 servire
3207 3835 3416 3905 noluit,
3439 3845 3491 3894 et
3518 3853 3705 3894 servus

2054 3929 2260 4001 peccati
2282 3929 2341 3983 in
2362 3933 2609 3991 mortem,
2625 3924 2762 3997 quia
2780 3923 2968 3980 noluit
2986 3942 3115 3982 esse
3134 3942 3338 3983 servus
3356 3926 3706 3984 obeditionis

2061 4018 2134 4074 ad
2157 4017 2481 4089 justitiam;
2512 4017 2569 4069 et
2600 4030 2701 4085 per
2732 4013 2839 4070 hoc
2869 4014 3155 4087 incipiens
3184 4015 3397 4072 habere
3427 4016 3487 4071 in
3520 4032 3705 4072 mem-

2063 4107 2183 4164 bris
2214 4105 2337 4162 suis
2367 4103 2553 4178 legem
2603 4108 3026 4176 repugnantem
3076 4103 3190 4175 legi
3238 4104 3453 4161 mentis
3486 4120 3625 4172 suae,
3659 4108 3717 4161 et

2065 4195 2455 4269 captivantem
2481 4210 2541 4249 se
2564 4192 2622 4247 in
2648 4190 2830 4264 legem
2856 4192 3073 4263 peccati
3099 4208 3110 4247 :
3133 4192 3352 4248 amissa
3371 4208 3507 4265 ergo
3530 4192 3719 4266 gratia

2067 4301 2210 4339 vera:
2236 4281 2543 4348 libertatis,
2562 4298 2679 4353 qua
2704 4282 2813 4336 Deo
2838 4283 3065 4352 poterat
3096 4280 3381 4336 cohaerere
3403 4286 3461 4335 et
3482 4280 3674 4336 dicere
3703 4297 3717 4337 :

2072 4373 2211 4432 Mihi
2240 4379 2421 4426 autem
2450 4375 2550 4426 Deo
2602 4369 2883 4427 adhaerere
2934 4369 3131 4425 bonum
3159 4376 3235 4424 est
3261 4368 3369 4439 (Ps.
3404 4382 3574 4434 Lxxu,
3605 4369 3719 4437 28),

2070 4459 2287 4517 infelici
2318 4460 2585 4514 libertate
2617 4458 2933 4513 voluntatis
2963 4475 3081 4512 suae
3112 4456 3356 4512 adhaesit
3385 4460 3640 4529 peccato,
3664 4460 3723 4513 et

287 4549 395 4621 qui
430 4547 558 4602 haec
590 4543 887 4617 intelligit,
908 4560 1121 4616 negare
1140 4543 1228 4600 vel
1261 4543 1532 4599 dubitare
1558 4544 1917 4616 permittitur
1944 4564 1957 4602 :
1993 4560 2041 4627 Ι)
2076 4552 2265 4606 factus
2287 4552 2377 4604 est
2407 4565 2608 4602 servus
2630 4546 3010 4620 captivosque
3040 4545 3376 4617 peccati.De
3397 4561 3514 4617 qua
3542 4545 3722 4602 servi-

285 4636 397 4692 υἱιὶ
431 4635 523 4692 ait
551 4632 890 4707 Apostolus,
914 4648 1022 4689 nou
1084 4633 1286 4704 repulit
1338 4638 1476 4688 Deus
1520 4633 1730 4704 plebem
1783 4652 1962 4702 suam,

290 4742 467 4797 quam
484 4724 792 4796 praesciuit,
813 4720 1385 4794 praedestinationem
1410 4720 1741 4794 significare
1757 4723 1968 4781 voluis-

290 4822 360 4870 se
386 4811 727 4885 :prtescivit
747 4809 905 4867 enim
927 4808 1206 4882 reliquias
1228 4826 1376 4882 quas
1399 4811 1723 4865 secundum
1745 4811 1971 4869 electio-

292 4917 437 4958 nem
472 4901 679 4975 gratia“:
710 4899 901 4955 fuerat
929 4899 1055 4971 ipse
1084 4899 1348 4953 facturus
1373 4915 1386 4953 :
1411 4897 1521 4954 hoc
1552 4902 1639 4954 est
1669 4915 1804 4973 ergo
1826 4918 1968 4973 prae-

292 4988 658 5057 destinavit;
698 4987 825 5045 sine
852 4986 1030 5043 dubio
1061 4987 1218 5043 enim
1249 4987 1561 5061 praescivit,
1593 4989 1641 5043 si
1672 4990 1971 5061 praedesti-

284 5080 498 5147 ﬁavit;
532 5078 639 5135 sed
690 5076 1142 5150 prmdestinasse
1202 5080 1259 5132 et
1306 5076 1415 5131 hoc
1464 5076 1767 5149 praescisse
1817 5083 1972 5153 quod

300 5169 504 5225 fuerat
531 5168 660 5240 ipse
711 5166 1020 5236 facturus]
1054 5165 1198 5222 Ecce
1230 5165 1369 5238 quid
1405 5166 1569 5237 sequi
1625 5167 1854 5227 debeat.
1876 5171 1976 5243 qui

290 5257 479 5328 juxta
498 5255 661 5328 piam
684 5254 876 5312 sancti
900 5252 1087 5310 Patris
1109 5253 1561 5327 intelligentiam
1590 5271 1730 5312 sane
1757 5260 1814 5313 et
1836 5276 1980 5331 pure

2076 4643 2198 4694 tute
2228 4642 2285 4693 et
2318 4636 2651 4708 captivitate
2683 4636 2836 4691 exire
2867 4639 2923 4689 et
2951 4633 3184 4689 liberari
3225 4650 3340 4689 non
3374 4635 3585 4707 potest,
3609 4632 3723 4690 nisi

2079 4745 2181 4801 per
2212 4743 2344 4781 eum
2380 4725 2479 4796 qui
2513 4725 2629 4779 ait:
2657 4724 2718 4779 Si
2749 4739 2834 4778 vos
2872 4724 3048 4778 Filius
3087 4723 3421 4792 liberaverit,
3450 4730 3579 4779 tunc
3604 4737 3728 4778 vere

2081 4816 2241 4872 liberi
2268 4816 2425 4870 eritis
2450 4812 2628 4885 (Joan.
2658 4828 2776 4877 vm,
2798 4812 2909 4880 36).
2933 4811 3004 4866 Et
3032 4811 3158 4868 ideo
3179 4813 3413 4884 quando
3434 4811 3611 4868 homo
3632 4812 3731 4867 de-

2083 4904 2265 4963 seruit
2284 4902 2489 4967 Deum,
2517 4899 2821 4956 manifeste
2843 4904 2982 4956 tunc
3003 4900 3201 4956 amisit
3219 4901 3547 4958 libertatem
3570 4897 3728 4966 boni,

2082 5000 2140 5051 et
2169 5010 2285 5049 non
2317 4989 2600 5047 remansit
2628 4989 2793 5060 liber,
2819 4989 2931 5045 nisi
2972 4990 3044 5045 ad
3077 4990 3318 5046 malum.
3344 4990 3507 5047 Unde
3539 4987 3733 5046 nesci-

2086 5101 2220 5140 mus
2253 5099 2358 5137 cur
2386 5078 2518 5135 talis
2563 5079 2621 5134 in
2669 5096 2735 5135 eo
2778 5077 3022 5135 libertas
3070 5079 3277 5136 debeat
3322 5079 3733 5152 praedicamus

2088 5191 2203 5229 non
2236 5170 2431 5244 potius
2462 5168 2640 5224 deleri
2670 5173 2727 5224 et
2756 5167 2963 5224 caveri.

2161 5262 2236 5333 (α)
2260 5259 2422 5325 Quod
2454 5262 2648 5314 autem
2682 5258 2979 5329 dicit,sine
3009 5258 3213 5313 laboris
3241 5257 3439 5325 studio,
3470 5264 3521 5311 et
3548 5270 3734 5328 coope-

1329 5352 1543 5407 NO'I‘AE
1581 5352 1915 5414 DUVALLII
1953 5358 2315 5418 DOCTORIS
2354 5356 2751 5412 SORBONIGI.

302 5457 427 5498 nus
454 5441 528 5514 de
558 5438 1077 5514 praedestinatione
1103 5441 1175 5495 ad
1196 5441 1443 5514 gratiam
1467 5441 1983 5514 loquitur.—~Vag-

304 5528 460 5587 quez
492 5510 920 5589 iri—quaestione
949 5512 1037 5589 23,
1081 5510 1297 5589 ipa'rt.
1327 5518 1387 5569 D.
1422 5510 1687 5583 'I‘ho'maz;
1740 5518 1975 5589 Suarez,

306 5582 706 5659 opusculo’de
737 5582 1273 5659 Ergadestinatione.

390 5657 463 5727 (α)
521 5656 674 5713 Cum
740 5652 1071 5725 Pelagianis
1128 5654 1367 5712 tollebat
1423 5655 1667 5726 Erigcna
1727 5661 1975 5731 gratiam

2102 5447 2570 5522 praevenientem,
2600 5449 2655 5501 et
2684 5442 2869 5522 solum
2901 5446 3307 5522 cooperantem
3338 5439 3596 5522 gratiam.
3620 5442 3739 5497 sta-

2097 5512 2261 5576 tuere
2292 5519 2615 5583 videbatur,
2647 5515 2804 5588 quod
2830 5512 3071 5588 acriter
3100 5513 3307 5588 refellit
3349 5512 3743 5588 Augustinus,

2093 5596 2158 5648 ut
2189 5592 2357 5647 docet
2388 5584 2795 5654 Bellarminus,
2830 5585 2932 5642 lib.
2965 5604 3040 5652 v1,
3075 5603 3126 5641 c.
3162 5587 3246 5653 15,
3282 5584 3466 5640 οοηοίζ
3501 5586 3553 5640 4.
