4126 6200
460 269 574 331 115

1554 268 1782 332 FLORI
1824 262 2140 329 DIACONI
2184 263 2759 330 LUGDUNENSIS.

3743 260 3856 324 116

456 406 630 463 rantis
658 404 861 476 gratia:
889 403 1027 461 dono
1064 402 1337 461 hominem
1372 402 1444 458 ad
1479 408 1647 460 Deum
1679 401 1965 474 pervenire
1990 414 2097 455 non
2127 394 2183 463 Α
2209 396 2507 470 Scriptura
2534 401 2804 468 testatur,
2828 415 2935 457 nec
2965 396 3117 457 sicut
3145 396 3364 455 donum
3393 395 3516 465 Dei,
3540 411 3673 453 cum
3694 394 3861 453 intel-

454 514 627 570 posse.
660 495 825 552 aliter
870 495 1015 550 ﬁdes
1065 492 1349 549 catholica
1399 496 1576 557 tenet,
1603 509 1730 563 quae
1780 489 2105 546 certissime

459 587 663 652 credit,
678 586 848 658 juxta
871 582 1266 656 evangelicam
1291 586 1348 637 et
1376 579 1757 653 apostolicam
1778 578 2102 645 veritatem,

460 676 622 732 nullo
645 676 796 731 bono
814 690 1004 746 opere,
1020 672 1178 727 nullo
1196 672 1346 727 bono
1369 671 1575 725 merito
1598 667 2107 742 prazcedente,solo

460 766 660 839 gratiae
679 764 884 821 divinae
907 760 1185 818 beneficio
1207 760 1503 815 hominem
1521 757 1730 814 salvari
1747 761 1802 813 et
1817 757 2012 813 venire
2031 756 2104 811 ad

460 856 666 912 Deum.
688 853 851 909 Sicut
880 851 1004 919 ipse
1038 848 1318 905 Dominus
1339 848 1514 903 dicit:
1539 848 1702 903 Nemo
1728 853 1899 918 potest
1926 847 2109 901 venire

462 945 532 1001 ad
561 961 664 1011 me,
689 943 802 999 nisi
824 943 1006 1005 Pater,
1031 940 1127 1011 qui
1144 939 1301 993 misit
1320 953 1425 998 me,
1451 937 1684 992 traxerit
1703 952 1828 992 eum
1850 935 2107 1007 (locum,

463 1036 574 1102 44).
599 1034 668 1088 Et
713 1027 1025 1102 Apostolus
1057 1025 1508 1099 diligentissime
1555 1023 1810 1081 inculcat
1840 1023 2111 1078 fidelibus

463 1123 699 1178 dicens:
726 1121 792 1174 Ei
818 1126 1000 1173 autem
1041 1119 1139 1187 qui
1181 1132 1291 1170 non.
1342 1120 1615 1185 operatur,
1647 1113 1886 1169 credenti
1931 1118 2110 1167 autem

462 1217 521 1269 in
553 1228 677 1267 eum
715 1209 812 1280 qui
842 1206 1110 1278 justiﬁeat
1139 1206 1391 1276 impium,
1424 1210 1707 1275 reputatur
1735 1202 1852 1274 ejus
1881 1200 2012 1272 ﬁdes
2043 1200 2114 1255 ad

450 1302 729 1374 justitiam
759 1298 932 1367 (Rom.
961 1313 1037 1359 1v,
1069 1295 1146 1363 5).
1181 1294 1248 1348 Et
1280 1293 1491 1348 iterum
1522 1308 1535 1346 :
1571 1291 1923 1346 Arbitramur
1945 1291 2110 1361 justi-

459 1392 617 1464 ﬁcari
644 1388 921 1444 hominem
944 1400 1014 1439 ea:
1041 1382 1153 1455 ﬁde
1192 1383 1312 1437 sine
1359 1381 1611 1453 operibus
1657 1381 1791 1450 legis
1821 1380 1995 1448 (Rom.
2028 1396 2112 1464 m,

457 1481 574 1548 28).
597 1480 666 1533 Et
697 1492 768 1531 ne
800 1472 1007 1530 saltem
1040 1472 1229 1544 ipsam
1261 1471 1434 1526 ﬁdem
1476 1468 1587 1526 sibi
1618 1470 1984 1542 deputarent,
2011 1463 2112 1538 qui

460 1568 705 1627 veniunt
737 1564 808 1619 ad
840 1563 1021 1618 Deum
1056 1563 1229 1632 atque
1261 1559 1343 1614 ita
1370 1558 1526 1614 velut
1559 1557 1648 1614 sui
1683 1557 1876 1630 operis
1909 1555 2116 1611 merito

464 1664 523 1716 et
555 1673 670 1711 non
701 1650 957 1726 gratuita
986 1649 1087 1705 Dei
1121 1650 1272 1705 dono
1295 1665 1355 1704 se
1388 1651 1660 1720 putarent
1682 1663 1810 1702 esse
1840 1644 2113 1711 salvatos,

2210 486 2416 560 ligitur
2446 488 2675 561 proprie
2698 488 2952 562 Spiritus
2977 492 3239 555 sanctus,
3262 487 3511 543 refertur
3529 487 3600 543 ad
3633 486 3858 542 Patrem

2214 581 2272 631 et
2295 575 2529 643 Filium,
2546 579 2717 648 cujus
2742 582 2831 633 est
2860 578 3100 634 donum.
3123 578 3240 633 Ista
3259 592 3513 649 namque
3535 576 3596 630 in
3615 574 3717 631 illa
3736 591 3863 631 san-

2214 668 2307 720 cta
2329 668 2387 720 et
2406 682 2641 721 summa
2660 665 2949 722 Trinitate
2975 666 3057 721 sic
3078 666 3412 722 referuntur
3432 665 3503 721 ad
3524 664 3866 729 invicem,ut

2215 752 2540 827 singularia
2560 754 2639 809 ibi
2662 754 2802 821 sint,
2822 771 2928 810 nec
2948 754 3198 811 alterum
3214 755 3286 810 de
3303 754 3484 810 altero
3505 753 3618 809 dici
3642 752 3863 826 possitr.

2218 859 2372 897 unus
2394 841 2550 898 enim
2577 842 2657 898 ibi
2680 848 2768 899 est
2785 844 2953 899 Pater
2970 843 3219 917 genitor,
3233 860 3389 899 unus
3408 842 3589 899 Filius
3609 841 3866 915 genitus,

2218 948 2373 986 unus
2408 930 2662 1003 Spiritus
2702 935 2941 988 sanctus
2984 932 3337 1004 procedens:
3362 947 3545 986 unum
3586 930 3865 997 Verbum,

2218 1025 2275 1076 et
2302 1018 2520 1093 imago,
2547 1025 2603 1076 et
2632 1020 2909 1094 splendor
2956 1020 3145 1076 Patris
3187 1020 3342 1093 quod
3392 1024 3483 1075 est
3530 1018 3870 1093 unigenitus

2221 1108 2401 1165 Filius
2430 1126 2441 1164 :
2469 1127 2652 1165 unum
2687 1110 2905 1166 donum
2947 1110 3047 1165 Dei
3094 1108 3276 1165 Patris
3308 1112 3370 1165 et
3413 1108 3565 1177 Filii,
3592 1108 3746 1181 quod
3780 1112 3873 1164 est

2220 1197 2473 1270 Spiritus
2503 1202 2764 1254 sanctus.
2787 1198 2857 1253 Et
2884 1198 3006 1253 haec
3036 1197 3108 1253 de
3136 1196 3387 1271 singulis
3414 1195 3650 1270 singula
3675 1195 3757 1253 ita
3789 1194 3872 1253 ibi

2221 1285 2652 1360 intelliguntur,
2676 1290 2741 1341 ut
2769 1286 3235 1359 uniuscujusque
3257 1302 3515 1358 personae
3544 1284 3872 1358 proprietas

2223 1375 2293 1431 ad
2327 1374 2573 1431 alterum
2596 1376 2848 1431 transire
2878 1393 2993 1432 non
3027 1375 3210 1448 possit
3235 1391 3247 1430 :
3276 1373 3433 1430 verbi
3454 1373 3661 1447 gratia,
3687 1378 3753 1429 ut
3781 1374 3873 1429 vel

2226 1464 2394 1520 Pater
2421 1481 2683 1536 unquam
2710 1463 2890 1521 Filius
2912 1465 3027 1520 dici
3049 1464 3254 1538 possit,
3274 1463 3363 1520 vel
3394 1462 3575 1520 Filius
3596 1462 3877 1519 naturali-

2225 1558 2314 1609 ter
2339 1554 2503 1610 Pater
2531 1552 3011 1627 intelligatur,vel
3043 1552 3297 1626 Spiritus
3327 1556 3566 1609 sanctus
3590 1551 3755 1609 Pater
3775 1556 3882 1608 aut

2226 1641 2425 1698 Filius.
2445 1642 2820 1698 Manifestum
2847 1647 2937 1699 est
2965 1642 3165 1716 igitur,
3187 1646 3253 1697 ut
3282 1641 3560 1709 diximus,
3590 1641 3729 1714 quia
3757 1658 3880 1697 non

465 1740 849 1804 ostenditalio
871 1739 995 1795 loco
1013 1738 1188 1794 etiam
1211 1737 1402 1809 ipsam
1418 1736 1592 1792 ﬁdem
1610 1735 1708 1791 Dei
1727 1736 1949 1791 donum
1966 1750 2114 1799 esse,
2144 1767 2194 1833 B
2227 1730 2308 1786 ita
2337 1731 3042 1833 refertur‘praadestinatio
3091 1732 3163 1787 ad
3212 1731 3418 1799 Deum,
3446 1730 3601 1831 sicut
3630 1730 3884 1788 refertur

463 1853 597 1893 cum
620 1832 795 1888 dicit:
824 1829 1007 1886 Gratia
1038 1828 1183 1884 salvi
1207 1829 1345 1899 facti
1371 1827 1518 1892 estis,
1539 1841 1638 1896 per
1667 1824 1859 1896 ﬁdem;
1887 1827 1945 1879 et
1974 1840 2109 1879 con-

461 1925 625 1982 tinuo
658 1918 965 1992 subjungit
989 1934 1002 1972 :
1026 1919 1091 1973 Et
1120 1917 1218 1972 hoe
1245 1932 1356 1972 non
1376 1931 1444 1971 ea:
1464 1914 1642 1980 vobis;
1666 1916 1770 1970 Dei
1786 1913 1990 1968 donum
2009 1921 2106 1980 est,

460 2032 569 2071 non
597 2029 667 2068 ex
691 2010 962 2083 operibus,
986 2022 1055 2062 ne
1084 2008 1207 2078 quis
1236 2006 1502 2074 glorietur
1525 2004 1690 2075 (Eph.
1726 2020 1784 2069 ιι,
1813 2003 1867 2067 8,
1896 2002 1974 2069 9).
1999 2001 2111 2058 Un-

458 2104 529 2159 de
551 2102 729 2158 etiam
764 2099 937 2163 Deus,
963 2095 1116 2150 sicut
1144 2094 1270 2167 ipse
1310 2091 1625 2165 Apostolus
1665 2094 2105 2158 commemorat,

455 2209 557 2265 per
586 2187 931 2261 prophetam
964 2183 1140 2239 dicit:
1172 2185 1428 2238 Inventus
1455 2198 1579 2236 sum
1607 2197 1640 2235 α
1667 2196 1775 2236 non
1809 2181 2106 2252 quaerenti-

454 2282 550 2337 bus
579 2294 665 2333 me
690 2295 707 2331 :
733 2277 924 2348 palam
953 2273 1190 2344 apparui
1213 2273 1299 2327 his
1329 2272 1426 2342 qui
1446 2268 1532 2326 ine
1550 2286 1662 2325 non
1692 2270 2107 2337 interrogabant

451 2371 578 2441 (Isa.
606 2382 730 2420 LXV.
755 2365 864 2431 11).
886 2360 988 2416 Vel
1011 2360 1165 2416 sicut
1202 2360 1262 2415 in
1309 2363 1510 2415 nostra
1545 2357 1799 2414 editione
1839 2356 2054 2428 legitur
2085 2374 2099 2412 :

453 2458 801 2527 Quarsicrunt
826 2468 911 2507 me
939 2452 1037 2522 qui
1079 2456 1202 2505 ante
1247 2465 1358 2505 non
1405 2448 1834 2517 interrogabant,
1883 2448 2100 2502 invene-

449 2553 581 2602 runt
611 2545 709 2616 qui
744 2556 854 2596 non
898 2540 1238 2611 quaesierunt
1282 2554 1386 2592 me.
1420 2537 1563 2591 Ecce
1618 2532 2103 2590 manifestissima

450 2633 638 2709 gratia
666 2631 794 2687 sine
823 2628 1119 2701 operibus,
1147 2642 1250 2699 per
1279 2641 1455 2697 quam
1490 2623 1759 2679 homines
1793 2639 1907 2678 non
1939 2640 2100 2695 quae-

451 2728 644 2780 rentes
674 2721 881 2785 Deum,
905 2734 1022 2773 non
1054 2715 1245 2771 solum
1275 2712 1536 2780 veniunt,
1562 2713 1663 2770 sed
1694 2712 1868 2769 etiam
1901 2728 2099 2784 perve-

452 2813 625 2869 niunt
645 2811 717 2866 ad
742 2809 926 2864 Deum
953 2823 966 2862 :
993 2805 1145 2861 sicut
1168 2803 1477 2859 innumera
1498 2800 1870 2874 parvulorum
1894 2799 2097 2867 millia,

452 2901 553 2975 qui
584 2899 786 2969 utique
825 2893 972 2951 nihil
1020 2893 1155 2949 boni
1186 2892 1411 2964 operari
1464 2895 1798 2963 potuerunt,
1833 2889 1957 2945 sola
1986 2889 2100 2944 ﬁde

451 2988 719 3046 Ecclesiae
742 2988 798 3041 et
816 2981 1273 3055 regenerationis
1308 2979 1513 3053 gratia,
1538 2996 1670 3034 cum
1710 2978 1771 3034 in
1802 2978 1904 3034 tali
1934 2982 2099 3034 aetate

452 3096 519 3136 ex
549 3093 702 3151 aqua
731 3078 787 3130 et
817 3072 1039 3145 Spiritu
1072 3070 1277 3137 renati,
1306 3074 1363 3125 et
1391 3068 1694 3142 originalis
1725 3068 1944 3142 peccati
1971 3068 2097 3123 vin-

2224 1821 2394 1876 Pater
2420 1821 2490 1876 ad
2520 1820 2752 1887 Filium,
2778 1820 2958 1876 Filius
2980 1821 3052 1876 ad
3084 1824 3337 1887 Patrem,
3360 1819 3613 1892 Spiritus
3636 1823 3882 1877 sanctus

2219 1909 2290 1964 ad
2316 1910 2547 1966 Patrem
2569 1914 2626 1965 et
2648 1908 2880 1965 Filium.
2906 1910 3104 1982 Neque
3124 1908 3282 1966 enim
3312 1908 3745 1982 praedestinatio
3776 1908 3883 1965 ali-

2218 2014 2335 2071 qua
2363 2004 2456 2054 est
2484 1998 2713 2071 proprie
2745 1999 2803 2054 in
2826 1998 3113 2055 Trinitate
3141 2015 3422 2071 personui,
3448 2001 3515 2054 ut
3533 1998 3605 2053 ad
3628 1997 3878 2054 alteram

2215 2092 2353 2143 natu
2363 2087 2563 2144 raliter
2594 2088 2894 2145 referatur.

2287 2177 2558 2233 Refertur
2588 2182 2782 2233 tamen
2815 2176 3056 2233 omnino
3087 2177 3288 2233 eadem
3335 2174 3764 2249 praedestinatio
3795 2176 3869 2232 ad

2214 2264 2422 2332 Deum,
2448 2265 2507 2320 id
2538 2269 2628 2321 est
2650 2266 2723 2321 ad
2756 2269 2938 2321 totam
2985 2263 3161 2320 simul
3194 2264 3561 2331 Trinitatem,
3588 2281 3715 2337 qua:
3744 2268 3876 2321 tota

2212 2358 2301 2410 est
2344 2354 2766 2427 praedestinans
2813 2371 3177 2427 quacunque
3220 2353 3633 2427 praedestinata
3670 2357 3857 2411 sunt:

2211 2443 2352 2514 quia
2376 2444 2598 2516 absque
2617 2444 2794 2499 dubio
2816 2444 3065 2500 refertur
3084 2442 3517 2516 praedestinatio
3538 2443 3608 2498 ad
3638 2442 3865 2516 praede-

2211 2531 2550 2600 stinantem,
2578 2532 2730 2588 sicut
2762 2538 2819 2588 et
2847 2532 3195 2605 gubernatio
3226 2532 3295 2587 ad
3337 2531 3781 2604 gubernantem,
3804 2535 3870 2588 et

2210 2619 2514 2692 dispositio
2545 2621 2618 2676 ad
2651 2619 3081 2692 disponentem,
3097 2623 3155 2676 et
3176 2618 3470 2675 ordinatio
3491 2620 3565 2675 ad
3587 2618 3868 2675 ordinan-

2207 2712 2345 2764 tem.
2371 2709 2486 2765 Nec
2508 2707 2722 2781 aliquis
2744 2725 3008 2779 unquam
3035 2713 3156 2764 tam
3181 2708 3434 2764 absurde
3454 2711 3511 2763 et
3531 2708 3871 2780 importune

2209 2797 2610 2853 contentiosus
2629 2797 2759 2866 fuit,
2779 2802 2842 2851 ut
2861 2797 3041 2852 Deum
3066 2796 3267 2853 omnia
3286 2796 3694 2869 disponentem
3718 2795 3877 2853 dice-

2209 2890 2295 2942 ret
2315 2902 2443 2942 esse
2465 2886 2943 2959 dispositionem;
2975 2885 3175 2942 omnia
3195 2885 3621 2958 gubernantem
3649 2885 3878 2942 diceret

2208 2990 2335 3030 esse
2358 2975 2841 3046 gubernationem
2860 2992 2874 3041 ;
2900 2974 3099 3030 omnia
3115 2973 3483 3031 ordinantem
3503 2974 3720 3030 diceret
3738 2991 3875 3031 esse

2208 3063 2671 3132 ordinationem;
2706 3067 2986 3136 putamus
3016 3063 3170 3136 quod
3204 3079 3310 3118 nec
3337 3062 3535 3118 omnia
3565 3063 3871 3135 praedesti-

452 3168 580 3223 culo
604 3137 880 3228 absoluti:
898 3165 1074 3232 atque
1096 3160 1179 3215 ita
1199 3158 1415 3214 fuerint
1435 3137 1963 3230 defuncti,—absque
1986 3156 2107 3212 ulla
2134 3137 2178 3204 C
2218 3152 2413 3209 nanda
2437 3152 2953 3224 praedestinantem
2978 3150 3291 3224 quisquam
3326 3150 3537 3206 dixerit
3564 3167 3690 3206 esse
3721 3168 3870 3224 prae-

450 3252 813 3312 dubitatione
833 3251 905 3305 ad
925 3250 1109 3304 Deum
1135 3248 1496 3320 perveniunt.
1512 3246 1695 3301 Aliter
1710 3263 1844 3319 ergo
1862 3245 2096 3310 sentire,

447 3345 507 3400 id
539 3348 629 3399 est
659 3338 955 3396 hominem
986 3338 1205 3408 absque
1236 3334 1451 3390 laboris
1485 3335 1575 3389 sui
1608 3333 1803 3389 studio
1824 3335 1893 3389 ad
1921 3339 2101 3389 Deum

447 3429 747 3505 pervenire
769 3445 885 3483 non
916 3438 1109 3498 posse,
1136 3441 1248 3479 non
1282 3428 1372 3479 est
1400 3422 1779 3489 catholicum,
1804 3423 1902 3478 sed
1940 3422 2100 3478 Pela-

447 3522 709 3594 gianam.
729 3516 1029 3572 Invenitur
1048 3514 1105 3569 in
1126 3512 1320 3568 libello
1340 3513 1511 3583 cujus
1535 3511 1742 3567 titulus
1754 3515 1842 3567 est
1859 3511 2116 3583 Dogma-‘

448 3617 574 3665 tum
602 3602 1448 3673 Ecclesiasticorum,quandam
1481 3599 1617 3656 talis
1647 3599 1906 3655 definitio
1927 3601 2099 3668 (Gen-

451 3699 583 3754 nad.
620 3697 685 3751 de
716 3696 855 3749 Eccl.
879 3694 1135 3762 dogmat.,
1162 3708 1287 3762 cap.
1311 3690 1423 3761 2|).
1450 3690 1557 3743 Sed
1592 3688 1851 3751 omnino,
1876 3694 1942 3744 ut
1962 3687 2103 3744 dixi-

452 3804 586 3841 mus
614 3783 786 3855 (sicut
816 3786 872 3836 et
903 3781 1018 3836 alia
1050 3778 1333 3835 nonnulla
1362 3778 1418 3833 in
1454 3779 1655 3834 eodem
1689 3777 1925 3847 libello),
1950 3777 2103 3833 Pela-

452 3872 607 3947 giani
630 3869 843 3927 erroris
865 3874 970 3924 est.
993 3869 1060 3922 Et
1079 3865 1207 3921 ideo
1224 3865 1560 3937 quicunque
1578 3882 1709 3919 eum
1735 3867 1969 3936 propter
1988 3863 2103 3919 alia

454 3962 719 4034 quaedam
749 3957 913 4013 utilia
944 3955 1105 4026 legit.
1129 3971 1263 4009 cum
1287 3953 1624 4024 hujusmodi
1658 3951 1737 4007 ibi
1770 3969 1981 4008 sensus
2010 3952 2099 4008 in-

450 4050 690 4114 venerit,
716 4045 1051 4103 meminerit
1090 4042 1334 4099 sollicite
1369 4041 1627 4114 Apostoli
1668 4040 1952 4095 dicentis:
1976 4043 2102 4099 0m-

449 4140 547 4194 nia
572 4139 816 4209 probate,
839 4134 977 4207 quod
1008 4132 1207 4187 bonum
1235 4138 1313 4187 est
1339 4137 1506 4186 tenete
1538 4128 1584 4200 (I
1614 4128 1790 4183 Thess.
1824 4144 1877 4193 v,
1911 4127 2027 4194 21).

521 4226 699 4281 Addit
725 4227 858 4297 post
905 4223 1024 4277 haec
1073 4220 1169 4275 ille
1198 4224 1254 4274 et
1284 4218 1442 4285 dicit,
1477 4216 2008 4289 pra’destinationem
2040 4217 2100 4271 in

445 4317 550 4372 Deo
578 4313 877 4370 secundum
920 4310 1283 4367 substantiam
1328 4324 1458 4374 esse,
1490 4307 1715 4361 relative
1761 4314 1944 4361 autem
1968 4304 2101 4377 ﬁeri

442 4423 554 4461 non
580 4419 752 4474 posse.
779 4402 889 4456 Sed
915 4401 983 4455 de
1015 4399 1123 4453 hoc
1151 4397 1290 4469 quid
1325 4395 1493 4450 nobis
1524 4394 1735 4449 melius
1765 4400 1864 4448 aut
1894 4410 2098 4449 conve-

2210 3241 2661 3297 destinationem
2688 3258 2701 3296 :
2729 3257 2863 3297 cum
2889 3240 3010 3295 haec
3030 3240 3247 3307 omnia,
3266 3239 3419 3296 sicut
3432 3240 3558 3312 jam
3582 3239 3866 3309 diximus,

2210 3330 2266 3385 id
2300 3334 2390 3386 est
2421 3329 2746 3402 dispositio.
2763 3328 3130 3403 gubernatio,
3151 3327 3460 3396 ordinatio,
3482 3328 3867 3401 praedestina-

2209 3419 2308 3487 tio,
2334 3419 2522 3491 magis
2545 3419 2615 3473 ad
2639 3417 2926 3491 opera,vel
2952 3419 3022 3473 ad
3051 3416 3445 3490 operationem
3469 3418 3758 3475 Creatoris
3778 3436 3867 3475 re-

2210 3507 2449 3563 ferenda
2469 3507 2889 3579 intelligantur.
2907 3507 3017 3563 Sed
3041 3507 3170 3575 iste,
3198 3506 3428 3562 etiamsi
3455 3524 3603 3563 nova
3622 3511 3865 3564 conten-

2210 3597 2366 3651 tione
2384 3596 2446 3651 af
2448 3598 2477 3650 li
2487 3613 2677 3651 rmare
2693 3600 2936 3652 conetur
2954 3594 3036 3651 ita
3055 3613 3183 3652 esse
3199 3595 3381 3652 Deum
3398 3596 3867 3653 substantialiter

2211 3685 2806 3757 praedestinationem,
2825 3686 2979 3741 sicut
2998 3684 3319 3751 veritatem,
3336 3685 3674 3749 bonitatem,
3687 3684 3866 3756 justi-

2208 3774 2372 3840 tiam,
2391 3779 2455 3828 ut
2474 3790 2577 3845 per
2599 3774 2707 3830 hoc
2723 3774 2880 3830 velut
2900 3774 3182 3846 singulari
3212 3777 3440 3829 tantum
3458 3790 3701 3829 numero
3723 3790 3865 3846 prae-

2210 3862 2521 3917 destinatio
2544 3861 2791 3917 dicenda
2818 3861 3114 3918 videatur:
3145 3861 3297 3917 sicut
3325 3862 3609 3935 singulari
3629 3865 3863 3917 tantum

2210 3967 2453 4005 numero
2482 3949 2697 4005 dicitur
2726 3949 3149 4019 Deus,veritas,
3171 3949 3424 4015 bonitas,
3447 3949 3683 4020 justitia
3706 3968 3718 4004 :
3744 3968 3860 4006 non

2209 4043 2404 4095 tamen
2430 4040 2540 4094 ista
2564 4038 3068 4112 argumentatione
3089 4038 3318 4094 efficere
3344 4042 3534 4111 potest
3554 4042 3621 4095 ut
3641 4039 3859 4111 praede-

2208 4126 2446 4183 stinatio
2479 4127 2577 4182 Dei
2617 4127 2791 4182 etiam
2827 4125 3293 4182 substantialiter
3321 4127 3474 4182 Deus
3505 4126 3618 4182 dici
3651 4128 3858 4199 possit,

2208 4233 2323 4272 non
2345 4216 2639 4290 duplicem
2662 4216 2874 4272 habeat
2900 4217 3193 4282 effectum,
3210 4219 3267 4272 et
3287 4216 3479 4289 operis
3499 4215 3863 4272 distributio-

2207 4323 2340 4360 nem
2353 4351 2365 4370 ,
2379 4305 2602 4361 scilicet
2615 4305 2702 4360 vel
2728 4305 2787 4359 in
2812 4303 3231 4377 praeparatione
3239 4305 3541 4376 justorum
3559 4304 3631 4360 ad
3650 4303 3858 4375 vitam,

2203 4393 2289 4449 vel
2313 4394 2371 4448 in
2396 4393 2880 4465 praeordinatione
2907 4393 3222 4465 impiorum
3254 4393 3326 4448 ad
3363 4393 3863 4465 interitum:quia

446 4493 703 4548 nientius
733 4490 1016 4551 videatur,
1041 4489 1163 4557 jam
1198 4501 1397 4555 supra,
1432 4488 1494 4536 ut
1526 4481 1844 4553 potuimus,
1870 4482 2090 4537 dictum
2128 4501 2170 4566 ι)
2205 4488 2261 4537 et
2284 4481 2517 4553 justitia
2561 4482 2863 4537 verissime
2910 4482 3065 4537 Deus
3097 4481 3313 4538 dicitur
3343 4498 3357 4537 :
3393 4498 3498 4539 nec
3545 4498 3677 4537 cum
3730 4482 3863 4554 ipsa

443 4586 549 4637 est.
575 4582 794 4634 Tamen
827 4576 965 4649 quia
1002 4574 1097 4630 hic
1138 4571 1365 4628 addidit
1414 4568 1982 4642 prwdestinationem
2015 4569 2087 4624 ad

444 4671 625 4725 Deum
660 4665 897 4721 relative
926 4664 1041 4719 dici
1073 4680 1187 4718 non
1220 4676 1410 4734 posse,
1437 4658 1744 4713 manifeste
1769 4674 1882 4713 non
1906 4658 1987 4711 ita
2008 4674 2092 4713 re-

442 4759 627 4811 fertur
679 4752 1110 4825 praedestinatio
1160 4751 1231 4805 ad
1286 4750 1493 4813 Deum,
1529 4746 1681 4802 sicut
1727 4745 1977 4800 refertur
2031 4744 2093 4801 in

444 4847 646 4900 sancta
667 4840 969 4903 Trinitate,
993 4841 1158 4894 Pater
1177 4839 1246 4893 ad
1270 4838 1500 4899 Filium,
1526 4835 1705 4891 Filius
1734 4835 1805 4890 ad
1840 4834 2089 4902 Patrem,

443 4932 701 5004 Spiritus
728 4932 965 4983 sanctus
998 4927 1068 4981 ad
1104 4931 1438 4998 utrumque,
1463 4924 1550 4980 vel
1571 4924 1797 4997 genitor
1826 4923 1897 4978 ad
1929 4923 2092 4995 geni-

445 5026 592 5086 tum,
611 5018 842 5091 genitus
864 5017 932 5071 ad
960 5016 1303 5089 genitorem,
1320 5014 1640 5085 procedens
1661 5014 1732 5068 ad
1754 5017 2089 5083 utrumque.

443 5110 556 5165 Nec
585 5106 737 5162 sicut
756 5104 1011 5161 Verbum
1036 5103 1135 5159 Dei
1161 5119 1293 5157 cum
1321 5101 1686 5173 intelligitur,
1715 5101 1889 5156 Filius
1911 5101 2086 5156 refer-

2203 4575 2351 4626 Deus
2365 4587 2430 4625 su
2440 4569 2827 4626 bstantialiter
2843 4570 3430 4645 intelligitur,plurali
3446 4587 3692 4627 numero
3705 4576 3859 4627 recte

2200 4658 2561 4715 enuntiatur.
2582 4660 2651 4714 Et
2687 4664 2881 4715 tamen
2918 4659 3152 4731 justitia
3178 4659 3447 4731 Dei,quaa
3479 4658 3655 4716 etiam
3703 4660 3861 4717 Deus

2200 4754 2306 4816 est,
2328 4748 2454 4804 sine
2497 4748 2677 4804 dubio
2708 4747 3002 4820 duplicem
3049 4748 3226 4805 habet
3274 4748 3566 4815 effectum,
3589 4747 3864 4805 videlicet

2200 4837 2285 4893 vel
2320 4837 2380 4892 in
2410 4837 2878 4892 remuneratione
2919 4836 3228 4905 bonorum,
3250 4835 3342 4893 vel
3379 4836 3441 4893 in
3482 4835 3863 4893 damnatione

2203 4925 2667 4981 malorum.Cum
2689 4941 2825 4997 ergo
2851 4926 2922 4981 ad
2957 4925 3468 4997 praedestinantem
3493 4925 3680 4982 Deum
3703 4930 3861 4981 recte

2202 5014 2431 5068 dicatur
2448 5011 2683 5068 relative
2705 5012 3158 5085 praadestinatio,
3173 5012 3329 5068 sicut
3350 5014 3420 5069 ad
3445 5013 3858 5087 disponentem

2197 5101 2610 5173 dispositio,ad
2632 5102 3058 5172 gubernantem
3083 5101 3452 5173 gubernatio,
3478 5103 3550 5158 ad
3578 5101 3861 5158 ordinan-

442 5202 537 5253 tur
558 5196 629 5252 ad
652 5193 1076 5263 Patrem,cujus
1094 5196 1183 5246 cst
1198 5190 1473 5247 Verbum.
1490 5191 1558 5244 Et
1574 5206 1706 5244 cum
1730 5189 1883 5245 idem
1912 5189 2088 5244 Filius
2194 5194 2313 5245 tem
2341 5189 2650 5254 ordinatio,
2671 5189 2745 5243 ad
2780 5192 3119 5260 operantem
3151 5190 3430 5262 operatio,
3455 5192 3527 5247 ad
3559 5195 3857 5248 creantem

440 5286 653 5342 dicitur
676 5286 874 5353 imago,
890 5283 1139 5336 refertur
1158 5279 1428 5334 similiter
1449 5278 1519 5333 ad
1546 5277 1793 5344 Patrem,
1810 5279 1980 5348 cujus
2001 5282 2092 5337 est

437 5375 651 5446 imago.
676 5374 746 5428 Et
775 5388 909 5426 cum
942 5369 1153 5423 dicitur
1198 5367 1453 5439 splendor
1496 5366 1712 5434 glorim,
1740 5367 1985 5421 refertur
2014 5368 2085 5422 ad

438 5468 713 5516 :eternam
745 5460 960 5527 lucem,
984 5475 1052 5514 cx
1083 5474 1199 5530 qua
1230 5460 1336 5521 est,
1361 5460 1418 5512 et
1456 5457 1626 5526 cujus
1673 5452 1949 5525 splendor
1977 5460 2085 5512 est.

442 5549 655 5605 Candor
700 5557 777 5605 est
825 5550 974 5606 enim
1023 5547 1160 5602 lueis
1206 5554 1433 5603 aeternae
1479 5545 1628 5615 (Sap.
1659 5557 1763 5611 vu,
1791 5544 1906 5614 25),
1940 5545 2091 5600 sicut

2197 5277 2410 5335 creatio
2435 5294 2448 5330 :
2474 5283 2530 5332 et
2570 5276 2803 5332 etiamsi
2852 5275 3071 5348 aliquid
3107 5276 3331 5333 ratione
3379 5279 3610 5335 ostendi
3642 5267 3851 5350 possit,

2198 5363 2664 5424 substantialiter
2678 5364 2794 5419 dici
2812 5365 3021 5420 debere
3042 5366 3615 5437 prredestinationem
3637 5367 3856 5432 Dei,vel

2197 5452 2769 5529 praedestinationem
2811 5453 2996 5509 Deum
3024 5470 3037 5507 :
3063 5452 3277 5527 duplex
3319 5460 3515 5511 tamen
3555 5455 3683 5526 ejus
3712 5455 3854 5512 effe-

2198 5551 2326 5600 ctus
2356 5542 2668 5615 Scriptura-
2719 5548 2931 5599 sanctae
2984 5542 3272 5600 immobili
3321 5544 3563 5600 veritate
3593 5543 3852 5601 declara-
