4068 6190
243 346 358 407 133

1215 314 1448 417 uasa
1489 346 1903 411 aovaasus
1946 345 2321 414 JOANNEM
2366 352 2701 418 SCOTUM.

3512 347 3665 425 13.1

244 484 468 535 natura;
503 480 670 535 boum
706 497 741 536 a
769 484 882 536 Deo
919 481 1195 551 condita;
1230 486 1355 538 erat
1395 484 1454 537 in
1483 483 1684 538 honore
1713 480 1911 555 gratia:
1938 479 1997 553 Α
2024 484 2123 538 sed
2156 484 2225 539 de
2256 483 2354 541 illa
2384 486 2695 558 voluntate,
2715 507 2833 562 qua
2857 491 2945 547 vel
2976 508 3276 549 summum
3301 493 3518 551 bonum
3541 496 3667 552 dili-

246 565 356 623 sibi
391 583 428 622 a
460 571 578 623 Deo
609 566 854 623 collatae.
879 567 989 624 Sed
1020 567 1180 624 hunc
1211 567 1493 624 honorem
1517 567 1722 623 divime
1744 568 1910 623 boni-

248 654 389 712 tatis
419 661 477 712 et
507 656 734 729 gratiae,
758 657 913 713 unde
934 656 1175 713 haberet
1198 673 1309 713 non
1342 658 1633 725 intellexit,
1657 673 1792 713 cum
1818 657 1914 712 de-

248 748 407 801 serto
448 744 724 801 Creatore
771 746 843 801 de
892 762 954 802 se
1002 746 1397 818 praesumpsit,
1430 750 1507 813 et,
1540 746 1913 818 suggestione

244 833 569 906 serpentis,
602 832 721 889 Deo
761 832 972 889 similis
1003 838 1286 907 tanquam
1327 835 1437 890 sub
1479 834 1637 890 nullo
1668 833 1912 891 Domino

242 939 374 978 esse
402 923 765 996 concupivit.
784 922 949 979 Unde
973 928 1030 978 et
1060 923 1184 996 ipse
1215 923 1421 979 merito
1449 941 1485 979 a
1515 923 1783 979 Creatore
1813 924 1911 979 de-

244 1014 468 1083 sertus,
505 1014 669 1068 totus
699 1010 758 1067 in
791 1010 1047 1068 deterius
1076 1017 1472 1068 commutatus
1502 1016 1610 1080 est,
1634 1015 1690 1068 et
1718 1011 1915 1068 anima

243 1098 522 1156 videlicet
554 1103 613 1155 et
643 1116 884 1173 corpore
918 1117 931 1156 :
965 1099 1184 1166 anima,
1210 1099 1351 1173 quia
1390 1099 1610 1157 amissa
1648 1099 1916 1156 libertate

237 1187 519 1260 justitiae,
535 1187 756 1244 amissa
776 1188 1041 1244 libertate
1064 1190 1229 1245 bona:
1251 1188 1660 1259 voluntatis,et
1678 1194 1914 1262 peccato

245 1277 599 1334 dominante
622 1277 956 1350 depressus,
977 1295 1045 1333 ea
1065 1295 1193 1351 quae
1217 1295 1455 1335 sursum
1479 1282 1639 1349 sunt,
1660 1296 1916 1350 quierere

245 1365 524 1434 cessavit,
557 1370 616 1422 et
646 1366 871 1437 intima,
903 1366 1060 1422 velut
1106 1367 1296 1436 bruto,
1321 1373 1378 1423 et
1424 1368 1677 1440 pecudeo
1707 1384 1915 1439 sensu,

246 1455 568 1528 appetivit;
631 1472 871 1528 corpore
928 1473 1083 1524 vero,
1125 1455 1265 1528 quia
1322 1455 1529 1512 mortis
1584 1456 1916 1512 conditione

247 1545 579 1601 damnatus
606 1549 671 1599 ut
702 1544 763 1599 in
796 1549 1011 1600 terram
1035 1550 1092 1601 et
1117 1544 1435 1617 pulverem,
1465 1545 1619 1602 unde
1640 1550 1917 1617 sumptus

249 1640 356 1702 est,
393 1651 565 1690 more
604 1634 1011 1705 jumentorum
1059 1633 1496 1699 dissolveretur,
1531 1633 1671 1705 iusti
1702 1633 1916 1705 judicii

252 1724 615 1779 sententiam
645 1722 888 1796 excepit.
910 1723 1049 1779 Ecce
1071 1722 1143 1778 ad
1177 1725 1466 1794 quantum
1489 1722 1711 1778 malum
1743 1723 1919 1779 devo-

2021 569 2124 643 git,
2142 588 2274 628 cum
2298 579 2454 631 recta
2473 580 2581 643 est,
2600 578 2658 632 id
2682 583 2772 634 est
2792 579 3102 648 Deum,vel
3128 581 3399 639 intimum
3422 583 3663 653 bonum,

2022 676 2153 714 cum
2179 678 2356 732 prava
2379 669 2488 730 est,
2511 664 2568 720 id
2590 671 2678 722 est
2700 669 3012 725 mundum.
3036 675 3166 727 Haec
3194 672 3352 728 enim
3378 672 3664 741 voluntas,

2021 764 2156 803 eum
2180 767 2298 806 una
2322 751 2399 807 sit
2420 757 2628 810 natura
2646 772 2779 811 cum
2799 773 2866 813 ea
2890 757 3187 817 voluntate
3209 778 3326 834 qua
3346 779 3514 819 mens
3534 761 3666 818 dili-

2021 837 2106 908 git
2130 837 2407 911 seipsam,
2424 841 2677 898 multum
2697 847 2893 902 tamen
2917 846 3098 904 distat
3123 850 3422 907 affectione
3450 869 3463 907 :
3488 868 3667 924 quan-

2022 930 2150 982 tum
2173 927 2354 985 distat
2376 929 2529 986 inter
2548 932 2916 991 dilectionem
2940 936 3054 1004 sui,
3079 942 3136 993 et
3155 939 3523 997 dilectionem
3546 941 3665 1009 Dei,

2021 1014 2178 1071 inter
2204 1017 2575 1076 dilectionem
2633 1022 2745 1089 sui,
2779 1028 2836 1079 et
2876 1024 3249 1083 dilectionem
3308 1029 3531 1085 mundi.
3566 1029 3670 1086 llla

2022 1105 2181 1161 enim
2210 1105 2509 1165 voluntate
2560 1111 2815 1182 seipsam
2854 1118 3013 1170 amat
3046 1131 3060 1169 :
3092 1115 3205 1172 ista
3259 1117 3554 1175 voluntate
3581 1119 3669 1175 vel

2027 1197 2208 1249 Deum
2238 1195 2430 1267 diligit
2456 1214 2633 1270 super
2677 1216 2759 1268 se,
2788 1200 2874 1257 vel
2908 1205 3197 1260 mundum
3230 1205 3381 1262 infra
3427 1223 3507 1263 se.
3533 1210 3667 1273 Quae

2023 1286 2220 1339 tamen
2253 1284 2541 1354 voluntas,
2582 1292 2647 1342 ut
2692 1288 2972 1359 diximus,
2996 1297 3205 1350 natura
3263 1312 3380 1351 una
3424 1301 3532 1363 est,
3566 1297 3667 1353 sed

2025 1371 2325 1428 atl‘ectione
2354 1375 2606 1431 efficitur
2629 1378 2876 1436 diversa.
2904 1380 2968 1435 Et
2996 1380 3315 1454 singularis
3336 1388 3424 1440 est
3444 1385 3502 1440 in
3526 1385 3669 1442 dile-

2025 1460 2213 1517 ctione
2236 1462 2412 1528 sui,et
2434 1464 2737 1538 multiplex
2757 1467 2816 1523 in
2835 1468 3148 1526 dilectione
3173 1488 3364 1528 rerum
3384 1474 3669 1531 bonarum

2023 1548 2111 1604 vel
2133 1550 2420 1607 malarum
2441 1554 2659 1624 quibus
2674 1555 2927 1613 trahitur
2946 1557 3063 1614 sive
3080 1558 3440 1618 distrahitur.
3460 1564 3526 1618 Et
3540 1563 3670 1619 ideo

2026 1654 2160 1694 cum
2185 1638 2283 1695 illa
2301 1639 2571 1697 voluntas
2595 1648 2834 1712 naturis,
2854 1646 2924 1702 de
2944 1664 3063 1719 qua
3082 1648 3288 1706 beatus
3306 1652 3672 1723 Augustinus

2027 1727 2310 1798 disputat,
2330 1729 2385 1784 id
2408 1734 2497 1786 est
2519 1748 2636 1803 qua
2665 1749 2830 1789 mens
2851 1735 3043 1808 diligit
3072 1738 3349 1810 seipsam,
3373 1739 3520 1795 nihil
3551 1759 3674 1814 per-

251 1813 374 1913 luta
407 1818 502 1868 est
534 1812 798 1868 humana
826 1816 1055 1918 natura,
1086 1811 1304 1918 peccati
1338 1810 1546 1867 merito
1578 1816 1699 1912 tota
1727 1810 1784 1866 in
1802 1812 1917 1918 lde:
1946 1852 1995 1918 B
2029 1816 2210 1871 tineat
2232 1818 2307 1918 ad
2341 1817 2588 1876 liberum
2620 1822 2926 1879 arbitrium
2956 1829 3013 1881 et
3041 1824 3284 1883 liberam
3313 1810 3673 1885 voluntatem

253 1903 441 1958 terius
472 1905 859 1967 commutata,
880 1900 1146 1956 libertate
1168 1900 1240 1955 ad
1266 1900 1484 1956 bonum
1507 1901 1821 1967 amissa,et
1844 1900 1916 1955 ad

253 1991 451 2046 solum
487 1989 718 2045 malum
760 1988 1153 2063 appetendum
1192 1988 1393 2058 libera,
1420 1989 1533 2046 nisi
1573 1990 1702 2061 ejus
1732 1990 1921 2063 gratia

254 2085 505 2137 sanetur
536 2082 595 2135 et
637 2079 1080 2152 redintegretur,
1114 2080 1211 2151 qui
1248 2081 1395 2134 venit
1432 2095 1699 2150 quaerere,
1730 2089 1779 2134 et
1806 2080 1917 2135 sal-

252 2187 384 2227 rare
413 2169 562 2242 quod
584 2171 825 2241 perierat
856 2170 1005 2241 (Luc.
1029 2185 1142 2234 XIX,
1175 2169 1284 2239 10).

324 2259 613 2331 Angelica
641 2261 839 2313 autem
862 2262 1070 2312 natura
1091 2262 1378 2328 quantum
1409 2256 1465 2311 in
1487 2256 1716 2312 diabolo
1739 2263 1794 2313 et
1824 2276 1922 2313 an-

256 2349 406 2422 gelis
428 2350 565 2420 ejus
586 2347 919 2419 depravata,
937 2350 996 2401 et
1017 2345 1374 2402 horribiliter
1401 2346 1461 2401 in
1484 2346 1743 2402 deterius
1764 2364 1920 2402 com-

257 2443 491 2495 mutata
512 2435 838 2502 sit,amisso
872 2435 1051 2490 libero
1077 2434 1319 2490 arbitrio
1349 2436 1421 2492 ad
1455 2436 1770 2503 bonum,ut
1800 2453 1911 2491 non

258 2530 459 2585 solum
494 2528 571 2582 ad
606 2525 750 2581 illud
795 2523 1091 2580 ullatenus
1137 2540 1463 2597 assurgere,
1498 2524 1598 2581 sed
1646 2541 1753 2580 nec
1780 2524 1924 2581 velle

252 2621 381 2690 jam
409 2616 737 2689 possint,et
756 2615 828 2669 ad
852 2612 1042 2669 solum
1068 2613 1287 2668 malum
1314 2630 1616 2686 nunquam
1640 2614 1924 2669 mutanda

260 2707 493 2763 malitia
554 2704 839 2771 conversi,
873 2703 1008 2775 quis
1053 2703 1227 2775 digne
1283 2703 1470 2774 possit
1526 2719 1921 2775 expavescere,

262 2802 488 2870 quanto
522 2793 723 2850 minus
743 2792 934 2849 verbis
959 2790 1282 2864 explicare?
1299 2791 1446 2848 Nam
1468 2796 1524 2847 et
1549 2791 1806 2865 corporis
1826 2810 1926 2848 na-

264 2892 400 2944 tura
431 2886 565 2957 ipsa
593 2888 706 2952 est,
739 2886 796 2938 et
824 2897 988 2947 sana,
1015 2886 1072 2937 et
1101 2885 1353 2954 aegrota:
1386 2880 1487 2937 sed
1519 2897 1646 2953 quze
1679 2881 1828 2938 valet
1858 2898 1924 2938 ac

263 2980 422 3050 viget
441 2977 598 3031 bono
615 2970 1051 3042 sanitatis,ejus
1068 2969 1383 3027 amissione
1402 2969 1462 3025 in
1485 2969 1740 3026 deterius
1759 2987 1926 3027 versa

263 3070 549 3141 gravatur
574 3068 635 3120 et
678 3061 963 3134 afﬂigitur
991 3059 1194 3116 morbo
1232 3057 1617 3133 aegritudinis.
1650 3059 1761 3115 Sed
1793 3059 1920 3125 iste,

264 3158 367 3229 qui
392 3155 645 3211 liberam
662 3150 1044 3219 voluntatem,
1060 3153 1117 3205 et
1136 3148 1383 3205 liberum
1405 3148 1714 3204 arbitrium
1736 3148 1808 3203 ad
1830 3148 1925 3204 bo-

266 3222 571 3311 num,non
602 3239 791 3297 credit
829 3254 958 3295 esse
990 3239 1210 3295 bonum
1250 3238 1519 3293 humanae
1558 3237 1794 3305 mentis,
1820 3237 1920 3293 sed
1950 3222 1994 3288 C

263 3335 459 3406 ipsam
503 3334 784 3397 mentem,
841 3344 1030 3401 neque
1080 3344 1209 3384 esse
1239 3328 1297 3383 in
1332 3332 1546 3396 mente,
1570 3327 1672 3384 sed
1734 3327 1922 3399 ipsam

266 3427 554 3491 mentem,
583 3419 820 3474 videtur
853 3416 1216 3474 occasionem
1256 3433 1509 3484 sumere,
1536 3417 1692 3473 sicut
1711 3417 1838 3487 jam
1868 3421 1924 3472 et

263 3528 448 3584 supra
476 3509 762 3575 diximus,
785 3524 854 3563 ex
900 3507 1254 3578 quibusdam
1285 3506 1476 3562 verbis
1525 3508 1708 3562 sancti
1735 3507 1921 3577 Augu-

255 3603 395 3657 stini
426 3601 486 3655 in
522 3597 692 3653 libris
734 3597 805 3651 de
848 3596 1131 3651 Trinitate
1160 3597 1281 3665 (lib.
1306 3614 1362 3665 x,
1386 3614 1435 3653 c.
1462 3599 1521 3653 11
1557 3602 1614 3653 et
1644 3599 1752 3666 12),
1787 3613 1920 3653 cum

260 3690 358 3748 ille
396 3687 684 3744 veraciter
717 3684 956 3741 omnino
1003 3685 1177 3751 dicat,
1213 3690 1271 3741 et
1325 3692 1601 3754 mentem,
1627 3691 1684 3742 et
1731 3687 1921 3743 scien-

256 3781 401 3834 tiam
429 3776 667 3833 mentis.
693 3791 812 3846 qua
832 3772 1084 3846 seipsam
1108 3775 1359 3841 novit,et
1385 3776 1741 3833 voluntatem
1764 3794 1923 3833 men-

260 3869 337 3923 tis
365 3885 487 3939 qua
516 3866 779 3936 seipsam
805 3862 929 3918 vult
957 3867 1013 3918 et
1038 3861 1248 3936 diligit,
1274 3881 1450 3921 unam
1483 3881 1613 3921 esse
1644 3865 1922 3922 naturali-

262 3964 347 4012 ter
374 3953 801 4023 substantiam,
821 3968 948 4024 qum
979 3957 1037 4007 et
1083 3958 1173 4009 est
1214 3954 1536 4024 existendo,
1559 3960 1617 4011 et
1667 3955 1920 4028 seipsam

262 4044 527 4118 agnoscit
558 4042 821 4109 sciendo,
855 4047 912 4097 et
954 4042 1212 4114 seipsam
1250 4042 1373 4099 vult
1427 4044 1743 4116 diligendo.
1775 4044 1921 4101 Vere

262 4136 418 4190 enim
449 4134 559 4188 hoc
592 4137 806 4198 totum,
832 4131 890 4186 id
919 4136 1008 4187 est
1031 4137 1088 4188 et
1108 4149 1297 4204 mens,
1319 4136 1376 4189 et
1400 4132 1663 4202 scientia,
1679 4137 1735 4189 et
1756 4150 1922 4190 amor

262 4224 350 4279 sui
384 4220 865 4279 substantialiter
893 4237 1077 4276 unum
1109 4227 1267 4277 sunt.
1299 4222 1433 4287 Quae
1465 4226 1661 4278 tamen
1693 4223 1832 4289 duo,
1859 4223 1918 4279 id

261 4318 349 4369 est
377 4309 713 4376 scientiam,
738 4313 797 4365 et
833 4308 1188 4367 voluntatem
1234 4310 1471 4377 mentis,
1494 4328 1611 4383 qua
1662 4310 1917 4384 seipsam

264 4402 421 4457 novit
449 4405 507 4456 et
535 4398 750 4471 diligit,
772 4415 887 4454 non
921 4398 1063 4455 dicit
1094 4399 1189 4455 ille
1211 4417 1338 4457 esse
1360 4405 1617 4458 mentem
1639 4400 1917 4467 hominis,

2027 1922 2141 1977 quo
2162 1904 2249 1961 vel
2275 1907 2425 1962 bona
2446 1915 2823 1980 appetuntur,
2838 1912 2923 1968 vel
2947 1914 3122 1982 mala,
3142 1917 3241 1972 sed
3265 1920 3673 1975 tantummodo

2028 1994 2242 2049 mentis
2265 1995 2361 2063 sit,
2382 2001 2437 2052 et
2458 1999 2529 2053 ad
2562 1998 2751 2071 ipsam
2780 2002 3089 2072 referatur;
3118 2005 3315 2062 minus
3336 2007 3563 2075 callide,
3586 2008 3674 2065 vel

2026 2081 2206 2137 nimis
2227 2082 2406 2138 stulte
2433 2084 2542 2140 iste
2562 2088 2632 2141 ad
2631 2087 2830 2161 jungit
2849 2089 2901 2145 ei
2922 2089 3269 2161 libertatem,
3284 2100 3342 2149 et
3361 2100 3525 2151 vocat
3543 2113 3672 2152 eam

2028 2169 2277 2226 liberum
2320 2173 2648 2241 arbitrium,
2684 2178 2772 2233 vet
2820 2176 3062 2235 liberam
3112 2181 3487 2240 voluntatem.
3512 2188 3675 2252 Quod

2028 2260 2235 2316 beatus
2255 2263 2620 2335 Augustinus
2651 2265 2987 2324 nullatenus
3010 2270 3172 2338 dicit,
3187 2276 3245 2328 et
3272 2273 3425 2329 absit
3444 2279 3508 2330 ut
3528 2276 3677 2333 dice-

2031 2354 2134 2405 ret.
2151 2350 2291 2415 Quis
2314 2350 2471 2406 enim
2494 2352 2714 2409 nesciat
2741 2353 2893 2411 hanc
2923 2359 3138 2414 mentis
3157 2358 3535 2432 voluntatem,
3562 2380 3680 2436 qua

2031 2439 2283 2510 seipsam
2310 2439 2434 2495 vult
2462 2446 2519 2496 et
2548 2441 2760 2515 diligit,
2784 2444 3058 2502 omnibus
3078 2446 3419 2508 hominibus
3446 2457 3679 2509 natura-

2031 2526 2167 2582 liter
2195 2545 2323 2583 esse
2352 2546 2746 2600 communem,
2771 2539 2828 2588 et
2860 2550 3092 2607 semper
3131 2536 3301 2595 liberi
3349 2540 3574 2597 arbitrii
3604 2541 3676 2597 ad

2031 2614 2285 2687 seipsam
2317 2619 2681 2675 amandum?
2701 2622 2835 2687 Quae
2862 2623 3018 2678 enim
3053 2641 3218 2682 mens
3249 2627 3307 2683 in
3340 2628 3678 2687 hominibus

2033 2710 2141 2769 est,
2166 2705 2276 2759 nisi
2318 2708 2637 2763 amentium
2689 2713 2745 2764 et
2792 2711 3173 2782 dementium,
3207 2717 3378 2788 cujus
3409 2717 3679 2775 voluntas

2033 2809 2146 2848 non
2166 2794 2504 2851 naturaliter
2516 2796 2737 2864 velit,et
2757 2804 3014 2856 mentem
3037 2802 3129 2858 cui
3148 2803 3383 2871 inest,et
3398 2806 3677 2880 seipsam,

2033 2883 2375 2950 esse,vivere
2395 2884 2746 2942 incolumem
2767 2890 3151 2959 permanere?
3173 2892 3256 2947 Ad
3281 2892 3389 2949 hoc
3410 2894 3678 2951 omnium

2032 2970 2318 3027 mentium
2341 2972 2608 3030 voluntas
2629 2978 2718 3030 est
2746 2976 2947 3032 libera.
2963 2978 3112 3043 Quid
3134 2979 3291 3035 enim
3313 2980 3556 3039 liberius
3575 2984 3678 3039 tali

2029 3061 2345 3127 voluntate,
2362 3078 2489 3133 quae
2511 3068 2788 3131 mentem,
2803 3065 2895 3120 cui
2917 3065 3090 3135 inest,
3106 3067 3296 3141 diligit
3314 3086 3462 3139 esse,
3486 3071 3682 3146 diligit

2032 3150 2240 3218 vivere,
2257 3149 2446 3222 diligit
2466 3167 2579 3206 non
2602 3152 2789 3224 perire
2804 3155 2827 3207 Ρ
2840 3152 2926 3209 vel
2944 3153 3085 3226 quid
3108 3157 3297 3229 magis
3313 3159 3678 3231 superﬂuum

2030 3243 2088 3294 et
2118 3255 2563 3311 supervacuum,
2581 3246 2645 3297 ut
2672 3240 2808 3297 talis
2830 3241 3100 3300 voluntas
3118 3244 3444 3317 appelletur
3472 3248 3676 3319 libera,

2032 3344 2160 3400 quae
2180 3345 2483 3400 nunquam
2502 3334 2694 3402 potest
2707 3346 2835 3386 esse
2853 3330 3112 3401 aliud,ad
3126 3333 3486 3407 diligendam
3502 3338 3679 3406 se,vel

2032 3418 2104 3472 ad
2124 3423 2377 3473 mentem
2396 3420 2566 3489 cujus
2582 3422 2671 3475 est
2690 3437 2703 3474 :
2722 3426 2824 3475 aut
2842 3424 2906 3475 ut
2920 3422 3124 3477 eadem
3141 3423 3279 3479 talis
3294 3424 3566 3483 voluntas
3586 3443 3682 3501 ap-

2030 3505 2281 3578 pelletur
2300 3505 2549 3562 liberum
2571 3508 2902 3579 arbitrium,
2926 3525 3061 3565 eum
3083 3511 3393 3569 arbitrium
3415 3531 3543 3572 esse
3563 3532 3680 3573 non

2031 3595 2237 3668 possit,
2271 3595 2385 3651 nisi
2416 3596 2476 3651 in
2503 3596 2749 3653 diversis
2788 3597 2981 3666 rebus,
2998 3617 3127 3671 quae
3150 3600 3567 3672 discernendae,
3590 3605 3679 3661 vel

2031 3684 2442 3756 dijudicandze,
2472 3684 2560 3740 vel
2602 3685 2900 3759 eligendae,
2934 3688 3052 3744 sive
3092 3691 3466 3762 reprobandae
3496 3693 3681 3750 sunt?

2030 3774 2313 3830 Voluntas
2333 3791 2463 3830 vero
2484 3774 2698 3831 mentis
2719 3774 2864 3831 nihil
2882 3775 3035 3832 inter
3049 3778 3130 3834 sei
3138 3795 3305 3851 psam
3325 3781 3680 3839 diversitatis

2031 3862 2305 3929 inveniat,
2320 3864 2417 3919 sed
2447 3868 2505 3919 et
2527 3864 2780 3936 seipsam
2804 3881 3037 3937 semper
3055 3868 3356 3939 aequaliter
3375 3870 3601 3943 diligat,
3624 3877 3682 3928 et

2029 3951 2281 4008 naturali
2315 3968 2453 4024 pace
2493 3956 2669 4024 atque
2706 3954 2929 4009 unitate
2969 3971 3200 4028 semper
3228 3957 3340 4013 sibi
3372 3959 3675 4016 cohaereat.

2099 4041 2340 4096 Desinat
2369 4040 2564 4113 itaque
2596 4040 2803 4111 dicere,
2825 4059 2958 4098 cum
2990 4044 3061 4100 de
3088 4044 3270 4102 libero
3301 4046 3542 4103 arbitrio
3574 4047 3677 4103 ho-

2028 4130 2205 4186 minis
2237 4129 2448 4204 agitur,
2472 4146 2588 4202 quo
2618 4129 2705 4188 vel
2735 4132 2887 4188 bona
2907 4133 2979 4188 ad
3003 4133 3275 4203 salutem,
3296 4134 3391 4192 vel
3421 4136 3582 4192 mala
3602 4137 3674 4192 ad

2028 4218 2344 4292 perniciem
2359 4235 2526 4274 suam
2539 4218 2933 4292 diligit,talem
2948 4220 3303 4279 voluntatem
3322 4223 3535 4279 mentis
3546 4240 3674 4281 esse

2026 4306 2474 4375 naturam.Quia
2492 4306 2627 4363 licet
2646 4313 2703 4363 et
2730 4307 2860 4381 ipsa
2888 4308 2967 4364 sit
2989 4310 3204 4367 mentis
3231 4309 3522 4378 voluntas,
3545 4330 3673 4384 qum

2027 4402 2084 4454 et
2103 4397 2182 4453 sei
2191 4414 2375 4469 psam,
2392 4400 2451 4452 et
2468 4396 2589 4452 haec
2611 4397 2826 4470 diligit,
2848 4402 3044 4454 tamen
3066 4397 3182 4454 alia
3203 4399 3504 4456 affectione
3534 4400 3672 4456 dili-

261 4491 361 4545 sed
392 4489 451 4543 in
484 4493 684 4544 mente
713 4487 1004 4557 hominis;
1038 4493 1096 4545 et
1132 4489 1261 4545 ideo
1290 4490 1471 4562 hujus
1501 4489 1920 4564 disputationis
2024 4487 2110 4560 git
2130 4486 2651 4559 seipsam,quzeita
2671 4485 2955 4542 naturalis
2970 4492 3059 4542 est
3074 4491 3139 4542 ut
3159 4503 3463 4558 nunquam
3488 4493 3673 4545 mute-

262 4577 612 4634 manit‘estus
644 4580 733 4632 est
761 4591 942 4633 error.

332 4666 495 4733 Quod
512 4682 652 4721 cum
668 4664 741 4721 de
761 4663 944 4721 libero
963 4665 1203 4722 arbitrio
1219 4667 1719 4741 disputatur,quo,
1734 4669 1919 4727 libera

262 4755 518 4811 hominis
546 4752 870 4819 voluntate,
896 4752 983 4809 vel
1004 4753 1225 4809 bonum
1247 4754 1333 4810 vel
1355 4755 1577 4813 malum
1602 4758 1914 4830 appetitur,

259 4861 374 4901 non
392 4844 463 4900 de
478 4842 580 4898 illa
591 4841 893 4899 voluntate
909 4841 1101 4915 agitur
1112 4859 1228 4915 qua
1244 4859 1412 4899 mens
1429 4844 1621 4919 diligit
1636 4847 1911 4919 seipsam,

1943 4594 1990 4657 Ι)
2023 4587 2144 4647 tur;
2169 4576 2283 4633 alia
2303 4575 2606 4632 affectione
2627 4574 2821 4647 diligit
2848 4574 2981 4640 ista,
3004 4591 3133 4646 quas
3154 4576 3393 4632 omnino
3414 4578 3672 4634 variatur

2026 4674 2084 4726 et
2104 4671 2384 4734 mutatur,
2404 4664 2545 4719 dum
2567 4662 2655 4718 vel
2688 4663 2759 4717 ad
2791 4663 2947 4718 bona
2967 4663 3056 4719 vel
3085 4664 3159 4720 ad
3189 4664 3345 4721 mala
3373 4666 3673 4741 diligenda

2026 4755 2383 4815 convertitur
2402 4753 2508 4825 (a);
2540 4768 2678 4807 nam
2717 4750 2766 4805 si
2805 4751 2942 4807 talis
2978 4751 3248 4810 voluntas
3294 4755 3528 4824 mentis,
3554 4773 3671 4829 qua
3708 4750 3713 4755 ’

2025 4863 2140 4903 non
2161 4844 2415 4916 seipsam
2436 4857 2624 4909 mens,
2638 4840 2737 4895 sed
2769 4839 2883 4896 alia
2904 4839 2989 4897 vel
3011 4841 3165 4898 bona
3183 4841 3271 4899 vel
3300 4843 3456 4901 mala
3476 4844 3672 4919 diligit

1255 4966 1466 5023 NOTAE
1505 4968 1841 5027 DUVALLII
1880 4969 2233 5027 DOCTORIS
2272 4964 2672 5022 SORBONICI.

337 5075 409 5150 (α)
423 5074 547 5150 Non
570 5071 909 5150 assequitur
928 5072 1439 5150 mentem_Joannis
1451 5074 1710 5150 Erigonae
1722 5075 1915 5150 Eccle-

258 5143 352 5228 sia
380 5143 815 5228 Lugdunensis,
846 5148 1133 5228 quantum
1173 5143 1299 5228 ipse
1326 5143 1581 5228 possum'
1602 5148 1907 5228 conjicere.

254 5216 375 5271 Nec
393 5214 546 5273 enim
566 5216 710 5271 dicit
730 5214 921 5288 primo
937 5214 1556 5288 Erigenaivolu—ntatem
1575 5223 1632 5274 et
1651 5214 1910 5276 animam

256 5288 522 5364 ejusdem
552 5304 684 5364 esse
716 5286 963 5364 naturae,
986 5286 1085 5364 sed
1119 5286 1309 5364 solum
1329 5289 1689 5364 voluntatem
1722 5290 1910 5364 ipsius

256 5356 472 5415 mentis
493 5364 548 5414 et
568 5359 782 5434 animae
802 5357 863 5413 in
887 5356 1193 5434 dilectione
1213 5358 1479 5434 suipsius
1505 5377 1674 5434 agere
1705 5356 1771 5418 ut
1801 5380 1909 5419 na-

255 5434 473 5506 turam,
496 5447 613 5506 non
646 5433 846 5506 autem
864 5427 1232 5506 pt_liberam.
1257 5427 1656 5506 secundgfpie
1694 5433 1911 5506 pariter

255 5506 317 5573 et
347 5501 624 5557 catholica
656 5500 837 5556 sentit
864 5499 1113 5573 Erigena
1149 5516 1282 5573 cum
1323 5501 1465 5558 dicit
1491 5499 1814 5560 libertatem
1846 5503 1906 5560 in

2022 5076 2199 5133 etesia
2227 5071 2635 5146 Lugdunensis
2660 5072 2816 5145 quod
2839 5073 3084 5146 accipiat
3106 5074 3433 5132 libertatem
3464 5081 3528 5132 ut
3551 5094 3667 5133 ser-

2018 5149 2192 5205 vituti
2223 5144 2444 5218 peccati
2476 5144 2805 5216 opponatur
2824 5144 2995 5216 juxta
3026 5145 3167 5201 illud
3199 5147 3367 5203 Joan.
3391 5164 3527 5204 vm:
3558 5148 3667 5216 Qui

2018 5222 2156 5292 facit
2207 5224 2504 5292 peccatum,
2562 5232 2749 5292 servas
2795 5224 2874 5272 est

2019 5287 2147 5347 eam
2177 5287 2281 5362 pro
2302 5287 2590 5362 facultate
2636 5289 2709 5342 ad
2744 5287 3301 5362 _u_trumlibet,tam'
3321 5290 3393 5362 ad
3441 5289 3662 5345 bonum

2021 5357 2199 5434 quani
2247 5360 2320 5416 ad
2368 5358 2613 5425 malum,
2637 5357 2866 5434 accipit,
2887 5375 3065 5434 quam
3122 5358 3181 5414 in
3238 5359 3472 5415 homine
3514 5364 3663 5434 post

2017 5430 2322 5506 peccatum
2356 5445 2654 5506 remanere
2697 5447 2765 5485 ex
2795 5430 3135 5506 Augustino
3187 5434 3409 5506 certum
3441 5430 3549 5506 est,
3580 5431 3664 5488 ita

2018 5499 2084 5560 ut
2113 5501 2430 5575 disputatio
2460 5500 2569 5575 hoc
2599 5500 2724 5575 loco
2753 5499 3020 5575 videatur
3056 5501 3284 5575 essende
3313 5501 3568 5575 nomine.
3592 5534 3663 5575 τ-

2914 5219 3141 5292 peccati.
3174 5219 3421 5292 Erigone
3442 5226 3662 5292 tamen

254 5570 491 5630 homine
524 5579 658 5644 post
688 5570 1009 5648 peccatum;
1025 5572 1396 5648 remansisse,
1417 5574 1675 5648 vigorem
1709 5580 1907 5648 tamen
2014 5570 2428 5648 Bellarininus,
2462 5571 2561 5631 lib.
2595 5589 2632 5630 v
2669 5573 2740 5629 de
2781 5573 3000 5643 Gratia,
3052 5577 3110 5632 et
3154 5570 3256 5630 lib.
3288 5573 3451 5644 Arb.,
3482 5574 3662 5635 variis

254 5647 316 5705 et
338 5640 874 5721 potestatem'illius
895 5642 1166 5709 amisisse
1184 5644 1417 5723 :arguit
1434 5640 1631 5709 autem
1651 5662 1786 5710 eum
1808 5646 1908 5711 Eo—
2015 5647 2329 5727 capitibus.
