4126 6200
460 358 574 417 lilii

1558 351 1784 412 FLORI
1832 349 2145 424 DIACQII
2193 351 2765 414 LUGDUNENSIS.

3747 344 3864 410 136

456 491 672 564 quibus
693 493 795 554 aut
814 489 1198 556 beatificetur,
1213 490 1313 552 aut
1335 484 1546 550 misera
1567 483 1877 552 afficiatur,
1894 486 2108 558 natura,
2132 485 2186 562 Α
2215 483 2422 557 potuit,
2448 483 2559 540 nisi
2583 500 2686 557 per
2705 482 3166 555 redemptionem
3189 479 3379 540 crucis
3401 481 3458 536 et
3485 476 3688 536 mortis
3708 476 3866 534 Chri-

456 583 610 647 esset
639 577 917 648 hominis,
941 577 1093 643 sicut
1137 576 1248 632 iste
1278 573 1438 642 dicit,
1464 576 1566 628 aut
1609 572 1763 630 bona
1791 575 1946 628 esset
1975 576 2106 627 tan-

2216 573 2312 639 sti,
2341 573 2493 630 sicut
2533 571 2851 646 Apostolus
2883 572 2965 627 ait
2995 572 3067 632 ad
3100 570 3406 644 quosdam,
3437 568 3536 642 qui
3585 585 3648 628 se
3696 567 3866 626 aliter

454 670 780 740 tummodo,
805 671 908 723 aut
938 665 1112 738 mala,
1141 669 1198 720 et
1226 680 1294 720 ex
1324 662 1436 718 alio
1469 661 1526 716 in
1560 661 1716 716 aliud
1751 659 1964 716 mutari
1989 676 2104 720 non
2215 663 2504 735 putabant
2544 679 2714 734 posse
2753 660 3068 733 justiﬁcari
3119 678 3132 715 :
3183 661 3331 733 Ergo
3381 659 3626 718 Christus
3683 658 3868 730 gratis

454 764 671 832 posset.
697 757 825 813 Haec
855 755 1034 828 igitur
1053 752 1342 823 voluntas,
1369 750 1429 806 id
1461 755 1550 806 est
1579 749 1713 806 talis
1746 747 1970 805 affectio
1999 748 2106 804 hu-

458 865 640 906 mana:
663 845 979 916 voluntatis
991 845 1161 915 juxta
1187 840 1488 908 veritatem
1520 839 1957 912 Scripturarum
1978 837 2100 906 Dei,

455 955 490 994 a
513 939 663 994 bono
685 936 953 992 Creatore
973 933 1128 990 bona
1147 936 1203 986 et
1223 934 1381 987 recta
1401 934 1489 986 est
1510 928 1687 996 insita
1709 927 1952 993 homini,
1967 944 2102 986 cum

455 1030 766 1091 crearetur,
796 1023 915 1077 haec
949 1021 1027 1094 (in
1060 1021 1158 1076 illo
1197 1023 1540 1092 cooperante
1580 1017 1680 1073 Dei
1713 1017 1923 1089 gratia)
1953 1015 2106 1072 bona

454 1120 511 1171 et
542 1119 695 1170 recta
727 1110 1067 1185 permansit,
1093 1108 1356 1182 quandiu
1396 1106 1650 1162 Creatori
1694 1105 1786 1178 pie
1829 1104 2100 1162 obedivit.

454 1204 564 1261 Sed
598 1200 736 1274 quia
765 1204 824 1257 et
855 1200 984 1273 ipsa
1013 1198 1275 1254 humana
1295 1200 1506 1251 natura
1532 1195 1603 1250 ab
1635 1191 2103 1252 incommutabili

451 1295 718 1360 Creature
739 1288 1044 1350 mutabilis
1061 1286 1294 1343 condita
1310 1289 1482 1350 est,et
1497 1283 1630 1340 talis
1647 1284 1872 1340 affectio
1890 1284 2102 1339 mentis

450 1382 722 1438 humana:
741 1376 1010 1434 similiter
1031 1373 1334 1430 mutabilis
1352 1378 1459 1443 est,
1477 1373 1638 1429 stetit
1656 1371 1716 1427 in
1738 1373 1888 1428 bono
1913 1371 2027 1442 (adj
2041 1388 2101 1428 u-

450 1475 619 1530 vante
647 1468 746 1525 Dei
786 1465 995 1540 gratia)
1026 1469 1082 1518 et
1111 1463 1321 1518 cecidit
1366 1462 1436 1516 ad
1490 1460 1711 1517 malum
1743 1459 1968 1516 occulto
2003 1459 2099 1515 Dei

441 1559 686 1630 judicio,
713 1557 914 1611 eadem
958 1552 1146 1626 gratia
1189 1552 1435 1606 deserta.
1461 1551 1530 1604 Et
1561 1549 1736 1619 (sicut
1780 1548 2101 1621 saepissime

450 1647 673 1715 dictum
703 1648 816 1714 est)
846 1659 970 1715 qua:
1003 1645 1129 1697 erat
1158 1639 1341 1698 libera
1378 1639 1449 1694 ad
1482 1638 1722 1706 bonum,
1752 1638 1973 1704 amissa
2000 1636 2102 1694 illa

449 1734 603 1792 felici
645 1733 930 1798 libertate,
957 1729 1130 1804 cmpit
1159 1745 1287 1784 esse
1319 1728 1428 1783 sub
1461 1725 1680 1801 peccati
1734 1727 1949 1784 misera
1978 1743 2098 1784 ser-

450 1823 652 1880 vitute.

521 1914 572 1970 4.
596 1908 877 1984 Adiungit
906 1907 1002 1966 ille
1034 1906 1204 1980 quasi
1234 1904 1562 1962 deﬁniendo
1595 1921 1607 1959 :
1651 1906 1976 1962 Libertatem
2005 1903 2101 1959 ho-

450 2003 590 2064 mini
614 2009 734 2074 post
765 2006 1044 2072 peccatum
1083 1998 1428 2062 remansisse,
1453 1997 1688 2068 vigorem
1717 2003 1768 2051 et
1791 2002 2102 2067 potestatem

447 2093 564 2164 ejus
590 2090 909 2164 perdidisse.
941 2089 1005 2142 In
1026 2087 1243 2158 quibus
1265 2085 1458 2141 verbis
1487 2101 1597 2140 non
1625 2089 1712 2139 est
1733 2083 1958 2148 diutius
1979 2100 2100 2140 mo-

451 2182 700 2238 randum
724 2197 740 2233 :
766 2177 922 2252 quia,
950 2176 1102 2232 sicut
1132 2175 1450 2247 suprajam
1482 2173 1694 2246 smpius
1717 2172 2101 2244 diximus,qui

449 2276 584 2328 ante
626 2273 930 2342 peccatum
990 2269 1114 2322 erat
1172 2264 1365 2320 liberae
1394 2263 1730 2330 voluntatis,
1765 2267 1822 2318 et
1879 2266 2102 2318 naturae

448 2360 636 2423 bonae,
659 2364 716 2413 et
738 2357 889 2411 dono
927 2355 1126 2428 gratiae
1151 2354 1222 2409 ad
1257 2370 1558 2416 summum
1599 2357 1655 2407 et
1685 2357 1966 2407 internum
1999 2351 2102 2406 bo-

451 2465 615 2515 num,
635 2447 709 2502 ad
735 2446 890 2518 quod
913 2443 1186 2499 conditus
1216 2443 1405 2500 fuerat
1435 2441 1774 2508 amandum,
1804 2445 1860 2496 et
1881 2440 2104 2496 deside-

450 2537 721 2604 randum,
749 2533 1150 2605 quaerendum,
1179 2531 1592 2596 inveniendum
1619 2534 1676 2586 et
1708 2528 2102 2601 contemplan-

449 2627 612 2691 dum,
633 2623 924 2698 peccando
951 2622 1073 2693 [al.,
1097 2620 1354 2692 peccato]
1378 2619 1586 2674 cecidit
1617 2635 1650 2673 a
1684 2622 1844 2673 tanto
1867 2618 2103 2684 bono,et

447 2718 622 2787 factus
650 2721 726 2770 est
753 2729 937 2768 servus
961 2711 1186 2783 peccati,
1212 2708 1364 2776 sicut
1392 2707 1677 2764 Dominus
1709 2706 1832 2779 ipse
1853 2710 2104 2762 testatur

2131 1861 2180 1929 Β

2212 759 2459 807 mortuus
2489 759 2565 806 est
2585 751 2729 823 (Gal.
2755 767 2816 818 ιι,
2839 751 2950 819 2|),
2975 757 3024 806 et
3061 749 3180 806 haec
3207 755 3283 804 est
3307 748 3583 820 sapientia
3613 746 3776 814 verbi,
3804 747 3867 802 in

2213 857 2322 912 qua
2351 848 2641 900 evacuatur
2669 857 2809 898 crus:
2839 839 3042 896 Christi
3073 839 3121 910 (ι
3153 839 3281 896 Cor.
3317 854 3355 905 ι,
3404 838 3510 905 17).
3534 835 3680 894 Vere
3705 835 3864 896 enim

2214 929 2263 986 si
2294 933 2426 1002 post
2454 929 2613 987 aliud
2647 933 2950 1002 peccatum
2982 944 3176 984 veram
3207 926 3536 984 libertatem
3568 924 3742 985 homo
3769 924 3869 980 ha-

2213 1019 2346 1075 bere
2374 1019 2588 1091 potuit,
2615 1035 2728 1075 non
2749 1017 3003 1090 indiguit
3023 1015 3444 1088 redemptione,
3467 1031 3582 1074 non
3611 1012 3867 1085 indiguit

2214 1108 2598 1180 redemptore,
2623 1111 2680 1162 et
2709 1106 3044 1180 superﬂuus
3075 1110 3165 1162 est
3189 1105 3475 1162 adventus
3496 1101 3731 1174 Christi,
3757 1119 3862 1160 su-

2211 1198 2433 1270 perflua
2465 1201 2554 1253 est
2585 1202 2742 1253 mors‘
2773 1194 3005 1253 Christi.

2282 1287 2443 1353 Quod
2469 1290 2662 1344 autem
2687 1285 2828 1340 dicit
2849 1284 2959 1342 iste
2977 1295 3280 1357 peccantem
3299 1284 3571 1340 hominem
3594 1298 3702 1338 non
3726 1283 3864 1337 ami-

2209 1378 2344 1432 sisse
2371 1377 2677 1432 libertatem
2703 1375 2793 1430 sed
2842 1375 3014 1446 ipsius
3063 1374 3330 1428 libertatis
3381 1373 3618 1441 vigorem
3645 1378 3697 1426 ct
3720 1379 3864 1442 pote-

2208 1473 2420 1533 statem,
2444 1482 2558 1520 non
2598 1468 2750 1520 recte
2795 1462 2956 1528 dicit,
2977 1463 3116 1534 quia
3147 1480 3260 1518 non
3310 1465 3460 1518 recte
3507 1459 3702 1520 sentit.
3735 1459 3861 1514 Non

2209 1554 2366 1610 enim
2398 1555 2618 1610 bonum
2651 1552 2941 1612 libertatis
2979 1569 3048 1608 ex
3091 1555 3253 1624 parte
3299 1548 3488 1606 tenuit
3517 1551 3574 1605 et
3603 1565 3670 1604 ex
3699 1550 3865 1620 parte

2210 1643 2438 1710 amisit;
2473 1643 2596 1709 sed,
2625 1641 2779 1698 sicut
2826 1642 3105 1714 vigorem,
3138 1645 3195 1696 et
3233 1642 3577 1712 potestatem
3628 1636 3861 1696 liberta-

2210 1731 2306 1799 tis,
2334 1732 2415 1787 ita
2443 1731 2632 1804 ipsam
2667 1730 2920 1804 perdidit
2948 1729 3301 1802 libertatem,
3324 1733 3390 1784 ut
3412 1728 3540 1798 jam
3562 1744 3665 1800 per
3694 1743 3756 1782 se
3786 1726 3860 1785 ad

2209 1839 2410 1878 verum
2444 1821 2684 1888 bonum,
2722 1821 2875 1876 unde
2925 1817 3153 1887 cecidit,
3201 1817 3348 1874 liber
3395 1833 3524 1876 esse
3563 1832 3678 1872 non
3727 1832 3862 1886 pos-

2212 1911 2306 1968 sit.
2343 1910 2646 1966 Remansit
2682 1914 2878 1965 autem
2912 1907 3059 1964 liber
3106 1908 3178 1963 ad
3231 1905 3484 1974 malum;
3520 1905 3677 1978 quia,
3711 1904 3866 1960 sicut

2211 1999 2397 2055 libera
2423 1999 2720 2056 voluntate
2749 1997 3005 2054 deseruit
3044 1997 3285 2063 bonum,
3317 1995 3399 2052 ita
3429 1993 3608 2052 libera
3655 1991 3863 2054 volun-

2212 2093 2330 2145 tate
2362 2088 2607 2146 adhzesit
2654 2086 2828 2144 malo.
2855 2086 3040 2144 Habet
3070 2085 3266 2158 itaque
3312 2085 3486 2144 homo
3536 2087 3667 2155 post
3697 2081 3859 2138 illam

2211 2178 2647 2234 damnationem
2670 2176 2922 2233 liberum
2943 2175 3393 2246 arbitrium,quo
3415 2172 3648 2245 propria
3664 2171 3864 2228 volun-

2210 2269 2330 2321 tate
2361 2263 2630 2321 inclinari
2661 2267 2850 2336 potest
2879 2267 2934 2320 et
2961 2262 3275 2320 inclinatur
3303 2261 3376 2318 ad
3407 2260 3650 2328 malum,
3684 2259 3862 2322 habet

2211 2354 2462 2410 liberum
2485 2352 2815 2421 arbitrium,
2837 2369 2953 2424 quo
2976 2351 3162 2424 possit
3181 2366 3489 2423 assurgere
3511 2349 3584 2406 ad
3605 2349 3857 2416 bonum;

2211 2449 2274 2501 ut
2305 2448 2500 2504 autem
2532 2446 2802 2514 assurgat
2825 2441 2896 2500 ad
2929 2441 3149 2496 bonum
3181 2456 3294 2495 non
3328 2455 3455 2496 esse
3485 2437 3726 2511 propria:
3751 2437 3863 2493 vir-

2210 2533 2373 2600 tutis,
2396 2533 2498 2590 sed
2530 2531 2727 2605 gratia:
2761 2530 2860 2587 Dei
2894 2529 3248 2594 miserantis,
3275 2529 3454 2591 [labet
3485 2527 3732 2585 liberum
3763 2545 3866 2584 ar-

2210 2623 2450 2678 bitrium
2482 2626 2546 2676 ut
2579 2621 2764 2694 possit
2794 2621 2939 2676 bene
2968 2617 3133 2686 velle,
3169 2623 3234 2673 ut
3262 2617 3447 2690 possit
3477 2617 3620 2673 bene
3651 2617 3862 2682 vivere,

2210 2718 2275 2769 ut
2296 2711 2483 2785 possit
2501 2716 2612 2768 Deo
2635 2711 2957 2778 adhaerere;
2979 2710 3078 2764 sed
3107 2712 3169 2764 ut
3189 2708 3335 2764 bene
3355 2707 3512 2773 velit,
3532 2713 3596 2762 ut
3617 2707 3761 2762 bene
3784 2705 3867 2764 vi-

449 2805 650 2859 dicens
674 2820 686 2858 :
714 2801 903 2857 Omnis
945 2801 1040 2872 qui
1067 2800 1203 2870 [αείι
1228 2805 1506 2868 peccatum
1537 2813 1722 2860 servus
1769 2802 1851 2852 est
1894 2798 2103 2867 peccati
2206 2805 2394 2870 vat,ut
2415 2805 2528 2856 Deo
2550 2799 2862 2867 adhaereat,
2886 2815 2999 2855 non
3021 2801 3109 2854 est
3130 2814 3248 2856 suae
3270 2796 3522 2862 virtutis,
3539 2796 3638 2858 sed
3661 2795 3865 2868 gratias

451 2895 626 2967 (Joan.
661 2908 780 2960 νιιι,
813 2890 933 2961 34);
969 2893 1028 2944 et
1075 2889 1282 2952 beatus
1332 2887 1536 2943 Petrus
1581 2884 1880 2958 apostolus
1909 2885 2051 2947 dicit
2083 2902 2095 2939 :

448 2985 486 3042 A
539 2998 642 3056 quo
686 2981 835 3040 enim
891 2980 1013 3052 quis
1069 2984 1380 3049 superatur,
1412 2977 1526 3047 ejus
1583 2983 1634 3040 et
1681 2991 1868 3030 servus
1925 2981 2002 3031 est
2031 2973 2106 3046 (II

449 3078 596 3132 Patr.
625 3087 683 3138 ιι,
714 3070 803 3138 19)
823 3084 835 3138 ;
857 3069 957 3134 ita,
993 3067 1212 3124 amisso
1244 3065 1397 3132 dono
1427 3063 1862 3139 gratize,vitiato
1894 3068 1951 3119 et
1974 3080 2097 3119 cor-

452 3165 622 3234 rupto
643 3165 700 3215 et
724 3159 1033 3230 depravato
1065 3157 1217 3224 bono
1251 3160 1492 3222 naturae,
1517 3154 1600 3210 sic
1632 3152 2044 3216 miserabiliter
2068 3169 2101 3207 a

450 3233 614 3308 tanta
637 3247 912 3304 felicitate
933 3244 1134 3317 lapsus
1155 3248 1262 3312 est,
1290 3249 1353 3299 ut
1374 3244 1445 3300 ad
1481 3241 1625 3298 illud
1647 3243 1867 3306 bonum
1891 3259 2097 3298 aman-
2129 3233 2172 3299 C

452 3341 616 3405 dum,
631 3341 689 3392 et
704 3334 1143 3408 perfruendum,
1163 3332 1252 3389 cui
1277 3331 1557 3387 inhaerere
1572 3331 1852 3396 debuerat
1872 3329 2099 3387 nullum

453 3425 638 3501 possit
666 3425 878 3492 habere
909 3439 1234 3489 recursum,
1268 3421 1382 3477 nisi
1422 3436 1525 3492 per
1564 3417 2101 3478 misericordissimi

451 3513 906 3576 reconciliatoris
935 3517 994 3570 et
1015 3509 1354 3579 mediatoris
1381 3508 1683 3576 auxilium,
1707 3512 1764 3564 et
1795 3507 2102 3581 sanguinis

451 3607 500 3678 ej
513 3623 580 3672 us
601 3603 876 3677 pretium,
898 3618 932 3666 a
952 3617 1068 3672 quo
1102 3599 1448 3656 redimimur
1467 3598 1538 3653 de
1564 3603 1725 3662 tanta
1747 3597 2100 3670 captivitate,

454 3701 517 3751 ut
548 3693 802 3764 recipere
851 3689 1150 3762 possimus
1198 3687 1510 3760 pristinam
1554 3687 1904 3754 libertatem,
1937 3691 1994 3742 et
2031 3687 2103 3744 de

453 3781 708 3839 inimicis
747 3779 1073 3836 efﬁciamur
1111 3777 1305 3834 amici.
1340 3776 1420 3832 De
1451 3793 1565 3848 quo
1607 3775 1922 3834 mediatore
1952 3775 2104 3832 Scri-

454 3875 620 3945 ptum
651 3874 739 3936 est
771 3886 784 3926 :
820 3871 966 3926 Unus
997 3870 1147 3924 enim
1177 3871 1323 3922 Deus
1352 3873 1402 3922 et
1430 3865 1698 3922 mediator
1722 3867 1824 3922 Dei
1850 3873 1901 3921 et
1929 3866 2105 3922 homi-

452 3976 588 4014 num
615 3959 770 4014 homo
804 3957 1049 4013 Christus
1091 3957 1263 4022 Iesus,
1297 3955 1398 4026 qui
1425 3953 1572 4010 dedit
1614 3955 1852 4026 seipsum
1899 3952 2104 4014 redem-

450 4049 694 4121 ptionem
714 4062 811 4118 pro
854 4044 1104 4102 omnibus
1135 4048 1185 4114 (ι
1219 4045 1352 4100 Tim.
1387 4060 1446 4110 ιι,
1471 4045 1556 4111 5);
1591 4048 1649 4099 et
1696 4043 1947 4098 iterum:
1976 4044 2110 4098 Cum

454 4138 675 4208 inimici
702 4152 959 4206 essemus,
989 4135 1328 4190 reconciliati
1373 4150 1559 4190 sumus
1590 4133 1695 4190 Deo
1739 4149 1839 4204 per
1883 4139 2110 4196 mortem

454 4228 566 4298 ﬁlii
592 4226 709 4298 ejus
730 4227 904 4295 (Rom.
928 4242 985 4293 ν,
1010 4224 1118 4295 10).
1142 4223 1486 4294 Quicunque
1516 4239 1652 4294 ergo
1689 4220 1850 4289 dicit,
1878 4225 2010 4293 post
2039 4219 2108 4275 il-

455 4315 574 4372 lam
623 4312 1110 4387 transgressionis
1158 4311 1627 4374 infelicissimam
1681 4310 1934 4378 ruinam,
1971 4327 2107 4382 qua,

455 4406 677 4473 amissa
705 4403 954 4477 pristina
983 4401 1270 4467 libertate,
1305 4402 1492 4458 factus
1522 4405 1612 4460 est
1642 4417 1844 4460 servus
1866 4399 2106 4473 peccati,

456 4495 646 4552 factus
676 4499 766 4550 est
785 4508 988 4556 servus
1016 4491 1146 4562 ejus
1167 4507 1200 4548 a
1220 4507 1334 4561 quo
1367 4495 1425 4546 et
1454 4493 1767 4562 superatus
1797 4493 1904 4556 est,
1920 4489 2110 4544 factus

458 4581 734 4638 inimicus
756 4581 875 4650 Dei,
899 4584 956 4637 et
983 4579 1205 4653 indiget
1227 4597 1342 4634 uno
1365 4579 1680 4642 mediatore
1703 4583 1758 4634 et
1779 4576 2113 4634 reconcilia-
2140 4606 2188 4671 Β

459 4675 600 4739 tore,
625 4685 728 4742 per
756 4686 933 4742 quem
965 4668 1214 4740 accipiat
1256 4667 1712 4739 redemptionem
1746 4683 1779 4722 a
1811 4666 2107 4732 servitute,

459 4763 518 4815 et
548 4757 1078 4824 reconciliationem
1110 4757 1181 4812 ad
1225 4757 1430 4814 Deum.
1465 4756 1599 4812 Post
1637 4755 1808 4824 hanc,
1843 4755 2106 4828 inquam,

461 4851 582 4904 tam
614 4862 888 4926 magnam
936 4849 995 4900 et
1039 4843 1435 4910 miserabilem
1488 4843 1740 4911 ruinam,
1775 4843 2112 4918 quicunque

461 4935 602 4990 dicit
630 4951 764 4990 eum
795 4933 1073 4990 habuisse
1096 4933 1181 4989 vel
1209 4933 1421 4990 habere
1447 4933 1775 4990 libertatem
1808 4934 1880 4988 ad
1911 4949 2112 4989 verum

462 5025 682 5081 bonum
725 5023 1144 5096 appetendum,
1178 5023 1499 5078 amandum
1538 5027 1596 5078 et
1636 5022 2110 5095 promerendum,

464 5113 578 5170 nisi
612 5131 714 5187 per
742 5113 988 5188 gratiam
1017 5112 1133 5168 veri
1169 5112 1506 5168 mediatoris
1537 5112 1878 5179 redimatur,
1901 5111 2115 5182 justiﬁ-

464 5208 647 5271 cetur,
673 5201 1077 5260 reconcilietur
1125 5205 1182 5258 et
1226 5201 1590 5268 reformatur,
1625 5201 1864 5256 omnino
1916 5204 2118 5256 contra

463 5293 639 5350 ﬁdem
685 5290 948 5358 Ecclesiae
1006 5290 1204 5357 sentit,
1224 5294 1428 5346 contra
1473 5287 1774 5346 veritatem
1824 5289 2120 5363 Evangeli-

464 5398 592 5448 cam
625 5385 682 5438 et
711 5380 1090 5454 apostolicam
1132 5381 1321 5450 docet,
1345 5383 1402 5434 et
1441 5377 1681 5433 omnino
1716 5381 2027 5450 (quantum
2057 5378 2117 5434 in

467 5487 528 5526 se
556 5473 666 5538 est)
705 5474 1012 5526 evacuator
1061 5471 1150 5523 est
1198 5467 1388 5522 crucis
1417 5466 1652 5534 Christi,
1678 5472 1985 5524 evacuator
2030 5472 2120 5524 est

467 5557 674 5617 mortis
695 5556 1092 5624 Christi.Quia
1121 5554 1358 5612 sialiter
1379 5555 1553 5612 homo
1586 5559 1718 5628 post
1747 5553 1894 5612 illud
1924 5573 2121 5631 pecca-

2209 2891 2311 2947 Dei
2340 2889 2692 2946 miserentis.
2720 2889 2867 2944 Nam
2895 2893 2951 2944 et
2981 2886 3082 2959 qui
3112 2885 3367 2960 graviter
3392 2889 3648 2959 aegrotat,
3672 2889 3869 2958 potest

2209 2980 2323 3036 dici
2348 2995 2518 3052 posse
2540 2978 2794 3051 recipere
2815 2977 3148 3042 sanitatem,
3164 2976 3264 3032 sed
3288 2979 3354 3031 ut
3384 2974 3623 3047 recipiat
3643 2973 3866 3036 sanita—

2209 3074 2346 3137 tem,
2365 3068 2539 3125 habet
2559 3064 2953 3124 necessarium
2973 3065 3488 3124 medicamentum.
3507 3065 3575 3126 Et
3590 3064 3690 3135 qui
3709 3080 3868 3119 mor-

2209 3164 2348 3214 tuus
2378 3162 2486 3228 est,
2510 3161 2706 3229 posset
2736 3155 2847 3212 dici
2893 3171 3064 3228 posse
3095 3171 3417 3226 resurgere,
3442 3169 3614 3227 posse
3643 3153 3861 3222 vivere,

2211 3265 2326 3305 non
2360 3252 2554 3303 tamen
2587 3263 2696 3302 sua
2722 3245 2954 3312 virtute,
2992 3244 3092 3302 sed
3123 3243 3244 3301 Dei.
3281 3243 3366 3300 lla
3394 3247 3450 3300 et
3485 3241 3733 3300 liberum
3765 3261 3862 3297 ar-

2211 3335 2454 3393 bitrium
2476 3333 2732 3392 hominis
2755 3333 2934 3390 semel
2956 3332 3308 3398 sauciatum,
3333 3331 3513 3394 semel
3535 3335 3861 3397 mortuum,

2212 3429 2405 3498 potest
2433 3422 2790 3491 sanari,non
2840 3428 3036 3480 tamen
3085 3439 3194 3478 sua
3246 3422 3482 3490 virtute,
3511 3422 3612 3480 sed
3669 3419 3865 3494 gratia

2213 3513 2547 3574 miserantis
2594 3511 2715 3568 Dei.
2741 3513 2809 3568 Et
2837 3511 2967 3570 ideo
2998 3519 3149 3569 recte
3197 3528 3400 3568 omnes
3448 3511 3868 3582 admonentur,

2216 3608 2369 3660 recte
2393 3602 2670 3660 omnibus
2691 3601 2933 3662 verbum
2965 3601 3065 3657 Dei
3097 3601 3468 3673 praedicatur,
3485 3601 3624 3673 quia
3645 3600 3874 3664 habent

2216 3709 2386 3766 posse
2417 3692 2669 3755 credere,
2703 3689 2922 3746 habent
2969 3707 3143 3761 posse
3172 3688 3427 3746 converti
3459 3690 3530 3746 ad
3566 3694 3768 3760 Deum,
3803 3697 3874 3750 ut

2215 3782 2388 3838 verbo
2419 3780 2780 3840 extrinsecus
2829 3779 3198 3847 admonente,
3235 3783 3292 3835 et
3340 3777 3500 3834 intus
3532 3779 3650 3835 Deo
3681 3782 3877 3838 susci-

2218 3875 2399 3936 tante,
2424 3867 2524 3940 qui
2550 3868 2800 3925 audiunt
2823 3867 3187 3926 reviviscent.
3212 3866 3285 3923 Ut
3309 3870 3460 3923 recte
3481 3867 3550 3923 de
3573 3867 3881 3939 hujusmo-

2219 3959 2279 4021 di
2309 3959 2546 4014 homine
2576 3957 2840 4013 dicatur:
2873 3958 3013 4025 Quia
3043 3965 3287 4013 mortuus
3324 3957 3533 4028 fuerat,
3561 3965 3608 4013 et
3639 3959 3881 4026 revixit;

2213 4049 2477 4121 perierat,
2500 4054 2551 4103 et
2579 4048 2831 4106 inventus
2869 4054 2968 4104 cst.
2992 4045 3072 4102 De
3104 4044 3212 4102 hac
3245 4044 3631 4118 possibilitate
3661 4046 3881 4104 buma-

2221 4155 2307 4194 nze
2343 4141 2582 4204 natura,
2619 4152 2745 4206 quae
2778 4139 2973 4192 tamen
3025 4133 3169 4192 nihil
3217 4133 3370 4191 valet
3416 4134 3638 4207 absque
3669 4135 3882 4192 divina:

2220 4225 2417 4300 gratim
2469 4224 2756 4298 largitate,
2800 4224 2881 4282 ita
2929 4225 3134 4281 beatus
3163 4222 3529 4297 Augustinus
3576 4224 3742 4280 docet
3789 4224 3882 4281 di-

2221 4332 2360 4374 cens
2409 4313 2496 4385 (de
2524 4304 2791 4372 Praedia.
2840 4321 3036 4380 sanet,
3087 4330 3212 4385 cap.
3245 4314 3301 4382 5)
3339 4330 3406 4369 ;‹‹
3441 4313 3613 4370 Posse
3662 4313 3881 4372 habere

2222 4405 2418 4472 ﬁdem,
2443 4403 2594 4460 sicut
2640 4419 2812 4474 posse
2856 4402 3070 4458 habere
3102 4401 3443 4460 charitatem
3506 4406 3725 4460 natura:
3786 4408 3882 4462 est

2223 4493 2529 4549 hominum
2557 4509 2569 4547 :
2594 4491 2807 4548 habere
2828 4494 3022 4548 autem
3051 4491 3246 4558 fidem,
3271 4492 3424 4550 sicut
3450 4490 3662 4549 habere
3691 4490 3879 4546 chari-

2223 4586 2424 4649 tatem,
2450 4581 2638 4655 gratia
2665 4586 2754 4636 est
2786 4579 3068 4636 fidelium.
3098 4601 3124 4629 »
3149 4579 3260 4636 Sed
3291 4597 3428 4637 eum
3452 4579 3722 4636 voluntas
3754 4597 3878 4642 cne~

2221 4670 2397 4728 dendi
2429 4669 2559 4726 aliis
2590 4673 2968 4742 praeparatur,
2992 4667 3126 4726 aliis
3154 4685 3272 4726 non
3302 4674 3664 4742 prmparatur
3693 4686 3727 4724 a
3755 4669 3877 4725 Do-

2222 4760 2402 4825 mino,
2429 4758 2882 4818 discernendum
2917 4763 3008 4818 est
3044 4758 3186 4830 quid
3219 4757 3412 4816 veniat
3441 4758 3514 4815 de
3543 4757 3877 4816 misericor-

2222 4849 2318 4904 dia
2346 4849 2495 4920 ejus,
2520 4847 2660 4920 quid
2683 4847 2752 4904 de
2774 4847 3022 4917 judicio.
3051 4848 3328 4904 Universae
3349 4849 3499 4903 enim
3527 4847 3636 4903 via:
3653 4847 3882 4906 Domini

2220 4936 2596 4994 miseritordia
2626 4944 2678 4993 et
2705 4937 2904 4991 veritas
2951 4938 3064 5005 (Ps.
3111 4953 3259 4990 xxxv.
3312 4937 3420 5004 10).
3472 4935 3882 5005 Investigabiles

2224 5032 2418 5082 autem
2452 5031 2592 5081 sunt
2641 5029 2748 5082 via:
2796 5027 2969 5097 ipsius
3001 5026 3171 5093 (Rom.
3207 5042 3266 5092 II,
3296 5025 3408 5096 33).
3437 5024 3880 5097 lnvestigabiles

2225 5114 2403 5188 igitur
2436 5117 2587 5180 sunt,
2622 5117 2678 5168 et
2721 5112 3121 5168 misericordia
3171 5128 3286 5185 qua
3331 5111 3514 5185 gratis
3560 5110 3790 5177 liberat,
3822 5114 3885 5167 et

2225 5203 2435 5262 veritas
2468 5221 2585 5276 qua
2605 5203 2768 5274 juste
2788 5201 3037 5274 judicat.

2295 5296 2347 5350 5.
2385 5294 2498 5350 Iste
2527 5296 2841 5366 postquam
2873 5288 3127 5348 inaniter
3162 5293 3220 5346 et
3257 5289 3542 5348 fallaciter
3571 5288 3717 5348 dixit
3745 5291 3884 5360 post

2228 5385 2531 5456 peccatum
2579 5380 2806 5438 homini
2849 5378 3176 5434 libertatem
3220 5378 3594 5456 remansisse,
3626 5376 3885 5449 subjecit

2229 5471 2400 5534 aliam
2427 5468 2880 5541 conclusionem,
2895 5473 2951 5523 et
2969 5467 3051 5523 ait
3069 5485 3081 5523 :
3102 5469 3322 5541 Semper
3342 5475 3598 5530 naturam
3620 5468 3884 5537 inchoare

2221 5576 2378 5637 posse
2419 5567 2470 5617 et
2508 5559 2766 5633 perﬁcere
2803 5558 3034 5616 nonnisi
3081 5574 3182 5630 per
3225 5560 3488 5634 gratiam.
3517 5559 3680 5625 Quod
3713 5555 3761 5612 si
3798 5557 3883 5622 ita

466 5651 596 5710 tum
616 5662 812 5707 veram
833 5645 1048 5705 mentis
1070 5643 1399 5704 libertatem
1422 5643 1634 5704 habere
1656 5647 1758 5704 aut
1779 5661 2119 5722 recuperare
2229 5650 2390 5724 dicit,
2415 5648 2584 5728 quasi
2615 5651 2828 5709 natura
2853 5645 3114 5708 hominis
3143 5663 3248 5724 per
3282 5646 3537 5710 liberum
3564 5645 3879 5711 arbitrium
