4068 6190
275 275 368 338 Hi

1202 268 1431 330 LIBER
1475 266 1888 331 ADVERSUS
1931 268 2299 331 JOANNEM
2345 268 2681 332 SCO'I‘UM.

3532 280 3642 338 I42

275 422 413 463 mum
442 402 618 460 distat
650 402 801 458 inter
830 405 1129 474 peccatum
1151 404 1207 456 ct
1227 418 1458 473 pcenam
1482 401 1885 475 peccati,quod
1916 403 1969 471 Α
1999 400 2203 457 vitium
2228 404 2576 470 naturae,sed
2591 404 2778 461 virtus
2798 421 2866 461 ex
2882 405 3090 463 divina:
3106 406 3305 479 gratiae
3328 409 3641 480 inlusione,

275 497 546 570 peccatum
578 490 726 547 illud
757 489 918 547 solus
956 490 1129 546 homo
1160 489 1321 558 fecit;
1357 490 1576 562 peccati
1608 508 1738 547 vero
1768 508 1894 563 poe-

274 601 388 641 nam
408 586 460 638 et
486 579 613 654 ipse
633 580 869 648 meruit,
885 584 942 636 et
966 579 1118 635 Deus
1138 579 1635 651 justejudicando
1659 579 1890 635 inﬂixit.

273 675 330 730 Et
355 672 469 728 ideo
508 668 612 725 tali
644 668 1151 741 argumentatione
1193 684 1565 740 nequaquam
1598 667 1895 724 concludit

271 761 344 818 vel
368 758 613 818 ostendit
644 758 753 814 iste
776 758 929 830 quod
954 756 1096 823 vult,
1118 756 1388 813 videlicet
1406 757 1575 830 quasi
1598 756 1758 813 nulla
1779 774 1894 830 pa:-

272 868 335 906 na
359 847 589 923 peccati,
615 846 780 904 nulla
807 845 1065 915 miseria,
1096 845 1325 902 nullum
1363 845 1738 919 supplicium,
1763 863 1891 918 qua:

271 936 620 1013 peccantibus
652 936 1009 1009 irrogantur,
1035 953 1069 990 a
1098 935 1215 992 Deo
1240 936 1377 992 sint.
1402 936 1471 991 Et
1490 934 1620 992 ideo
1643 951 1757 991 non
1789 952 1891 1007 po-

270 1028 426 1084 tuisse
445 1043 477 1082 a
499 1030 612 1081 Deo
634 1024 1040 1098 prredestinari
1062 1024 1400 1097 iniquorum
1420 1027 1633 1079 aeterna
1664 1023 1890 1096 suppli-

269 1115 344 1172 cia
362 1133 375 1171 :
395 1104 529 1187 quia
560 1113 635 1170 ab
666 1114 792 1187 ipso
823 1130 938 1169 non
963 1118 1124 1183 sunt,
1146 1113 1298 1170 sicut
1325 1117 1654 1186 peccatum,
1676 1112 1757 1169 ita
1785 1129 1890 1170 nec

269 1202 793 1277 supplicium.Cum,
809 1202 961 1258 sicut
972 1203 1101 1274 jam
1123 1219 1304 1276 supra
1322 1202 1709 1271 ostendimus,
1730 1218 1891 1275 aper-

270 1293 467 1349 tissime
509 1296 716 1348 contra
762 1290 918 1348 hunc
965 1308 1223 1348 errorem
1271 1290 1574 1364 Scriptura
1630 1290 1886 1347 clamet:

267 1383 394 1439 Bona
419 1389 467 1437 et
495 1382 687 1449 mata;
716 1383 827 1437 vita
856 1388 908 1437 et
937 1398 1082 1437 mors
1097 1402 1118 1448 ;
1140 1389 1439 1454 paupertas
1484 1388 1536 1437 et
1581 1382 1827 1437 honestas
1855 1397 1891 1435 a

264 1473 351 1527 Deo
375 1477 497 1526 sunt
514 1470 709 1540 (Eccli.
735 1487 813 1539 x1,
848 1469 959 1538 l4).
982 1469 1110 1525 Non
1139 1470 1341 1543 utique
1372 1468 1472 1526 illa
1500 1468 1676 1536 mala,
1706 1468 1892 1525 homi-

264 1576 351 1616 nes
377 1559 689 1632 peccando,
713 1562 771 1614 et
811 1557 1012 1630 inique
1052 1559 1297 1631 agendo,
1320 1558 1714 1626 committunt,
1740 1575 1890 1630 quo-

265 1666 374 1703 rum
401 1646 643 1704 omnino
701 1652 905 1704 auctor
934 1648 1091 1704 Deus
1138 1665 1253 1704 non
1301 1652 1417 1716 est;
1450 1648 1552 1704 sed
1608 1647 1726 1716 illa,
1760 1664 1887 1720 qua:

261 1742 470 1811 propter
498 1741 746 1810 peccata
783 1736 1123 1793 hominibus
1160 1737 1324 1808 justo
1357 1737 1455 1793 Dei
1482 1736 1706 1809 judicio
1740 1736 1887 1792 irro-

260 1832 464 1899 gantur,
483 1826 644 1883 sicut
676 1827 879 1894 fames,
895 1826 1101 1891 emdes,
1121 1826 1493 1893 hostilitates,
1509 1826 1881 1893 vastationes,

258 1922 303 1971 et
327 1920 532 1972 cenare:
565 1932 863 1983 aerumnas,
896 1920 953 1972 et
983 1913 1179 1971 clades
1220 1934 1233 1972 :
1277 1916 1347 1971 de
1377 1914 1594 1987 quibus
1624 1919 1681 1971 et
1707 1916 1885 1971 Amos

260 2004 516 2077 propheta
549 2004 821 2061 dicit:Si
860 2007 965 2061 erit
1010 2006 1221 2060 malum
1266 2006 1326 2060 in
1373 2006 1591 2062 civitate
1620 2004 1761 2077 quod
1789 2006 1887 2061 Do-

258 2096 418 2149 minus
461 2111 577 2150 non
623 2095 755 2166 fecit
779 2094 957 2166 (Amos
986 2111 1068 2161 HI,
1101 2094 1176 2166 6).
1202 2094 1270 2149 Et
1300 2094 1423 2166 ipse
1470 2092 1754 2151 Dominus
1785 2109 1887 2165 per

258 2182 442 2238 Isaiam
491 2183 843 2256 prophetam
894 2183 1020 2239 ait:
1066 2184 1175 2252 Ego
1226 2184 1488 2239 Dominus
1539 2185 1746 2248 faciens
1789 2200 1886 2255 pa-

253 2288 365 2337 cem,
413 2280 464 2328 et
516 2287 719 2327 creans
771 2272 981 2328 malum
1031 2273 1157 2345 (lsa.
1210 2289 1335 2338 xcv,
1367 2273 1447 2342 7).
1483 2270 1647 2327 Unde
1701 2276 1757 2327 et
1813 2272 1884 2327 de

254 2360 447 2418 talibus
479 2360 661 2417 malis
699 2360 1051 2433 quibusdam
1102 2361 1499 2417 comminatur
1544 2361 1744 2416 dicens
1776 2378 1789 2415 :
1825 2361 1889 2417 Et

251 2448 494 2506 adducam
531 2466 705 2521 super
744 2466 830 2505 eos
871 2450 1037 2518 mala,
1070 2468 1281 2505 annum
1328 2452 1654 2505 utvitutiom's
1699 2467 1888 2505 eorum

252 2539 362 2608 (lar.
393 2556 466 2605 χι,
485 2540 609 2611 23).
642 2539 710 2593 Et
741 2538 950 2593 iterum
981 2555 993 2592 :
1030 2539 1377 2607 Congregabo
1407 2556 1573 2610 super
1598 2555 1685 2594 eos
1713 2539 1882 2602 male,

248 2633 292 2681 et
324 2630 544 2699 sagittas
606 2643 754 2682 meas
802 2627 1070 2699 complebo
1120 2630 1179 2682 in
1228 2629 1309 2683 eis
1360 2630 1527 2700 (Deut.
1563 2645 1735 2695 xxxu,
1768 2628 1883 2696 23).

248 2718 365 2781 Quae
384 2717 591 2773 omnia
624 2716 777 2772 Deus
803 2732 998 2772 creare
1022 2716 1256 2783 dicitur,
1284 2734 1398 2772 non
1431 2717 1596 2788 quasi
1629 2716 1886 2788 aliquam

250 2811 497 2860 naturam
520 2805 866 2872 condendo;
890 2806 991 2860 sed
1025 2822 1092 2861 ea
1114 2806 1280 2877 justo
1311 2822 1418 2861 suo
1441 2806 1666 2877 judicio
1697 2806 1890 2861 decer-

249 2896 438 2962 nendo,
471 2895 867 2962 instituendo,
892 2899 949 2950 et
995 2894 1317 2950 inferendo.
1343 2896 1643 2961 Quomodo
1693 2899 1888 2950 autem

248 2988 383 3040 recte
408 2985 783 3058 distinguere
802 2989 859 3041 et
880 2983 1200 3057 intelligere
1222 2985 1541 3041 debeamus
1562 2985 1887 3039 secundum

249 3070 386 3128 hunc
416 3089 695 3142 sensum,
718 3074 873 3145 quod
924 3076 1059 3129 Deus
1093 3082 1322 3129 mortem
1350 3090 1459 3130 non
1503 3075 1632 3145 fecit
1660 3072 1809 3145 (Sap.
1846 3090 1884 3141 1,

251 3159 344 3229 l3).
366 3162 431 3217 Et
462 3167 671 3218 tamen
702 3178 846 3218 mors
873 3179 907 3218 a
934 3165 1037 3220 Deo
1068 3166 1157 3220 est
1185 3163 1347 3234 (Eccl.
1380 3178 1459 3230 xu,
1498 3163 1605 3234 14).
1629 3161 1890 3218 Clarissi-
1919 3145 1961 3212 C

246 3266 326 3304 me
352 3250 572 3309 beatus
595 3251 962 3324 Augustinus
1000 3251 1236 3324 exponit
1271 3255 1330 3307 et
1357 3252 1611 3308 ostendit
1641 3250 1841 3307 dicens
1868 3268 1881 3306 :

250 3337 484 3403 [Justum
511 3340 620 3396 Dei
635 3340 928 3412 judicium
950 3344 1039 3396 est
1059 3346 1123 3395 ut
1143 3345 1379 3413 peccato
1401 3357 1507 3397 suo
1524 3339 1772 3413 quisque
1794 3357 1886 3413 pe-

246 3431 370 3495 reat,
395 3445 530 3484 cum
559 3433 877 3501 peccatum
908 3429 1064 3486 Deus
1095 3446 1209 3485 non
1245 3430 1439 3495 faciat,
1465 3429 1617 3486 sicut
1644 3435 1701 3485 et
1731 3447 1885 3485 mor-

246 3519 345 3571 tam
369 3535 481 3573 non
505 3518 670 3575 fecit.
694 3518 761 3573 Et
783 3520 977 3575 tamen
996 3536 1171 3591 quem
1193 3523 1380 3574 morte
1401 3519 1643 3593 dignum
1667 3522 1883 3588 censet,

245 3606 452 3663 occidit.
479 3607 652 3664 Unde
685 3605 898 3680 legitur
916 3612 1054 3664 Deus
1085 3616 1309 3664 mortem
1334 3625 1445 3664 non
1471 3609 1619 3679 fecit.
1652 3609 1719 3663 Et
1748 3607 1887 3680 legi-

244 3695 517 3752 turzlors
546 3704 603 3753 et
634 3697 749 3751 vita
781 3713 815 3751 a
842 3698 944 3752 Deo
981 3705 1078 3753 est.
1106 3698 1239 3763 Qua:
1285 3697 1401 3751 duo
1434 3714 1548 3752 non
1579 3712 1708 3753 esse
1736 3696 1887 3752 inter

244 3798 296 3837 se
329 3785 625 3841 contraria
657 3784 914 3858 profecto
936 3785 1093 3841 videt
1114 3784 1385 3858 quisquis
1407 3786 1479 3841 ab
1502 3785 1774 3857 operibus
1806 3784 1887 3840 di-

244 3871 375 3927 vinis
386 3873 622 3945 judicia
642 3868 843 3929 divina
864 3873 1162 3930 discernit.
1181 3874 1327 3938 Quia
1346 3873 1506 3930 aliud
1528 3879 1621 3930 est
1637 3875 1885 3931 creando

246 3974 343 4016 non
370 3961 710 4019 instituisse
742 3962 1071 4032 mortalem,
1098 3962 1255 4019 aliud
1287 3962 1610 4035 judicando
1639 3964 1889 4037 plectere

244 4055 638 4119 peccatorem.]

242 4154 249 4160 '
303 4136 450 4202 Quod
475 4145 688 4197 autem
720 4140 1028 4215 subjungit
1058 4142 1187 4210 iste,
1213 4146 1270 4198 et
1290 4142 1432 4198 dicit
1456 4160 1467 4197 :
1490 4144 1887 4200 Stultissimum

242 4242 339 4283 esse
380 4229 643 4288 dubitare
690 4232 996 4287 humanum
1048 4233 1377 4290 voluntatem
1430 4249 1545 4289 esse
1594 4235 1887 4290 secundum

242 4324 499 4375 naturam.
539 4320 763 4375 Verum
796 4325 884 4376 est
922 4321 1159 4393 quidem
1191 4323 1347 4394 quod
1378 4323 1647 4379 voluntas
1677 4322 1884 4379 animae

244 4406 527 4464 rationalis
562 4409 896 4465 secundum
919 4414 1193 4466 naturam
1224 4415 1282 4468 et
1309 4411 1369 4466 in
1401 4418 1610 4468 natura
1629 4417 1717 4468 est
1737 4414 1888 4484 ejus-

2001 491 2208 546 vitium
2228 508 2295 547 ex
2315 493 2560 564 propria:
2576 493 2890 550 voluntatis
2907 494 3333 567 depravatione.
3350 497 3416 552 Et
3433 497 3540 554 hoc
3557 503 3648 555 est

2002 577 2252 635 liberum
2285 580 2555 637 humanae
2578 583 2792 639 mentis
2810 583 3138 649 arbitrium,
3155 603 3289 641 cum
3312 587 3384 642 ad
3416 585 3533 655 illa,
3558 586 3646 643 vel

2000 667 2100 723 illa
2130 670 2453 742 appetenda
2472 672 2711 727 affectus
2741 671 2999 728 hominis
3018 673 3353 730 inclinatur.
3377 676 3487 740 Qui
3518 676 3650 732 affe-

2002 761 2130 814 ctus
2163 775 2267 814 nec
2298 763 2458 815 extra
2487 765 2761 815 naturam
2781 762 3044 832 est,quia
3075 762 3132 818 in
3167 768 3476 836 utramque
3508 780 3645 838 par-

2003 851 2122 902 tem
2144 852 2466 919 spontanea
2485 849 2778 905 voluntate
2810 855 3090 919 movetur,
3117 869 3220 909 nec
3246 857 3440 909 tamen
3464 853 3647 911 solius

2000 939 2221 991 natura:
2243 939 2359 1005 est;
2384 938 2482 993 sed
2510 942 2572 992 ut
2599 939 2671 993 ad
2701 939 2852 995 bona
2881 942 3413 1010 moveatur,divina
3431 942 3646 999 excita-

1999 1029 2115 1090 tur,
2141 1029 2197 1080 et
2219 1024 2411 1099 agitur
2435 1026 2650 1099 gratia;
2676 1032 2739 1082 ut
2761 1044 2890 1083 vero
2923 1029 2994 1084 ad
3025 1029 3202 1095 mala,
3225 1030 3462 1103 propria
3481 1031 3645 1105 cupi-

1999 1112 2177 1169 ditate
2198 1115 2746 1187 depravatur.Quod
2777 1115 2906 1173 ideo
2932 1118 2990 1173 in
3023 1117 3132 1174 hoc
3161 1118 3286 1175 loco
3316 1119 3570 1176 breviter
3586 1125 3646 1177 et

1999 1200 2325 1275 diligenter,
2350 1208 2525 1276 prout
2544 1204 2863 1276 potuimus,
2879 1205 3401 1263 demonstrandum
3422 1208 3643 1281 putavi-

1998 1307 2154 1358 mus,
2166 1295 2229 1346 ut
2246 1291 2494 1348 scienter
2510 1293 2875 1349 discernatur
2893 1298 2948 1349 et
2968 1294 3329 1369 intelligatur
3345 1314 3523 1369 quam
3544 1298 3643 1353 ab-

1998 1380 2172 1435 surde
2201 1384 2258 1436 et
2288 1380 2571 1437 fallaciter
2612 1380 2940 1437 naturalem
2972 1385 3381 1441 tantummodo
3412 1385 3643 1441 arbitrii

1996 1466 2327 1524 libertatem
2358 1468 2467 1524 iste
2495 1469 2713 1541 ubique
2742 1486 3000 1527 asserere
3029 1475 3289 1541 conetur,
3313 1478 3551 1546 propter
3579 1471 3642 1528 il-

1995 1554 2114 1612 lam
2145 1556 2366 1613 scilicet
2394 1557 2663 1614 humanae
2694 1558 2908 1614 mentis
2933 1559 3441 1634 voluntatem,qua
3470 1566 3639 1619 natu-

1997 1643 2197 1701 raliter
2217 1644 2409 1719 diligit
2440 1646 2713 1718 seipsam.
2737 1647 2850 1704 Nec
2881 1650 3148 1716 attendit,
3170 1654 3272 1705 aut
3293 1654 3446 1707 certe
3474 1651 3643 1708 dissi-

1996 1733 2353 1802 mulat,nihil
2372 1736 2442 1791 ad
2464 1735 2803 1807 hujusmodi
2816 1737 3172 1794 voluntatem
3191 1739 3643 1811 pertinere,cum

1996 1823 2066 1878 de
2087 1823 2269 1880 libero
2286 1824 2523 1880 arbitrio
2540 1826 2761 1898 agitur;
2782 1828 2879 1882 sed
2898 1828 2970 1882 ad
2990 1826 3152 1884 illam
3170 1845 3297 1900 qua:
3315 1828 3428 1884 alio
3446 1829 3640 1897 modo,

1995 1912 2110 1969 alia
2129 1913 2450 1983 affectione,
2467 1913 2553 1969 vel
2576 1916 2646 1971 ad
2672 1916 2823 1971 bona
2843 1916 3137 1989 diligenda
3158 1918 3244 1974 vel
3267 1918 3338 1974 ad
3366 1917 3522 1974 mala
3548 1934 3644 1991 pe-

1994 2003 2188 2070 tenda,
2213 2006 2314 2057 aut
2343 2002 2538 2059 divina
2565 2004 2753 2075 gratia
2782 2005 2875 2076 adj
2888 2011 2985 2061 uta
3014 2010 3116 2061 aut
3146 2006 3413 2062 suovitio
3434 2006 3641 2079 depra-

1993 2094 2126 2146 vata
2155 2096 2435 2147 movetur.
2459 2093 2538 2146 Ac
2558 2109 2661 2164 per
2685 2092 2792 2148 hoc
2825 2093 3200 2151 manifestum
3223 2099 3311 2150 est
3332 2095 3489 2167 quod
3513 2096 3641 2166 ejus

1994 2184 2116 2234 tam
2147 2180 2508 2236 contentiosa
2538 2186 2593 2235 et
2642 2182 2908 2254 pervicax
2936 2182 3201 2253 intentio,
3225 2200 3343 2255 qua
3389 2183 3639 2240 liberum

1995 2268 2304 2324 arbitrium
2335 2270 2680 2326 naturaliter
2704 2272 3010 2327 defendere
3041 2278 3309 2341 conatur,
3332 2272 3641 2330 manifeste

1996 2376 2162 2414 cassa
2191 2365 2249 2415 et
2279 2359 2441 2415 irrita
2483 2365 2590 2416 est.
2616 2361 2781 2427 Quia,
2807 2361 2941 2415 licet
2973 2362 3029 2417 in
3064 2366 3273 2419 natura
3300 2362 3558 2419 hominis
3585 2367 3643 2418 et

1994 2448 2289 2505 voluntate
2320 2448 2591 2504 humanae
2624 2450 2836 2505 mentis
2884 2451 3131 2507 liberum
3177 2452 3460 2509 consistat
3488 2452 3641 2509 arbi-

1996 2538 2261 2606 trium,et
2284 2538 2627 2595 naturaliter
2642 2539 2853 2595 habeat
2868 2558 3040 2613 posse
3057 2542 3277 2597 bonum
3294 2542 3459 2611 velle,
3475 2558 3644 2614 posse

1999 2632 2150 2682 recte
2175 2627 2383 2696 vivere,
2415 2646 2585 2700 posse
2612 2629 2776 2684 beate
2799 2647 2956 2701 esse;
2983 2635 3197 2700 tamen,
3223 2637 3285 2687 ut
3315 2633 3507 2705 ipsum
3542 2633 3643 2687 bo-

1997 2733 2139 2771 num
2165 2718 2400 2785 velit,ut
2429 2723 2582 2774 recte
2609 2718 2859 2790 vivat,ut
2890 2721 3057 2775 beata
3083 2721 3203 2789 fiat,
3229 2738 3341 2776 non
3376 2721 3549 2776 habet
3577 2737 3648 2776 ex

1999 2823 2106 2861 sua
2136 2807 2367 2874 virtute,
2398 2808 2498 2862 sed
2531 2824 2599 2862 ex
2629 2806 2754 2862 sola
2785 2807 2991 2862 divina:
3020 2809 3219 2881 gratiae
3250 2809 3534 2881 largitate.

2070 2894 2179 2949 Sed
2213 2896 2352 2966 quia
2384 2896 2491 2951 iste
2524 2894 2622 2951 tali
2656 2898 3158 2968 argumentatione
3198 2914 3306 2952 nos
3353 2902 3645 2953 coarctare

1995 2982 2138 3049 vult,
2170 2989 2234 3038 ut
2264 2989 2367 3038 aut
2406 2984 2662 3039 divinam
2702 2984 3269 3056 praedestinationem
3300 3002 3369 3040 ex
3400 2986 3645 3041 dimidia

1998 3076 2160 3144 parte
2189 3088 2494 3145 negemus,
2517 3077 2618 3128 aut
2640 3074 2905 3129 eamdem
2927 3074 3492 3146 praedestinationem
3519 3091 3646 3147 per-

1996 3161 2142 3217 fecte
2163 3162 2474 3217 asserendo
2497 3160 2746 3217 liberum
2765 3162 3067 3217 videamur
3085 3161 3286 3219 tollere
3308 3163 3641 3235 arbitrium,

1995 3250 2150 3306 sicut
2165 3249 2339 3306 etiam
2357 3250 2554 3306 Cicero
2573 3250 3193 3322 disputabat,divinam
3214 3252 3639 3325 praescientiam

1997 3339 2399 3412 impugnando
2420 3344 2475 3395 et
2500 3340 2786 3413 negando,
2802 3356 3071 3396 asserens
3088 3342 3240 3413 quod
3266 3340 3316 3396 si
3336 3357 3466 3398 vere
3487 3348 3643 3400 esset

1995 3428 2097 3484 Dei
2126 3428 2510 3500 praescientia,
2536 3446 2650 3485 non
2677 3433 2877 3502 posset
2895 3446 3024 3486 esse
3053 3429 3113 3485 in
3134 3430 3475 3488 hominibus
3505 3430 3645 3488 libe-

1996 3534 2128 3572 rum
2160 3517 2467 3573 arbitrium
2493 3534 2506 3573 :
2530 3522 2633 3574 aut
2661 3518 2711 3573 si
2742 3522 2897 3575 esset
2926 3518 2985 3573 in
3016 3517 3357 3577 hominibus
3386 3519 3638 3578 liberum

1995 3605 2327 3673 arbitrium,
2359 3606 2579 3662 nullam
2611 3623 2738 3663 esse
2777 3607 2880 3663 Dei
2918 3607 3368 3679 praescientiam.
3392 3609 3554 3665 Unde
3585 3614 3642 3666 et

1996 3695 2172 3768 elegit
2199 3694 2295 3751 ille
2324 3696 2717 3768 impiissimus
2743 3702 2798 3752 et
2822 3696 3183 3753 detestabilis
3206 3697 3645 3770 blasphemator

1998 3785 2117 3852 Dei,
2134 3789 2197 3840 ut
2217 3784 2467 3841 liberum
2495 3786 2749 3842 hominis
2771 3787 3081 3843 arbitrium
3103 3787 3518 3858 defenderet,et
3537 3789 3639 3845 Dei

1995 3873 2419 3947 praeseientiam
2437 3876 3322 3950 omnimodisdenegaret.Quem
3338 3876 3449 3936 iste
3460 3894 3639 3951 quam

1996 3980 2212 4037 magna
2239 3981 2307 4020 ex
2338 3970 2499 4037 parte
2530 3965 2589 4020 in
2629 3965 2738 4021 hac
2767 3967 3163 4039 disputatione
3209 3985 3319 4024 sua
3363 3968 3549 4041 sequi,
3586 3975 3643 4025 et

1997 4052 2216 4110 imitari
2237 4054 2504 4110 videatur
2525 4054 2690 4111 facile
2709 4055 3106 4130 intelligit,qui
3124 4056 3435 4131 diligenter
3452 4058 3649 4115 adver-

1997 4143 2088 4199 tit.
2116 4143 2263 4207 Quia
2291 4143 2391 4214 qui
2441 4149 2614 4217 negat
2641 4145 2743 4201 Dei
2774 4146 3224 4218 praescientiam,
3258 4151 3430 4220 negat
3472 4147 3647 4204 etiam

1999 4230 2102 4286 Dei
2133 4231 2727 4303 prazdestinationem,
2761 4249 2888 4304 qua:
2921 4232 3045 4288 sine
3094 4233 3458 4304 praescientia
3486 4232 3649 4289 nulla

2001 4326 2107 4376 est.
2133 4320 2206 4376 Ut
2234 4337 2371 4393 ergo
2417 4321 2787 4377 manifestius
2834 4326 2892 4377 et
2935 4322 3189 4377 lucidius
3247 4321 3648 4395 intelligamus

2001 4410 2292 4483 quomodo
2343 4414 2661 4482 utrumque
2690 4411 2992 4468 verissime
3033 4415 3278 4479 constet,
3293 4411 3563 4466 videlicet
3589 4415 3647 4467 et

244 4490 356 4548 dem
384 4496 602 4586 anima:
635 4496 970 4586 rationalis;
1000 4499 1122 4567 sed,
1147 4498 1299 4555 sicut
1331 4516 1483 4571 saepe
1502 4501 1629 4571 jam
1655 4502 1877 4556 dictum
1908 4519 1958 4586 D
1999 4498 2195 4555 divina
2216 4499 2743 4571 praedestinatio,et
2762 4499 3012 4556 liberum
3030 4500 3289 4557 hominis
3310 4500 3645 4572 arbitrium,

241 4586 333 4648 est,
346 4585 549 4640 eadem
572 4584 712 4657 ipsa
733 4585 1017 4643 naturalis
1036 4586 1306 4644 voluntas
1323 4587 1491 4645 aliter
1511 4589 1884 4663 intelligenda

242 4673 315 4722 est
342 4687 474 4726 cum
510 4689 578 4729 se
608 4672 743 4730 vult
771 4678 831 4730 et
860 4674 1072 4749 diligit,
1094 4680 1149 4732 et
1180 4677 1250 4732 ad
1305 4694 1369 4733 se
1417 4678 1681 4747 refertur,
1715 4695 1894 4750 quam

240 4771 390 4815 nemo
414 4761 663 4817 dubitat
684 4778 919 4836 semper
939 4763 1280 4820 naturaliter
1301 4765 1511 4820 bonam
1537 4781 1694 4834 esse;
1728 4766 1897 4823 aliter

241 4860 355 4903 vero
374 4865 509 4905 cum
527 4849 625 4906 vel
654 4850 970 4907 Dominum
995 4852 1090 4926 pie
1108 4852 1319 4927 diligit,
1334 4853 1420 4909 vel
1442 4870 1709 4926 perverse
1729 4871 1897 4912 mun-

241 4934 456 5019 dum,et
484 4939 560 4994 ad
592 4955 671 4995 ea
696 4940 946 4997 refertur
965 4959 1093 5015 quas
1118 4942 1202 4998 vel
1227 4959 1406 5015 supra
1437 4960 1520 5011 se,
1544 4943 1633 4999 vel
1663 4944 1814 5000 infra
1835 4962 1897 5002 se

242 5020 432 5095 diligit.
455 5026 531 5082 Et
564 5026 703 5083 ideo
725 5029 853 5100 jam
899 5030 1035 5087 talis
1068 5030 1360 5098 voluntas,
1386 5048 1500 5088 non
1535 5033 1606 5088 ad
1641 5038 1896 5091 mentem

241 5126 392 5171 suam
422 5132 565 5173 cum
602 5118 955 5175 naturaliter
974 5119 1154 5189 inest;
1181 5120 1284 5176 sed
1314 5121 1386 5177 ad
1412 5120 1571 5178 aliud
1593 5121 1682 5179 vel
1703 5122 1885 5192 aliud,

243 5202 381 5270 quod
402 5209 572 5263 extra
592 5204 994 5264 substantiam
1016 5213 1106 5265 est
1132 5209 1330 5275 relata,
1354 5214 1546 5281 potest
1567 5228 1694 5267 esse
1718 5216 1775 5268 et
1794 5212 1889 5268 bo-

240 5304 307 5345 na
321 5295 377 5348 et
397 5293 579 5364 mala,
608 5310 732 5351 non
753 5301 985 5365 natura,
1010 5298 1111 5354 sed
1133 5299 1433 5355 affectione
1458 5315 1471 5353 :
1498 5299 1762 5358 videlicet
1787 5306 1888 5357 aut

243 5384 377 5436 recte
405 5382 727 5456 superiora
754 5384 1070 5459 diligendo,
1098 5387 1314 5460 quibus
1359 5386 1751 5459 beatiﬁcatur;
1786 5395 1888 5446 aut

242 5483 396 5539 prave
424 5472 767 5547 appetendo
801 5474 1096 5542 inferiora,
1120 5475 1335 5549 quibus
1372 5478 1786 5550 corrumpitur.
1820 5480 1885 5537 In

243 5572 346 5635 qua
372 5578 432 5620 re
461 5580 586 5622 non
611 5563 749 5640 jam
769 5568 857 5623 est
881 5563 1007 5626 sola
1035 5569 1273 5638 natura;
1305 5566 1407 5625 sed
1433 5570 1534 5627 aut
1554 5567 1767 5642 virtus,
1784 5574 1886 5630 aut

1997 4606 2105 4646 nec
2136 4589 2374 4645 omnino
2396 4589 2642 4646 alterum
2665 4589 2845 4644 altero
2869 4590 3224 4656 destruatur,
3249 4591 3645 4647 necessarium

2004 4678 2243 4735 omnino
2265 4682 2323 4733 et
2342 4678 2574 4734 salubre
2598 4677 3003 4734 existimamus
3023 4678 3083 4735 in
3105 4679 3214 4736 hoc
3234 4680 3360 4737 loco
3381 4680 3509 4753 ipsa
3525 4698 3647 4738 ver-

2006 4769 2079 4824 ba
2102 4766 2290 4823 sancti
2305 4766 2615 4839 Augustini
2632 4767 3228 4841 subjungere,quibus
3246 4771 3522 4827 adversus
3544 4771 3652 4827 im-

2005 4856 2164 4930 piam
2195 4855 2488 4911 Ciceronis
2518 4855 2993 4928 disputationem,
3022 4862 3339 4932 utrumque
3368 4860 3646 4928 defendit,

2008 4950 2327 5017 utrumque
2381 4945 2700 5001 tenendum
2761 4947 3106 5005 suavissime
3156 4950 3324 5007 docet
3371 4950 3651 5024 (Aug.,de

2007 5035 2168 5091 Civit.
2201 5036 2321 5105 Dei,
2355 5033 2456 5089 lib.
2480 5052 2533 5103 v,
2568 5051 2616 5090 c.
2648 5036 2726 5106 9).

2075 5125 2154 5191 [In
2177 5123 2305 5189 bas,
2328 5124 2854 5198 inquit,angustias
2870 5133 3125 5185 coarctat
3140 5129 3406 5186 animum
3428 5130 3650 5203 religio-

2004 5230 2160 5280 sum,
2194 5218 2259 5269 ut
2289 5231 2472 5270 unum
2506 5214 2684 5288 eligat
2714 5232 2744 5270 e
2775 5216 3025 5286 duobus,
3050 5223 3153 5274 aut
3182 5236 3311 5276 esse
3340 5218 3557 5291 aliquid
3590 5220 3650 5275 in

2005 5308 2207 5359 nostra
2227 5303 2546 5372 voluntate,
2571 5308 2673 5360 aut
2704 5321 2820 5360 non
2843 5322 2971 5363 esse
2991 5308 3413 5380 prmscientiam
3437 5308 3657 5365 futuro-

1999 5394 2449 5462 rum.Quoniam
2472 5398 2793 5467 utrumque
2814 5397 3135 5454 arbitratur
3152 5415 3280 5454 esse
3302 5415 3415 5454 non
3443 5413 3657 5473 posse;

2005 5484 2105 5540 sed
2131 5482 2179 5539 si
2198 5482 2447 5539 alterum
2472 5485 2934 5553 conﬁrmabitur,
2951 5485 3198 5542 alterum
3222 5487 3347 5543 tolli
3369 5505 3382 5545 :
3402 5488 3451 5545 si
3476 5489 3658 5564 elege-

2010 5573 2198 5635 rimus
2220 5572 2647 5653 praescientiam
2666 5574 3019 5645 futurorum,
3033 5573 3158 5635 tolli
3172 5574 3492 5637 voluntatis
3509 5579 3660 5640 arbi-
3688 5592 3695 5603 '
