4126 6200
353 270 468 329 143

1447 270 1676 330 FLORI
1720 268 2041 329 DIACONI
2084 269 2654 333 LUGDUNENSIS.

3644 266 3755 326 144

348 400 558 470 trium;
582 400 631 457 si
652 400 1001 475 elegerimus
1019 401 1340 458 voluntatis
1360 401 1692 468 arbitrium,
1713 399 1837 456 tolli
1860 417 1997 472 prze-
2023 399 2080 468 Α
2109 417 2243 456 men
2278 402 2423 457 mori
2456 406 2512 458 et
2540 401 2663 458 falli
2696 418 2811 458 non
2839 404 3048 474 potest.
3072 400 3295 456 Dicitur
3312 399 3467 456 enim
3499 396 3760 471 omnipo.

349 489 655 548 scientiam
687 490 1042 547 futurorum.
1070 492 1198 563 Ipse
1243 490 1439 562 itaque
1469 507 1537 545 ex
1567 490 1796 545 duobus
1827 487 2001 561 elegit

345 578 598 636 liberum
627 577 949 635 voluntatis
978 579 1311 645 arbitrium,
1341 579 1495 650 quod
1531 582 1595 633 ut
1625 578 1999 634 confirmare-

345 671 465 736 tur,
511 666 744 739 negavit
794 667 1220 740 praescientiam
1279 668 1307 722 t‘
1348 671 1612 722 turorum
1649 683 1661 722 :
1699 670 1873 738 atque
1921 666 2002 720 ita

345 756 490 812 dum
520 753 645 811 vult
674 755 861 813 facere
884 756 1121 823 liberos,
1147 755 1285 810 facit
1313 754 1645 828 sacrilegos.
1673 754 2001 828 Religiosus

345 848 544 903 autem
574 843 809 900 animus
852 848 1171 916 utrumque
1202 843 1385 917 eligit,
1422 848 1736 916 utrumque
1767 844 2003 900 conﬁte-

347 938 466 1002 tur,
493 937 550 989 et
579 933 694 988 ﬁde
723 932 959 1005 pietatis
982 941 1298 1005 utrumque
1331 934 1680 1000 conﬁrmat.]
1709 934 1848 988 Item
1872 938 2004 1005 post

352 1022 689 1095 aliquanta:
718 1022 990 1094 [Spiritus
1022 1038 1158 1095 ergo
1194 1023 1324 1077 vitae
1357 1020 1457 1093 qui
1502 1021 1753 1077 viviﬁcat
1782 1021 1999 1089 omnia,

354 1116 694 1183 amatorque
721 1114 809 1166 est
838 1111 1033 1166 omnis
1055 1110 1316 1182 corporis
1337 1116 1394 1165 et
1414 1110 1609 1167 omnis
1631 1110 1805 1166 creati
1831 1110 2002 1183 spiri-

352 1203 470 1267 tus,
509 1200 636 1272 ipse
664 1203 755 1255 est
785 1199 958 1265 Deus,
993 1200 1238 1271 spiritus
1272 1199 1473 1271 utique
1505 1216 1620 1255 non
1652 1204 1911 1265 creatus;
1945 1199 2003 1253 iu

352 1290 479 1362 ejus
509 1288 805 1345 voluntate
836 1304 1071 1343 summa
1102 1292 1361 1360 potestas
1391 1293 1499 1357 est,
1529 1305 1646 1360 qua
1676 1292 2004 1344 creatorum

352 1376 668 1451 spirituum
698 1377 884 1433 bonas
906 1376 1234 1432 voluntates
1257 1378 1515 1449 adjuvat,
1542 1377 1729 1433 malas
1751 1376 2003 1448 judicat,

354 1483 561 1524 omnes
577 1466 841 1532 ordinat;
861 1470 918 1520 et
936 1465 1292 1537 quibusdam
1312 1465 1517 1521 tribuit
1539 1466 2007 1538 potestates,qui-

358 1556 613 1613 busdam
635 1570 751 1621 non
771 1553 995 1610 tribuit.
1018 1555 1179 1610 Sicut
1196 1555 1352 1609 enim
1374 1554 1640 1610 omnium
1663 1559 2006 1610 naturarum

357 1648 582 1702 creator
612 1647 720 1709 est,
754 1643 833 1698 ita
863 1643 1128 1699 omnium
1160 1648 1518 1715 potestatum
1552 1644 1738 1713 dator,
1766 1662 1879 1700 non
1912 1661 2006 1699 vo-

354 1733 670 1790 luntatum.
689 1730 854 1787 Mala:
880 1732 1093 1803 quippe
1120 1731 1451 1788 voluntates
1477 1734 1550 1788 al)
1577 1732 1674 1787 illo
1702 1750 1814 1788 non
1848 1736 2004 1802 sunt,

2036 1776 2083 1841 B

2107 493 2238 545 tens
2269 489 2531 547 faciendo
2564 491 2719 564 quod
2751 490 2892 559 vult,
2928 507 3044 545 non
3101 489 3375 562 patiendo
3436 488 3588 561 quod
3640 503 3758 543 non

2107 578 2253 634 vult.
2281 581 2442 645 Quod
2476 580 2527 635 ei
2560 580 2607 635 si
2650 578 2958 649 accideret,
2983 595 3356 652 nequaquam
3388 576 3761 649 omnipotens

2108 672 2282 724 esset.
2316 667 2480 724 Unde
2527 673 2837 741 propterea
2875 668 3144 741 quaedam
3205 684 3321 724 non
3378 670 3588 739 potest,
3622 663 3764 737 quia

2110 755 2482 828 omnipotens
2521 763 2630 813 est.
2666 756 2760 814 Sic
2804 756 2982 813 etiam
3031 774 3166 823 cum
3216 756 3491 822 dicimus,
3526 768 3764 809 necesse

2110 861 2239 900 esse
2270 848 2353 913 ut,
2396 861 2529 900 cum
2559 845 2856 914 volumus,
2895 844 3076 902 libero
3112 844 3360 909 velimus
3413 841 3676 908 arbitrio,
3707 845 3766 898 et

2107 950 2312 989 verum
2339 933 2540 1006 procul
2573 935 2751 991 dubio
2783 934 3076 1004 decimus;
3104 938 3162 990 et
3182 951 3296 990 non
3328 933 3456 988 ideo
3480 931 3677 1005 ipsum
3696 929 3767 986 1i-

2111 1022 2318 1077 berum
2350 1022 2658 1079 arbitrium
2700 1023 3031 1080 necessitati
3081 1022 3452 1096 subjicimus,
3477 1038 3604 1093 qua
3637 1020 3762 1085 adi-

2112 1110 2223 1165 mit
2251 1109 2597 1166 libertatem.
2622 1112 2772 1167 Sunt
2802 1111 2984 1185 igitur
3020 1115 3231 1167 nostrae
3261 1109 3609 1177 voluntates,
3634 1125 3762 1181 quas

2113 1204 2171 1254 et
2192 1199 2330 1271 ipsae
2353 1198 2575 1255 faciunt
2594 1199 2880 1273 quidquid
2901 1199 3145 1256 volendo
3167 1200 3437 1267 facimus,
3463 1199 3617 1271 quod
3646 1215 3763 1254 non

2114 1288 2277 1343 fieret
2306 1288 2355 1344 si
2389 1287 2702 1345 nollemus.
2734 1290 2859 1345 Non
2899 1306 3034 1363 ergo
3077 1293 3383 1361 propterea
3410 1287 3556 1343 nihil
3585 1291 3674 1344 est
3703 1286 3763 1357 in

2114 1379 2314 1433 nostra
2338 1375 2804 1450 voluntate,quia
2831 1378 2984 1434 Deus
3014 1377 3304 1451 praescivit
3324 1377 3465 1452 quid
3498 1377 3763 1443 futurum

2114 1470 2269 1521 esset
2295 1465 2355 1520 in
2387 1469 2586 1521 nostra
2632 1466 2958 1535 voluntate;
2994 1483 3105 1523 nou
3141 1466 3297 1522 enim
3329 1466 3431 1539 qui
3479 1465 3588 1522 hoc
3618 1483 3763 1538 prie-

2115 1553 2303 1621 scivit,
2336 1554 2482 1609 nihil
2532 1555 2837 1627 praescivit.
2872 1555 3046 1611 Porro
3098 1555 3149 1612 si
3198 1555 3296 1611 ille
3327 1554 3429 1628 qui
3478 1553 3766 1626 prmscivit

2117 1643 2257 1715 quid
2290 1643 2553 1699 futurum
2575 1648 2728 1700 esset
2759 1644 2817 1699 in
2851 1649 3054 1701 nostra
3072 1643 3390 1711 voluntate,
3415 1661 3531 1700 non
3563 1643 3767 1715 utique

2118 1732 2287 1801 nihil,
2312 1734 2414 1789 sed
2465 1732 2685 1805 aliquid
2713 1733 3030 1806 praescivit;
3064 1733 3322 1806 profecto
3370 1736 3428 1788 et
3475 1731 3572 1787 illo
3620 1749 3766 1804 prze-

354 1820 633 1894 quoniam
664 1825 867 1876 contra
897 1826 1171 1877 naturam
1204 1827 1368 1889 sunt,
1392 1839 1519 1893 quae
1551 1821 1622 1877 ab
1655 1822 1753 1877 illo
1785 1826 1912 1889 est.]
1940 1823 2009 1878 Et
2038 1820 2083 1841 "
2119 1822 2305 1877 ciente
2366 1826 2453 1877 est
2510 1820 2732 1894 aliquid
2765 1822 2823 1877 in
2885 1827 3086 1878 nostra
3141 1820 3455 1877 voluntate.
3490 1820 3770 1887 Quocirca

353 1914 489 1984 post
520 1909 752 1981 aliqua:
782 1909 1009 1980 [Causa,
1054 1910 1265 1982 inquit,
1307 1928 1523 1979 rerum,
1554 1928 1680 1982 quae
1712 1911 1871 1978 facit,
1904 1927 2006 1966 nec

355 1999 441 2069 ﬁt,
466 1999 620 2069 Deus
651 2003 767 2068 est;
814 1997 941 2055 aliae
991 2015 1125 2055 vero
1183 2016 1373 2055 causa:
1430 1999 1671 2071 faciunt,
1696 2004 1753 2055 et
1810 2000 2003 2055 ﬁunt:

356 2088 648 2163 quomodo
674 2086 855 2161 igitur
874 2089 1015 2144 ordo
1039 2088 1492 2160 causarum,qui
1524 2088 1847 2160 praescienti
1879 2105 2006 2143 cer-

353 2181 453 2235 tus
482 2182 572 2233 est
600 2182 736 2244 Deo,
771 2176 830 2232 id
861 2182 950 2233 est
981 2182 1044 2232 ut
1074 2177 1216 2232 nihil
1250 2178 1326 2233 sit
1358 2178 1416 2232 in
1452 2182 1649 2233 nostra
1677 2176 2011 2233 voluntate?

354 2283 492 2324 cum
520 2266 581 2321 in
616 2265 744 2339 ipso
775 2282 1087 2322 causarum
1110 2265 1310 2321 ordine
1338 2283 1616 2339 magnum
1649 2266 1903 2322 habeant
1932 2266 2013 2322 lo-

358 2372 494 2412 cum
525 2359 737 2411 nostris
769 2354 1139 2422 voluntates]

429 2445 575 2501 Item
607 2447 738 2517 post
766 2460 952 2515 pauca
980 2460 992 2498 :
1024 2444 1204 2510 [Quod
1235 2461 1368 2499 vero
1402 2449 1594 2516 negat,
1626 2444 1837 2516 inquit,
1863 2444 2014 2500 ordi-

359 2535 494 2590 dem
525 2533 789 2590 omnium
831 2548 1144 2588 causarum
1189 2549 1318 2588 esse
1367 2533 1789 2599 certissimum,
1823 2538 1878 2588 et
1907 2533 2010 2588 Dei

359 2621 734 2697 praescientize
767 2621 1163 2689 notissimum,
1185 2620 1319 2693 plus
1341 2638 1477 2677 eum
1500 2639 1675 2694 quam
1707 2622 1881 2678 Stoici
1913 2622 2013 2677 de-

360 2715 648 2769 testamur
680 2727 694 2765 :
728 2715 832 2766 aut
861 2709 1016 2767 enim
1048 2727 1177 2766 esse
1220 2710 1404 2766 Deum
1458 2716 1654 2784 negat,
1678 2716 1779 2766 aut
1808 2711 1855 2767 si
1888 2727 2016 2768 esse

364 2802 676 2858 conﬁtetur
695 2800 902 2867 Deum,
921 2816 1096 2871 quem
1120 2802 1293 2872 negat
1322 2800 1629 2871 praescium
1652 2800 2013 2869 futurorum;

346 2890 543 2948 .etiam
575 2889 659 2945 sic
691 2888 838 2945 nihil
868 2887 1009 2944 dicit
1037 2888 1197 2944 aliud
1222 2905 1400 2960 quam
1424 2890 1578 2961 quod
1600 2889 1696 2945 ille
1716 2890 1853 2946 divit
1884 2891 2019 2945 insi-

358 2981 521 3054 piens
550 2980 609 3035 in
640 2977 798 3035 corde
824 2994 923 3034 suo
946 2994 960 3033 :
985 2982 1107 3035 Non
1152 2986 1231 3033 est
1277 2982 1421 3033 Deus
1441 2979 1611 3051 (Psal.
1634 2996 1756 3047 xm,
1789 2979 1841 3050 4)
1869 2995 1881 3034 :
1916 2977 2017 3050 qui

2115 1910 2275 1966 nullo
2303 1912 2474 1966 modo
2497 1911 2741 1985 cogitur,
2767 1916 2870 1966 aut
2899 1915 3121 1967 retenta
3144 1910 3508 1983 praescientia
3532 1909 3626 1966 Dei
3658 1908 3766 1965 tol-

2114 1999 2231 2056 lere
2252 1999 2565 2057 voluntatis
2591 1999 2899 2055 arbitrium
2926 2017 2937 2054 :
2963 2004 3064 2056 aut
3093 2004 3315 2056 retento
3339 1998 3654 2056 voluntatis
3675 2014 3775 2054 ar-

2117 2089 2314 2157 bitrio,
2332 2089 2514 2145 Deum
2531 2090 2710 2160 (quod
2734 2089 2895 2145 nefas
2921 2092 3031 2159 est)
3049 2104 3261 2163 negare
3280 2087 3588 2162 praescium
3610 2087 3769 2153 futu-

2119 2195 2347 2246 rorum;
2371 2179 2472 2234 sed
2501 2183 2817 2249 utrumque
2840 2177 3268 2251 amplectimur,
3284 2182 3602 2249 utrumque
3632 2176 3771 2232 ﬁde-

2118 2267 2251 2323 liter
2279 2271 2337 2322 et
2365 2267 2643 2323 veraciter
2682 2266 3033 2322 conﬁtemur
3064 2284 3077 2322 :
3111 2265 3255 2322 illud
3292 2271 3357 2322 ut
3393 2266 3539 2337 bene
3568 2265 3769 2321 creda-

2121 2373 2274 2425 mus,
2300 2356 2406 2411 hoc
2430 2360 2495 2411 ut
2518 2356 2663 2412 bene
2682 2356 2965 2412 vivamus.
2987 2355 3137 2412 Male
3163 2359 3359 2411 autem
3383 2353 3612 2422 vivitur,
3628 2354 3676 2410 si
3698 2354 3770 2410 de

2121 2446 2237 2501 Deo
2268 2462 2384 2501 non
2417 2446 2562 2500 bene
2593 2445 2866 2501 creditur.
2892 2444 3055 2501 Unde
3076 2444 3231 2502 absit
3260 2461 3294 2500 a
3324 2443 3491 2501 nobis
3516 2445 3644 2516 ejus
3674 2459 3773 2500 ne.

2121 2551 2258 2608 gare
2315 2533 2763 2607 praescientiam,
2795 2537 2862 2589 ut
2918 2533 3099 2590 libere
3129 2533 3400 2602 velimus,
3424 2549 3540 2606 quo
3598 2532 3777 2602 adju-

2122 2627 2295 2679 vante
2324 2639 2532 2679 sumus
2582 2621 2749 2678 liberi
2780 2621 2866 2679 vel
2907 2623 3148 2680 erimus.
3182 2622 3350 2679 Juste
3400 2622 3595 2694 itaque
3625 2637 3775 2694 pre-

2125 2712 2245 2768 mia
2282 2712 2454 2768 bonis
2498 2711 2691 2781 factis,
2715 2716 2773 2767 et
2828 2710 3082 2785 peccatis
3134 2708 3425 2784 supplicia
3454 2710 3775 2767 constituta

2126 2806 2265 2857 sunt
2300 2819 2312 2857 :
2348 2816 2539 2872 neque
2581 2800 2739 2855 enim
2788 2800 2916 2857 ideo
2977 2804 3179 2874 peccat
3234 2799 3428 2868 homo,
3453 2798 3590 2872 quia
3619 2799 3776 2854 Deus

2123 2890 2293 2946 illum
2315 2894 2691 2962 peccaturum
2720 2905 2849 2946 esse
2878 2888 3196 2961 praescivit;
3230 2888 3348 2945 imo
3368 2887 3498 2944 ideo
3528 2904 3642 2944 non
3674 2887 3777 2943 du-

2126 2979 2345 3034 bitatur
2374 2978 2571 3050 ipsum
2618 2995 2876 3051 peccare,
2900 2994 3036 3034 cum
3066 2980 3286 3055 peccat,
3311 2976 3451 3049 quia
3478 2975 3574 3032 ille
3604 2976 3776 3046 cujus

364 3069 522 3126 enim
545 3085 661 3124 non
682 3071 771 3124 est
791 3066 1103 3140 praesciens
1127 3065 1391 3122 omnium
1415 3068 1771 3135 futurorum,
1791 3080 1907 3123 non
1931 3070 2023 3123 est
2129 3068 2495 3141 praescientia
2523 3066 2643 3123 falli
2674 3084 2788 3123 non
2820 3071 3031 3140 potest,
3064 3084 3179 3122 non
3211 3066 3417 3136 fatum,
3446 3081 3561 3121 non
3595 3065 3774 3121 fortu—

364 3157 570 3230 utique
601 3157 776 3213 Deus.
801 3156 1165 3228 Quapropter
1195 3162 1253 3211 et
1289 3154 1614 3212 voluntates
1647 3162 1855 3213 nostrae
1885 3163 2013 3212 tan-
2045 3144 2088 3211 C
2125 3175 2280 3225 nam,
2306 3173 2421 3212 non
2453 3155 2673 3228 aliquid
2697 3156 2876 3221 aliud,
2905 3156 3005 3211 sed
3028 3155 3223 3228 ipsum
3246 3159 3625 3227 peccaturum
3646 3170 3777 3210 esse

362 3250 490 3303 tum
519 3244 716 3301 valent
751 3248 1038 3316 quantum
1087 3245 1237 3299 Deus
1262 3260 1360 3300 eas
1390 3243 1577 3299 valere
1607 3244 1789 3300 voluit
1839 3250 2013 3318 atque

363 3333 680 3407 praescivit;
697 3338 755 3388 et
773 3334 901 3388 ideo
920 3332 1205 3404 quidquid
1226 3331 1770 3401 valent,certissime
1784 3333 1977 3390 valent
1996 3352 2009 3390 :

365 3425 504 3496 (cap.
531 3423 621 3491 10)
648 3425 706 3478 et
734 3421 885 3493 quod
922 3421 1156 3476 factura:
1200 3424 1358 3489 sunt,
1387 3420 1527 3492 ipsae
1556 3422 1796 3478 omnino
1828 3422 2011 3479 factu-

364 3529 439 3569 rae
469 3514 629 3579 sunt,
657 3511 799 3583 quia
827 3509 1106 3566 valituras
1148 3513 1324 3581 atque
1366 3509 1621 3566 facturas
1656 3510 1751 3567 ille
1783 3512 2012 3584 praesci-

361 3600 448 3657 vit
470 3601 569 3672 (a),
591 3601 764 3671 cujus
789 3598 1173 3677 'przescientia
1217 3597 1341 3653 falli
1375 3601 1509 3654 non'
1520 3604 1729 3671 potest.
1765 3600 1824 3656 Si
1855 3601 2039 3656 enim-

364 3689 685 3747 necessitas
715 3694 917 3743 nostra
956 3687 1055 3741 illa
1083 3687 1332 3742 dicenda
1362 3692 1468 3757 est,
1494 3706 1621 3761 quae
1672 3707 1785 3744 non
1835 3695 1924 3745 est
1951 3689 2010 3746 in

362 3780 564 3837 nostra
592 3780 897 3849 potestate,
923 3776 1044 3844 sed,
1072 3773 1300 3832 etiamsi
1334 3776 1629 3848 nolumus,
1654 3778 1831 3834 efﬁcit
1857 3779 2012 3850 quod

361 3869 574 3940 potest,
593 3865 747 3922 sicut
774 3869 864 3921 est
892 3865 1211 3921 necessitas
1241 3866 1478 3933 mortis;
1512 3866 1890 3923 manifestum
1923 3873 2013 3924 est

359 3954 690 4015 voluntates
721 3958 970 4020 nostras,
990 3954 1205 4026 quibus
1240 3959 1389 4010 recte
1410 3954 1499 4010 vel
1533 3971 1835 4028 perperam
1866 3956 2013 4012 vivi-

362 4046 479 4113 tur,
503 4044 613 4101 sub
645 4042 746 4099 tali
779 4043 1124 4099 necessitate
1156 4060 1273 4099 non
1304 4060 1450 4099 esse.
1480 4044 1663 4099 Multa
1692 4045 1848 4101 enim
1871 4044 2011 4100 faci-

362 4149 497 4193 mus
528 4150 676 4206 quae,
701 4131 750 4189 si
781 4131 1094 4201 nollemus,
1127 4148 1243 4187 non
1283 4133 1486 4203 utique
1517 4133 1860 4200 faceremus,
1896 4150 2012 4205 quo

359 4222 637 4295 primitus
659 4222 904 4294 pertinet
927 4221 1121 4293 ipsum
1141 4221 1285 4277 velle
1309 4239 1321 4277 :
1352 4238 1489 4277 nam
1511 4221 1559 4277 si
1581 4222 1872 4288 volumus,
1888 4228 2009 4291 est;

360 4311 418 4369 si.
433 4311 730 4379 nolumus,
752 4328 866 4366 non
888 4314 995 4366 est.
1010 4310 1135 4365 Non
1157 4309 1314 4365 enim
1330 4310 1613 4367 vellemus
1629 4311 1677 4366 si
1696 4310 2007 4367 nollemus.

361 4400 422 4458 Si
449 4405 646 4456 autem
686 4399 787 4455 illa
817 4398 1097 4455 delinitur
1143 4415 1270 4455 esse
1322 4399 1661 4465 necessitas,
1685 4400 2015 4459 secundum

360 4504 539 4561 quam
568 4489 821 4545 dicimus
850 4504 1086 4544 necesse
1106 4504 1235 4543 esse
1257 4492 1321 4542 ut
1350 4488 1430 4543 ita
1461 4488 1538 4544 sit
1562 4487 1783 4560 aliquid
1814 4488 1899 4544 vel
1934 4490 2016 4545 ita

359 4577 483 4645 fiat,
509 4577 708 4633 nescia
727 4594 832 4632 cur
855 4576 1032 4633 etiam
1057 4576 1372 4632 timeamus
1394 4593 1465 4632 ne
1489 4577 1657 4633 nobis
1680 4577 2014 4633 libertatem

360 4665 590 4721 auferat
644 4665 980 4721 voluntatis.
1012 4665 1211 4737 Neque
1268 4664 1422 4721 enim
1475 4670 1532 4721 et
1561 4667 1739 4722 vitam
1800 4665 1922 4736 Dei,
1957 4672 2015 4724 et

359 4753 786 4826 prmscientiam
819 4754 920 4809 Dei
944 4754 1055 4809 sub
1085 4755 1431 4811 necessitate
1461 4754 1759 4827 ponimus,
1784 4756 1832 4811 si
1865 4757 2018 4814 dica-

361 4858 496 4907 mus
527 4858 760 4897 necesse
790 4859 918 4898 esse
970 4847 1147 4898 Deum
1196 4860 1430 4916 semper
1460 4844 1665 4910 vivere,
1701 4850 1757 4901 et
1805 4850 2017 4902 cuncta

360 4930 649 5004 praescire,
669 4931 822 4986 sicut
850 4948 953 4986 nec
984 4937 1243 5003 potestas
1275 4934 1402 5004 ejus
1436 4934 1744 5001 minuitur,
1769 4950 1902 4990 cum
1935 4934 2018 4990 di-

361 5020 514 5076 citur
542 5020 711 5085 mori,
742 5019 982 5093 fallique
1036 5039 1150 5077 non
1184 5039 1383 5093 posse;
1418 5021 1499 5077 sic
1533 5023 1689 5077 enim
1741 5023 1848 5078 hoc
1898 5040 2014 5078 non

359 5113 572 5183 potest,
597 5114 664 5164 ut
686 5110 903 5182 potius,
926 5110 974 5166 si
1005 5116 1224 5183 posset,
1250 5110 1495 5165 minoris
1516 5115 1672 5166 esset
1692 5112 1894 5183 utique
1916 5128 2016 5184 po-

359 5197 609 5265 testatis.
635 5197 807 5254 Recte
853 5197 1071 5271 quippe
1104 5197 1486 5268 Omnipotens
1531 5197 1764 5264 dicitur,
1793 5200 1896 5270 qui
1925 5204 2017 5256 ta-

2121 3244 2429 3319 przescivit,
2454 3246 2555 3317 qui
2597 3244 2646 3301 si
2695 3244 2860 3313 nolit,
2898 3243 3099 3317 utique
3148 3262 3263 3300 non
3312 3249 3538 3316 peccat;
3573 3243 3673 3300 sed
3722 3243 3775 3298 si

2123 3351 2360 3409 peccare
2391 3334 2663 3403 noluerit,
2691 3336 2866 3391 etiam
2898 3335 3007 3391 hoc
3037 3334 3133 3391 ille
3159 3334 3486 3408 praescivitJ

2194 3424 2323 3480 Haec
2346 3424 2417 3479 ad
2442 3423 2893 3480 instructionem
2911 3428 2967 3479 et
2983 3422 3487 3479 conﬁrmationem
3511 3426 3774 3478 nostram

2123 3517 2324 3569 contra
2353 3512 2624 3568 humanae
2656 3511 3129 3586 praesumptionis
3160 3516 3217 3568 et
3245 3510 3776 3585 argumentationis

2121 3619 2347 3659 errores
2368 3603 2749 3659 beatissimus
2766 3603 2969 3658 doctor
2988 3600 3351 3658 lucidissime
3367 3599 3772 3673 disseruit,qui

2121 3692 2298 3748 etiam
2331 3690 2443 3747 alio
2474 3690 2601 3747 loco
2632 3692 2702 3747 de
2733 3691 2842 3747 hac
2874 3691 3076 3747 eadem
3102 3707 3161 3746 re
3190 3691 3274 3746 ita
3294 3689 3406 3745 ait:
3435 3689 3769 3757 [Neminem

2122 3785 2274 3836 Deus
2305 3781 2377 3836 ad
2411 3781 2773 3852 peccandum
2804 3778 2978 3853 cogit,
3003 3778 3279 3851 praevidet
3314 3781 3509 3845 tamen
3540 3794 3638 3833 eos
3669 3776 3771 3850 qui

2122 3868 2358 3941 propria
2373 3867 2667 3924 voluntate
2686 3869 3150 3940 peccabunt.Cur
3165 3883 3300 3941 ergo
3319 3884 3437 3933 non
3445 3867 3470 3937 j
3482 3867 3673 3929 udicet
3681 3867 3779 3937 ju-

2123 3962 2273 4026 stus,
2288 3974 2415 4029 quae
2433 3957 2555 4012 ﬁeri
2578 3974 2692 4012 non
2717 3956 2871 4029 cogit
2886 3956 3165 4028 praescius
3188 3974 3200 4012 :
3222 3956 3374 4012 sicut
3390 3955 3545 4013 enim
3564 3971 3786 4010 memo-

2123 4046 2210 4102 ria
2231 4063 2339 4103 sua
2369 4062 2541 4101 nemo
2564 4046 2718 4121 cogit
2744 4047 2895 4101 facta
2925 4062 3053 4102 esse
3084 4063 3210 4118 quae
3244 4044 3668 4117 praeterierunt,
3693 4036 3807 4101 sic~

2122 4135 2277 4191 Deus
2299 4152 2415 4190 non
2437 4134 2593 4207 cogit
2614 4134 2983 4207 praescientia
3008 4151 3117 4190 sua
3140 4134 3557 4206 facienda,quaa
3582 4133 3786 4189 futura

2121 4229 2278 4280 sunt.
2298 4225 2369 4280 Et
2386 4223 2539 4279 sicut
2560 4224 2734 4279 homo
2754 4224 3021 4296 quaedam
3042 4240 3170 4295 quae
3202 4221 3334 4279 fecit
3365 4222 3653 4287 meminit,
3673 4236 3783 4278 nec

2121 4318 2317 4369 tamen
2338 4311 2675 4385 omniaquae
2696 4311 2965 4368 meminit
2982 4312 3118 4368 fecit
3134 4330 3147 4381 ;
3166 4311 3248 4368 ita
3266 4316 3418 4369 Deus
3429 4310 3626 4368 omnia
3642 4327 3786 4383 quo-

2122 4420 2253 4457 rum
2272 4402 2396 4473 ipse
2409 4405 2613 4457 auctor
2627 4405 2735 4469 est,
2752 4400 3059 4474 praescivit;
3077 4418 3329 4474 quorum
3344 4404 3541 4457 autem
3560 4417 3674 4456 non
3690 4403 3787 4465 est

2044 4515 2097 4578 Β.
2124 4490 2316 4547 malus
2342 4495 2562 4557 auctor,
2581 4491 2785 4562 justus
2816 4494 2907 4546 est
2938 4489 3133 4558 ultor.)
3156 4490 3298 4546 Item
3322 4490 3392 4546 de
3422 4487 3787 4578 immutabili

2124 4579 2349 4636 ratione
2370 4596 2565 4634 rerum
2593 4578 2968 4635 mutabilium
2997 4578 3056 4634 in
3086 4579 3225 4645 Deo,
3248 4582 3304 4634 et
3325 4578 3395 4634 de
3416 4583 3629 4635 aeterna
3647 4576 3781 4649 ejus

2126 4684 2190 4724 ac
2211 4667 2467 4742 generali
2497 4668 3028 4740 prmdestinatione,
3046 4671 3105 4723 et
3126 4667 3491 4740 praescientia
3510 4666 3622 4722 alio
3649 4665 3782 4722 loco

2123 4757 2205 4813 ita
2225 4757 2397 4814 dicit:
2422 4757 2531 4824 [Ira
2551 4757 2651 4814 Dei
2674 4774 2790 4813 non
2814 4756 3176 4829 perturbatio
3197 4754 3379 4811 animi
3402 4757 3531 4829 ejus
3551 4759 3660 4826 est,
3675 4754 3782 4812 sed

2116 4846 2409 4918 judicium
2427 4862 2543 4918 quo
2576 4846 2868 4918 irrogatur
2888 4862 3060 4919 pmna
3081 4842 3627 4917 peccato.Cogitatio
3647 4859 3785 4900 vero

2125 4936 2253 5004 ejus
2265 4939 2322 4989 et
2337 4934 2672 5007 recogitatio
2689 4935 3043 4990 mutandaru
3053 4951 3109 4989 m
3132 4949 3330 4989 rerum
3342 4937 3432 4989 est
3448 4931 3789 4993 immutabi-

2125 5021 2199 5077 lis
2220 5022 2387 5078 ratio.
2412 5021 2539 5077 Non
2560 5024 2717 5078 enim
2741 5024 2896 5079 sicut
2917 5022 3241 5090 hominem,
3264 5021 3348 5078 ita
3368 5021 3552 5078 Deum
3582 5021 3787 5093 cujus-

2126 5128 2305 5184 quam
2325 5111 2459 5167 facti
2480 5110 2572 5167 sui
2594 5112 3034 5184 pmnitet,cujus
3050 5115 3142 5167 est
3160 5111 3230 5167 de
3246 5108 3522 5167 omnibus
3543 5108 3784 5166 omnino

2126 5201 2303 5257 rebus
2333 5203 2454 5255 tam
2484 5200 2599 5256 ﬁxa
2628 5200 2938 5268 sententia,
2973 5216 3153 5272 (luam
3182 5206 3334 5257 certa
3366 5198 3742 5272 praecientiaJ

1360 5301 1575 5357 NOT/E
1613 5303 1954 5362 DUVALLII
1992 5305 2347 5366 DOCTORIS
2387 5305 2788 5362 SORBONICI.

401 5392 503 5467 ξω)
534 5392 677 5449 Cum
707 5394 789 5449 ait
807 5393 1165 5450 voluntatem
1192 5391 1363 5446 illiud
1385 5406 1513 5445 esse
1539 5391 1823 5448 facturam
1849 5396 2004 5466 quod

401 5481 510 5518 eus
536 5464 842 5518 nrscivit.
864 5482 980 5518 non
1003 5463 1125 5518 vult
1147 5460 1571 5518 nraascientiam
1591 5461 1893 5518 imponere
1913 5484 2004 5518 vo-

356 5466 510 5523 Deus
536 5466 842 5537 praseivit,
864 5482 980 5521 non
1003 5466 1125 5519 vult
1146 5466 1571 5535 praescientiam
1591 5466 1893 5534 imponere
1913 5484 2007 5523 vo-

352 5536 569 5628 juntati
609 5537 1196 5643 necessitatemeum
1243 5533 1353 5593 hoc
1401 5532 1740 5595 haereticum
1769 5536 1865 5610 sit,
1900 5539 2003 5598 sed

2114 5386 2345 5452 tantum
2378 5393 2766 5451 infallibiliter
2802 5411 2930 5451 esse
2974 5394 3258 5453 facturam
3289 5399 3347 5453 et
3377 5393 3782 5463 indubitanter

2117 5471 2481 5541 eventuram,
2505 5465 2695 5541 posito
2736 5466 2888 5541 quod
2939 5471 3094 5541 l_)e_us
3140 5467 3222 5524 ita
3267 5466 3605 5541 praescierit,
3639 5482 3776 5524 cum

2115 5540 2246 5616 ejus
2275 5536 2642 5616 praescie'ntia
2673 5536 2919 5598 minime
2947 5537 3205 5601 fallatur.
