4068 6190
437 388 480 453 Ἱ
491 392 568 452 4Ἰ

1552 384 1784 447 FLORI
1827 381 2144 445 ΒΙΑοοΜ
2188 382 2758 447 LUGDUNENSIS.
2856 382 2873 391 “

3708 384 3807 453 1⁷48

453 529 602 595 bcra,
649 523 826 581 adhuc
869 521 1135 579 animalis
1178 522 1392 586 merito,
1441 520 1575 590 quia
1615 517 1885 584 mortalis,
1926 518 2103 589 potuit
2126 520 2176 586 Α
2209 516 2621 586 sonis,unitam
2653 514 3292 590 substantia,aequalem
3323 519 3526 576 natura
3550 523 3709 595 atque
3726 541 3808 598 po-

449 632 689 690 peccare,
722 615 981 686 quoniam
1009 611 1187 666 adhuc
1212 626 1320 664 non
1348 616 1466 664 erat
1490 609 1887 679 perfecta,quae
1914 608 2105 678 utique

448 706 706 780 perfectio
759 702 1022 758 libertatis
1062 708 1182 772 post
1241 696 1491 753 mandati
1545 696 1847 752 custodiam
1905 696 2103 767 imple-

453 803 626 865 retur,
683 792 815 848 dum
868 792 921 847 ei
969 788 1231 862 peccandi
1276 788 1523 843 voluntas
1575 787 1796 858 penitus
1855 787 2102 857 auferre-

453 895 765 1033 “15".,llunc
790 978 995 1028 motum
1044 968 1193 1023 nulli
1239 967 1573 1022 animalium
1601 972 1805 1035 prazter
1831 963 2105 1019 hominem

455 1080 783 1125 concessum.

525 1159 579 1212 6.
603 1157 792 1225 Sitque
819 1150 946 1206 talis
975 1147 1284 1220 differentia
1314 1146 1458 1199 inter
1486 1144 1722 1198 liberum
1749 1141 1989 1197 hominis
2017 1157 2105 1196 ar-

459 1248 703 1309 bitrium,
736 1249 787 1297 et
806 1241 921 1313 ejus
942 1235 1328 1299 substantiam,
1370 1240 1431 1288 ut
1474 1239 1676 1287 natura
1724 1232 1784 1286 in
1829 1231 2106 1286 voluntate

453 1330 991 1398 rationali,liberum
1015 1340 1141 1381 vero
1170 1324 1466 1378 arbitrium
1496 1322 1613 1393 ejus
1637 1320 2026 1385 libertate,sive
2045 1321 2103 1375 in

452 1434 603 1482 motu
633 1422 825 1479 liberae
850 1415 1182 1473 naturaliter
1211 1412 1523 1476 voluntatis,
1546 1412 1659 1465 sive
1684 1411 1742 1464 in
1771 1425 1997 1465 munere
2026 1410 2107 1463 in-

455 1511 801 1583 telligentiae.

523 1606 579 1657 7.
642 1600 776 1668 Qua:
827 1596 956 1661 tria,
1016 1592 1074 1648 id
1128 1599 1209 1647 est
1263 1590 1421 1656 liber,
1481 1595 1654 1643 motus
1714 1588 2103 1655 intelligentia,

457 1694 693 1749 liberum
721 1685 1021 1742 arbitrium
1044 1683 1187 1737 inter
1208 1696 1265 1735 se
1291 1686 1620 1750 componunt
1648 1696 1666 1732 :
1698 1685 1777 1744 ut,
1809 1678 1953 1731 sicut
1976 1675 2107 1730 sub-

452 1780 657 1837 stantia
704 1778 765 1832 in
814 1789 921 1846 qua
965 1778 1059 1837 est,
1111 1771 1262 1826 trina
1297 1770 1372 1823 sit
1420 1785 1432 1822 :
1484 1774 1561 1822 est
1608 1768 1777 1830 enim,
1807 1773 1856 1821 et
1894 1766 2026 1832 vult,
2059 1773 2113 1821 et

2210 608 2439 674 tentia.]

2283 698 2400 753 lste
2428 713 2561 753 vero
2591 713 2724 753 cum
2757 696 2877 752 haec
2907 695 3162 769 legisset,
3194 699 3313 752 tam
3342 697 3554 754 utiliter
3580 704 3634 755 et
3676 700 3808 757 salu-

2210 786 2392 842 briter
2421 786 2491 842 ad
2523 785 3013 841 illuminationem
3044 789 3254 842 nostra:
3285 786 3415 841 ﬁdei
3448 786 3723 856 dicta,non
3741 796 3816 847 est

2212 879 2520 931 contentus
2552 874 2949 931 moderamine
2978 878 3035 931 et
3065 874 3276 948 pietate
3296 874 3477 930 sancti
3497 876 3815 946 doctoris,ne

2211 964 2493 1021 terminos
2503 964 2576 1019 ab
2589 981 2655 1020 eo
2672 964 2938 1037 praeﬁxos
2950 964 3249 1019 excederet
3266 979 3279 1017 ε
3301 963 3399 1020 sed
3420 964 3632 1020 addidit
3649 967 3713 1022 de
3727 985 3817 1023 suo

2212 1055 2368 1127 quod
2384 1054 2505 1109 hmo
2517 1054 2629 1109 tria
2642 1054 2843 1126 quasin
2858 1057 3051 1109 mente
3082 1051 3337 1109 hominis
3366 1054 3816 1127 contemplantur,

2213 1142 2468 1199 Trinitas
2490 1143 2567 1198 sit
2586 1141 3026 1199 substantialis:
3046 1158 3180 1197 cum
3214 1141 3465 1198 Trinitas
3487 1142 3819 1200 substantilis

2212 1236 2269 1290 et
2300 1230 2687 1299 substantive,
2720 1231 2777 1285 id
2801 1235 2905 1286 est
2927 1248 3054 1304 quae
3076 1229 3536 1287 substantialiter
3563 1230 3617 1285 in
3653 1248 3821 1303 perso-

2214 1323 2307 1380 nis
2336 1322 2640 1388 consistat,
2673 1319 3010 1377 nullatenus
3038 1319 3283 1375 inveniri
3313 1319 3514 1392 possit,
3537 1319 3643 1376 nisi
3666 1322 3821 1378 unius

2213 1411 2335 1468 Dei.
2370 1411 2531 1467 Unde
2560 1416 2618 1466 et
2648 1410 2801 1465 idem
2835 1409 3057 1474 doctor,
3091 1426 3163 1464 ne
3194 1409 3329 1480 quis
3359 1414 3507 1465 erret
3534 1408 3589 1463 in
3630 1409 3822 1465 talibus

2213 1500 2461 1558 sollicite
2489 1501 2786 1565 admonet,
2818 1502 2875 1554 et
2903 1500 3072 1554 docet
3122 1498 3182 1553 in
3232 1498 3452 1553 eisdem
3482 1497 3659 1563 libris,
3690 1499 3821 1571 quod

2215 1608 2330 1647 non
2360 1590 2537 1645 homo
2568 1589 2644 1645 sit
2675 1588 2797 1644 hinc
2826 1586 2957 1657 tria,
2991 1588 3091 1642 sed
3125 1585 3382 1643 hominis
3409 1585 3495 1643 vel
3526 1585 3581 1641 in
3619 1586 3827 1643 homine

2214 1680 2335 1736 sint
2362 1679 2482 1734 hzec
2504 1676 2634 1733 tria.
2668 1677 2810 1732 Cum
2845 1692 2875 1732 e
2906 1674 3195 1731 contrario
3249 1675 3309 1730 in
3351 1679 3548 1731 sancta
3576 1675 3827 1732 Trinitate

2216 1768 2316 1824 illa
2340 1768 2452 1823 tria
2482 1783 2609 1838 qua:
2642 1765 2914 1822 distincte
2945 1765 3024 1820 ibi
3074 1769 3495 1839 agnoscuntur,
3527 1765 3828 1821 nullatenus

454 1870 560 1925 scit
607 1885 625 1921 :
670 1867 748 1920 ita
789 1871 840 1918 et
886 1859 1028 1917 illud
1072 1859 1282 1914 trinum
1313 1857 1440 1927 ﬁat;
1471 1856 1631 1922 liber,
1663 1862 1861 1922 motus,
1894 1854 2105 1909 intelli-
2139 1889 2184 1954 Β
2216 1858 2326 1913 dici
2360 1857 2610 1913 debeant
2639 1859 2741 1910 aut
2770 1853 2996 1928 possint
3028 1854 3085 1909 in
3122 1871 3238 1910 uno
3269 1854 3388 1910 Deo
3418 1870 3564 1920 esse,
3594 1854 3689 1910 sed
3715 1869 3830 1909 vere

528 1974 613 2012 ηδ.

528 1975 613 2012 ns.

462 1975 689 2112 gcQuod
721 2058 857 2115 ergo
898 2038 1056 2106 dicit,
1090 2037 1371 2092 interioris
1414 2034 1651 2090 hominis
1693 2033 2110 2089 substantialem

457 2137 705 2193 trinitem
734 2133 794 2187 in
821 2130 1054 2187 essentia
1082 2135 1131 2183 et
1162 2127 1435 2181 voluntate
1461 2131 1512 2178 et
1540 2123 1771 2177 scientia
1814 2123 2103 2185 contineri,

380 2229 387 2237 '
456 2241 524 2281 ex
554 2214 1307 2297 parteexdisputationibus
1323 2212 1507 2269 sancti
1538 2210 2108 2285 Augustiniinlibris

457 2314 528 2369 de
557 2310 841 2367 Trinitate
872 2305 1152 2377 sumpsit;
1186 2321 1255 2358 ex
1285 2306 1448 2374 parte
1478 2301 1549 2355 de
1588 2318 1693 2355 suo
1742 2298 2104 2373 excogitavit.

456 2401 609 2457 Dicit
637 2398 794 2454 enim
825 2398 1029 2452 beatus
1059 2392 1423 2466 Augustinus
1458 2391 1528 2445 de
1560 2393 1761 2445 sancta
1790 2394 1847 2444 et
1878 2405 2111 2445 summa

456 2489 743 2547 Trinitate
764 2482 1196 2558 disputans(lib.
1221 2498 1298 2548 ix,
1330 2483 1507 2550 cap.2,
1540 2487 1590 2533 ct
1621 2480 1718 2534 lib.
1753 2496 1845 2545 xv,
1877 2494 1996 2550 cap.
2025 2481 2104 2547 7),

455 2583 515 2635 et
545 2578 614 2633 de
642 2578 837 2631 mente
866 2571 1125 2628 hominis
1144 2568 1243 2625 ubi
1264 2569 1334 2623 ad
1356 2567 1670 2639 imaginem
1698 2571 1755 2623 et
1777 2566 2108 2623 similitudi-

456 2684 590 2724 nem
621 2665 721 2722 Dei
753 2662 1025 2720 conditur
1053 2662 1160 2727 est,
1196 2655 1642 2713 similitudinem
1674 2656 1745 2711 ad
1777 2656 1960 2711 Deum
1988 2660 2105 2711 tra-

456 2756 628 2823 hens,
660 2757 725 2809 ut
754 2768 856 2824 per
886 2749 1046 2805 illam
1079 2747 1394 2819 imaginem
1427 2744 1709 2799 trinitatis
1741 2762 1867 2817 quae
1907 2749 1997 2800 est
2045 2744 2102 2799 in

455 2848 651 2902 mente
680 2839 938 2897 hominis
969 2836 1298 2894 sublevaret
1323 2850 1429 2889 nos
1476 2834 1544 2888 ad
1591 2832 2105 2905 contemplandum

455 2939 779 3004 utcumque
808 2928 1156 2985 Trinitatem
1188 2942 1316 2996 quas
1348 2923 1501 2978 Deus
1532 2922 1813 2990 est.Dicit,
1838 2922 2101 2994 inquam.

457 3023 578 3079 haec
610 3020 739 3088 tria,
774 3018 832 3074 id
864 3021 952 3073 est
980 3033 1128 3081 esse,
1164 3030 1357 3079 nosse,
1389 3017 1446 3068 et
1473 3010 1638 3077 velle,
1672 3011 1754 3066 ita
1800 3012 1858 3066 in
1911 3016 2105 3068 mente

457 3110 714 3167 hominis
735 3106 1071 3171 inveniri,ut
1103 3108 1161 3159 et
1190 3103 1465 3157 distincte
1485 3101 1596 3155 tria
1618 3101 1818 3167 sint,et
1839 3101 2105 3156 substan-

456 3201 539 3255 tia
560 3216 744 3254 unum
771 3195 918 3257 sint;
951 3194 1213 3249 videlicet
1234 3190 1468 3262 quando
1488 3207 1808 3261 mens,quze
1832 3190 2107 3245 naturali.

2217 1963 2370 2001 unus
2402 1946 2556 2001 Deus
2584 1961 2732 2000 esse.
2783 1944 2980 2017 Neque
3023 1944 3179 2000 enim
3220 1944 3255 1999 'l
3272 1944 3563 1999 rinitatem
3608 1942 3804 1999 dicimu

2215 2051 2343 2091 esse
2373 2035 2431 2089 in
2466 2036 2596 2101 Deo,
2632 2034 2730 2089 sed
2765 2032 2952 2106 ipsam
2982 2032 3324 2089 Trinitatem
3359 2034 3539 2089 Deum
3563 2031 3668 2089 :sic
3695 2032 3830 2087 enim

2216 2124 2341 2197 ipse
2371 2126 2609 2180 sanctus
2639 2122 2840 2177 doctor
2869 2121 3011 2176 dicit
3038 2121 3160 2195 (lib.
3194 2139 3270 2177 xv
3300 2122 3366 2179 de
3393 2121 3791 2193 Trinit.,cap.6)
3817 2137 3831 2175 :

2217 2211 2571 2284 [Invenimus
2600 2211 2660 2265 in
2691 2210 2927 2265 homine
2954 2209 3300 2279 trinitatem,
3335 2210 3391 2267 id
3422 2215 3510 2266 est
3529 2213 3763 2266 mentem
3785 2212 3835 2263 et

2217 2300 2483 2357 notitiam
2516 2317 2631 2373 qua
2661 2316 2724 2355 se
2755 2299 2995 2366 novit,et
3023 2299 3394 2357 dilectionem
3427 2317 3542 2372 qua
3570 2316 3630 2355 se
3649 2296 3833 2370 diligit;

2218 2393 2316 2447 sed
2349 2392 2471 2447 hzec
2500 2392 2613 2447 tria
2640 2390 2722 2446 ita
2748 2395 2889 2446 sunt
2928 2391 2987 2445 in
3035 2382 3296 2457 homine,
3333 2397 3396 2446 ut
3440 2405 3553 2446 non
3591 2390 3711 2462 ipsa
3736 2388 3836 2444 sint

2216 2480 2392 2535 homo
2427 2497 2440 2534 :
2476 2480 2650 2535 homo
2681 2479 2837 2535 enim
2868 2479 3137 2545 est,sicut
3160 2484 3219 2535 et
3239 2485 3464 2536 veteres
3492 2478 3835 2543 definierunt,

2216 2568 2433 2625 animal
2467 2568 2746 2625 rationale
2771 2567 3037 2624 mortale.
3073 2567 3179 2624 Illa
3207 2585 3348 2642 ergo
3379 2567 3663 2625 excellunt
3682 2568 3736 2622 in
3756 2566 3841 2621 ho.

2216 2659 2392 2726 mine,
2423 2674 2537 2711 non
2568 2656 2697 2729 ipsa
2727 2661 2866 2712 sunt
2891 2656 3085 2724 homo,
3118 2660 3177 2712 et
3223 2674 3344 2713 una
3391 2673 3654 2730 persona,
3684 2656 3738 2711 id
3764 2658 3841 2710 est

2214 2746 2485 2820 singulus
2515 2747 2765 2819 quisque
2796 2745 3015 2812 homo.]
3046 2745 3229 2802 Habet
3258 2745 3363 2802 illa
3392 2747 3505 2802 tria
3545 2747 3601 2801 in
3648 2748 3839 2808 mente,

2211 2836 2297 2892 vel
2324 2838 2578 2891 mentem
2613 2852 2626 2889 :
2661 2852 2726 2889 ac
2754 2851 2857 2907 per
2888 2834 2996 2890 hoc
3041 2833 3143 2890 illa
3193 2851 3311 2890 non
3355 2835 3531 2891 homo
3574 2837 3724 2901 sunt,
3753 2829 3840 2887 sed

2213 2923 2470 2980 hominis
2501 2927 2658 2991 sunt,
2690 2922 2779 2978 vel
2817 2922 2876 2978 in
2926 2922 3163 2978 homine
3195 2928 3357 2979 sunt.
3392 2924 3656 2979 Detracto
3682 2920 3837 2976 etiam

2213 3029 2472 3085 corpore,
2506 3011 2553 3068 si
2587 3011 2713 3068 sola
2742 3009 2940 3067 anima
2969 3011 3257 3083 cogitetur
3286 3012 3533 3085 aliquid,
3554 3012 3675 3083 ejus
3697 3024 3844 3064 mens

2212 3106 2301 3157 est
2331 3106 2612 3173 tanquam
2647 3104 2822 3172 caput
2850 3101 2999 3171 ejus,
3032 3100 3119 3155 vel
3152 3100 3381 3168 oculus,
3420 3101 3503 3156 vel
3538 3099 3723 3165 facies,
3756 3096 3842 3151 sed

2218 3208 2332 3246 non
2365 3190 2488 3245 haec
2511 3195 2576 3245 ut
2604 3206 2847 3260 corpora
2876 3188 3184 3261 cogitanda
3217 3191 3512 3245 sunt.Non
3544 3188 3717 3260 igitur
3735 3184 3841 3241 ani-

458 3292 548 3344 ter
577 3282 1040 3355 est,naturaliter
1071 3280 1309 3336 novitsc
1332 3284 1390 3335 et
1420 3277 1762 3332 naturaliter
1789 3278 1997 3341 vult,id
2021 3283 2109 3334 est
2138 3257 2182 3322 δ
2221 3298 2337 3345 ma,
2386 3280 2487 3335 sed
2532 3279 2688 3350 quod
2737 3257 2976 3333 excellit
3014 3279 3069 3332 in
3119 3280 3339 3345 anima,
3376 3296 3543 3335 mens
3569 3257 3842 3333 ‘vocatur:

461 3374 653 3447 diligit
682 3389 874 3441 se,ncc
906 3371 977 3425 ad
1010 3369 1166 3424 aliud
1199 3372 1337 3422 tunc
1370 3367 1616 3421 refertur
1644 3366 1772 3435 ejus
1804 3367 2010 3422 notitia
2051 3372 2109 3423 et

456 3463 729 3521 voluntas
762 3459 873 3516 nisi
906 3460 977 3514 ad
1006 3457 1460 3529 seipsam.Tunc
1486 3454 1643 3509 enim
1675 3453 1809 3509 licet
1836 3453 2107 3511 distincte

458 3551 865 3624 intelligantur
913 3548 1034 3603 hinc
1082 3545 1195 3601 tria
1241 3561 1368 3600 csse
1411 3542 1472 3598 in
1524 3546 1735 3607 mente,
1770 3544 1827 3598 id
1860 3548 1949 3599 est
1979 3561 2107 3601 esse

456 3644 515 3698 et
562 3656 735 3696 nosse
784 3655 867 3703 se,
917 3640 973 3692 et
1020 3634 1163 3690 velle
1211 3651 1294 3700 se,
1358 3637 1552 3687 tamen
1613 3636 1669 3687 et
1726 3632 1920 3705 ipsum
1978 3650 2107 3689 esse

458 3734 691 3795 natura,
754 3727 810 3781 id
872 3729 961 3780 est
1012 3722 1264 3779 essentia
1319 3720 1532 3776 mentis
1588 3724 1695 3787 est,
1754 3725 1810 3777 et
1866 3722 2104 3777 omnino

456 3816 801 3875 naturaliter
848 3813 1005 3870 novit
1043 3830 1125 3878 se,
1159 3816 1217 3867 et
1247 3809 1590 3866 naturaliter
1617 3809 1740 3864 vult
1769 3827 1865 3877 se;
1898 3815 1954 3866 et
1983 3816 2106 3868 tota

456 3908 629 3974 est,et
657 3903 808 3960 sicut
836 3906 961 3958 tota
989 3900 1163 3955 habet
1190 3915 1338 3964 esse,
1374 3898 1457 3953 sic
1482 3897 1657 3953 etiam
1688 3902 1808 3954 tota
1839 3915 1901 3953 se
1923 3900 2103 3969 novit,

455 3995 541 4051 sic
573 3997 692 4049 tota
720 4008 783 4047 se
809 3990 935 4047 vult
965 3992 1020 4045 et
1051 3988 1263 4061 diligit.
1297 3988 1366 4042 Et
1397 3987 1523 4041 ideo
1554 3990 1694 4041 tunc
1749 3992 1969 4059 quanta
2015 3993 2104 4045 est

454 4083 709 4142 essentia
739 4082 889 4153 ejus,
923 4083 1089 4135 tanta
1115 4081 1203 4133 est
1230 4080 1288 4131 et
1316 4075 1523 4131 notitia
1552 4076 1679 4146 ejus
1732 4081 1789 4131 et
1832 4076 2101 4133 voluntas

453 4174 602 4245 ejus.
637 4173 707 4226 Et
736 4187 805 4226 ex
834 4169 943 4224 hac
976 4166 1412 4238 comparatione
1443 4165 1716 4219 admonet
1754 4165 1961 4220 beatus
1992 4167 2098 4223 do-

452 4265 595 4328 ctor,
623 4263 689 4314 ut
717 4276 785 4315 ex
813 4254 1199 4313 similitudine
1230 4253 1444 4309 mentis
1477 4256 1683 4308 nostra:
1716 4269 2101 4327 exsurgamus

452 4351 523 4407 ad
556 4352 783 4405 contem
793 4345 1067 4421 piandum
1085 4360 1279 4399 veram
1296 4341 1642 4397 Trinitatem
1663 4358 1789 4413 qum
1805 4342 1959 4399 Deus
1980 4348 2096 4400 est:

451 4443 519 4496 ut
547 4438 701 4495 sicut
731 4437 850 4492 haec
879 4435 1013 4499 tria,
1047 4433 1105 4488 id
1138 4436 1227 4488 est
1258 4448 1405 4491 esse.
1440 4447 1611 4485 nosse
1639 4447 1720 4497 se,
1754 4435 1811 4485 et
1839 4432 1982 4487 velle
2013 4449 2097 4499 se,

450 4528 533 4584 ita
561 4528 941 4583 inveniuntur
972 4523 1029 4577 in
1064 4526 1257 4577 mente
1290 4520 1639 4584 hominis,ut
1658 4524 1712 4574 et
1735 4520 1962 4590 preprie
1983 4520 2100 4575 sin-

2216 3369 2481 3440 nunquid
2534 3372 2727 3422 autem
2779 3384 3097 3439 possumus
3144 3368 3342 3423 dicere
3399 3367 3734 3423 Trinitatem
3772 3363 3843 3418 sic

2215 3475 2342 3514 esse
2376 3458 2433 3513 in
2466 3457 2603 3521 Deo,
2638 3460 2701 3510 ut
2732 3455 2952 3528 aliquid
2988 3456 3084 3511 Dei
3119 3456 3215 3522 sit,
3248 3474 3357 3513 nec
3389 3457 3520 3530 ipsa
3549 3456 3624 3511 sit
3667 3451 3846 3511 Deus?

2288 3548 2403 3601 iste
2433 3562 2564 3601 vero
2596 3549 2906 3617 postquam
2940 3560 3053 3599 non
3087 3547 3240 3599 recte
3272 3543 3719 3602 substantialem
3741 3540 3846 3597 Tri-

2215 3634 2455 3690 nitatem
2488 3634 2546 3688 in
2578 3634 2793 3689 mentis
2824 3633 3082 3688 essentia
3111 3637 3167 3688 et
3213 3634 3517 3691 voluntate
3543 3637 3601 3690 et
3627 3630 3849 3689 scientia

2215 3722 2497 3779 contineri
2528 3721 2691 3789 dixit,
2725 3722 2885 3777 addit
2914 3721 3105 3777 adhuc
3136 3721 3297 3777 aliud
3347 3723 3540 3796 pejus,
3574 3721 3764 3778 dicens
3790 3718 3850 3772 de

2214 3812 2342 3885 ipsa
2371 3811 2627 3867 hominis
2658 3815 2853 3866 mente
2885 3826 2900 3866 ε
2932 3811 3038 3866 Nec
3066 3810 3224 3866 aliud
3268 3814 3324 3868 ei
3374 3829 3490 3869 esse
3520 3815 3574 3868 et
3602 3811 3749 3873 velle,
3768 3822 3852 3862 nec

2212 3901 2369 3957 aliud
2398 3901 2534 3956 velle
2551 3907 2602 3955 et
2620 3902 2790 3967 scire;
2823 3908 3095 3971 totamque
3116 3902 3324 3958 anima?
3350 3910 3615 3957 naturam
3634 3900 3856 3955 volunta-

2213 3998 2321 4045 tem
2347 4004 2494 4053 essc;
2524 3987 2617 4042 sed
2646 3986 2762 4043 hsce
2792 3989 2900 4041 tria
2920 4003 3090 4042 uuam
3118 3988 3559 4044 naturam.Cum
3590 4005 3621 4043 e
3650 3987 3853 4042 contra-

2212 4078 2297 4133 rio
2331 4076 2667 4132 ﬁrmissime
2699 4076 2842 4131 ﬁdes
2874 4079 3067 4131 teneat
3097 4075 3320 4131 nullam
3358 4082 3687 4133 creaturam
3720 4086 3853 4129 esse.

2212 4166 2268 4221 id
2303 4171 2527 4221 estnec
2558 4162 2904 4236 angelicam,
2946 4179 3049 4220 nec
3102 4164 3457 4232 humanam,
3491 4182 3619 4239 quas
3671 4163 3749 4219 ita
3793 4158 3859 4216 sit

2212 4254 2496 4328 simplicis
2529 4258 2771 4321 natum,
2804 4252 2889 4309 vel
2923 4252 3209 4322 essentia,
3238 4257 3303 4309 ut
3330 4255 3493 4328 quod
3524 4258 3614 4311 est
3642 4253 3690 4308 ei
3722 4265 3853 4313 esse,

2211 4343 2317 4399 hoc
2348 4343 2426 4397 sit
2456 4341 2799 4414 intelligere,
2834 4342 2972 4414 quia
2999 4342 3267 4397 videlicet
3297 4347 3497 4414 potest
3524 4359 3653 4399 esse
3672 4345 3851 4395 etnon

2211 4431 2552 4503 intelligere.
2588 4431 2702 4485 Nec
2734 4430 2889 4502 quod
2921 4434 3010 4486 est
3039 4430 3089 4486 ei
3122 4445 3274 4497 esse,
3297 4430 3414 4488 hoc
3445 4438 3539 4489 est
3566 4426 3854 4500 velle,quia

2210 4524 2401 4591 potest
2431 4535 2559 4574 esse
2590 4523 2647 4574 et
2686 4535 2799 4573 non
2831 4517 2995 4574 velle.
3030 4519 3146 4575 Nec
3176 4519 3283 4575 hoc
3314 4519 3401 4575 illi
3437 4524 3528 4577 est
3557 4535 3684 4576 esse
3713 4512 3851 4589 quod

450 4615 589 4688 gula
619 4616 1049 4680 discernantur,
1083 4615 1141 4666 et
1173 4614 1368 4665 tamen
1418 4606 1883 4664 subslantialiter
1911 4612 1967 4662 et
1997 4626 2097 4664 na-
2128 4626 2177 4688 ι)
2209 4608 2550 4680 nosse,quia
2575 4611 2763 4680 potest
2794 4624 2921 4663 esse
2949 4612 3005 4663 et
3036 4625 3150 4663 non
3186 4610 3518 4666 nosse.Nec
3549 4608 3658 4664 hoc
3679 4604 3755 4663 illi
3777 4607 3855 4659 est

449 4700 718 4758 turaliter
746 4718 929 4756 unum
965 4701 1100 4757 sint.
1137 4699 1204 4754 Et
1228 4698 1432 4771 quinta
1462 4700 1550 4753 est
1582 4695 1710 4767 ipsa
1741 4701 2097 4761 mens,tanta

449 4794 589 4847 tunc
621 4789 698 4844 sit
726 4793 783 4844 et
812 4789 1020 4843 notitia
1039 4788 1129 4844 sui
1149 4792 1206 4843 et
1224 4786 1455 4842 dilectio
1485 4783 1745 4856 sui,quia
1770 4787 1889 4840 tota
1915 4802 1975 4843 se
1999 4803 2097 4841 no-

444 4877 546 4945 vit,
577 4881 696 4933 tota
725 4893 786 4932 se
817 4875 979 4948 diligi
1016 4892 1028 4930 :
1064 4875 1144 4930 ita
1174 4892 1241 4930 ex
1274 4874 1381 4929 hac
1412 4873 1667 4946 imagine
1715 4877 1771 4929 et
1818 4872 2094 4930 similitu-

447 4966 583 5020 dine
618 4964 712 5020 Dei
741 4962 1110 5019 sublevemus
1143 4962 1501 5017 intellectum
1525 4963 1594 5016 ad
1632 4961 1819 5033 ipsam
1849 4962 2098 5017 Trinita-

342 5104 353 5116 κ
444 5058 564 5111 tem
596 5051 914 5117 Domini,et
944 5066 1331 5124 agnoscamus
1351 5048 1409 5104 in
1434 5050 1562 5121 ipsa
1585 5051 1753 5105 beata
1783 5055 1838 5105 et
1861 5068 2097 5107 summa

445 5143 749 5209 Trinitate,
785 5140 1061 5195 distincte
1090 5143 1145 5194 et
1178 5138 1409 5209 preprie
1442 5138 1551 5192 tria
1580 5155 1730 5203 esse,
1756 5139 1813 5194 id
1866 5144 1954 5195 est
1985 5145 2091 5195 Pa-

442 5236 614 5299 trem,
645 5234 703 5287 et
734 5229 966 5293 Filium,
1001 5232 1055 5282 et
1086 5226 1367 5297 Spiritum
1418 5231 1707 5289 sanctum,
1741 5232 1798 5282 et
1833 5228 1952 5283 haec
1982 5228 2096 5283 tria

444 5318 833 5377 essentialiter
862 5322 920 5372 et
950 5315 1295 5371 naturaliter
1340 5330 1523 5368 unum
1571 5330 1717 5382 esse,
1751 5318 1809 5369 et
1846 5317 2096 5388 aequalia

370 5424 389 5435 '
444 5413 663 5477 esse,ut
693 5412 952 5481 quantus
974 5409 1059 5461 est
1082 5405 1159 5458 ibi
1185 5404 1577 5470 Pater,tantns
1607 5409 2093 5472 agnoscaturesse

442 5501 499 5551 et
532 5496 733 5567 Filius,
767 5501 967 5552 tantus
1000 5498 1056 5549 et
1087 5492 1340 5565 Spiritus
1381 5495 1639 5545 sanctus.
1674 5491 1901 5563 Sicque,
1936 5494 2095 5550 velut

369 5631 386 5645 .
441 5601 543 5656 per
574 5585 877 5655 speculum
911 5590 967 5640 et
994 5583 1052 5638 in
1086 5582 1393 5653 anigmate
1426 5580 1639 5633 mentis
1671 5585 1878 5635 nostra:
1911 5583 2095 5638 disca-

440 5687 575 5729 mus
605 5673 924 5745 intelligere
945 5677 1209 5730 sanctam
1231 5667 1938 5736 'Prinitatem,distinctam
1964 5688 2094 5742 per-

2205 4715 2333 4754 esse
2366 4697 2520 4770 quod
2557 4696 2961 4769 diligere,quia
2988 4700 3177 4769 potest
3207 4714 3335 4754 esse
3370 4703 3430 4753 et
3459 4715 3577 4755 non
3600 4695 3850 4768 diligere.

2206 4786 2399 4844 Solius
2431 4790 2622 4841 autem
2655 4785 2860 4840 divinae
2889 4791 3110 4840 natura;
3141 4790 3231 4842 est
3259 4803 3505 4843 summa
3525 4785 3629 4843 illa
3646 4789 3703 4841 et
3722 4782 3854 4838 inei-

2205 4874 2399 4931 fabilis
2429 4873 2796 4946 simplicitas,
2830 4877 2896 4928 ut
2944 4875 3098 4946 quod
3147 4878 3237 4930 est
3284 4875 3336 4930 ei
3382 4892 3539 4945 esse,
3572 4873 3681 4930 hoc
3709 4871 3757 4927 ei
3787 4869 3855 4925 sit

2206 4963 2487 5038 quidquid
2519 4962 2800 5017 veraciter
2830 4962 3045 5018 dicitur
3070 4978 3216 5019 esse.
3249 4962 3425 5019 Verbi
3460 4963 3673 5038 gratia,
3708 4956 3849 5034 quod

2204 5057 2292 5109 est
2320 5051 2370 5108 ei
2401 5067 2548 5117 esse,
2583 5051 2691 5106 hoc
2722 5054 2810 5107 est
2840 5050 3183 5126 intelligere,
3220 5052 3360 5125 quia
3404 5070 3524 5109 non
3559 5057 3649 5108 est
3673 5050 3731 5105 in
3762 5046 3851 5103 illo

2204 5140 2359 5197 aliud
2391 5139 2648 5196 essentia
2677 5145 2733 5195 et
2761 5138 2918 5195 aliud
2951 5139 3335 5213 intelligentia
3368 5157 3382 5196 :
3419 5141 3525 5197 sed
3576 5138 3731 5213 quod
3772 5139 3855 5192 cst

2203 5228 2474 5294 essentia,
2519 5227 2627 5283 hoc
2676 5226 3088 5299 intelligentia;
3140 5232 3199 5283 et
3247 5227 3403 5299 quod
3450 5222 3851 5300 intelligentia.

2202 5318 2310 5373 hoc
2348 5315 2620 5373 essentia.
2654 5316 2935 5372 Similiter
2979 5333 3096 5371 non
3144 5319 3233 5372 est
3276 5314 3359 5370 illi
3412 5315 3580 5371 aliud
3630 5330 3756 5371 esse
3800 5314 3851 5364 et

2203 5404 2357 5461 aliud
2392 5404 2715 5476 sapientem
2745 5403 3043 5475 esse,quia
3071 5420 3187 5459 non
3209 5408 3299 5459 est
3320 5405 3378 5458 in
3412 5403 3550 5459 illos
3582 5402 3739 5458 aliud
3773 5417 3853 5454 es-

2204 5492 2392 5551 sentia
2438 5498 2493 5548 et
2538 5492 2697 5547 aliud
2748 5492 3035 5565 sapientia
3066 5509 3081 5547 :
3116 5494 3216 5548 sed
3248 5493 3403 5566 quod
3437 5492 3721 5565 essentia,
3751 5489 3853 5545 hoc

2202 5581 2511 5655 sapientia,
2543 5585 2600 5637 et
2630 5582 2784 5653 quod
2817 5581 3123 5654 sapientia,
3158 5581 3268 5638 hoc
3320 5582 3604 5639 essentia.
3643 5586 3719 5637 De
3746 5594 3855 5650 qua

2203 5688 2263 5727 re
2296 5671 2449 5725 idem
2482 5670 2685 5725 beatus
2717 5669 2920 5724 doctor
2951 5669 3034 5724 ita
3061 5669 3341 5741 loquitur,
3370 5668 3581 5725 dicens
3616 5685 3629 5724 :
