4068 6190
216 389 328 452 153

1178 385 1412 449 LIBER
1450 384 1862 449 ADVERSUS
1904 385 2269 450 JOANNEM
2314 388 2652 453 SCO'I‘UM.

3500 393 3620 456 151

212 528 270 582 ut
297 520 491 596 possit
518 519 689 590 velle,
713 524 779 578 ut
808 519 994 593 possit
1033 520 1209 577 etiam
1251 536 1423 592 posse
1451 520 1606 591 quod
1638 519 1857 575 bonum
1891 522 1943 587 Α
1969 521 2063 585 cit,
2093 537 2266 576 sermo
2298 537 2394 593 qui
2433 524 2667 595 scriptus
2710 532 2789 581 est
2817 543 2836 581 :
2865 525 3127 601 Absorpta
3171 538 3252 587 est
3292 548 3440 589 mors
3466 551 3500 589 a
3531 537 3618 591 vi-

211 619 321 678 ast;
347 616 413 667 ut
442 616 646 668 autem
679 610 789 666 hoc
813 609 968 680 velit,
993 613 1059 664 ut
1087 609 1195 664 hoc
1227 609 1412 682 possit
1445 625 1558 664 non
1590 607 1767 663 habet
1795 624 1863 662 ex

213 718 284 768 se,
308 701 413 758 sed
447 716 520 756 ex
558 697 662 756 illo
693 703 923 755 tantum
972 701 1068 770 qui
1111 706 1366 770 operatur
1395 697 1454 752 in
1486 696 1761 752 cordibus
1791 697 1863 749 fi-

211 789 349 849 lium
381 798 434 846 et
465 789 606 847 velle
630 797 683 844 et
710 789 968 860 perﬁcere
987 804 1087 859 pro
1115 788 1252 843 bona
1276 787 1573 842 voluntate.
1607 785 1746 841 Inde
1776 789 1867 840 est

212 877 299 938 illa
329 877 739 935 ecclesiastica
767 881 824 931 et
844 875 1189 932 ﬁdelissima
1219 875 1498 942 definitio,
1525 891 1700 946 quam
1735 874 1865 928 bea-

210 971 296 1024 tus
327 983 488 1040 papa
517 965 863 1024 C(elestinus
895 965 1059 1038 ponit
1097 965 1155 1020 in
1205 964 1460 1021 Decretis
1509 964 1633 1020 suis
1663 963 1865 1018 dicens

210 1057 464 1128 (Caelest.,
499 1057 673 1127 Epist.
727 1054 796 1110 ad
846 1054 986 1112 Gall.
1037 1052 1214 1124 episc.
1246 1053 1411 1122 819):
1442 1057 1454 1118 ι
1483 1055 1568 1108 Ita
1620 1057 1773 1108 Deus
1803 1051 1863 1106 in

209 1144 486 1207 cordibus
519 1143 829 1200 hominum
875 1147 1052 1214 atque
1083 1141 1143 1196 in
1182 1142 1310 1214 ipso
1360 1141 1540 1198 libero
1591 1145 1867 1214 operatur

209 1232 468 1298 arbitrio,
505 1236 573 1288 ut
611 1236 816 1288 sancta
853 1230 1152 1302 cogitatio,
1183 1231 1345 1302 pium
1375 1229 1706 1294 consilium,
1741 1246 1864 1286 om-

206 1321 410 1393 nisque
444 1321 842 1384 motus'bonte
869 1318 1188 1377 voluntatis
1210 1335 1278 1374 ex
1308 1319 1424 1375 Deo
1455 1318 1567 1374 sit:
1599 1317 1736 1390 quia
1766 1335 1868 1390 per

206 1409 366 1466 illum
399 1408 634 1481 aliquid
667 1408 803 1464 boni
835 1424 1172 1480 possumus,
1197 1407 1322 1464 sine
1344 1423 1458 1479 quo
1487 1405 1634 1461 nihil
1664 1423 1868 1478 possu-

208 1504 378 1566 mus.]
423 1499 500 1554 Et
548 1497 763 1564 iterum
796 1497 981 1566 (lbid.,
1007 1498 1062 1565 8)
1094 1513 1106 1550 :
1140 1495 1369 1563 [Omnia
1407 1495 1621 1564 studia,
1669 1495 1868 1552 omnia

206 1604 376 1661 opera
397 1603 472 1644 ac
499 1585 711 1644 merita
741 1590 1081 1642 sanctorum
1107 1585 1176 1642 ad
1205 1584 1306 1640 Dei
1332 1584 1578 1656 gloriam
1602 1583 1866 1640 laudem-

206 1692 311 1747 que
341 1674 657 1731 referenda
707 1678 862 1730 sunt.
887 1673 1033 1738 Quia
1087 1690 1258 1729 nemo
1304 1671 1541 1729 aliunde
1571 1673 1622 1728 ei
1655 1672 1866 1744 placet,

206 1765 312 1826 nisi
331 1781 406 1822 ex
428 1780 501 1820 eo
525 1764 683 1834 quod
713 1763 840 1836 ipse
864 1762 1203 1828 donaverit.)
1233 1763 1312 1817 Ex
1333 1779 1451 1833 qua
1473 1761 1792 1834 apostolica
1812 1767 1870 1817 et

205 1852 610 1914 ecclesiastica
638 1851 976 1915 deﬁnitione
1005 1850 1333 1908 certissime
1363 1850 1691 1906 ostenditur
1721 1850 1867 1906 nihil

207 1958 373 2013 posse
405 1941 471 1999 in
499 1941 740 1999 homine
770 1939 1022 1996 liberum
1045 1939 1353 1996 arbitrium
1377 1940 1450 1994 ad
1473 1940 1865 2010 appetendum

205 2030 284 2086 vel
317 2030 731 2102 peragendum
781 2029 1022 2094 bonum,
1064 2027 1178 2084 nisi
1229 2027 1404 2082 fuerit
1434 2027 1644 2082 Christi
1679 2026 1869 2099 gratia

209 2117 548 2176 liberatum.
572 2118 676 2174 Est
704 2122 900 2173 tamen
929 2115 1178 2174 liberum
1201 2116 1274 2171 ad
1299 2114 1706 2187 malum,quia,
1731 2133 1866 2170 cum

207 2211 424 2279 peccat,
449 2223 569 2263 non
595 2205 796 2277 aliqua
819 2204 1165 2261 necessitate
1186 2204 1431 2276 cogitur,
1448 2204 1549 2260 sed
1571 2203 1866 2260 voluntate

208 2294 440 2368 propria
471 2296 846 2367 depravatur.

270 2385 453 2440 Addit
485 2383 698 2450 deinde
747 2383 856 2438 iste
887 2387 944 2437 et
973 2382 1117 2438 dicit
1149 2398 1163 2436 :
1195 2382 1350 2438 Sicut
1385 2381 1626 2437 animale
1672 2398 1866 2452 corpus

204 2475 378 2545 potuit
414 2473 584 2538 mori,
618 2474 751 2543 quia
801 2470 978 2526 adhuc
1021 2487 1134 2527 non
1179 2479 1298 2526 erat
1341 2473 1663 2542 perfectum,
1705 2470 1760 2525 id
1789 2478 1867 2526 est

207 2563 523 2634 spirituale,
547 2562 628 2617 ita
657 2562 928 2624 voluntas,
949 2561 1125 2616 libera
1153 2559 1330 2614 adhuc
1359 2560 1621 2615 animalis
1651 2561 1864 2626 merito,

208 2653 342 2723 quia
367 2652 624 2710 mortalis
647 2651 828 2720 potuit
853 2665 1091 2720 peccare,
1117 2650 1379 2719 quoniam
1408 2648 1588 2704 adhuc
1613 2664 1721 2703 non
1751 2656 1871 2703 erat

206 2743 468 2811 perfecta,
490 2754 623 2812 quae
663 2741 852 2810 utique
876 2739 1136 2810 perfectio
1166 2738 1438 2797 libertatis
1468 2746 1590 2809 post
1619 2737 1870 2793 mandati

210 2830 513 2886 custodiam
546 2828 889 2898 impleretur,
910 2827 1042 2883 dum
1061 2829 1115 2882 ei
1129 2826 1395 2898 peccandi
1413 2828 1666 2884 voluntas
1685 2826 1870 2901 aufer-

212 2925 398 2983 retur;
431 2915 534 2974 ubi
567 2914 708 2987 quid
733 2913 893 2970 aliud
917 2915 1231 2972 dicendum
1260 2915 1330 2971 de
1356 2931 1594 2986 corpore
1624 2914 1867 2990 animali

213 3012 272 3061 et
297 3004 617 3079 spirituali,
648 3005 759 3060 nisi
803 3004 958 3077 quod
989 3003 1298 3076 Apostolus
1329 3004 1497 3060 docet
1527 3004 1726 3060 dicens
1761 3021 1772 3058 :
1808 3005 1870 3060 Si

210 3102 287 3152 est
317 3110 516 3164 corpus
559 3094 820 3157 animale,
857 3101 909 3148 et
954 3101 1034 3148 est
1075 3093 1388 3164 spirituale,
1420 3094 1562 3148 sicut
1604 3094 1871 3163 scriptum

211 3192 286 3239 est
310 3203 328 3238 :
356 3185 540 3254 [actus
569 3191 650 3240 est
675 3185 888 3254 primus
917 3184 1072 3239 hom
1104 3181 1275 3238 Adam
1310 3184 1370 3237 in
1406 3183 1656 3238 animam
1684 3184 1869 3240 viven-

1972 611 2116 664 toria
2147 611 2337 681 (Ibicl.,
2366 611 2455 680 53,
2489 614 2610 681 54);
2644 622 2703 668 ut
2744 632 2937 688 corpus
2988 620 3137 689 quod
3183 637 3330 676 nunc
3377 625 3620 680 animate

1971 701 2277 754 seminatur
2305 700 2361 753 in
2397 707 2600 766 morte,
2633 712 2764 758 tunc
2805 717 3055 775 resurgat
3099 711 3388 780 spirituale
3417 711 3612 784 (Ibid.,

1973 788 2090 857 44),
2114 787 2274 843 nullo
2297 790 2423 860 jam
2455 791 2730 848 alimento
2758 798 3229 866 sustentandum,
3252 799 3414 856 nulla
3442 801 3619 859 mole-

1973 877 2084 932 stia
2113 881 2628 950 corrumpendum,
2654 882 2815 938 nulla
2845 889 3029 941 morte
3050 887 3616 957 dissolvendum,sed

1974 965 2096 1021 solo
2149 966 2359 1038 spiritu
2417 974 2631 1026 aeterna
2685 973 3125 1034 immortalitate
3179 978 3614 1038 viviﬁcandum.

1975 1055 2151 1118 Quale
2181 1061 2304 1112 erat
2332 1056 2508 1112 etiam
2553 1060 2815 1117 futurum
2849 1079 3060 1136 corpus
3087 1067 3220 1122 Adae
3250 1070 3413 1126 nulla
3442 1073 3618 1129 inter-

1974 1145 2212 1200 cedente
2243 1151 2447 1214 morle,
2472 1148 2590 1203 Deo
2617 1150 2744 1220 ejus
2767 1152 3156 1210 obedientiam
3188 1167 3614 1231 remunerante,

1975 1233 2023 1288 si
2057 1250 2171 1289 non
2203 1241 2517 1306 peccasset.

2050 1389 2249 1458 itaque
2275 1405 2474 1445 verum
2500 1391 2738 1462 quidem
2761 1398 2850 1450 est
2869 1397 3023 1467 quod
3051 1399 3240 1457 adhuc
3262 1404 3514 1462 animale
3533 1424 3624 1464 es-

1976 1479 2063 1531 set
2084 1493 2296 1548 corpus
2325 1479 2477 1545 Adae,
2506 1497 2609 1536 nec
2640 1480 2700 1536 in
2733 1481 2893 1539 illam
2927 1485 3432 1549 immortalitatem
3462 1513 3622 1554 com-

1977 1569 2434 1640 mutatum,quae
2463 1569 2512 1624 ei
2540 1569 2725 1626 fuerat
2755 1572 2971 1641 danda,
2995 1576 3043 1631 si
3075 1577 3170 1648 pie
3199 1579 3476 1640 obediens
3506 1586 3623 1645 Deo

1977 1656 2435 1726 permansisset:
2460 1656 2541 1713 ita
2562 1664 2628 1714 ut
2650 1663 2707 1716 et
2732 1661 2780 1718 si
2805 1679 2917 1719 non
2942 1673 3258 1736 peccasset,
3283 1679 3480 1741 posset
3509 1693 3623 1733 non

1978 1743 2218 1811 mori,et
2250 1745 2298 1802 si
2335 1753 2649 1818 peccasset,
2675 1756 2872 1822 posset
2915 1755 3091 1824 mori;
3128 1759 3507 1822 manifestum
3539 1769 3628 1822 est

1978 1849 2110 1888 eum
2132 1834 2260 1890 ideo
2289 1836 2434 1892 mori
2457 1837 2734 1909 potuisse,
2751 1841 2890 1912 quia
2910 1844 3158 1900 necdum
3184 1847 3372 1905 fuerat
3392 1851 3628 1910 immor-

1977 1921 2202 1979 talitate
2223 1925 2495 1982 donatus.
2525 1928 2684 1994 Quod
2716 1935 2911 1986 autem
2951 1932 3010 1987 in
3041 1933 3138 1992 illo
3170 1936 3405 1996 homine
3435 1942 3627 2000 adhuc

1976 2011 2248 2068 animalis
2292 2017 2447 2070 esset
2500 2015 2790 2086 voluntas,
2816 2019 2876 2074 id
2905 2026 2994 2078 est
3037 2027 3360 2083 secundum
3413 2031 3626 2088 animas

1975 2099 2247 2156 humanae
2277 2103 2621 2174 appetitum,
2641 2109 2698 2161 et
2727 2123 2842 2164 non
2871 2111 3194 2168 secundum
3225 2115 3496 2187 spiritum
3523 2120 3626 2177 Dei

1973 2189 2171 2244 vivens
2198 2191 2317 2245 sive
2341 2191 2692 2266 intelligens,
2717 2200 2780 2250 ut
2806 2198 3069 2254 nondum
3090 2207 3244 2260 esset
3274 2204 3331 2259 in
3367 2205 3626 2264 interiori

1975 2278 2232 2347 homine,
2262 2279 2318 2335 id
2353 2286 2442 2336 est
2471 2281 2526 2336 in
2562 2283 2770 2354 spiritu
2795 2288 3006 2344 mentis
3039 2307 3156 2347 suo:
3189 2292 3490 2364 spiritalis,
3524 2299 3626 2354 sed

1975 2366 2167 2423 adhuc
2199 2367 2492 2438 animalis,
2525 2371 2580 2426 id
2612 2378 2701 2428 est
2721 2375 3071 2446 animaliter,
3097 2397 3210 2436 non
3243 2382 3631 2454 spiritualiter

1977 2458 2273 2524 sentiens;
2325 2459 2397 2513 de
2437 2461 2710 2532 qualibus
2770 2463 2912 2520 dicit
2959 2469 3310 2539 Apostolus:
3347 2475 3631 2532 .lnimalis

1976 2556 2156 2602 autem
2185 2549 2340 2605 homo
2370 2566 2479 2604 non
2505 2554 2737 2624 percipit
2793 2572 2858 2610 ea
2913 2573 3040 2628 quae
3094 2568 3224 2616 sunt
3273 2564 3504 2634 spiritus
3532 2566 3634 2623 Dei

1977 2637 2024 2703 (I
2055 2638 2182 2691 Cor.
2217 2655 2277 2703 ιι,
2313 2639 2398 2708 14)
2426 2656 2438 2694 :
2468 2640 2593 2694 Non
2635 2641 2716 2698 ila
2753 2647 3009 2701 ostendit
3047 2649 3386 2720 Apostolus,
3410 2651 3508 2724 qui
3540 2671 3630 2709 sa-

1974 2733 2313 2781 cramentum
2335 2727 2476 2783 illud
2500 2746 2764 2799 magnum
2789 2736 2943 2805 quod
2971 2736 3233 2794 futurum
3257 2745 3381 2797 erat
3399 2743 3461 2797 in
3478 2742 3634 2800 Clui-

1975 2824 2055 2872 sto
2086 2823 2137 2870 et
2166 2819 2226 2871 in
2254 2817 2514 2887 Ecclesia,
2547 2819 2619 2875 ab
2669 2820 2796 2892 ipso
2839 2822 2985 2880 dicit
3014 2841 3143 2882 esse
3191 2828 3629 2900 prophetatum,

1979 2905 2213 2977 quando
2244 2905 2437 2962 divino
2470 2908 2671 2979 utique
2702 2911 2959 2982 repletus
2991 2913 3210 2986 Spiritu
3243 2917 3326 2971 ait
3357 2934 3370 2972 :
3403 2919 3634 2990 Propter

1977 2995 2075 3051 hoc
2102 2996 2374 3066 relinquet
2401 2997 2556 3052 homo
2594 3007 2810 3069 patrem
2849 3017 3013 3056 suum
3041 3011 3094 3058 et
3117 3012 3349 3060 matrem
3375 3022 3552 3075 suam,
3581 3015 3635 3064 et

1979 3083 2280 3140 adhaerebit
2318 3101 2486 3141 acori
2531 3102 2669 3153 suae,
2701 3096 2755 3143 et
2804 3098 2968 3145 erunt
3021 3091 3126 3146 duo
3187 3094 3246 3152 in
3301 3110 3467 3152 carne
3517 3112 3632 3153 una

1977 3173 2190 3244 (Ephes.
2225 3191 2279 3240 v,
2313 3175 2423 3244 31).
2459 3175 2682 3242 Quibus
2723 3177 2914 3234 verbis
2949 3179 3260 3251 Apostolus
3291 3185 3630 3255 exponendo

216 3280 319 3340 tem
348 3291 368 3326 :
401 3273 732 3333 novissimus
773 3280 961 3328 autem
1009 3273 1066 3326 in
1112 3272 1374 3342 spiritum
1421 3272 1786 3341 viviﬁcantem
1817 3271 1870 3342 (ι
1898 3259 1943 3327 C
1980 3262 2311 3333 subjunxit;
2342 3265 2759 3321 Sacramenlum
2800 3268 2898 3323 hoc
2923 3285 3189 3337 magnum
3234 3279 3313 3327 est
3342 3289 3361 3326 :
3389 3273 3500 3342 Ego
3530 3291 3632 3330 au-

218 3363 331 3420 Cer.
363 3378 457 3426 xv,
501 3361 592 3425 44,
639 3360 749 3429 45).
782 3361 851 3414 Et
895 3377 1096 3430 supra,
1129 3376 1264 3416 cum
1318 3359 1388 3414 de
1447 3360 1872 3416 resurrectione

217 3454 583 3508 mortuorum
623 3447 974 3521 loqaeretur,
1005 3448 1089 3502 ait
1121 3464 1133 3501 :
1167 3449 1488 3512 Seminatur
1511 3465 1704 3520 corpus
1743 3452 1867 3504 ani-

220 3539 370 3604 male,
404 3545 599 3606 surget
640 3553 834 3608 corpus
875 3537 1172 3608 spirituale
1202 3536 1385 3606 (Ibid,
1415 3537 1524 3608 44).
1559 3537 1622 3592 In
1655 3536 1869 3608 quibus

216 3626 400 3686 verbis
423 3625 718 3698 quomodo
741 3625 1222 3697 distinguendum
1241 3629 1328 3680 est
1347 3641 1541 3696 corpus
1556 3627 1798 3681 animale
1817 3635 1868 3682 et

217 3731 404 3786 corpus
431 3714 747 3786 spirituale,
772 3714 886 3770 nisi
918 3714 1072 3786 quod
1101 3730 1292 3785 corpus
1337 3715 1578 3770 animale
1611 3731 1713 3786 per
1742 3714 1866 3770 ani-

218 3820 366 3864 mam
391 3802 806 3867 tantummodo
828 3802 1154 3860 mortaliter
1175 3808 1234 3858 et
1251 3803 1710 3874 corruptibiliter
1725 3803 1867 3858 vivi-

218 3891 412 3956 βψω-Τ
431 3891 620 3957 Quale
643 3895 770 3948 erat
789 3907 1000 3962 corpus
1021 3891 1150 3957 Adin
1172 3891 1351 3946 etiam
1373 3895 1506 3946 ante
1531 3895 1864 3962 peccatum;

219 3980 369 4049 quia,
403 3979 513 4036 etsi
547 3978 802 4034 necdum
833 3983 958 4034 erat
987 3977 1159 4042 morti
1201 3983 1262 4034 et
1297 3978 1658 4050 corruptioni
1688 3979 1865 4036 desti-

220 4073 434 4134 natum,
455 4069 691 4139 poterat
732 4071 928 4122 tamen
972 4066 1193 4138 peccati
1226 4066 1432 4127 merito
1482 4067 1780 4139 corrumpi
1809 4071 1868 4124 et

221 4157 355 4212 mori
389 4173 403 4210 :
435 4143 596 4213 sicut
625 4154 831 4225 utique
861 4159 918 4210 et
954 4154 1012 4209 in
1043 4153 1144 4214 illo
1189 4154 1407 4216 factum
1438 4161 1528 4212 est
1556 4159 1614 4211 et
1643 4155 1701 4212 in
1735 4155 1866 4211 uni-

219 4259 374 4298 versa
389 4245 518 4315 ejus
541 4241 819 4315 progenie
840 4242 924 4308 fit,
940 4243 1103 4314 justo
1125 4240 1285 4301 illius
1302 4241 1527 4312 judicio
1550 4248 1724 4316 atque
1744 4244 1866 4300 vin-

219 4331 363 4388 dicta
389 4331 493 4404 qui
526 4332 608 4386 ait
634 4348 646 4386 :
674 4335 860 4386 Donec
895 4333 1186 4386 revertaris
1219 4333 1278 4386 iu
1310 4340 1514 4386 terram
1544 4333 1686 4387 unde
1713 4350 1864 4388 sum-

215 4429 353 4490 ptus,
373 4438 448 4488 es,
471 4423 610 4492 quia
636 4420 824 4491 pulvis
841 4436 917 4484 es,
945 4428 1002 4476 et
1022 4422 1082 4474 in
1106 4420 1388 4491 pulverem
1414 4423 1723 4477 reverteris.
1744 4424 1866 4494 Spi-

220 4511 410 4575 rituale
435 4526 576 4565 vera
603 4525 800 4581 corpus
839 4508 1074 4576 dicitur,
1104 4525 1218 4568 non
1269 4509 1428 4582 quod
1479 4525 1690 4584 corpus
1737 4527 1864 4567 esse

1981 3359 2087 3406 tem
2116 3353 2236 3407 dico
2269 3354 2324 3407 in
2360 3355 2570 3411 Christo
2600 3363 2651 3410 et
2678 3357 2737 3409 in
2766 3357 3006 3413 Ecclesia
3027 3358 3208 3427 (Ibid,
3233 3361 3323 3431 32)
3350 3378 3362 3416 :
3389 3362 3634 3425 Quomo-

1978 3441 2052 3496 do
2083 3458 2223 3496 orno
2256 3459 2371 3498 non
2416 3442 2699 3514 spiritalis
2729 3449 2854 3500 erat
2885 3447 3150 3506 voluntas
3181 3449 3308 3519 ejus
3360 3451 3433 3508 ad
3481 3456 3636 3508 recte

1977 3530 2309 3599 vivendum,
2344 3532 2554 3603 spiritu
2600 3534 2822 3604 adjuta,
2857 3539 2914 3589 et
2943 3535 3298 3606 illuminata,
3333 3556 3462 3611 quae
3507 3544 3635 3596 erat

1979 3617 2151 3674 etiam
2184 3618 2512 3690 prophetali
2559 3621 2750 3692 gratia
2797 3622 3144 3692 sublimata;
3199 3627 3388 3698 potuit
3436 3631 3634 3685 tamen

1977 3725 2214 3780 peccare
2235 3708 2411 3764 etiam
2436 3709 2764 3781 spiritualis
2784 3712 3128 3768 voluntaain
3150 3715 3405 3773 deterius
3430 3716 3630 3789 lapsa;

1977 3796 2132 3852 sicut
2153 3798 2411 3854 ostendit
2433 3799 2588 3854 idem
2609 3800 2922 3871 Apostolus
2943 3802 3120 3860 etiam
3143 3801 3438 3875 spiritales
3464 3822 3634 3878 posse

1977 3887 2211 3952 tentari,
2237 3887 2293 3941 id
2318 3892 2406 3944 cst
2430 3888 2750 3944 tentatione
2770 3891 2989 3961 peccati
3022 3891 3221 3963 aliqua
3241 3894 3632 3966 superari,ubi

1978 3975 2058 4030 ait
2091 3991 2103 4029 :
2136 3980 2378 4043 Fratres,
2412 3984 2462 4033 et
2489 3979 2540 4032 si
2573 3987 2984 4048 praeoccupatus
3027 3982 3201 4052 fuerit
3245 3982 3402 4040 Immo
3433 3985 3494 4039 in
3521 3985 3631 4041 ali.-

1975 4080 2079 4135 quc
2108 4065 2318 4131 delicto,
2351 4081 2440 4120 vos
2483 4068 2578 4137 qui
2617 4069 2934 4137 spirituales
2986 4071 3133 4137 estis,
3180 4059 3499 4142 hujusmodi
3541 4075 3632 4129 in-

1973 4155 2166 4212 struite
2197 4154 2259 4208 in
2284 4155 2488 4224 spiritu
2520 4155 2790 4223 lenittuis,
2822 4158 3172 4218 considerem
3205 4161 3456 4231 teipsum,
3480 4178 3550 4218 ne
3577 4171 3632 4218 et

1974 4250 2036 4298 tu
2066 4244 2285 4300 tenteris
2312 4241 2459 4310 (Gal.
2493 4260 2569 4310 Vl,
2606 4245 2678 4311 1).
2711 4244 2804 4300 Sic
2835 4262 2972 4318 ergo
3010 4246 3279 4302 voluntas
3321 4247 3480 4303 illius
3526 4249 3631 4305 ho-

1974 4330 2154 4386 minis
2182 4331 2360 4386 etiam
2393 4331 2719 4403 spiritualis
2739 4339 2967 4406 poterat
2989 4335 3227 4404 tentari,
3254 4340 3480 4408 poterat
3509 4341 3631 4393 ten-

1971 4420 2191 4474 tatione
2232 4421 2526 4492 superari;
2581 4427 2658 4487 et,
2693 4421 2741 4476 si
2791 4423 3153 4495 pervenisset
3202 4425 3525 4480 obediendo
3557 4427 3628 4481 ad

1971 4508 2134 4564 illam
2166 4508 2590 4580 plenitudinem
2633 4511 3015 4567 beatitudinis
3063 4511 3160 4568 ubi
3209 4513 3334 4588 jam
3392 4531 3631 4589 peccare

220 4597 469 4663 desistat,
491 4603 552 4658 et
579 4597 826 4670 spiritus
855 4599 991 4688 ﬁat;
1017 4598 1158 4671 quia
1199 4597 1334 4688 licet
1374 4597 1700 4670 spirituale,
1733 4616 1862 4655 vera
1893 4623 1940 4688 Β
1975 4615 2089 4656 non
2120 4603 2335 4688 posset,
2369 4616 2485 4688 non
2531 4600 2602 4654 ab
2633 4615 2700 4654 eo
2754 4601 3032 4671 peccandi
3065 4601 3334 4662 voluntas
3365 4603 3629 4660 auferre-

219 4690 402 4744 tamen
422 4704 643 4758 corpus
662 4687 736 4743 ab
759 4686 1030 4759 Apostolc
1055 4685 1414 4760 appellatur;
1448 4688 1550 4742 sed
1582 4692 1721 4742 tunc
1743 4705 1864 4744 cor-

220 4791 321 4845 pus
342 4775 652 4849 spirituale
682 4777 791 4832 erit
815 4777 1050 4848 quando
1081 4793 1183 4847 per
1207 4776 1480 4849 spiritum
1512 4777 1860 4838 immortali-

221 4867 320 4928 ter,
339 4870 396 4920 et
422 4864 950 4938 incorruptibiliter
971 4864 1385 4932 viviﬁcabitur;
1415 4863 1593 4930 Quale
1624 4871 1681 4920 et
1708 4865 1766 4920 in
1799 4883 1861 4926 se

221 4951 466 5023 exhibuit
499 4953 862 5022 novissimus
891 4953 1096 5023 Adam,
1131 4952 1188 5008 id
1221 4957 1310 5019 est
1355 4953 1642 5012 Dominus
1687 4954 1862 5012 Jesus

222 5038 473 5104 Christus
493 5041 556 5098 in
575 5043 1021 5107 resurrectione,
1045 5059 1148 5114 per
1173 5058 1351 5112 quam
1383 5042 1586 5114 utique
1617 5042 1860 5100 mortale

223 5143 417 5201 corpus
447 5131 606 5203 quod
647 5135 1004 5202 susceperat,
1036 5130 1096 5185 in
1137 5130 1634 5186 immortalitatem
1675 5135 1731 5187 et
1770 5131 1857 5186 in-

223 5218 640 5292 corruptionem
662 5217 985 5286 transtulit,
1008 5224 1066 5284 et
1095 5218 1154 5282 in
1187 5217 1405 5283 sanctis
1429 5219 1553 5276 suis
1579 5237 1680 5292 per
1705 5237 1857 5284 eam-

223 5305 340 5362 dem
371 5307 828 5382 incorruptionis
857 5308 1106 5381 gratiam
1137 5308 1196 5362 in
1224 5308 1540 5370 novissimo
1571 5309 1662 5365 die
1692 5311 1858 5366 exhi-

223 5391 383 5453 bebit.
417 5396 562 5454 Cum
612 5396 790 5455 etiam
819 5396 880 5452 in
912 5395 1078 5469 ipsis,
1103 5397 1276 5466 juxta
1299 5398 1568 5454 eumdem
1617 5400 1859 5469 Aposto-

223 5476 331 5537 lum
382 5501 395 5538 :
443 5476 823 5558 Carruptibile
878 5486 976 5541 hoc
1032 5485 1276 5541 induerit
1329 5487 1775 5559 incorruptelam,
1808 5495 1861 5542 et

224 5573 428 5630 mortale
454 5574 555 5646 hoc
592 5573 842 5644 induerit
870 5574 1360 5643 immortalitatem,
1391 5583 1450 5630 ut
1499 5576 1858 5633 absorbeatur

227 5661 344 5726 quod
369 5673 443 5720 est
489 5664 724 5740 mortale
756 5665 964 5733 avita;
993 5673 1044 5728 et
1075 5664 1389 5737 impleatur,
1421 5665 1566 5730 sicut
1611 5667 1721 5738 ipse
1767 5665 1855 5722 dt-

1973 4691 2087 4754 tur,
2122 4691 2186 4741 ut
2216 4687 2324 4742 iste
2355 4687 2514 4756 dicit,
2541 4705 2667 4758 qua:
2699 4687 2757 4742 in
2789 4704 2855 4743 eo
2888 4688 3049 4744 nulla
3079 4694 3222 4757 erat,
3253 4690 3354 4746 sed
3384 4691 3512 4764 ipsa
3532 4693 3631 4749 bo-

1973 4794 2048 4831 na
2079 4774 2512 4847 voluntas,quze
2546 4774 2626 4829 illi
2656 4775 2862 4843 inerat,
2890 4780 3056 4832 tanta
3085 4777 3361 4834 felicitate
3395 4782 3628 4853 perfice-

1971 4871 2152 4929 retur,
2175 4869 2240 4920 ut
2291 4865 2360 4921 ad
2412 4863 2633 4920 malum
2691 4865 2906 4921 mutari
2967 4883 3081 4922 non
3142 4871 3359 4938 posset.
3393 4869 3628 4943 Triplex

1971 4953 2128 5010 enim
2150 4956 2339 5008 status
2359 4952 2631 5008 humanae
2649 4951 2967 5012 voluntatis
2989 4954 3240 5012 fideliter
3260 4957 3504 5030 intelligi
3528 4977 3627 5032 ρο-
3660 4995 3662 4997 ›

1970 5045 2102 5108 test,
2124 5041 2390 5096 videlicet
2427 5041 2582 5112 quod
2617 5041 2841 5112 primus
2883 5041 2981 5099 ille
3011 5043 3187 5100 homo
3221 5045 3303 5100 ita
3331 5045 3495 5102 bonae
3526 5064 3624 5103 vo-

1968 5129 2212 5185 luntatis
2243 5129 2512 5185 conditus
2533 5134 2641 5197 est,
2667 5134 2750 5195 ut,
2777 5130 2826 5186 si
2852 5132 3045 5199 vellet,
3068 5138 3268 5206 posset
3291 5151 3405 5190 non
3429 5152 3626 5207 pecca-

1969 5236 2050 5274 re.
2067 5219 2232 5274 Nunc
2257 5223 2451 5273 autem
2475 5217 2649 5278 etiam
2669 5219 2855 5275 sancti
2879 5221 3167 5287 homines,
3185 5221 3325 5294 quia
3339 5239 3408 5277 ex
3423 5222 3622 5279 vitiata

1969 5307 2128 5362 illius
2163 5307 2580 5379 propagatione
2613 5314 2956 5378 nascuntur,
2983 5311 3252 5382 quamvis
3282 5309 3479 5377 velint,
3504 5328 3619 5367 non

1968 5395 2196 5469 possint
2224 5412 2338 5450 non
2373 5413 2628 5467 peccare.
2648 5396 2808 5452 Unde
2829 5402 2886 5452 et
2906 5399 3164 5469 quotidie
3194 5396 3481 5452 veracitur
3501 5398 3618 5455 Deo

1966 5485 2203 5540 dicunt:
2233 5485 2418 5540 Debite
2447 5487 2602 5540 nobis
2648 5485 2828 5541 debita
2858 5496 3040 5542 nostra
3064 5485 3268 5559 (Matth.
3301 5503 3377 5554 γι,
3408 5486 3518 5554 l2).
3555 5487 3617 5543 In

1965 5573 2064 5630 illa
2096 5577 2290 5630 autem
2321 5573 2680 5635 beatitudine
2711 5592 2838 5648 qua:
2883 5575 2966 5632 cis
3011 5574 3283 5632 donanda
3313 5579 3422 5642 est,
3454 5581 3623 5634 tanta

1965 5666 2175 5732 virtute
2208 5663 2494 5736 solidandi
2527 5669 2690 5736 sunt,
2717 5670 2782 5728 ut
2805 5665 2937 5738 jam
2960 5683 3074 5732 non
3098 5662 3325 5738 possint
3355 5681 3622 5739 peccare,
