4068 6190
455 366 573 429 155
1548 368 1781 431 FLORI
1823 367 2111 432 DIAGON
2118 370 2144 432 Ι
2186 370 2764 436 LUGDUNENSIS.
3698 383 3797 449 {56

453 511 607 569 sicut
634 511 797 568 tanta
825 504 1280 581 incorruptionis
1307 504 1496 580 gratia
1524 504 1825 574 induendi,
1851 510 1916 561 ut
1947 522 2098 562 nun-
2127 504 2182 572 Α
2211 501 2373 561 illius
2401 504 2591 578 gratia
2609 504 2784 563 fuerit
2802 504 3329 582 instauratum,qui
3348 508 3428 567 ait
3448 528 3461 568 :
3482 513 3542 570 Si
3558 531 3635 574 vos
3651 517 3798 577 Filius

454 618 634 675 quam
662 600 892 674 possint
922 599 1090 656 mori.
2214 595 2552 661 liberaverit,
2572 604 2702 652 tunc
2738 613 2862 653 vere
2912 597 3076 653 liberi
3119 599 3278 654 eritis
3304 601 3604 672 (Joan.vm,
3625 608 3731 676 36);
3756 614 3805 665 et

526 691 741 747 Mirum
771 693 862 747 est
889 692 1083 746 autem
1114 706 1221 744 cur
1249 688 1357 743 iste
1387 687 1742 759 subjungere
1772 686 2019 743 voluerit
2047 691 2105 743 et
2214 684 2313 756 qui
2344 701 2453 740 sua
2482 684 2866 758 inspiratione
2888 690 3107 753 monet,
3131 703 3380 759 quorum
3404 689 3631 749 voluerit
3654 698 3804 754 corda

454 780 645 838 dicere
678 796 693 835 :
724 782 881 836 Hunc
909 786 1133 845 motum,
1159 776 1215 832 id
1241 785 1320 833 est
1350 777 1518 831 liberi
1547 777 1788 845 arbitrii,
1816 778 1966 833 nulli
1986 780 2105 833 ani-
2213 774 2286 829 ad
2313 774 2510 841 fidem,
2536 774 2687 831 sicut
2707 774 2990 847 propheta
3010 775 3182 831 dicit:
3205 778 3272 833 Et
3289 779 3496 836 movebo
3514 796 3682 840 omnes
3698 802 3806 854 gen-

453 871 707 940 malium,
732 875 934 941 praeter
976 867 1267 934 hominem,
1300 881 1611 922 concessum
1638 882 1772 921 cum
1825 866 2102 922 omnibus
2212 872 2287 922 tes
2312 874 2365 921 et
2392 868 2570 922 veniet
2600 873 2653 921 et
2688 865 3038 922 Desideratus
3078 869 3285 923 cunctis
3313 870 3554 937 gentibus
3580 872 3730 943 (lgg.
3758 890 3806 939 ιι,

454 958 831 1015 manifestum
848 956 943 1022 sit,
961 956 1113 1029 quod
1137 955 1235 1011 ubi
1261 953 1424 1011 nulla
1444 954 1745 1011 rationalis
1762 959 1973 1011 natura
1992 959 2100 1027 est,
2210 956 2267 1022 8)
2292 971 2305 1009 :
2329 955 2399 1010 Et
2424 954 2517 1010 cui
2548 953 2809 1027 quotidie
2853 954 3255 1027 supplicantes
3298 957 3541 1015 dicimus
3562 977 3576 1015 :
3601 968 3672 1019 Da
3693 964 3813 1020 mihi

454 1047 607 1104 sicut
634 1047 690 1102 in
726 1045 999 1102 omnibus
1026 1044 1235 1110 brutis,
1259 1048 1316 1100 et
1340 1043 1774 1100 irrationalibus
1787 1044 2098 1116 jumentis,
2211 1044 2564 1109 intellectum,
2598 1051 2650 1101 et
2687 1043 2895 1100 discam
2940 1045 3208 1100 mandata
3252 1054 3349 1101 tua
3378 1048 3483 1119 (Ps.
3513 1065 3689 1119 cxvm,
3715 1052 3812 1121 73).

453 1136 616 1193 nulla
643 1134 944 1192 rationalis
981 1134 1252 1190 voluntas
1282 1150 1411 1189 esse
1442 1133 1627 1205 possit
1656 1135 1728 1190 ad
1777 1134 2102 1207 appetenda
2209 1132 2280 1187 Et
2308 1132 2519 1188 iterum
2555 1151 2568 1188 :
2601 1132 2936 1189 Intellectum
2962 1133 3033 1188 da
3073 1134 3235 1201 mihi,
3263 1143 3315 1190 et
3341 1138 3513 1192 vivam
3538 1140 3660 1210 (1b.,
3688 1141 3819 1209 ibi).

453 1225 607 1282 bona
634 1225 721 1280 vel
754 1224 946 1280 mala:
978 1225 1079 1279 sed
1111 1223 1185 1278 ad
1215 1223 1413 1279 omnia
1444 1240 1571 1295 quae
1616 1226 1800 1295 agunt
1839 1223 1963 1279 sola
2001 1241 2100 1279 na-
2208 1225 2288 1277 De
2318 1238 2432 1293 quo
2458 1221 2634 1277 etiam
2667 1220 2961 1278 intellectu
2988 1221 3249 1295 largitori
3272 1224 3486 1296 gratias
3510 1232 3727 1299 agentes
3749 1230 3818 1285 div

450 1313 624 1369 turali
655 1315 826 1370 bruto
868 1316 925 1370 et
968 1313 1267 1368 insensato
1300 1312 1559 1384 appetitu
1594 1313 1902 1368 ducantur.
1936 1312 2099 1368 Unde
2209 1310 2436 1367 cimus:
2466 1311 2813 1367 Benedictum
2842 1311 3086 1380 Domino,
3103 1313 3201 1384 qui
3226 1312 3418 1370 tribuit
3446 1316 3580 1371 mihi
3604 1318 3816 1374 intellec-

450 1408 506 1459 et
535 1419 898 1476 quaecunque
925 1403 997 1457 ab
1029 1401 1112 1457 eis
1153 1401 1322 1467 ﬁunt,
1347 1405 1635 1473 quantum
1684 1400 1755 1456 ad
1800 1418 1869 1457 ea
1917 1401 2098 1473 perti-
2208 1407 2322 1455 tum
2349 1400 2465 1468 (Ps.
2489 1417 2581 1467 xv,
2602 1400 2678 1471 7).
2710 1399 2829 1455 Hoc
2858 1416 3114 1472 namque
3143 1405 3234 1457 est
3262 1418 3390 1458 vero
3418 1401 3653 1460 liberum
3682 1406 3817 1460 arbi-

449 1496 567 1560 net,
602 1509 709 1548 nec
740 1493 895 1546 bona
923 1490 1035 1545 dici
1071 1495 1316 1563 possunt
1347 1506 1453 1546 nec
1485 1489 1657 1557 mala,
1694 1507 1796 1546 nec
1824 1489 1964 1546 vitia
1993 1507 2099 1546 nec
2208 1488 2389 1545 trium
2415 1505 2428 1543 :
2455 1505 2592 1556 non,
2607 1490 2778 1560 juxta
2808 1490 2987 1545 istum
3032 1489 3324 1564 Pelagiani
3355 1492 3563 1549 erroris
3591 1499 3817 1551 asserto-

445 1581 713 1648 virtutes,
748 1579 861 1636 nisi
895 1580 1038 1636 forte
1069 1580 1196 1636 ideo
1228 1579 1337 1636 sibi
1371 1581 1624 1653 quodam
1660 1580 1832 1635 modo
1862 1595 2097 1652 compa-
2207 1594 2351 1647 rem,
2376 1594 2596 1634 munus
2619 1582 2863 1645 naturae,
2886 1579 2987 1634 sed
3011 1595 3229 1637 munus
3258 1580 3485 1654 gratiae;
3506 1585 3562 1638 et
3578 1582 3819 1651 liberum,

448 1670 599 1728 ravit
627 1669 873 1725 humani
905 1667 1127 1724 arbitrii
1156 1671 1379 1735 notum,
1405 1672 1462 1724 et
1488 1669 1796 1724 brutorum
1827 1668 2097 1725 animan-
2208 1666 2347 1739 quia
2377 1666 2585 1723 Christi
2616 1666 2806 1740 gratia
2835 1666 3168 1723 liberatum.

446 1759 597 1815 tium
629 1757 972 1831 appetitum,
997 1758 1175 1830 quod,
1205 1756 1357 1813 sicut
1404 1757 1501 1813 ille
1542 1757 1895 1813 irrationalis
1925 1775 2100 1830 appe-
2279 1757 2394 1813 Iste
2423 1773 2557 1813 vero
2588 1773 2722 1812 cum
2751 1756 3114 1813 nominasset
3143 1756 3244 1815 illa
3269 1758 3402 1825 tria,
3428 1758 3485 1815 id
3516 1763 3603 1823 est
3629 1761 3825 1818 arbitrii

444 1848 590 1903 titus
618 1846 742 1903 solo
769 1851 991 1902 natura
1021 1846 1399 1902 incitamento
1430 1846 1641 1920 agitur,
1666 1845 1749 1902 ita
1768 1851 1824 1902 et
1854 1846 1962 1902 iste
1993 1846 2099 1902 hu—
2128 1878 2175 1943 Β
2208 1844 2559 1913 libertatem,
2579 1849 2829 1911 motum,
2848 1844 3319 1943 intelligentiam,
3337 1864 3462 1921 quae
3480 1848 3736 1905 omniain
3754 1867 3829 1906 so-

446 1935 605 1992 mani
637 1935 862 1991 arbitrii
893 1938 1089 1991 motus
1118 1933 1258 1991 solo'
1287 1938 1508 1990 natura:
1541 1952 1658 1990 sua:
1708 1934 1989 1991 instinctu
2023 1936 2095 1991 ad
2128 1933 2172 1943 ”
2205 1935 2262 1991 1a
2292 1939 2512 1990 natura:
2535 1934 2589 1990 vi
2619 1939 2885 1991 constare
2917 1933 3193 2003 afﬁrmat,
3214 1937 3488 2009 producit
3514 1938 3697 1995 adhuc
3723 1940 3829 2012 eju-

445 2023 600 2096 quod
632 2023 880 2080 voluerit
911 2024 1179 2079 ducatur.
1214 2023 1377 2090 Quod
1417 2039 1595 2095 quam
1629 2022 1707 2079 sit
1737 2023 2094 2080 contrarium
2203 2025 2368 2080 sdem
2391 2023 2558 2079 liberi
2580 2023 2990 2096 arbitrii,quod
3015 2022 3142 2096 ipse
3163 2026 3628 2099 confingit,velut
3646 2045 3828 2084 novam

442 2111 669 2170 veritati
699 2129 881 2186 supra
902 2113 1029 2185 jam
1063 2111 1276 2186 saepius
1305 2114 1772 2168 demonstratum
1804 2116 1911 2168 est.
2202 2113 2521 2186 quamdam
2544 2110 2797 2186 efﬁgiem
2818 2127 2888 2167 ex
2916 2112 3108 2168 tribus
3130 2112 3401 2186 partibus
3430 2115 3548 2172 sive
3576 2116 3828 2173 membris

513 2204 582 2259 Et
611 2203 671 2258 in
699 2206 931 2258 tantum
952 2202 1284 2274 disputator
1313 2201 1423 2257 iste
1453 2200 1787 2257 auditorum
1820 2201 2092 2258 sensibus
2201 2207 2587 2276 compactam,
2619 2206 2677 2257 et
2705 2200 2847 2257 dicit
2878 2218 2892 2257 :
2928 2202 3064 2270 Quae
3100 2204 3231 2270 tria,
3265 2203 3325 2259 id
3362 2213 3442 2261 est
3471 2206 3626 2277 liber,
3652 2214 3825 2272 motus,

442 2294 498 2347 et
529 2290 771 2347 auribus
802 2290 963 2347 abuti
994 2291 1389 2363 praesumpsit,
1413 2294 1479 2345 ut
1508 2291 1767 2357 auderet,
1791 2289 1947 2347 velut
1969 2290 2093 2363 qui-
2200 2292 2585 2363 intelligentia,
2621 2290 2856 2345 liberum
2883 2289 3180 2346 arbitrium
3218 2293 3369 2348 inter
3394 2309 3453 2349 se
3477 2302 3788 2363 componunt
3812 2312 3828 2348 :

442 2380 578 2436 dam
605 2378 917 2436 fabricator
948 2383 1005 2435 et
1039 2378 1256 2452 figulus
1295 2378 1757 2447 mendaciorum,
1781 2396 1988 2435 novam
2019 2378 2090 2434 li-
2200 2389 2278 2447 ut,
2308 2382 2454 2436 sicut
2477 2380 2785 2435 substantia
2815 2380 2875 2433 in
2918 2395 3028 2452 qua
3071 2388 3168 2448 est,
3197 2382 3353 2437 trina
3376 2385 3453 2437 sit
3472 2384 3603 2439 :Est
3628 2385 3765 2439 enim
3787 2391 3833 2439 et

440 2468 565 2524 Bari
582 2467 807 2524 arbitrii
829 2467 1229 2524 definitionem
1249 2467 1645 2524 velutluteam
1662 2472 1717 2523 et
1736 2466 2088 2523 lutulentam
2197 2470 2331 2533 vult,
2362 2477 2413 2524 et
2442 2470 2577 2531 scit,-
2610 2468 2689 2523 ita
2716 2475 2768 2523 et
2795 2467 2938 2523 illud
2964 2470 3175 2524 trinum
3200 2471 3321 2540 fiat,
3356 2470 3417 2526 id
3443 2478 3521 2527 est
3543 2472 3697 2543 liber,
3723 2487 3825 2527 mo-

441 2555 752 2629 ﬂngere,et
772 2556 941 2629 quasi
972 2572 1255 2629 magnum
1279 2555 1498 2629 aliquid
1532 2556 1878 2611 intuentiam
1902 2555 2089 2611 oculis
2197 2565 2304 2624 tus,
2330 2557 2811 2626 intelligens.Quaa
2833 2556 3031 2612 omnia
3051 2557 3254 2627 utique
3274 2558 3500 2615 idcirco
3523 2560 3678 2629 dicit,
3700 2560 3826 2615 utin

439 2661 783 2718 proponere.
811 2644 1129 2716 Sdbjunxit
1165 2645 1321 2701 enim
1371 2645 1625 2717 posthaec
1656 2648 1714 2700 et
1744 2644 1826 2699 ait
1859 2661 1871 2700 :
1904 2644 2090 2717 Sitque
2195 2645 2291 2701 his
2322 2644 2482 2712 solis,
2520 2645 2576 2700 id
2607 2649 2695 2701 est
2723 2643 2783 2699 in
2835 2644 2964 2717 ipsa
3001 2649 3231 2713 natura,
3263 2650 3325 2702 et
3354 2646 3449 2703 his
3478 2665 3603 2720 quae
3646 2649 3831 2703 insunt

439 2732 570 2810 talis
608 2732 920 2806 diﬂerentia
967 2735 1111 2789 inter
1156 2733 1389 2789 liberum
1434 2735 1672 2789 hominis
1719 2733 2014 2788 arbitrium
2040 2740 2093 2788 et
2195 2734 2309 2806 ipsi
2340 2738 2582 2802 naturae,
2605 2734 2853 2790 liberum
2877 2733 3184 2790 arbitrium
3213 2739 3491 2793 constare
3519 2738 3828 2804 contendat,

437 2823 553 2894 ejus
582 2824 969 2891 substantiam,
995 2830 1056 2878 ut
1080 2830 1284 2878 natura
1305 2823 1422 2895 ejus
1440 2824 1513 2878 sit
1540 2824 1600 2877 in
1620 2822 1893 2877 voluntate
1922 2823 2088 2877 ratio-
2193 2823 2461 2880 videlicet
2494 2827 2574 2891 ut,
2609 2822 2761 2878 sicut
2809 2822 2990 2879 menti
3040 2823 3317 2880 humanae
3369 2826 3711 2882 naturaliter
3734 2825 3834 2880 tria

435 2911 596 2967 nali:
628 2911 866 2968 liberum
892 2928 1017 2967 vero
1048 2911 1344 2968 arbitrium
1375 2911 1435 2967 in
1462 2912 1580 2984 ejus
1610 2911 1857 2967 libertate
1884 2911 1997 2967 sive
2026 2912 2089 2966 in
2195 2911 2462 2984 quaedam
2512 2911 2733 2976 insunt,
2768 2911 2827 2967 id
2855 2916 2944 2968 est
2985 2928 3134 2979 esse,
3157 2912 3328 2980 velle,
3355 2913 3527 2984 scire,
3552 2931 3681 2971 cum
3728 2914 3835 2970 haec

437 3007 587 3055 motu
617 3001 809 3058 liberm
825 3001 1165 3056 naturaliter
1186 3001 1502 3068 voluntatis,
1533 3002 1647 3056 sive
1666 3001 1727 3054 in
1744 3015 1973 3055 munere
2005 3001 2087 3054 in-
2194 3000 2333 3068 duo,
2358 3000 2415 3057 id
2436 3005 2527 3057 est
2548 3000 2838 3069 voluntas,
2862 3004 2921 3056 et
2941 3000 3184 3057 scientia
3209 3003 3629 3059 tantummodo
3657 3002 3761 3070 sui,
3785 3005 3836 3057 et

437 3089 762 3159 telligentize
780 3090 876 3162 (ιι).
910 3090 1053 3145 Ecce
1075 3088 1246 3162 quale
1273 3088 1525 3145 liberum
1548 3087 1854 3144 arbitrium
1877 3088 2043 3145 docet
2069 3106 2082 3143 :
2194 3106 2310 3146 non
2341 3089 2582 3146 alterius
2611 3089 2694 3146 rei
2725 3088 3087 3163 intelligitur,
3112 3090 3194 3146 ita
3214 3090 3398 3148 etiam
3429 3090 3682 3149 liberum
3702 3091 3838 3149 arbi-

438 3176 641 3250 utique
661 3176 1057 3251 Pelagianam,
1083 3195 1198 3233 non
1215 3177 1642 3234 Christianum!
1669 3179 1840 3249 cujus
1863 3176 2087 3234 scilicet
2123 3246 2155 3254 Α
2193 3178 2373 3234 trium
2393 3195 2460 3233 ex
2479 3178 2609 3251 ipsa
2624 3182 2817 3235 mente
2836 3179 3175 3252 procedens,
3189 3183 3247 3235 et
3266 3178 3333 3235 in
3354 3180 3488 3254 ipsa
3505 3181 3833 3248 consistens,

438 3246 652 3321 natura
682 3265 758 3321 sit
799 3246 1100 3321 rationalis
1137 3266 1429 3332 voluntas,
1453 3266 1693 3329 effectus
1720 3246 1854 3321 vero
1886 3265 1943 3319 in
1976 3283 2085 3322 sua
2114 3246 2157 3314 Ο
2194 3285 2313 3323 non
2343 3246 2581 3323 aliunde
2610 3269 2713 3324 sed
2742 3285 2810 3324 ex
2836 3246 2943 3324 illa
2971 3267 3184 3324 habeat
3211 3246 3579 3339 libertatem,
3608 3246 3837 3335 motum,

439 3352 693 3409 naturali
713 3354 788 3423 (b)
810 3352 1125 3410 voluntatis
1157 3354 1424 3409 libertate
1445 3354 1753 3422 consistat;
1775 3358 1831 3410 et
1849 3369 1917 3409 ex
1937 3354 2080 3422 sola,
2195 3356 2671 3431 intelligentiam;
2706 3361 2769 3412 ut
2801 3355 2877 3414 sit
2904 3356 3131 3413 homini
3161 3359 3525 3416 naturaliter
3552 3377 3656 3434 per
3684 3359 3840 3430 huju-

436 3440 526 3498 vel
558 3441 617 3497 in
648 3441 774 3499 sola
804 3442 1057 3499 naturali
1086 3442 1380 3499 voluntate
1410 3442 1622 3499 habeat
1650 3442 1994 3511 libertatem,
2027 3448 2086 3499 et
2192 3445 2451 3502 scemodi
2499 3444 2830 3512 arbitrium,
2881 3445 3049 3514 liber,
3081 3451 3299 3515 motus,
3346 3447 3707 3523 intelligens.
3737 3447 3841 3504 Nec

440 3534 689 3598 motum,
712 3535 769 3588 et
798 3530 1195 3605 intelligentia
1227 3549 1464 3588 munus.
1492 3533 1609 3588 Nos
1634 3536 1852 3603 autem,
1876 3549 2082 3588 secun-
2191 3534 2332 3591 dicit
2361 3538 2616 3592 mentem
2648 3535 2970 3592 humanam
2999 3534 3111 3590 tria
3158 3535 3258 3591 illa
3285 3534 3351 3593 in
3389 3554 3455 3594 se
3486 3538 3719 3603 habere,
3749 3535 3838 3593 sed

440 3619 580 3675 dum
604 3619 905 3675 veritatem
926 3620 1080 3688 ﬁdei,
1106 3620 1189 3675 ita
1210 3619 1548 3690 (c)-liherum
1570 3620 1879 3677 arbitrium
1901 3621 1958 3676 in
1986 3620 2084 3677 ho-
2191 3627 2413 3679 naturae
2434 3623 2721 3696 simplicis
2741 3623 2957 3680 trinam
2979 3641 3127 3681 esse.
3152 3625 3222 3680 Et
3241 3627 3460 3683 eodem
3484 3626 3661 3683 modo
3679 3625 3842 3683 etiam

440 3706 599 3764 mine
616 3707 1013 3788 agnoscimus,
1038 3713 1122 3776 ut,
1145 3709 1281 3765 licet
1310 3709 1489 3766 menti
1516 3708 1783 3765 rationali
1805 3709 2083 3765 naturali-
2189 3710 2441 3767 liberum
2464 3712 2773 3768 arbitrium
2795 3728 2924 3768 esse
2940 3713 3331 3786 trinum,quis
3349 3732 3623 3788 unquam
3641 3711 3845 3771 audivit

438 3798 527 3852 ter
555 3796 631 3852 sit
659 3778 695 3852 a
721 3800 836 3852 Deo
876 3778 1143 3865 insitum,
1166 3802 1224 3853 et
1253 3798 1494 3869 bonum,
1516 3815 1581 3853 ac
1621 3802 1844 3854 rectum
1893 3799 2086 3871 prima
2190 3804 2313 3856 tam
2344 3801 2768 3857 contentiosam
2791 3801 3003 3857 erroris
3023 3778 3438 3874 impietatem?
3456 3778 3587 3870 bna
3606 3804 3691 3860 ita
3705 3801 3847 3859 labo-

438 3885 774 3942 conditione
792 3884 1099 3955 collatum;
1122 3890 1320 3943 tamen
1341 3886 1563 3960 peccati
1583 3887 1793 3943 merito
1811 3888 2085 3961 deprava-
2192 3893 2283 3945 rat
2311 3888 2631 3957 includere,
2648 3893 2706 3945 et
2734 3889 2892 3945 velut
2909 3889 3266 3962 quibusdam
3297 3893 3587 3950 terminis
3606 3906 3848 3948 commu-

437 3976 590 4042 tum,
616 3978 673 4029 et
700 3973 957 4030 naturali
1001 3973 1213 4031 virtute
1260 3975 1595 4048 spoliatum,
1629 3975 1851 4032 nullam
1900 3976 2087 4049 possit
2192 3977 2316 4033 nire
2344 3976 2594 4033 liberum
2617 3977 2949 4045 arbitrium,
2980 3982 3044 4033 ut
3062 3979 3304 4035 omnino
3338 3980 3492 4037 illud
3520 3981 3578 4036 in
3604 3980 3728 4038 sola
3753 3979 3846 4035 hu-

438 4061 655 4120 habere
683 4064 756 4120 ad
786 4079 987 4120 verum
1018 4065 1239 4120 bonum
1274 4064 1625 4131 libertatem,
1659 4064 1887 4120 nullum
1920 4065 2082 4121 bona:
2192 4082 2379 4121 mana:
2411 4069 2630 4122 natura:
2662 4066 2874 4122 virtute
2926 4067 3254 4135 concludat,
3288 4072 3354 4125 et
3384 4069 3463 4126 ab
3512 4087 3582 4127 eo
3626 4068 3849 4144 penitus

436 4150 751 4210 voluntatis
781 4156 1029 4220 motum,
1052 4152 1280 4209 nullum
1305 4152 1699 4226 intelligentiae
1725 4153 1946 4222 lumen,
1969 4153 2081 4209 nisi
2190 4153 2290 4210 Dei
2319 4154 2569 4227 gratiam
2601 4154 2887 4212 excludat.
2912 4155 3059 4222 Quid
3103 4171 3241 4229 ergo
3271 4156 3329 4212 ei
3371 4158 3851 4232 respondendum

1427 4278 1638 4335 NOTAE
1674 4278 2016 4335 DUVALLII
2054 4278 2411 4336 DOCTORIS
2450 4279 2850 4338 SORBONICI.

504 4385 732 4459 (a)ANon
750 4388 841 4459 est
864 4386 1036 4459 quod
1049 4385 1118 4459 in
1145 4386 1254 4442 hac
1276 4402 1336 4442 re
1356 4385 1604 4459 Erigena
1623 4388 1924 4458 arguatur,
1945 4402 2079 4459 cum
2189 4385 2307 4459 illis
2337 4387 2492 4443 Deus
2516 4386 2639 4442 vult
2657 4386 2850 4443 adhuc
2867 4403 3215 4445 concurrere
3231 4392 3290 4444 et
3320 4389 3469 4449 illos
3489 4389 3731 4448 auxiliis
3748 4388 3855 4446 sui-

433 4456 694 4530 praaclari
721 4456 978 4529 theologi
1002 4456 1422 4530 libertatemiin
1447 4456 1743 4530 voluntate
1763 4461 1829 4530 et
1857 4456 2081 4530 ratione
2115 4505 2156 4530 η
2189 4457 2524 4530 ﬁcientibus
2547 4460 2773 4530 juvare.

434 4505 2078 4601 sagae};satiassatiasfasi;statuisses;
2112 4505 2158 4569 Β
2190 4505 2964 4601 “altilia;'Xi-Ettrium.
2988 4530 3133 4586 Cum
3161 4531 3303 4586 dicit
3336 4532 3715 4590 voluntatem
3746 4547 3852 4587 non

431 4597 749 4690 voluntatis
779 4603 837 4654 et
878 4600 1123 4657 rationis
1153 4617 1281 4656 esse
1313 4600 1498 4666 docet,
1531 4597 1720 4672 magis
1761 4604 1955 4653 tamen
1990 4615 2078 4653 ra-
2190 4597 2821 4690 rem'ansisjse‘liberatn
2861 4606 2995 4673 post
3032 4606 3364 4690 peccatum,
3402 4602 3855 4690 intelligendum}

433 4666 655 4750 tionis..-
966 4743 982 4750 _
1211 4747 1219 4750 _
1312 4741 1346 4750 __
1564 4739 1602 4750 __
1633 4666 1661 4672 ⁷
1723 4740 1733 4750 _
1871 4739 1880 4750 .
1936 4742 1945 4750 ι
2189 4687 2305 4750 non
2335 4675 2424 4750 est
2452 4671 2522 4750 de
2552 4670 2819 4750 libertate
2847 4666 2974 4745 quae
3014 4666 3362 4750 necessitati
3399 4666 3747 4750 opponitur,
3772 4671 3854 4729 vel

506 4738 582 4816 (b)
613 4740 738 4795 Haec
767 4743 1091 4816 secundum
1130 4741 1448 4816 potentiam
1479 4739 1837 4798 ordinariam
1867 4738 2079 4816 i_n_te11i-
2189 4740 2260 4798 de
2289 4746 2526 4816 potente
2548 4743 2683 4816 ipsa
2713 4738 2896 4799 libera
2928 4760 2941 4800 :
2975 4761 3214 4816 semper
3256 4738 3602 4805 enim‘eam
3635 4738 3857 4811 retinet,

434 4810 625 4890 genda
652 4811 926 4890 sunt._Sic
957 4813 1111 4868 enim
1131 4809 1296 4890 Deus
1327 4813 1385 4868 in
1415 4830 1647 4885 poenam
1682 4810 1901 4890 peccati
1931 4809 2081 4890 ipso-
2189 4816 2254 4867 ut
2281 4809 2501 4890 passim
2531 4809 3013 4890 docet__August.,
3048 4809 3151 4871 lib.
3182 4815 3248 4872 de
3273 4817 3508 4890 Spiritu
3559 4829 3612 4877 et
3662 4809 3857 4886 littera,

433 4880 1001 4964 rum_damnatorum
1034 4884 1243 4940 statuit
1286 4900 1348 4940 se
1397 4880 1512 4941 non
1563 4880 1975 4964 ampliusocuni
2008 4880 2080 4938 iis
2188 4880 2320 4964 (δειρἰ
2331 4885 2437 4964 133,
2469 4885 2570 4964 sed
2603 4886 2673 4941 de
2698 4880 3467 4964 li_ber‘tate,'quacservituti
3503 4890 3733 4964 peccati
3762 4880 3856 4964 ope

433 4951 669 5033 speciali
703 4952 917 5033 auxilio
943 4970 1366 5033 concursurum
1392 4973 1405 5010 :
1432 4951 2077 5033 perextraordinarium
2187 4951 2429 5026 ponitur
2450 4972 2462 5009 :
2482 4955 2638 5033 hanc
2660 4956 2815 5033 enim
2839 4951 3062 5033 certum
3087 4963 3300 5033 est‘per
3322 4951 3655 5033 peccatum
3678 4951 3859 5017 amitti

432 5027 627 5108 autem
658 5028 885 5108 ceptum
915 5030 1004 5081 est
1033 5025 1134 5081 illa
1160 5042 1277 5108 non
1308 5024 1451 5108 esse:
1467 5026 1753 5108 privatos;
1787 5024 2078 5108 necnenim
2186 5024 2321 5108 cum
2347 5026 2495 5082 servi
2519 5027 2947 5108 ﬁamusipsius
2976 5024 3220 5108 peccati,
3242 5024 3344 5086 ita.
3360 5036 3433 5088 ut
3459 5034 3541 5090 ab
3570 5049 3642 5090 eo
3674 5048 3777 5105 per
3804 5045 3863 5108 se

431 5092 697 5182 implicat
726 5095 909 5177 Deum
929 5095 1286 5182 eoslaugiliis
1307 5092 1817 5182 su‘t‘ﬁcient‘ibus'et
1835 5094 2081 5182 efﬁcaci-
2186 5100 2245 5151 et
2273 5112 2341 5152 ex
2372 5098 2624 5182 propriis
2648 5092 2873 5156 viribus
2904 5092 3031 5182 non.
3065 5092 3371 5182 possimus
3398 5092 3864 5182 resurgereLaut

432 5145 549 5249 bus
576 5183 677 5238 per
703 5183 831 5249 quae
860 5166 1245 5249 infallibiliter
1280 5185 1316 5223 a
1353 5168 1726 5249 damnatique
1756 5173 1813 5224 et
1842 5172 2077 5249 peccato
2185 5145 3035 5249 opera‘pietatis'exercefeéed

430 5237 820 5323 liberarentur
838 5239 1188 5323 prgmunire
1210 5255 1400 5310 posse.
1530 5239 1597 5294 D.
1628 5237 1885 5323 Thomas
1905 5242 1970 5293 ut
1995 5255 2078 5323 re:
2185 5237 2257 5323 de
2287 5237 2413 5323 quo"
2425 5241 2660 5323 dictum
2681 5246 2770 5323 est
2793 5258 2805 5296 :
2828 5242 2892 5298 Si
2919 5242 3097 5299 Filius
3125 5237 3226 5299 υοὲ
3241 5237 3624 5323 liberaverit,
3642 5262 3773 5323 vere
3796 5244 3863 5299 li-

432 5307 884 5389 liqui_doctor_es.
911 5311 981 5389 Et
1008 5307 1281 5389 eo‘sensu
1313 5310 1530 5389 pariter
1554 5312 1957 5389 exponendum
1990 5313 2081 5365 est
2187 5307 2486 5389 berieritis
2512 5329 2531 5367 :
2564 5316 2622 5389 et
2646 5313 2704 5368 in
2737 5312 2916 5389 hunc_
2935 5330 3173 5389 sepsum
3200 5313 3528 5389 vulgatum
3560 5307 3866 5389 illudiAu—

432 5381 588 5504 quod
638 5380 883 5436 inferius
933 5380 1134 5450 habet,
1187 5380 1398 5453 nempe
1443 5380 1736 5463 daemones
1784 5381 2078 5453 simulque
2185 5382 2408 5454 gustini
2440 5382 2715 5466 elogium,
2738 5400 2865 5456 cap.
2888 5385 2961 5439 30
2978 5380 3548 5472 .EnchiridiiZdebet
3573 5387 3866 5460 intelligi:

474 5456 740 5504 amnatos
771 5469 977 5504 omnes
1006 5468 1109 5504 ner
1136 5456 1438 5504 neccatum
1470 5452 1793 5504 perdidisse
1812 5452 1954 5504 velle
1975 5453 2077 5504 bo-
2183 5453 2446 5504 Abutens
2468 5454 2642 5504 homo
2664 5454 2845 5504 libero
2866 5456 3105 5504 arbitrio
3130 5458 3394 5504 nar-didit
3414 5465 3483 5504 at
3502 5477 3732 5504 ιηιιιιτπ
3754 5473 3866 5504 non

474 5456 740 5533 amna‘tos
771 5469 977 5533 omnes
1006 5468 1109 5533 per
1136 5450 1438 5533 peccatum
1470 5450 1793 5533 perdidisse
1812 5450 2077 5533 velle‘bo-
2183 5450 2446 5533 Abutens
2468 5450 2642 5510 ho'mo
2664 5450 2845 5533 libero
2866 5455 3105 5533 arbitrio
3130 5450 3394 5529 perdidit
3414 5465 3483 5516 et
3502 5461 3737 5533 ipsum,
3754 5450 3867 5515 non

434 5537 597 5575 num.
627 5521 786 5603 Quod
810 5521 1188 5603 quamvisad
1241 5540 1444 5603 omnes
1473 5521 1829 5603 peceatores
1867 5523 2078 5603 adhuc
2186 5524 2871 5603 secundumessentiam,
2899 5521 3185 5603 sedjuxta
3204 5544 3335 5603 eam
3362 5521 3562 5603 quam
3587 5521 3732 5590 aute
3748 5546 3872 5603 pec-

434 5593 777 5672 superstims
808 5593 1005 5672 in_hac
1034 5595 1152 5652 vita
1190 5593 1827 5672 extendere'lvideatur,
1844 5594 2080 5672 diversa
2186 5599 2391 5672 catum
2423 5595 2776 5672 sortiebat‘ur
2816 5593 3250 5672 perfectionem.
3287 5593 3868 5672 Ita.Bellarm.,.lib.

433 5667 631 5718 tamen
661 5669 749 5721 est
780 5666 922 5723 ratio
969 5684 1170 5724 eorum
1216 5672 1274 5724 et
1303 5667 1736 5732 damnatorum,
1761 5665 1898 5738 quia
1942 5682 2074 5720 cum
2185 5683 2221 5721 v
2249 5667 2319 5722 de
2353 5667 2540 5724 Gratia
2563 5675 2617 5724 et
2643 5665 3085 5729 libero—Arbitrio
3114 5687 3219 5744 per
3244 5673 3477 5729 totum.
