4024 6180
220 353 330 415 161

1190 349 1417 413 LIBER
1462 349 1872 413 ADVERSUS
1915 350 2286 413 JOANNEM
2328 351 2672 414 SCORUM.

3520 352 3636 419 162

217 483 592 556 omnipotens
618 481 772 538 Deus
820 498 919 555 per
961 482 1275 557 prophetas
1307 486 1365 543 et
1413 482 1705 559 apostolos
1736 500 1876 543 suos
1906 485 1957 552 Α
1992 486 2053 539 ut
2085 500 2218 540 cum
2248 481 2493 557 ﬂagellis
2525 483 2788 551 caeditur,
2812 483 3024 559 gladiis
3048 484 3500 553 vulneratur,vel
3523 487 3645 560 qui-

218 573 424 648 impiis
473 576 532 628 et
578 571 984 645 peccatoribus
1054 571 1466 642 comminatur,
1531 572 1672 629 dicit
1714 572 1824 629 iste
1866 589 1880 628 :

216 662 389 719 Omne
418 660 651 728 malum,
671 667 952 732 peccatum
995 668 1046 717 et
1093 660 1210 732 ejus
1247 676 1465 733 plenam
1511 678 1621 717 non
1650 675 1782 717 csse.
1816 659 1885 715 Et

214 751 434 807 iterum
466 748 717 806 asserit:
750 748 981 805 Natura?
1010 750 1394 821 integritatem,
1424 751 1613 815 vitam,
1649 750 1881 807 beatitu-

212 837 400 894 dinem
436 838 621 895 esse.E
652 836 942 894 contrario
975 840 1166 894 autem
1193 845 1746 910 peccatum,mortem,
1770 838 1882 893 mi-

212 928 423 991 seriam
446 928 668 1000 penitus
698 942 808 991 non
836 942 969 982 esse.
1000 926 1239 985 Addidit
1268 925 1461 983 adhuc
1486 943 1498 983 :
1523 943 1737 985 omnem
1752 944 1883 1001 per-

212 1033 383 1075 versa?
412 1017 712 1073 voluntatis
738 1016 1001 1088 defectam
1047 1018 1127 1073 vel
1165 1019 1554 1089 privationem,
1585 1018 1669 1074 vel
1691 1033 1883 1090 pecca-

213 1106 641 1178 tum/inequ
668 1107 842 1177 ipsius
871 1114 1094 1162 mortem
1124 1108 1470 1164 etmiserium
1488 1107 1885 1180 suppliciorum

212 1195 576 1253 mter-natium
603 1196 827 1251 omnino
854 1194 1002 1250 nihil
1026 1211 1139 1251 esse
1160 1213 1179 1250 :
1229 1212 1293 1251 ac
1315 1212 1418 1268 per
1463 1196 1560 1252 hoc
1608 1213 1707 1251 nec
1733 1210 1881 1268 pra?-

213 1287 348 1339 sciri
376 1302 414 1340 α
445 1285 578 1351 Deo,
607 1300 705 1340 nec
728 1283 1137 1356 prwdesﬁnari.
1171 1284 1252 1341 De
1292 1285 1505 1361 quibus
1526 1286 1800 1341 omnibus
1831 1283 1879 1341 si

216 1373 443 1446 aliquid
476 1372 823 1446 singillatim
873 1373 1185 1435 dicendum
1234 1378 1343 1443 est,
1379 1373 1683 1433 manifeste
1726 1373 1883 1432 novit

217 1461 363 1525 fides
394 1462 541 1535 quia
571 1460 795 1517 malum
827 1463 981 1534 quod
1015 1468 1103 1518 est
1133 1462 1492 1520 contrarium
1524 1464 1698 1530 bono,
1731 1462 1883 1521 sicut

214 1550 423 1606 vitium
456 1551 679 1619 virtuti,
713 1552 961 1609 tenebrae
984 1550 1442 1619 luci,inﬁrmitas
1473 1551 1878 1619 sanitati,sub-

215 1639 577 1703 stantialiter
608 1657 722 1696 non
757 1646 865 1697 est.
899 1640 1066 1709 Quia,
1098 1642 1254 1698 sicut
1287 1643 1414 1713 jam
1447 1658 1625 1714 supra
1654 1641 1878 1699 dictum

216 1734 324 1795 est,
356 1730 761 1786 substantiam
792 1747 896 1804 per
914 1746 974 1789 se
1005 1729 1287 1789 existendi
1310 1734 1365 1787 et
1381 1730 1740 1790 subsistendi
1766 1747 1878 1788 non

217 1819 413 1887 habet,
451 1818 610 1875 sicut
640 1818 873 1887 ccelum,
905 1822 1078 1887 terra,
1112 1836 1286 1893 aqua,
1315 1837 1432 1892 aer,
1461 1818 1632 1894 ignis,
1667 1823 1723 1875 et
1744 1818 1875 1875 reli-

217 1924 331 1980 qua
360 1907 485 1969 sive
510 1923 790 1980 corporea
819 1906 939 1964 sive
977 1906 1259 1981 spiritalis
1304 1912 1589 1969 creatura.
1624 1908 1736 1964 Sed
1769 1908 1873 1964 de-

214 1997 390 2061 sertio
421 1996 647 2053 summi
680 1997 839 2070 boni,
872 1997 987 2062 cui,
1014 2002 1079 2053 ut
1108 1998 1279 2054 beata
1309 2015 1437 2054 esse
1464 1997 1667 2071 possit,
1692 1996 1871 2053 inhie-

217 2103 343 2142 rere
368 2086 546 2142 debet
572 2091 842 2142 creatura
863 2086 1165 2143 rationalis
1188 2086 1450 2160 angelica
1471 2086 1556 2143 vel
1589 2086 1868 2155 humana,

219 2174 324 2230 hoc
359 2191 577 2230 nomen
610 2174 835 2248 accepit
883 2179 947 2230 ut
989 2175 1219 2231 dicatur
1246 2174 1490 2231 malum.
1542 2175 1872 2235 Deserendo

216 2278 351 2337 ergo
381 2263 688 2319 rationalis
717 2267 1003 2333 creatura,
1032 2263 1091 2318 in
1124 2262 1348 2336 angelis
1382 2263 1499 2319 sive
1532 2263 1591 2318 in
1624 2262 1873 2319 homini-

215 2353 324 2408 bus
355 2352 763 2426 peccantibus,
787 2369 1089 2408 summum
1130 2353 1371 2421 bonum,
1406 2352 1613 2409 defecit
1643 2353 1715 2407 ab
1745 2354 1872 2425 ipso

214 2441 389 2511 bono,
422 2446 485 2497 et
514 2441 738 2514 privata
770 2448 860 2498 est
909 2441 1081 2508 bono,
1115 2445 1171 2503 et
1199 2440 1309 2503 hoc
1351 2440 1403 2498 ei
1449 2446 1538 2498 est
1570 2458 1872 2501 summum

214 2530 606 2587 malum.Sive
637 2547 774 2604 ergo
792 2530 1059 2587 dicamus
1075 2530 1297 2587 malum
1330 2547 1457 2591 esse
1485 2530 1872 2591 desertionem

214 2620 374 2688 boni,
406 2618 498 2675 vel
530 2619 823 2676 defectum
850 2637 885 2676 a
938 2620 1113 2687 bono,
1143 2619 1230 2677 vel
1290 2619 1673 2694 privationem
1713 2620 1870 2689 boni,

210 2707 545 2765 rectissime
573 2708 852 2779 dicimus,
876 2708 1027 2765 sicut
1041 2713 1097 2766 et
1117 2707 1325 2764 vitium
1347 2708 1598 2767 desertio
1620 2707 1871 2776 virtutis,

211 2804 271 2854 et
301 2797 560 2853 tenebrae
594 2798 842 2870 privatio
871 2797 1041 2867 lucis,
1074 2802 1131 2854 et
1159 2796 1473 2854 inﬁrmitas
1512 2796 1657 2854 nihil
1691 2797 1871 2866 aliud,

209 2902 394 2959 quam
427 2886 696 2943 defectus
728 2890 819 2943 est
850 2886 1121 2944 sanitatis
1146 2905 1159 2956 ;
1183 2886 1455 2943 similiter
1483 2891 1540 2944 et
1567 2893 1873 2960 peccatum

207 2976 531 3032 manifeste
561 2973 787 3042 nullam
805 2975 981 3034 habet
998 2975 1392 3035 substantiam
1407 2975 1467 3032 in
1498 2994 1559 3032 se
1587 2975 1872 3033 existendi

207 3067 267 3120 et
297 3063 687 3127 subsistendi.
721 3065 833 3120 Sed
867 3064 1118 3120 desertio
1151 3063 1396 3135 justitiaa
1455 3068 1512 3122 et
1550 3065 1810 3123 defectus
1841 3083 1881 3125 a

200 3152 446 3237 iustitia
476 3151 592 3213 tale
625 3170 839 3209 nomen
866 3152 1199 3226 accepi,t.Ita
1219 3152 1393 3213 etiam
1415 3170 1574 3210 mors
1597 3155 1874 3211 substan-

1992 572 2336 646 buscunque
2366 572 2674 631 tormentis
2705 577 2982 633 vexatur:
3017 574 3171 647 quod
3203 571 3379 631 etiam
3411 575 3468 636 in
3501 593 3643 650 sup-

1990 661 2181 739 pliciis
2202 661 2435 718 aeternis
2452 662 2716 719 futurum
2738 662 2953 732 est,ubi
2974 664 3382 721 damnatorum
3403 681 3646 738 corpora

1992 749 2113 824 igni
2146 754 2201 806 et
2226 749 2505 825 sulphure
2548 752 2999 825 torquebantur.
3061 752 3168 821 Qui
3210 756 3407 810 tamen
3440 771 3644 813 omnes

1991 837 2220 896 dolores
2251 843 2307 894 et
2338 838 3002 914 cruciatus,corporibus
3022 840 3091 896 de
3115 840 3456 914 corporibus
3472 841 3640 913 illati,

1993 927 2076 984 sic
2105 928 2257 984 ﬁunt
2298 927 2356 982 in
2405 944 2663 1000 corpore,
2698 932 2763 983 ut
2812 946 2916 1002 per
2964 946 3175 1001 corpus
3226 929 3403 987 etiam
3435 930 3642 988 animae

1991 1015 2129 1073 sint.
2161 1016 2373 1073 Anima
2404 1033 2657 1090 namque
2689 1016 2813 1073 sine
2845 1033 3084 1092 corpore
3119 1021 3174 1073 et
3203 1017 3394 1075 dolere
3425 1024 3481 1077 et
3511 1037 3641 1077 cru.-

1992 1105 2133 1162 clari
2165 1108 2386 1181 potest;
2423 1105 2576 1162 sicut
2605 1104 2707 1161 illa
2738 1106 2999 1163 damnati
3045 1106 3240 1163 divitis
3299 1108 3357 1163 in
3391 1108 3640 1180 inferno,

1990 1197 2190 1255 anima
2219 1196 2591 1253 cruciabatur
2612 1195 2715 1269 qui
2747 1195 2847 1267 ait,
2870 1199 2999 1269 quia
3030 1199 3246 1253 crucior
3266 1199 3323 1253 in
3354 1198 3455 1254 hac
3481 1201 3638 1269 ﬂum-

1988 1304 2081 1343 ma
2110 1287 2259 1355 (Luc.
2290 1302 2407 1353 xvx,
2436 1286 2557 1355 24);
2592 1302 2804 1358 corpus
2835 1302 2966 1341 vero
3025 1285 3151 1342 sine
3200 1286 3398 1344 anima
3447 1286 3641 1345 dolere

1990 1392 2106 1431 non
2139 1380 2347 1448 potest.

2060 1464 2455 1537 Omnipotenti
2488 1463 2684 1536 itaque
2706 1464 2821 1520 Deo
2845 1464 2914 1520 de
2938 1480 3051 1537 quo
3071 1463 3352 1538 scriptum
3384 1467 3503 1521 est:
3538 1460 3640 1522 Do-

1986 1555 2137 1610 mino
2164 1555 2313 1611 enim
2333 1555 2457 1622 Deo,
2490 1561 2781 1625 antequam
2821 1560 3161 1621 crearentur,
3195 1554 3380 1610 omnia
3414 1555 3641 1626 fuerunt

1986 1644 2177 1714 agnita
2202 1662 2220 1699 :
2248 1645 2327 1699 sic
2353 1650 2404 1699 et
2430 1650 2547 1716 post
2596 1645 2897 1715 perfectum
2943 1644 3166 1715 respicit
3213 1644 3399 1699 omnia
3452 1641 3635 1711 (Eccli.

1985 1750 2146 1800 xxm,
2176 1731 2287 1804 29).
2322 1733 2387 1787 Et
2417 1731 2629 1787 iterum
2659 1748 2672 1787 :
2714 1737 2759 1787 Α
2789 1731 2987 1788 sa’culo
3015 1739 3066 1788 et
3093 1747 3260 1804 usque
3297 1733 3357 1787 in
3377 1733 3641 1789 sacculum

1988 1823 2225 1893 respicit,
2259 1828 2310 1878 et
2336 1821 2482 1877 nihil
2510 1829 2589 1877 est
2637 1837 2836 1877 novum
2868 1822 2925 1876 in
2976 1827 3269 1894 conspectu.
3308 1820 3424 1893 ejus
3455 1819 3636 1891 Ubii,

1982 1928 2173 1979 xxxux,
2204 1910 2316 1980 21).
2351 1910 2417 1965 Et
2446 1910 2659 1966 iterum
2691 1927 2826 1967 cum
2858 1909 2928 1966 de
2957 1909 3300 1967 hominibus
3342 1909 3642 1984 Scriptura

1981 1998 2319 2071 loqueretur
2340 1998 2457 2054 ait:
2498 2003 2560 2055 Et
2588 2001 2775 2056 omnia
2820 2015 2984 2071 opera
3025 2016 3214 2055 eorum
3259 1999 3421 2071 quasi
3469 1999 3549 2055 sol
3579 2001 3640 2061 in

1980 2096 2261 2160 conspectu
2292 2089 2429 2144 Dei:
2460 2105 2570 2144 non
2592 2089 2843 2160 praeterit
2872 2088 3032 2143 illum
3062 2088 3238 2144 omnis
3279 2088 3561 2158 cogitatus,
3588 2094 3640 2144 et

1980 2194 2091 2235 non
2120 2176 2475 2232 absconditur
2503 2177 2570 2232 ab
2597 2193 2657 2232 eo
2686 2176 2837 2233 ullus
2878 2192 3055 2231 sermo
3098 2176 3288 2245 (Eccli.
3323 2192 3458 2243 xvn,
3493 2176 3587 2244 26)
3620 2192 3647 2247 εκ

1981 2265 2374 2337 Isti,inquam,
2389 2263 2960 2337 omnipotentissimo
2982 2268 3039 2319 et
3056 2262 3335 2319 ineffabili
3358 2262 3638 2332 Creatori,

1982 2352 2096 2421 cui,
2133 2358 2448 2427 antequam
2481 2358 2835 2421 crearentur,
2872 2352 2929 2407 in
2982 2355 3197 2408 aeterna
3253 2351 3499 2408 scientia
3530 2369 3637 2408 sua

1982 2441 2179 2499 omnia
2210 2444 2449 2499 fuerunt
2476 2441 2693 2516 agnita,
2723 2442 2844 2515 qui,
2877 2440 3054 2497 etiam
3096 2444 3408 2515 postquam
3440 2440 3638 2497 omnia

1981 2531 2239 2605 perfecit,
2275 2548 2389 2587 non
2424 2530 2611 2598 aliter,
2638 2531 2736 2586 sed
2759 2530 2839 2587 sic
2873 2530 3111 2603 re;picit
3140 2529 3471 2599 facta,sicut
3493 2529 3643 2599 vidit

1982 2620 2265 2687 facienda,
2302 2618 2448 2675 nihil
2480 2618 2747 2676 videlicet
2790 2623 2953 2676 extra
2983 2636 3065 2685 se,
3099 2618 3201 2675 sed
3258 2617 3316 2673 in
3350 2635 3411 2676 se
3441 2619 3647 2676 omnia

1982 2709 2367 2767 cernendo.Et
2397 2708 2524 2764 ideo
2554 2708 2613 2765 in
2635 2712 2949 2781 conspectu
2973 2709 3022 2781 ej
3032 2725 3101 2764 us
3115 2706 3263 2764 nihil
3288 2712 3376 2764 est
3398 2725 3643 2777 novum,

1983 2816 2088 2855 nec
2114 2797 2348 2871 quando
2380 2797 2641 2871 primum
2668 2800 2758 2853 est
2785 2801 3068 2866 creatum,
3102 2797 3240 2869 quia
3269 2812 3503 2870 semper
3530 2797 3640 2853 fuit

1981 2886 2039 2942 in
2072 2889 2199 2960 ejus
2230 2886 2473 2945 scientia
2502 2891 2785 2943 aeternum
2811 2902 3008 2959 :quem
3025 2885 3226 2942 omnia
3255 2902 3432 2958 opera
3451 2885 3639 2942 homi-

1983 2994 2147 3039 num,
2183 2976 2335 3032 sicut
2360 2975 2421 3030 in
2454 2973 2782 3031 clarissimo
2801 2973 2921 3030 sole
2944 2991 3058 3030 non
3090 2971 3272 3029 latent
3293 2990 3487 3047 ;quem
3511 2973 3639 3030 nul-

1982 3064 2076 3121 lus
2108 3064 2413 3121 hominum
2428 3062 3050 3137 prmteritcogitatus,a
3081 3078 3194 3134 quo
3217 3061 3415 3121 nullus
3435 3079 3636 3118 eorum

1983 3171 2174 3211 sermo
2207 3152 2625 3220 absconditur;
2659 3150 2768 3207 iste
2825 3156 2946 3207 tam
2985 3149 3272 3207 mirabilis
3315 3150 3552 3208 Creator
3583 3154 3639 3207 et

206 3230 353 3298 tiam
391 3241 455 3297 in
487 3258 552 3298 se
575 3242 860 3298 existendi
892 3246 950 3298 et
978 3242 1377 3299 substantiam
1409 3242 1468 3298 in
1500 3259 1563 3299 se
1592 3243 1876 3301 existendi
1904 3227 1957 3295 (ἴ
1985 3244 2358 3317 gubernator,
2392 3240 2545 3298 sicut
2571 3240 2837 3297 omnium
2860 3257 3057 3296 rerum
3072 3257 3199 3313 qua:
3219 3239 3426 3296 futurae
3450 3244 3635 3312 erant,

207 3332 337 3387 tritae
372 3330 621 3391 amissio
645 3330 760 3387 tale
786 3348 997 3388 nomen
1030 3330 1268 3405 accepit.
1302 3332 1444 3391 Item
1478 3333 1632 3405 quod
1662 3332 1877 3391 dicitur

210 3437 391 3494 paena
418 3418 647 3476 nullam
676 3420 737 3475 in
756 3437 819 3478 se
844 3419 1128 3478 existendi
1152 3420 1547 3477 substantiam
1570 3421 1873 3489 habet,sed

209 3509 383 3571 dolor
412 3512 473 3566 et
504 3526 574 3565 ex
603 3508 802 3567 dolore
840 3506 1135 3589 cruciatus
1192 3508 1307 3567 tale
1366 3526 1579 3568 nomen
1611 3509 1870 3584 accepit:

208 3599 368 3672 quod
403 3597 555 3655 nihil
588 3603 678 3654 est
706 3597 867 3658 aliud
899 3614 1073 3671 quam
1098 3598 1542 3672 tranquillitatis
1571 3602 1628 3654 et
1656 3599 1872 3672 quietis

205 3687 504 3745 naturalis
533 3686 919 3760 perturbatio,
949 3686 1035 3745 vel
1071 3687 1447 3753 amissio,hoc
1480 3704 1735 3760 namque
1751 3689 1873 3762 agit

204 3793 403 3850 paena,
436 3781 504 3831 ut
534 3775 933 3849 tranquillitas
962 3780 1020 3839 et
1050 3777 1217 3848 quies
1249 3781 1470 3832 natura:
1517 3775 1644 3849 ipso
1675 3775 1872 3833 dolore

203 3871 265 3921 et
292 3865 561 3922 cruciatu
592 3865 863 3925 turbetur
890 3864 979 3921 vel
1007 3865 1335 3921 amittatur.
1402 3885 1414 3893 ·

274 3955 394 4011 Sed
421 3955 547 4011 hac
577 3954 805 4021 omnia,
830 3953 887 4009 id
919 3958 1008 4011 est
1040 3952 1285 4020 malum,
1318 3958 1643 4027 peccatum,
1676 3972 1878 4028 pmna,

200 4060 385 4111 mors,
422 4042 685 4112 miseria,
721 4061 848 4115 quae
887 4048 944 4099 et
992 4043 1120 4117 ipsa
1151 4041 1299 4098 nihil
1351 4048 1443 4100 est
1499 4042 1657 4100 aliud
1689 4062 1873 4118 quam

197 4132 447 4193 amissio
480 4131 800 4199 felicitatis,
830 4131 967 4199 licet
988 4150 1091 4206 per
1119 4150 1181 4191 se
1210 4138 1268 4189 et
1297 4133 1356 4189 in
1389 4149 1451 4190 se
1478 4133 1762 4191 existendi
1779 4133 1868 4193 vel

194 4221 571 4284 subsistendi
591 4220 821 4282 nullam
838 4220 1095 4278 habeant
1108 4222 1727 4290 substantiam,tamen
1750 4240 1869 4279 om-

195 4311 338 4367 nino
372 4326 619 4368 necesse
649 4315 739 4371 est
768 4314 833 4366 ut
860 4310 920 4366 in
952 4309 1149 4384 aliqua
1162 4309 1250 4367 vel
1281 4329 1351 4369 ex
1371 4311 1571 4384 aliqua
1599 4313 1867 4369 substan-

194 4398 278 4455 tia
306 4398 637 4455 ﬁant.Nam
660 4403 720 4455 et
749 4397 1002 4456 desertio
1031 4399 1352 4472 boni,quod
1387 4400 1601 4456 dicitur
1616 4400 1862 4471 malum,

193 4493 253 4543 et
278 4487 546 4553 desertio
568 4487 838 4560 justitiaa,
873 4488 1029 4561 quod
1060 4487 1388 4562 appellatur
1412 4493 1865 4562 peccatum,ma-

195 4574 416 4667 nifeste
445 4573 738 4667 inanimo
770 4575 922 4631 ﬁunt
951 4575 1035 4667 vel
1058 4574 1319 4650 angelico
1350 4575 1437 4632 vel
1464 4576 1744 4667 humano.
1768 4578 1862 4635 Sic
1891 4601 1939 4667 Β

194 4663 445 4721 amissio
474 4662 631 4732 vitae,
665 4680 792 4739 qua:
820 4663 1148 4738 appellatur
1167 4669 1412 4734 mors,et
1440 4665 1681 4722 amissio
1697 4670 1861 4722 tran-

194 4751 520 4823 quillitatis
546 4751 636 4808 vel
668 4752 883 4826 quietis
915 4751 1222 4822 naturalis,
1239 4770 1366 4826 qua:
1396 4753 1722 4828 appellatur
1748 4772 1862 4828 pce-

190 4856 309 4908 na;
344 4846 406 4897 et
436 4840 678 4898 amissio
709 4841 1022 4913 felicitatis,
1060 4859 1187 4915 quae
1217 4846 1458 4900 vocatur
1511 4842 1766 4911 miseria,
1798 4842 1859 4899 in

191 4932 450 5003 utroque
480 4929 606 4986 ﬂeri
637 4928 1036 5002 inveniuntur,
1061 4931 1119 4988 id
1169 4936 1258 4988 est
1285 4935 1342 4988 et
1370 4929 1430 4987 in
1460 4930 1678 5000 anima,
1711 4935 1770 4987 et
1798 4930 1859 4989 in

188 5033 461 5092 corpore.
493 5016 643 5085 Nam
675 5024 733 5075 et
754 5018 955 5075 anima
969 5019 1218 5077 moritur
1229 5019 1553 5079 desertione
1570 5020 1696 5077 vita:
1715 5037 1854 5090 suae,

186 5107 352 5178 quod
383 5106 545 5165 Deus
572 5107 662 5164 illi
694 5112 820 5165 est:
854 5112 911 5165 et
934 5125 1147 5183 corpus
1169 5109 1420 5166 moritur
1449 5109 1764 5167 amissione
1783 5109 1858 5165 vi-

186 5197 259 5249 ta:
292 5212 443 5267 sum,
479 5197 645 5270 quod
684 5197 887 5262 anima
934 5197 1018 5254 illi
1048 5202 1175 5254 est:
1209 5202 1266 5254 et
1321 5199 1443 5254 haec
1503 5199 1639 5268 duo,
1685 5198 1743 5255 id
1771 5203 1861 5256 est

186 5299 356 5349 mors
379 5284 595 5342 anime:
621 5289 679 5342 et
708 5303 870 5343 mors
915 5287 1199 5361 corporis,
1231 5287 1371 5360 quid
1420 5286 1579 5344 aliud
1611 5287 1671 5344 in
1703 5292 1859 5345 utro-

187 5388 305 5446 que
327 5372 453 5430 nisi
470 5372 561 5431 vel
580 5373 880 5433 {eli‘citatis
905 5375 994 5433 vel
1013 5374 1459 5448 tranquillitatis
1478 5364 1721 5434 amissio
1734 5377 1861 5434 est?

186 5460 375 5520 Pana
398 5468 596 5520 autem
622 5480 751 5539 qua:
780 5464 842 5529 in
875 5466 1137 5522 cruciatu
1164 5467 1222 5521 et
1237 5464 1432 5522 dolore
1462 5466 1859 5536 sentitur,ma-

188 5550 410 5609 nifeste
438 5553 529 5609 vel
560 5553 620 5611 in
651 5554 854 5623 anima
881 5554 1077 5628 agitur
1102 5553 1192 5610 vel
1239 5554 1299 5610 in
1331 5569 1601 5627 corpore;
1636 5558 1692 5611 et
1721 5570 1856 5612 cum

187 5638 251 5703 in
276 5654 532 5722 corpore
561 5643 761 5725 agitur
784 5644 1038 5709 maxime
1062 5659 1132 5704 ex
1151 5643 1264 5705 alio
1286 5659 1525 5721 corpore
1536 5643 1855 5722 irrogatur:

1982 3337 2255 3389 naturam
2285 3335 2343 3388 et
2373 3330 2626 3404 speciem
2657 3334 2713 3386 et
2741 3328 3003 3386 ordinem
3032 3329 3094 3385 in
3124 3346 3231 3385 sua
3259 3333 3475 3385 aeterna
3498 3346 3638 3403 prm-

1982 3421 2227 3479 scientia
2256 3437 2487 3492 semper
2516 3417 2785 3486 novit,ita
2800 3418 2980 3475 etiam
3007 3417 3270 3492 ipsarum
3293 3435 3488 3475 rerum
3516 3424 3637 3477 sta-

1980 3516 2129 3579 tum,
2158 3513 2215 3566 et
2246 3508 2364 3565 sive
2394 3508 2466 3565 ad
2486 3506 2725 3564 meliora
2752 3507 3226 3580 profectum,sive
3254 3507 3325 3564 ad
3350 3507 3636 3564 deteriora

1982 3600 2273 3658 defectum
2304 3595 2653 3653 aeternaliter
2683 3595 2947 3670 praevidit
2972 3614 2985 3665 ;
3011 3600 3067 3652 et
3097 3613 3223 3669 qua:
3264 3597 3336 3652 ad
3370 3613 3432 3653 se
3454 3597 3635 3670 proti-

1980 3688 2275 3745 cientibus
2301 3685 2560 3759 praemia,
2577 3702 2703 3757 quae
2726 3689 2969 3741 autema
2991 3701 3053 3741 se
3082 3684 3487 3742 deﬁcientibus
3501 3702 3635 3758 sup-

1979 3777 2158 3853 plicia
2188 3772 2931 3845 deberenturjustissimus
2962 3773 3153 3846 operis
3181 3774 3271 3830 sui
3305 3773 3626 3840 ordinatur,

1979 3870 2035 3923 et
2064 3864 2349 3940 praescivit
2376 3866 2435 3920 et
2462 3862 2976 3936 praedestinavit,et
3006 3879 3067 3919 se
3086 3861 3469 3936 impleturum
3483 3880 3634 3936 prae-

1978 3956 2141 4013 dixit.
2174 3955 2243 4011 Et
2274 3954 2403 4010 ideo
2436 3952 2555 4009 sive
2588 3951 2813 4008 malum
2847 3955 2904 4008 et
2958 3952 3381 4025 peccatum,in
3413 3952 3630 4026 quibus

1976 4051 2064 4104 est
2092 4045 2352 4102 defectus
2384 4060 2419 4099 a
2442 4043 2593 4099 bono
2622 4041 2763 4111 ;sive
2784 4058 2945 4098 mors
2976 4044 3033 4097 et
3058 4058 3393 4115 pmna,quze
3423 4040 3507 4096 illi
3537 4042 3633 4097 de-

1977 4135 2150 4192 fectui
2177 4136 2337 4206 juste
2367 4132 2870 4203 debetur,semper
2887 4130 2997 4185 fuit
3016 4128 3076 4185 in
3102 4129 3468 4203 prazscientia
3489 4128 3634 4185 Con-

1975 4223 2218 4291 ditoris;
2253 4222 2354 4295 qui
2387 4236 2723 4277 mensuram
2756 4218 3096 4292 proﬁciendi
3140 4223 3197 4274 et
3228 4217 3534 4274 deﬁciendi
3568 4217 3637 4273 in

1974 4312 2250 4370 creatoris
2281 4310 2405 4368 suis
2436 4308 2597 4367 solus
2626 4307 2909 4364 veraciter
2961 4307 3244 4381 agnoscit,
3276 4310 3333 4362 et
3363 4305 3639 4379 ipsorum.

1971 4403 2297 4475 profectum
2327 4403 2501 4473 atque
2530 4398 2866 4454 defectuum
2897 4396 3059 4454 solus
3082 4396 3266 4469 judex
3288 4396 3491 4467 justus
3515 4394 3630 4450 exi-

1972 4493 2093 4549 stit.
2130 4492 2216 4546 Ita
2246 4495 2304 4546 et
2333 4505 2491 4545 mors
2524 4491 2581 4544 et
2608 4490 2913 4562 peccatum
2936 4490 2993 4543 et
3023 4485 3216 4542 omnis
3239 4501 3411 4557 pmna
3431 4500 3498 4540 ac
3521 4481 3625 4538 mi-
3720 4482 3723 4487 ’

1971 4579 2122 4637 seria
2135 4597 2259 4652 quae
2283 4581 2584 4652 peccatum
2607 4572 3210 4648 consequentur,quia
3233 4570 3625 4630 substantiam

1972 4667 2197 4725 nullam
2226 4667 2445 4724 habent
2476 4668 2534 4722 in
2566 4683 2628 4722 se
2659 4663 2968 4733 existendi,
3001 4662 3149 4719 nihil
3178 4665 3336 4719 sunt.
3370 4661 3439 4718 Et
3488 4658 3628 4734 quia

1970 4762 2246 4815 creatum
2279 4754 2567 4822 rationali,
2602 4755 2773 4825 cujus
2822 4752 3085 4810 defectus
3116 4756 3174 4809 et
3204 4749 3499 4823 corruptio
3530 4748 3625 4806 his

1969 4845 2308 4904 nominibus
2338 4843 2762 4917 signiﬁcantur,
2792 4840 2972 4898 nimis
2987 4844 3217 4910 nocent,
3252 4840 3309 4896 in
3342 4840 3471 4912 ejus
3494 4839 3627 4894 sub-

1968 4935 2184 4994 stantia
2212 4932 2299 4991 vel
2329 4930 2636 5004 corporali,
2667 4929 2756 4986 vel
2784 4928 3346 5002 spiritali,veraciter
3367 4925 3627 4984 sentiun-

1964 5025 2155 5082 tur.Et
2181 5041 2307 5096 qua
2335 5038 2451 5077 non
2480 5024 2621 5076 sunt
2650 5019 2984 5076 substantia
3011 5017 3483 5088 existendo,sunt
3504 5032 3625 5073 om-

1966 5112 2219 5169 nimodis
2247 5109 2573 5185 perniciosa
2603 5108 3134 5165 nocendo.Desinat
3147 5124 3282 5182 ergo
3311 5106 3622 5179 hujusmo-

1967 5203 2025 5259 di
2058 5199 2445 5274 blasphemia,
2478 5201 2536 5254 et
2564 5196 2934 5271 omnipotens
2975 5197 3133 5254 Deus
3165 5196 3316 5253 sicut
3356 5194 3619 5251 omnium

1967 5295 2310 5348 naturarum
2363 5286 2651 5354 conditor,
2684 5291 2741 5343 et
2788 5291 2983 5344 status
3039 5303 3241 5343 earum
3271 5282 3629 5341 verissimus

1966 5382 2317 5455 agnoscatur
2345 5374 2631 5450 cognitor,
2663 5379 2720 5432 et
2739 5374 3118 5448 justissimus
3149 5372 3473 5430 ordinator.

2604 5516 2842 5574 CAPUT
2878 5517 2970 5574 XI.

2038 5644 2354 5707 Undecimo
2385 5640 2640 5722 capitulo
2670 5640 2936 5721 sequitur
2964 5641 3095 5716 iste,
3125 5644 3184 5702 et
3213 5638 3374 5702 dicit.
