4024 6180
408 264 516 323 163

1501 259 1730 321 FLOR]
1776 256 2088 320 DIACONI
2134 259 2709 325 LUGDUNENSIS.

3691 266 3802 328 164

474 396 523 449 Ι.
557 394 673 450 Non
700 410 814 450 esse
840 394 939 450 Dei
984 393 1539 466 praedestinationcm,
1571 395 1686 448 nisi
1726 393 1790 448 de
1837 394 1920 448 his
1952 394 2048 465 qui
2078 395 2127 461 Α
2159 393 2476 466 Scripturis
2501 394 2855 467 propheticis
2877 412 3109 451 omnem
3143 389 3309 452 suam
3335 395 3800 468 praedicationem

394 484 699 557 praeparati
725 491 851 539 sunt
879 480 950 538 ad
975 491 1243 540 aeternam
1267 482 1607 555 felicitatem.

466 575 520 627 2.
555 572 781 627 Abusive
810 573 1176 644 translateque
1203 571 1318 626 dici
1329 572 1594 642 praescire
1617 573 1787 627 Deum
1816 578 1867 625 et
1890 584 2044 642 prm-

395 661 705 718 destinare:
737 677 771 715 a
798 662 979 716 simili
1003 661 1285 732 praesciuit
1341 674 1467 732 qua?
1515 662 1761 732 facturus
1811 667 1982 727 esset;
2012 676 2044 715 a

395 751 669 807 contrario
697 751 995 823 praesciuit,
1030 765 1155 822 qua:
1180 752 1430 821 [acturus
1477 764 1586 804 non
1634 757 1789 816 esset,
1817 766 1919 822 pro
1947 766 2046 806 ne-

393 842 571 896 scivit.
603 839 876 895 Similiter
902 855 933 893 a
962 838 1140 894 simili
1161 838 1578 910 praedestinavit
1605 854 1738 910 quos
1762 854 2046 910 praepara-

394 931 471 985 vit
499 929 567 985 ad
596 928 856 998 gratiam.
895 928 934 983 A
964 929 1239 983 contrario
1274 926 1689 1000 praedestinavit
1739 928 1945 1000 impius
1973 925 2043 983 ad

396 1019 675 1074 interitum
702 1017 784 1072 vel
812 1017 1146 1088 supplicium
1168 1025 1440 1073 aeternum
1460 1018 1534 1072 :si
1556 1018 1705 1073 enim
1754 1016 2040 1089 praedesti-

393 1108 515 1163 nati
547 1113 693 1171 sunt,
746 1107 1050 1162 necessario
1088 1106 1366 1177 peribunt,
1422 1122 1714 1178 poenasque
1761 1108 2044 1178 patientur

395 1191 756 1249 inevitabiles.
793 1191 942 1260 Quod
972 1193 1024 1247 si
1053 1193 1129 1247 ita
1158 1200 1256 1258 est,
1291 1193 1554 1265 quomodo
1594 1195 1740 1266 juste
1756 1192 2041 1265 judicabi-

392 1290 482 1338 tur
507 1281 763 1349 mundus,
805 1296 963 1354 quem
1020 1283 1308 1338 necessitas
1357 1282 1863 1354 praedestinationzs
1902 1285 2042 1355 cogit

385 1372 588 1442 perire.

459 1460 513 1515 3.
546 1459 770 1515 Sanctas
798 1459 1110 1530 Scripturas
1125 1461 1537 1532 prwscientiam
1553 1459 1728 1516 simul
1755 1468 1806 1517 et
1830 1461 2039 1533 privile-

387 1550 757 1617 stinationcm,
794 1556 889 1602 aut
917 1548 1089 1603 solam
1127 1548 1433 1605 ahsolutam
1473 1549 2036 1621 prwdestinationem,

386 1654 495 1694 non
526 1638 641 1693 nisi
659 1638 719 1691 in
747 1637 814 1692 iis
842 1653 972 1709 quos
1001 1639 1142 1693 Deus
1168 1638 1331 1707 elegit
1359 1637 1429 1693 ad
1456 1646 1727 1695 mternam
1749 1639 2038 1695 beatitudi-

387 1744 513 1782 nem
536 1725 941 1800 possidendam,
969 1728 1325 1783 inveniantur
1348 1730 1614 1800 posuisse.

460 1816 512 1871 4.
551 1815 866 1886 Αροδιοιατη
891 1818 1303 1887 ρνιῖιιςσίθηιὶατη
1338 1825 1387 1873 et
1412 1817 1950 1890 prwdestinationem
1983 1819 2042 1872 in

387 1904 518 1960 solis
545 1905 772 1969 sanctis,
799 1905 1164 1973 Augustinum
1190 1905 1477 1978 aliquoties
1508 1906 1567 1961 in
1589 1907 1830 1979 reprobis
1860 1924 1892 1962 a
1913 1924 2038 1962 con-

388 1995 563 2049 trario
591 1994 854 2065 posuisse.

459 2080 756 2154 Imprimis
787 2082 939 2154 quod
970 2081 1128 2151 dicit,
1162 2100 1272 2139 non
1304 2100 1418 2140 esse
1446 2084 1543 2139 Dei
1593 2084 2039 2157 pralestiuatio-

386 2187 511 2227 nem
538 2172 651 2226 nisi
680 2170 745 2226 de
774 2170 861 2225 his
888 2173 986 2242 qui
1001 2175 1308 2244 praeparati
1332 2181 1459 2228 sunt
1488 2174 1557 2229 ad
1585 2180 1849 2230 :cternam
1869 2174 2043 2246 fclici-

387 2260 706 2317 tatem.Sive
737 2277 804 2315 ex
851 2276 959 2315 suo
990 2277 1167 2317 sensu
1220 2261 1329 2317 hoc
1370 2261 1597 2333 dixerit,
1652 2262 1774 2317 sive
1806 2262 1876 2318 ab
1910 2261 2041 2318 aliis

389 2348 657 2416 audierit,
696 2365 802 2404 nos
833 2353 1028 2404 tamen
1060 2350 1341 2406 veraciter
1372 2351 1594 2407 scimus
1647 2352 1786 2424 quia
1815 2352 2043 2407 iste-est

389 2454 549 2494 error
578 2436 841 2492 moderni
874 2437 1154 2510 temporis
1200 2439 1353 2511 apud
1410 2439 1714 2511 plurimos,
1749 2440 1889 2494 dum
1922 2456 2039 2494 non

386 2530 599 2599 putant
627 2526 1196 2599 praedestinationem
1231 2527 1352 2595 Dei,
1386 2527 1500 2583 nisi
1540 2529 1599 2583 in
1631 2533 1794 2600 parte
1825 2528 2038 2584 electo—

390 2633 541 2684 rum,
570 2614 629 2670 in
660 2614 978 2688 Scripturis
999 2614 1241 2671 inveniri
1266 2634 1391 2672 :nec
1416 2617 1607 2690 ipsum
1642 2619 1872 2673 beatum
1894 2617 2041 2671 Pau-

387 2704 511 2761 lum
529 2702 859 2777 apostolum
876 2703 935 2759 in
949 2703 1221 2777 Epistolis
1235 2706 1378 2774 suis,
1397 2705 1507 2762 nisi
1522 2708 1593 2762 de
1610 2706 1750 2762 solis
1772 2706 2043 2761 similiter

387 2792 587 2850 electis
617 2792 1190 2865 predestinationem
1237 2794 1526 2867 posuisse,
1569 2794 1721 2851 sicut
1775 2799 1831 2851 et
1860 2796 1918 2850 in
1947 2812 2040 2851 se-

388 2882 706 2955 quentibus
732 2880 1011 2938 dicit.Sed
1035 2882 1527 2955 acquiescendum
1561 2888 1617 2939 et
1646 2884 2039 2940 obediendum

387 2975 477 3028 est
496 2970 800 3027 humiliter
826 2970 1053 3027 veritati
1073 2977 1148 3041 ;et
1178 2989 1293 3028 non
1327 2973 1483 3046 quod
1517 2973 1696 3030 semel
1721 2973 1889 3029 nobis
1910 2990 2040 3047 per-

389 3078 631 3117 suasum
664 3064 772 3127 est,
806 3061 1167 3117 contentiosa
1226 3062 1680 3131 defendendum,
1715 3063 1812 3119 sed
1847 3063 2041 3135 potius

2071 1769 2118 1835 B

2156 484 2462 539 confirmat
2485 500 2497 550 ;
2525 483 2625 539 sed
2646 482 2820 539 etiam
2843 484 2903 539 in
2923 484 3186 557 ipsorum
3210 484 3627 559 prophetarum
3650 485 3803 542 Scri-

2154 571 2345 644 pturis
2362 570 2701 645 diligentius
2724 572 3274 645 investigandam,et
3290 573 3444 646 quod
3459 574 3517 629 in
3540 574 3803 648 utrisque

2154 661 2303 717 festa
2330 660 2590 716 veritatis
2620 660 3007 719 declarations
3027 663 3201 720 fuerit
3226 662 3806 731 inventum,ﬁdeliter

2154 748 2343 817 nobis,
2378 750 2435 804 et
2464 749 2591 805 sine
2631 748 2753 805 ulla
2795 750 3324 809 controversiarum
3386 751 3805 825 disceptatione

2153 836 2509 895 omnimodis
2542 840 2930 912 sequendum.

2224 926 2416 983 Primo
2448 926 2643 1000 itaque
2694 929 2837 1001 quid
2863 928 2987 1002 ipse
3042 929 3379 1003 Apostolus,
3408 929 3506 1003 qui
3557 947 3618 987 se
3659 928 3803 988 nihil

2151 1019 2314 1072 extra
2344 1016 2535 1072 dicere
2557 1016 2669 1074 nisi
2688 1034 2815 1090 quae
2837 1017 3054 1091 scripta
3083 1023 3223 1075 sunt
3244 1019 3303 1075 in
3324 1019 3449 1093 lege
3474 1023 3532 1075 et
3561 1018 3806 1092 prophe-

2149 1104 2226 1163 tis
2254 1109 2521 1174 testatur,
2555 1107 2627 1162 de
2651 1106 2762 1163 hac
2791 1121 2850 1162 re
2883 1106 3039 1164 dicat
3068 1107 3398 1179 audiamus,
3433 1125 3537 1164 nec
3560 1113 3681 1165 tam
3702 1108 3803 1165 ab-

2150 1193 2334 1263 surdi,
2372 1210 2477 1250 nec
2508 1194 2855 1254 contentiosi
2885 1197 3075 1254 simus
3106 1202 3190 1265 ut,
3224 1197 3323 1254 ubi
3355 1197 3483 1271 ipsa
3512 1196 3691 1265 res,id
3712 1201 3805 1254 est

2149 1284 2682 1356 prmdcstinationis
2702 1285 2921 1343 veritas
2948 1291 3209 1363 apparet,
3234 1286 3363 1343 ideo
3394 1303 3676 1360 negemus
3697 1303 3803 1359 pro

2148 1372 2653 1446 prazdestinatione
2679 1374 2925 1446 dictum,
2959 1375 3101 1448 quia
3141 1392 3513 1448 nequaquam
3545 1374 3624 1431 ibi
3654 1393 3805 1448 pra:-

2148 1461 2561 1519 destinationis
2592 1479 2805 1519 nomen
2835 1464 3095 1537 positum
3127 1463 3496 1525 inveniatur:
3531 1463 3653 1532 sed,
3678 1463 3804 1521 sive

2148 1554 2315 1606 sonet
2343 1550 2423 1606 ibi
2455 1568 2724 1624 expresso
2756 1552 3340 1625 przedestinatio,sive
3370 1552 3558 1628 ipsius
3577 1553 3805 1626 praede-

2148 1639 2481 1696 stinationis
2510 1641 2721 1697 veritas
2751 1641 3077 1699 certissime
3108 1641 3409 1707 clarescat,
3445 1658 3563 1700 una
3586 1647 3642 1697 et
3671 1641 3805 1715 pari

2148 1729 2261 1785 ﬁde
2292 1729 2664 1803 suscipiatur.
2700 1730 2849 1786 Dicit
2879 1730 3074 1804 itaque
3106 1730 3230 1804 ipse
3260 1730 3518 1804 primum
3572 1731 3644 1788 de
3675 1729 3807 1788 sola

2150 1818 2657 1892 prmdestinatione
2687 1819 3006 1876 electorum
3041 1821 3157 1876 ita:
3191 1822 3329 1877 Nam
3368 1837 3498 1893 quos
3521 1822 3810 1892 prwscivit

2148 1916 2200 1964 et
2223 1909 2637 1981 praedestinavit
2684 1911 2984 1981 con/armes
3030 1911 3155 1981 ﬁeri
3213 1912 3476 1980 imaginis
3516 1910 3651 1966 Filii
3690 1927 3805 1981 sui,

2150 2005 2209 2052 ut
2239 1999 2311 2053 sit
2340 2014 2453 2070 ipse
2502 2000 2903 2070 primogenitus
2956 2000 3017 2054 in
3071 2000 3263 2055 multis
3317 2000 3626 2070 fratribus:
3656 2002 3809 2069 Quos

2152 2094 2334 2142 autem
2358 2086 2795 2159 praedestinavit,
2829 2089 2922 2144 hos
2969 2096 3019 2143 et
3066 2090 3303 2155 vocavit;
3333 2096 3384 2145 et
3410 2105 3541 2161 quos
3569 2090 3805 2156 vocavit,

2149 2176 2244 2231 hos
2274 2183 2323 2231 et
2368 2177 2735 2248 justiﬁcavit;
2770 2193 2902 2249 quos
2956 2186 3137 2233 autem
3178 2179 3524 2250 justiﬁcavit,
3583 2178 3707 2233 illos
3752 2184 3813 2234 et

2147 2266 2525 2336 magniﬁcavit
2555 2266 2727 2337 (Rom.
2762 2282 2883 2336 vni,
2907 2265 3009 2344 .29,
3037 2268 3149 2336 30).
3204 2267 3337 2323 Post
3376 2282 3501 2338 qua:
3550 2266 3724 2322 verba
3750 2267 3810 2322 si

2151 2352 2296 2409 nihil
2328 2354 2567 2409 omnino
2595 2354 2837 2410 dixisset
2866 2354 2936 2409 de
2967 2360 3131 2427 parte
3188 2355 3588 2427 reproborum,
3622 2355 3809 2410 etiam

2151 2442 2351 2515 utique
2374 2459 2403 2498 e
2435 2443 2726 2498 contrario
2766 2442 3086 2516 intelligere
3139 2444 3529 2500 debueramus
3559 2442 3701 2516 quid
3731 2444 3812 2499 de

2151 2531 2237 2587 eis
2267 2536 2421 2587 esset
2453 2531 2848 2599 sentiendum,
2879 2531 3166 2604 videlicet,
3202 2538 3266 2589 ut
3296 2551 3362 2589 ex
3413 2533 3813 2606 praedestina—

2150 2620 2305 2676 tione
2351 2620 2667 2676 electorum
2701 2621 2773 2676 ad
2825 2620 3072 2694 gloriam
3126 2637 3578 2693 agnosceremus
3625 2621 3812 2677 etiam

2149 2708 2721 2782 praedestinationem
2745 2726 2871 2766 esse
2911 2711 3293 2782 reproboxum
3323 2711 3395 2767 ad
3425 2727 3677 2783 pcenam.
3713 2709 3811 2766 Si-

2150 2803 2248 2855 cut
2277 2799 2403 2854 etin
2427 2798 2690 2872 symbolo
2712 2800 3121 2854 tantummodo
3134 2798 3311 2855 vitam
3340 2799 3815 2872 aeternam,quod

2149 2893 2240 2944 est
2268 2887 2576 2961 praemium
2607 2892 2949 2944 sanctorum
3007 2888 3275 2944 videmur
3303 2889 3562 2945 conﬁteri
3588 2907 3601 2957 ;
3635 2893 3692 2944 et
3717 2893 3810 2945 ta-

2150 2994 2282 3032 men
2314 2976 2658 3034 econtrario
2709 2976 2979 3034 similiter
3026 2977 3425 3034 indubitanter
3482 2978 3720 3035 credere
3752 2983 3814 3034 et

2149 3065 2472 3139 intelligere
2490 3066 2771 3122 debemus
2788 3070 3035 3122 mortem
3050 3066 3507 3139 eeternam,quod
3527 3067 3811 3139 est§dam-

389 3149 688 3222 Scriptura
700 3153 902 3204 sancta
918 3148 1251 3222 diligentius
1267 3152 1831 3223 perscrutanda,non
1848 3150 2037 3209 solum
2071 3139 2113 3205 C
2153 3154 2311 3211 natio
2344 3154 2870 3227 iniquorum.Hanc
2888 3156 3042 3212 enim
3066 3144 3327 3228 regulam
3356 3154 3725 3228 intelligendi
3750 3155 3813 3211 in

391 3236 840 3310 apostolica,sed
871 3237 1049 3293 etiam
1079 3238 1438 3310 prophetica;
1471 3256 1539 3295 ex
1557 3257 1671 3312 qua
1695 3239 1886 3295 omnis
1908 3259 2041 3315 apo-

389 3325 594 3381 stolica
607 3324 922 3381 auctoritas
940 3326 1186 3381 descend
1198 3327 1432 3382 it.Sicut
1453 3328 1577 3400 ipse
1600 3328 1807 3384 beatus
1825 3328 2039 3387 Paulus

390 3414 588 3470 statim
620 3414 676 3470 in
712 3413 996 3487 principio
1027 3414 1299 3488 Epistulae
1320 3416 1391 3471 ad
1426 3417 1720 3473 Romanos
1750 3418 2043 3476 evidenter

390 3503 662 3570 declarat,
695 3511 1034 3576 segregatum
1066 3520 1127 3559 se
1175 3521 1303 3561 esse
1356 3505 1555 3562 dicens
1586 3507 1646 3561 in
1678 3509 2041 3578 Evangelium

386 3593 503 3662 Dei,
538 3592 677 3664 quod
706 3602 833 3648 ante
858 3594 1189 3664 promiserat
1203 3609 1305 3665 per
1345 3595 1634 3667 prophetas
1654 3612 1779 3652 suos
1807 3598 1865 3652 in
1889 3599 2039 3654 Scri-

382 3683 566 3754 pturis
594 3683 797 3737 sanctis
829 3681 1002 3753 (Rom.
1036 3699 1075 3747 ῐ,
1111 3683 1182 3750 1).
1236 3682 1303 3737 Et
1347 3682 1403 3737 in
1439 3683 1551 3740 ﬁne
1608 3685 1871 3756 ejusdem
1902 3686 2040 3759 Epi-

388 3769 547 3826 stolze
579 3785 752 3825 omne
786 3769 1124 3843 mysterium
1149 3770 1489 3844 evangelica:
1522 3774 2041 3845 prmdieationisﬁn

389 3876 505 3931 qua
523 3863 611 3915 est
631 3859 807 3914 etiam
832 3858 1360 3931 profundissimum
1376 3861 1719 3934 mysterium
1742 3862 2040 3935 praescien-

386 3949 479 4003 tiae
509 3951 567 4003 et
590 3946 1117 4020 praedestinatiouis
1137 3948 1236 4004 Dei
1246 3992 1259 4016 ,
1268 3966 1371 4022 per
1397 3950 1728 4023 Scripturas
1746 3951 2040 4025 propheti-

388 4054 486 4093 cas
517 4036 828 4092 confirmat
858 4051 987 4092 esse
1017 4037 1356 4107 revelatum,
1390 4038 1472 4094 ita
1502 4039 1830 4096 dicens:Ei
1858 4050 2041 4097 autem

387 4128 486 4199 qui
510 4133 698 4199 potens
726 4133 804 4182 est
835 4142 924 4181 vos
952 4127 1294 4198 confirmare,
1344 4128 1639 4183 secundum
1681 4130 2042 4200 Evangelium

384 4232 590 4284 meum,
620 4216 675 4271 ei
698 4213 1145 4287 praedicationem
1172 4217 1297 4273 Jesu
1324 4216 1547 4286 Christi,
1565 4217 1862 4274 secundum
1891 4235 2038 4275 reve-

387 4305 649 4360 lationem
677 4305 927 4376 mysterii
942 4305 1166 4361 aeternis
1196 4307 1529 4377 temporibus
1545 4308 1719 4374 taciti,
1740 4307 1879 4380 quod
1895 4324 2042 4363 nunc

380 4396 717 4466 patefactum
768 4400 848 4449 est
897 4409 998 4465 per
1071 4394 1383 4465 Scripturas
1450 4396 1864 4467 Prophetarum.
1926 4401 2036 4452 etc.

2149 3244 2467 3315 Scripturis
2500 3244 2623 3317 ipse
2654 3261 2761 3300 nos
2791 3245 3103 3317 Apostolus
3136 3244 3435 3316 docet,qui
3465 3261 3598 3300 cum
3629 3243 3813 3301 dixis-

2149 3336 2256 3400 set,
2291 3331 2360 3386 dc
2390 3330 2814 3389 resurrectione
2872 3332 3221 3404 disputans:
3268 3334 3585 3389 Seminatur
3611 3347 3814 3405 corpus

2149 3421 2411 3488 animale,
2440 3428 2629 3490 surget
2669 3436 2865 3493 corpus
2918 3421 3212 3493 spirituale
3250 3421 3295 3494 (ι
3324 3420 3444 3478 Cor.
3475 3438 3568 3489 xv,
3602 3422 3695 3490 44,
3732 3438 3808 3478 ne

2149 3509 2277 3566 sine
2302 3510 2645 3567 auctoritate
2670 3508 2979 3583 Scripturis
3012 3509 3314 3583 spirituale
3344 3526 3556 3582 corpus
3583 3508 3810 3566 dixisse

2148 3598 2462 3671 videretur,
2496 3598 2694 3654 statim
2718 3598 2873 3670 quod
2905 3616 2936 3655 e
2957 3598 3246 3655 contrario
3276 3598 3558 3655 veraciter
3585 3597 3807 3654 intelli-

2151 3687 2406 3760 gendum
2439 3691 2594 3744 esset
2622 3686 2908 3759 adjunxit,
2959 3687 3195 3744 dicens:
3228 3687 3293 3743 Si
3341 3697 3421 3744 est
3455 3704 3647 3761 corpus
3676 3690 3809 3744 ani-

2153 3777 2299 3832 male
2326 3784 2377 3833 et
2423 3777 2714 3849 spirituale
2771 3776 2976 3848 (lbid.).
3036 3777 3106 3832 Et
3154 3775 3431 3833 continuo
3490 3780 3811 3849 utrumque

2151 3866 2508 3920 confirmans
2540 3864 2703 3938 ponit
2732 3864 3139 3920 testimonium
3169 3864 3503 3938 Scripturis,
3535 3869 3593 3920 et
3623 3864 3768 3920 dicit
3793 3882 3808 3920 :

2149 3954 2303 4010 Sicut
2354 3955 2619 4026 scriptum
2664 3962 2763 4023 est,
2812 3956 2990 4027 factus
3039 3962 3119 4009 est
3142 3956 3359 4027 primus
3418 3954 3580 4011 homo
3635 3952 3813 4008 Adam

2150 4044 2209 4098 in
2238 4044 2486 4099 animam
2504 4044 2770 4099 viventem
2792 4044 3142 4099 :novissimus
3161 4044 3333 4099 Adam
3364 4045 3423 4099 in
3452 4043 3717 4115 spiritum
3734 4059 3815 4097 vi-

2148 4131 2616 4205 viﬁcantem(ibid.
2629 4131 3048 4203 ,45).Similiter
3062 4137 3120 4188 et
3136 4130 3303 4187 illiud
3322 4131 3522 4204 utique
3534 4129 3817 4204 intelligi-

2150 4224 2246 4275 tur
2275 4220 2454 4292 quod,
2487 4236 2622 4275 cum
2654 4220 2808 4276 Deus
2840 4220 3029 4293 primo
3068 4219 3292 4276 homini
3324 4218 3595 4277 dixisset:
3628 4220 3705 4275 De
3736 4219 3814 4275 li-

2149 4326 2255 4378 gno
2301 4309 2550 4366 scientiae
2600 4309 2733 4364 boni
2773 4316 2825 4364 et
2868 4310 3010 4365 mali
3052 4327 3122 4366 ne
3178 4309 3457 4377 comedas;
3488 4324 3815 4381 quocunque

2148 4398 2238 4453 die
2265 4398 2559 4453 comederis
2618 4414 2689 4453 ea:
2732 4415 2816 4465 eo,
2870 4407 3044 4455 morte
3097 4401 3350 4455 morieris
3403 4402 3559 4468 (Gen.
3596 4397 3806 4469 ῐ1,17).

389 4484 562 4572 (Rom,
594 4481 1191 4572 av'i,25,26).ltemque
1218 4482 1277 4538 in
1291 4483 1535 4539 Actibus
1549 4483 1946 4556 apostolorum
1970 4485 2041 4541 de
2070 4508 2117 4572 Β
2150 4486 2360 4558 Utique
2388 4484 2747 4543 inobedienti
2795 4487 3190 4543 comminatus
3238 4492 3328 4544 est
3382 4491 3665 4554 mortem;
3701 4487 3811 4542 sed

389 4569 581 4643 seipse
611 4569 871 4642 loquitur
919 4570 1117 4628 dicens
1142 4588 1155 4627 :
1194 4573 1366 4645 Usque
1413 4575 1474 4629 in
1531 4574 1856 4629 hodiernum
1896 4576 2041 4630 diem
2071 4569 2107 4572 ’
2149 4575 2419 4648 nunquid
2436 4592 2549 4631 non
2573 4576 2836 4649 agnoscit
2859 4575 3005 4632 ﬁdes
3029 4575 3169 4649 quid
3194 4575 3527 4633 eeontrario
3549 4574 3811 4631 sentien-

387 4667 468 4714 sto
494 4659 783 4730 testificaris
806 4660 1032 4728 minori,
1065 4668 1226 4732 atque
1244 4663 1615 4734 majori,nihil
1645 4671 1803 4719 extra
1831 4662 2035 4731 dicens,

390 4763 553 4821 quam
581 4763 642 4802 ea
673 4762 799 4820 quae
853 4750 1137 4821 Pr0pheta'
1181 4759 1310 4805 sunt
1366 4751 1533 4808 locuti
1583 4755 1779 4825 futura
1823 4769 1952 4809 esse.
1988 4760 2039 4807 et

2147 4665 2288 4720 dum
2322 4664 2434 4734 sit;
2462 4664 2517 4720 id
2541 4669 2631 4721 est
2657 4665 2813 4738 quod
2845 4665 3135 4722 obedienti
3160 4665 3567 4739 praeparaverit
3587 4664 3815 4721 vitam?

2147 4753 2292 4809 Item
2322 4770 2454 4810 cum
2474 4752 2733 4826 loquitur
2749 4754 2903 4810 Deus
2923 4755 2995 4809 ad
3016 4754 3311 4810 Abraham
3333 4755 3629 4813 :Masculus
3649 4753 3816 4826 cujus

388 4834 592 4908 Moyses
624 4835 753 4907 (Act.
828 4853 982 4904 xxvx,
1012 4841 1126 4905 22).
1178 4842 1319 4895 Cum
1370 4857 1506 4915 ergo
1556 4840 1681 4913 ipse
1726 4840 2070 4913 Apostolus‘
2144 4844 2413 4916 pra’putii
2439 4859 2571 4898 caro
2598 4860 2711 4899 non
2736 4845 2910 4915 fuerit
2933 4845 3259 4899 circumcisa
3279 4852 3467 4900 octava
3494 4843 3820 4915 die,peribit

389 4924 658 4980 ostendat
684 4929 857 4997 atque
890 4927 1194 4983 confirmet
1237 4928 1294 4983 in
1329 4929 1474 4986 illud
1507 4929 1883 5002 Evangelium
1914 4928 2038 4996 Dei,

391 5013 546 5086 quod
568 5017 700 5069 ante
730 5013 999 5086 promisit
1020 5033 1123 5088 per
1153 5017 1466 5090 prophetas
1488 5035 1627 5074 suos
1648 5018 1706 5072 in
1728 5016 2043 5090 Scripturis

389 5101 609 5159 sanctis
653 5120 715 5159 se
745 5108 1137 5178 segregatum,
1174 5110 1231 5162 et
1276 5123 1448 5162 omne
1504 5105 1648 5162 illud
1700 5106 2045 5179 mysterium

390 5190 543 5265 quod
575 5192 931 5265 evangelizat
958 5210 1062 5266 per
1078 5194 1408 5267 Scripturas
1427 5194 1845 5266 prophetarum
1877 5198 2045 5251 teste-

392 5285 490 5336 tur
514 5281 889 5353 patefactum,
922 5281 1187 5355 nihilque
1214 5300 1275 5338 se
1306 5288 1466 5339 extra
1498 5283 1892 5356 dicere,quam
1916 5300 2041 5356 quas

390 5368 610 5442 scripta
639 5375 779 5425 sunt
809 5370 868 5425 in
901 5369 1026 5445 lege
1075 5376 1131 5426 et
1189 5370 1510 5443 prophetis,
1547 5371 1924 5428 manifestum
1956 5376 2045 5428 est

389 5457 570 5528 hujus
601 5459 701 5528 rei,
737 5458 792 5514 id
824 5463 914 5515 est
945 5458 1150 5515 divinae
1171 5460 1547 5533 praescientiae
1577 5465 1635 5517 et
1662 5461 2042 5534 praedestina-

390 5544 588 5617 tionis,
623 5546 992 5607 altitudinem
1024 5565 1141 5606 non
1181 5547 1373 5607 solum
1420 5549 1479 5608 in
1510 5549 1805 5626 Apostolo,
1841 5551 1942 5628 qui
1973 5567 2042 5611 ex

2150 4935 2341 4988 anima
2372 4932 2472 4987 illa
2502 4931 2567 4988 de
2577 4933 2794 5004 populis
2820 4934 2936 4989 suis
2960 4935 3114 5005 :quia
3129 4941 3350 5005 pactum
3369 4949 3551 4988 meum
3580 4933 3816 4988 irritum

2149 5023 2280 5093 fecit
2308 5019 2717 5094 (Gen.xvn,1li).
2736 5021 3111 5077 Manifestum
3138 5026 3228 5077 est
3245 5020 3575 5077 masculum
3596 5019 3811 5090 istum,

2156 5109 2255 5182 qui
2281 5126 2395 5165 non
2428 5113 2518 5166 est
2546 5113 2747 5166 octava
2776 5110 2870 5167 die
2913 5109 3317 5180 circumcisus,
3378 5110 3705 5184 periturum
3735 5109 3815 5165 de

2153 5196 2388 5271 pepulis
2418 5198 2565 5261 suis.
2599 5198 2740 5270 quia
2785 5202 3020 5271 pactum
3051 5199 3151 5257 Dei
3208 5199 3441 5255 irritum
3473 5198 3643 5256 fecit:
3677 5197 3817 5255 Non

2153 5285 2355 5358 utique
2384 5284 2443 5341 in
2475 5291 2640 5342 utero
2668 5290 3065 5353 materno,nee
3096 5286 3156 5343 in
3188 5287 3290 5342 illa
3320 5291 3441 5342 tam
3473 5284 3691 5344 recenti
3719 5284 3815 5341 in-

2150 5374 2595 5447 fantia,quando
2617 5373 2837 5447 aliquid
2861 5375 3081 5432 bonum
3103 5380 3204 5432 aut
3220 5375 3444 5432 malum
3467 5373 3814 5431 nullatenus

2151 5479 2321 5537 agere
2351 5462 2558 5547 potuit,
2592 5463 2693 5519 sed
2725 5463 2927 5536 utique
2956 5463 3014 5521 in
3048 5464 3340 5539 paradiso,
3374 5465 3436 5521 in
3460 5465 3812 5538 praevarica-

2149 5553 2294 5615 tione
2321 5551 2476 5625 Adae,
2508 5554 2565 5612 in
2598 5569 2701 5631 quo
2731 5569 2936 5625 manes,
2959 5554 3111 5615 sicut
3137 5552 3451 5632 Apostolus
3480 5552 3643 5625 dicit,
3670 5569 3815 5638 pec-7
3838 5624 3851 5639 λ
