4068 6190
248 272 369 335 165

1212 269 1444 332 LIBER
1485 268 1903 333 ADVERSUS
1946 267 2315 331 JOANNEM
2358 268 2699 333 SCOTUM.

3542 274 3657 334 166

245 412 511 462 caverunt
539 405 717 477 (Rom.
750 421 807 469 v,
840 404 965 476 t2);
998 403 1097 477 qui
1129 419 1197 459 ex
1229 402 1327 458 illa
1376 403 1654 459 damnata
1680 401 1903 476 origine
1933 404 1983 468 Α
2014 400 2270 458 divinam
2324 402 2890 475 praedestinationem
2942 404 3417 461 manifestissime
3460 411 3658 462 osten-

246 492 632 550 descendunt.
667 492 835 549 Sicut.
862 509 997 565 ergo
1028 491 1138 548 iste
1165 496 1368 548 octava
1394 491 1490 546 die
1520 490 1763 546 minime
1794 491 1900 546 cir-

243 581 566 649 cumcisus,
599 580 911 637 manifeste
942 580 1236 654 periturus
1264 578 1645 635 denuntiatur
1674 580 1748 635 ob
1782 596 1901 635 rea-

240 676 367 726 tum
395 669 602 742 prima:
634 668 1242 742 praevaricationisﬁta
1270 685 1302 724 e
1332 668 1621 724 contrario
1653 667 1903 724 ﬁdeliter

242 758 697 832 intelligendum
726 763 816 815 est
837 775 971 814 eum
995 758 1097 830 qui
1117 756 1226 813 rite
1244 760 1302 812 et
1319 755 1581 831 legitime
1600 761 1755 813 esset
1781 755 1899 813 cir-

244 847 577 914 cumcisus,
602 848 675 903 ab
706 846 805 903 illo
838 850 999 903 reatu
1031 845 1472 903 absolvendum.

316 938 445 994 Haec
478 936 743 994 diximus
783 941 850 992 ut
896 935 1204 993 manifeste
1262 934 1662 1007 intelligamus
1720 934 1897 1007 quod,

244 1026 479 1085 etiamsi
509 1024 831 1099 Apostolus
862 1024 922 1080 in
953 1023 1056 1081 illa
1084 1023 1614 1097 prmdestinationis
1644 1023 1904 1096 disputa-

246 1117 402 1172 tione
433 1114 511 1171 de
540 1114 924 1188 reproborum
966 1117 1129 1186 parte
1158 1112 1460 1181 tacuisset,
1492 1112 1794 1169 debuisset
1821 1116 1902 1169 ta-

245 1221 376 1261 men
412 1204 566 1260 ﬁdes
594 1208 814 1269 nostra,
847 1201 988 1276 quid
1018 1203 1090 1259 de
1117 1202 1203 1259 eis
1243 1201 1616 1259 sentiendum
1664 1205 1841 1266 esset,
1871 1218 1901 1257 e

245 1292 541 1351 contrario
601 1293 899 1349 advertere
945 1295 1003 1348 et
1047 1290 1409 1365 intelligere;
1443 1291 1546 1347 sed
1578 1307 1695 1347 non
1727 1294 1899 1352 tacet.

245 1400 376 1440 cum
390 1380 601 1439 statim
619 1386 752 1454 post
762 1380 1021 1453 aliquam
1036 1384 1093 1437 et
1102 1379 1505 1448 electorum,et
1519 1379 1900 1453 reproborum

246 1469 909 1540 similitudinem,simul
924 1486 1148 1542 ponens
1160 1469 1218 1524 in
1232 1469 1462 1525 duobus
1473 1467 1726 1541 geminis
1742 1468 1901 1524 Isaac

246 1566 301 1616 et
328 1561 610 1616 Rebecca:
638 1559 724 1615 ita
751 1559 1036 1632 adiungat
1065 1575 1077 1614 :
1114 1559 1249 1614 Cum
1298 1559 1446 1613 enim
1505 1556 1731 1614 necdum
1781 1559 1904 1613 nati

246 1657 439 1717 essent,
471 1658 574 1705 aut
602 1648 817 1721 aliquid
843 1650 1074 1719 egissent
1102 1648 1302 1703 bonum
1345 1655 1441 1703 aut
1468 1648 1679 1702 malum
1706 1651 1795 1714 (ut
1817 1661 1901 1701 se-

2008 508 2134 546 sam
2154 507 2166 546 :
2184 492 2324 546 dum
2338 495 2393 547 et
2406 489 2570 547 electi
2586 490 2746 547 nullo
2760 509 2867 549 suo
2880 491 3110 559 merito,
3126 492 3226 548 sed
3241 492 3364 549 sola
3380 492 3479 550 Dei
3495 494 3661 550 boni-

2006 583 2127 635 tate
2158 579 2651 651 przedestinantur
2680 580 2751 636 ad
2782 580 2995 648 vitam;
3018 585 3073 636 et
3106 580 3336 653 reprobi
3369 581 3529 636 nullo
3560 583 3660 639 Dei

2008 667 2368 740 praejudicio,
2385 669 2486 724 sed
2504 668 2626 724 solo
2638 685 2745 725 suo
2761 668 2848 723 vel
2871 668 3141 742 originali
3158 668 3244 725 vel
3260 669 3472 726 actuali
3486 671 3662 727 meri.

2007 760 2067 811 to
2080 756 2651 827 praedestinanturad
2665 757 2990 822 interitum,
3006 775 3112 815 nec
3133 759 3216 815 eis
3229 758 3429 815 divina
3442 760 3662 832 praede-

2009 843 2248 901 stinatio
2266 845 2671 902 necessitatem
2696 846 2972 918 pereundi
2997 845 3429 919 imponit,sicut
3449 865 3556 904 nec
3568 864 3665 905 ne-

2007 932 2338 990 cessitatem
2362 933 2663 1006 peccandi,
2688 935 2787 991 sed
2814 935 3219 992 necessitatem
3250 937 3662 994 tantummodo

1998 1022 2166 1094 justa
2176 1021 2464 1094 supplicia
2481 1022 2768 1095 patiendi:
2785 1028 2851 1079 ut
2871 1023 2971 1095 qui
2991 1022 3291 1081 voluntate
3311 1030 3658 1097 permanent

2008 1110 2066 1166 in
2100 1111 2375 1184 peccatis,
2409 1110 2755 1168 necessitate
2786 1112 3120 1169 crucientur
3150 1112 3208 1168 in
3243 1114 3451 1187 pcenis.

2080 1200 2164 1256 Ita
2191 1200 2423 1256 etiamsi
2457 1204 2621 1256 tanta
2647 1199 2746 1256 illa
2766 1201 3025 1274 Apostoli
3043 1202 3115 1258 de
3131 1202 3239 1259 hac
3257 1220 3317 1260 re
3334 1203 3656 1276 disputatio

2008 1305 2077 1345 ex
2108 1288 2217 1345 hoc
2268 1288 2392 1344 loco
2450 1306 2639 1361 usque
2697 1290 2769 1345 ad
2830 1289 3027 1355 ﬁnem,
3076 1292 3174 1347 ubi
3222 1292 3302 1348 ait
3333 1309 3347 1348 :
3378 1294 3662 1350 Conclusit

2007 1379 2157 1435 enim
2197 1379 2334 1434 Deus
2379 1380 2567 1435 omnia
2606 1381 2665 1434 in
2696 1379 3095 1445 incredulitate,
3128 1388 3191 1435 ut
3221 1384 3467 1437 omnium
3494 1385 3660 1440 mise-

2010 1476 2193 1524 reatur
2221 1471 2396 1537 (Rom.
2430 1486 2507 1532 xi,
2537 1468 2629 1536 3'3)
2662 1484 2675 1523 :
2711 1467 3041 1541 diligenter,
3073 1473 3129 1525 et
3170 1469 3418 1527 fideliter
3463 1470 3656 1528 consi-

2010 1556 2262 1623 deretur,
2286 1556 2357 1611 de
2383 1556 2689 1628 utriusque
2711 1556 2892 1629 partis
2916 1557 3440 1629 prmdestinatione,
3456 1558 3574 1616 sive
3596 1558 3656 1615 in

2010 1662 2126 1701 uno
2158 1644 2371 1718 populo
2421 1645 2759 1701 Judzeorum
2810 1645 2867 1701 in
2910 1645 3023 1713 his,
3059 1646 3160 1719 qui
3192 1648 3481 1716 excecati,
3514 1652 3572 1704 et
3601 1648 3662 1705 in

248 1738 493 1795 cundum
518 1739 835 1794 electionem
857 1738 1197 1810 propositum
1224 1738 1326 1793 Dei
1368 1744 1653 1804 maneret),
1696 1752 1806 1791 non
1834 1751 1904 1790 ex
1937 1773 1980 1837 Β
2011 1734 2104 1790 bis
2134 1734 2234 1806 qui
2266 1734 2591 1791 secundum
2621 1733 2960 1790 electionem
2986 1736 3185 1808 gratia:
3204 1735 3416 1792 salvari
3438 1753 3669 1795 merue-

250 1829 533 1900 operibus,
562 1826 659 1882 sed
687 1842 757 1882 ea:
778 1833 999 1882 vocante
1025 1826 1232 1881 dictum
1263 1832 1342 1880 est
1371 1844 1389 1879 :
1424 1825 1565 1893 Quia
1591 1825 1771 1896 major
1797 1840 1908 1879 ser-

256 1919 356 1972 viet
379 1916 615 1980 minori,
644 1916 787 1971 sicut
841 1915 1105 1987 scriptum
1162 1919 1242 1969 est
1277 1930 1291 1968 :
1323 1914 1493 1971 Iacob
1540 1913 1735 1981 dilexi,
1765 1913 1911 1968 Esau

254 2014 434 2061 autem
464 2004 593 2060 odio
622 2003 795 2058 habui
828 2004 1001 2075 (Rom.
1034 2019 1111 2068 ιχ,
1146 2004 1233 2068 11,
1269 2003 1356 2071 12,
1388 2001 1495 2068 l3;
1528 2002 1656 2057 Mal.
1683 2017 1722 2064 ι,
1746 2001 1797 2068 1,
1830 2001 1908 2071 2).

257 2094 567 2149 Manifesta
588 2091 770 2166 igitur
793 2090 853 2147 in
875 2091 985 2147 hoc
1007 2089 1289 2163 exemplo,
1315 2094 1374 2145 et
1392 2089 1448 2144 in
1471 2090 1672 2150 Jacob,
1689 2090 1912 2161 absque

260 2182 391 2238 ullis
422 2182 656 2237 meritis
688 2179 899 2236 dilecto
929 2184 985 2235 et
1015 2180 1216 2246 electo,
1252 2178 1350 2251 qui
1383 2177 1654 2233 similiter
1684 2178 1914 2233 teneba-

259 2277 354 2326 tur
372 2268 680 2343 originalis
702 2267 923 2343 peccati
946 2268 1252 2333 obnoxius,
1269 2272 1332 2323 ut
1352 2267 1529 2323 frater
1548 2270 1604 2322 et
1624 2284 1691 2321 ex
1711 2267 1912 2322 eadem

260 2359 530 2416 veniebat
581 2375 781 2414 massa
826 2357 886 2413 in
940 2358 1125 2413 Adam
1174 2357 1471 2423 damnata,
1505 2355 1799 2411 declarata
1827 2360 1918 2412 est

263 2446 699 2522 predestinatio
747 2445 1069 2503 electorum
1100 2446 1171 2501 ad
1205 2446 1406 2501 vitam.
1440 2445 1503 2500 In
1535 2445 1685 2500 Esau
1720 2448 1916 2501 autem

264 2537 388 2595 solo
414 2534 723 2610 originalis
753 2535 973 2608 peccati
1007 2538 1166 2590 reatu
1201 2534 1334 2590 odio
1366 2534 1587 2603 habito,
1620 2534 1920 2607 praedesti-

270 2627 426 2683 natio
474 2625 861 2699 reproborum
905 2623 976 2680 ad
1009 2623 1335 2679 interitum.
1370 2622 1508 2679 Tale
1537 2628 1644 2692 est,
1677 2628 1736 2679 et
1765 2623 1919 2695 quod

270 2721 404 2790 post
434 2713 745 2789 paululum
768 2702 846 2770 de
876 2717 1122 2786 utraque
1150 2717 1314 2787 parte
1342 2712 1752 2786 subjungitur:
1785 2714 1922 2785 Ergo

262 2806 428 2877 cujus
457 2805 579 2860 vult
605 2805 914 2869 miseretur,
943 2810 996 2858 et
1026 2818 1185 2874 quem
1230 2802 1349 2857 vult
1377 2801 1603 2857 indurat
1632 2802 1807 2874 (Rom.
1844 2819 1921 2869 ιχ,

274 2895 388 2965 18).
428 2894 503 2949 Et
540 2893 696 2965 quod
738 2891 948 2947 deinde
988 2890 1402 2946 additzAnnon
1432 2890 1591 2946 habet
1610 2899 1927 2962 potestatem

268 2983 478 3055 ﬁgulus
510 2982 618 3037 luti
642 2998 715 3037 ex
741 2980 928 3037 eadem
952 2997 1136 3036 massa
1180 2982 1362 3052 facere
1402 2980 1557 3035 aliud
1584 2980 1801 3051 quidem
1832 2996 1926 3034 vas

269 3075 331 3128 in
364 3073 651 3138 honorem,
682 3070 839 3126 aliud
884 3086 1006 3127 vero
1055 3071 1114 3124 in
1151 3070 1539 3126 contumeliam
1583 3068 1763 3141 (Ibid.,
1794 3070 1923 3136 21);

2018 1827 2184 1889 runt;
2208 1822 2326 1878 sive
2356 1822 2415 1878 in
2447 1826 2713 1895 utroque,
2740 1824 2797 1879 id
2819 1828 2907 1879 est
2927 1823 3265 1880 Judaaorum
3289 1829 3347 1882 et
3367 1826 3664 1895 Gentium,

2018 1911 2261 1966 dumilli
2292 1916 2573 1983 tanquam
2606 1911 2902 1969 naturales
2934 1913 3081 1969 rami
3115 1914 3281 1970 fracti
3312 1918 3554 1971 suntzet
3573 1915 3672 1971 isti

2018 2006 2303 2072 tanquam
2345 2001 2577 2056 oleaster
2618 2003 2679 2057 in
2741 2003 2940 2058 bonam
2995 2003 3199 2059 olivam
3259 2006 3458 2060 inserti
3483 2004 3671 2075 (lbid.,

2022 2090 2131 2159 17),
2165 2089 2566 2144 indubitanter
2610 2107 2745 2146 eum
2805 2090 3063 2146 inveniet
3113 2096 3170 2147 et
3219 2092 3344 2148 suis
3372 2093 3584 2161 verbis,
3617 2097 3673 2150 et

2023 2177 2272 2233 maxime
2285 2178 2635 2234 testimoniis
2649 2179 3006 2252 propheticis
3030 2180 3449 2253 disputantem.
3467 2182 3530 2238 In
3544 2182 3673 2255 qui-

2021 2267 2133 2322 bus
2150 2272 2345 2323 tamen
2365 2268 2721 2340 propheticis
2738 2269 3118 2336 testimoniis,
3135 2287 3262 2343 quae
3276 2271 3446 2328 nobis
3468 2272 3674 2328 beatus

2023 2355 2334 2428 Apostolus
2366 2361 2531 2413 tanta
2561 2358 2909 2414 auctoritate
2936 2360 3259 2432 proposuit,
3291 2365 3355 2417 ut
3384 2360 3528 2417 nihil
3550 2378 3676 2418 om-

2027 2445 2165 2500 nino
2196 2446 2267 2501 de
2297 2444 2477 2517 hujus
2513 2447 2613 2512 rei,
2646 2446 2705 2502 id
2737 2451 2847 2509 est.
2872 2447 3079 2504 divinis
3111 2449 3171 2505 in
3204 2454 3516 2523 utramque
3543 2467 3676 2524 par-

2028 2538 2147 2589 tem
2200 2535 2729 2607 przedestinationis
2777 2537 3193 2609 profunditate,
3226 2543 3283 2595 et
3323 2541 3677 2597 obscuritate

2030 2622 2144 2678 nisi
2201 2640 2269 2679 ex
2324 2641 2525 2681 eorum
2584 2625 2879 2698 ﬁrmitate,
2912 2631 2970 2683 et
3005 2628 3251 2684 evidenti
3310 2630 3677 2687 attestatione

2031 2713 2237 2768 docere
2261 2712 2527 2768 voluerit.
2553 2712 2703 2769 Illud
2727 2716 3015 2787 praecipue
3046 2716 3204 2773 omni
3222 2716 3457 2789 pietatis
3487 2718 3678 2774 consi-

2033 2801 2331 2857 deratione
2370 2802 2790 2859 attendendum
2822 2808 2909 2859 est
2940 2805 3095 2876 quod
3127 2820 3261 2859 cum
3293 2822 3586 2877 nusquam
3618 2807 3678 2862 in

2034 2889 2118 2945 eis
2138 2906 2410 2961 expresse
2432 2894 2490 2945 et
2509 2891 2742 2962 proprie
2763 2892 3004 2948 verbum
3035 2892 3565 2963 prtedestinationis
3586 2910 3679 2951 so-

2036 2983 2135 3033 net
2163 2995 2177 3045 ;
2210 2982 2405 3035 tamen
2430 2978 2568 3050 quia
2588 2978 2710 3050 ipse
2734 2995 2825 3035 res
2856 2980 2927 3034 ad
2960 2984 3271 3053 utramque
3304 2982 3680 3053 praedestina-

2037 3066 2256 3121 tionem
2278 3065 2634 3138 pertinentes
2654 3066 3149 3123 manifestissimaa
3171 3074 3472 3141 apparent,
3487 3074 3544 3126 et
3561 3070 3680 3125 evi-

268 3163 342 3218 de
376 3161 601 3234 quibus
631 3137 787 3215 vasis
816 3158 1056 3215 honoris
1079 3162 1139 3214 et
1157 3157 1528 3214 contumelia:
1560 3137 1760 3213 statim
1792 3157 1925 3212 sub-
1955 3137 1999 3203 C
2038 3137 2396 3211 dentissimae
2428 3154 2816 3223 declarantur,
2845 3137 3340 3215 confidentissime
3365 3158 3681 3232 Apostolus

262 3249 471 3324 jungit
502 3266 518 3305 :
546 3248 703 3320 Quod
730 3250 784 3303 si
804 3248 985 3304 volens
1016 3251 1160 3304 Deus
1180 3247 1456 3303 ostendere
1487 3248 1716 3315 iram,et
1741 3254 1930 3303 notam

267 3344 452 3414 facere
505 3340 805 3412 potentiam
859 3353 1017 3392 suam
1070 3337 1335 3393 sustinuit
1364 3338 1421 3391 in
1451 3336 1627 3392 multa
1659 3337 1930 3408 patientia

268 3446 404 3485 vasa
434 3431 547 3485 ira:
587 3434 778 3498 aptata
816 3427 878 3480 in
926 3426 1215 3482 interitum
1249 3441 1263 3481 :
1294 3432 1355 3480 ut
1380 3424 1677 3481 ostenderet
1704 3424 1929 3481 divitias

268 3518 475 3587 gloriae
504 3530 625 3573 sua?
653 3516 715 3570 in
742 3530 873 3570 vasa
901 3513 1314 3579 misericordiae,
1347 3529 1473 3586 quae
1497 3515 1841 3586 praeparavit
1869 3515 1930 3568 in

270 3607 571 3677 gloriam?
599 3607 711 3659 etc.
761 3602 951 3675 (Ibid,
981 3602 1070 3669 22,
1102 3604 1216 3670 23.)
1265 3601 1328 3658 In
1382 3602 1597 3674 quibus
1653 3600 1929 3658 omnibus

270 3692 718 3751 evidentissima
767 3691 1105 3764 agnoscitur
1147 3689 1491 3763 Apostolum
1540 3708 1656 3746 non
1704 3692 1775 3746 de
1806 3689 1931 3747 sola

270 3783 817 3853 electerum,quam
847 3780 1036 3853 primo
1066 3778 1190 3836 loco
1214 3779 1430 3852 posuit,
1458 3780 1560 3837 sed
1584 3779 1645 3835 in
1665 3784 1787 3837 toto
1817 3779 1929 3836 isto

271 3870 701 3946 disputationis
717 3886 837 3926 suae
855 3873 1145 3937 contextu,
1160 3869 1231 3923 de
1253 3868 1561 3942 utriusque
1582 3870 1765 3941 partis
1785 3886 1928 3942 prae-

271 3960 695 4029 destinatione,
728 3957 847 4014 sive
898 3958 957 4013 in
1016 3956 1214 4026 vitam,
1265 3956 1385 4013 sive
1438 3956 1499 4012 in
1552 3961 1841 4026 mortem;
1874 3962 1931 4015 et

272 4049 586 4124 exemplis,
612 4051 669 4103 et
689 4045 1044 4103 testimoniis
1068 4049 1350 4102 tractasse
1380 4045 1758 4118 prepheticis,
1786 4047 1928 4103 dum

272 4140 329 4194 in
358 4139 551 4197 Jacob
582 4134 859 4210 proponit
881 4135 1130 4191 formam
1163 4133 1502 4201 electorum,
1524 4134 1583 4190 in
1614 4136 1765 4191 Esau
1798 4151 1930 4191 vero

273 4229 527 4284 formam
561 4224 969 4297 reproborum.
994 4224 1057 4280 In
1080 4223 1298 4296 quibus
1318 4222 1520 4296 utique
1551 4223 1781 4279 duabus
1805 4241 1932 4297 par-

273 4317 457 4385 tibus,
479 4315 644 4387 eujus
664 4313 783 4369 vult
801 4314 941 4369 Deus
959 4315 1266 4377 miseretur,
1283 4319 1334 4368 et
1354 4328 1511 4384 quem
1534 4312 1651 4367 vult
1668 4311 1928 4370 indurat:

270 4407 692 4463 sedmiseretur
711 4400 1167 4458 misericorditer
1178 4400 1247 4456 ad
1246 4401 1271 4472 j
1281 4400 1761 4466 uvando,indurat
1772 4402 1797 4474 j
1805 4406 1933 4458 uste

2037 3244 2110 3299 ad
2141 3248 2317 3299 tantae
2365 3244 2445 3300 rei
2496 3243 3020 3309 confirmationem,
3053 3249 3227 3317 atque
3258 3246 3581 3303 doctrinam
3614 3265 3683 3305 ea
3766 3248 3771 3251 ⁷

2037 3332 2382 3404 assumpsit,
2397 3338 2451 3388 et
2466 3332 2806 3388 itatenenda
2821 3337 2996 3406 atque
3017 3332 3394 3408 intelligenda
3412 3336 3681 3393 Ecclesia!

2039 3420 2281 3477 tradidit
2305 3438 2317 3477 :
2342 3438 2450 3477 sua
2474 3421 2698 3477 scilicet
2712 3422 3082 3489 auctoritate,
3105 3427 3164 3478 et
3184 3423 3447 3495 exemplo
3469 3443 3574 3483 nos
3600 3426 3685 3483 in-

2039 3510 2300 3567 formans
2329 3516 2388 3566 et
2418 3511 2739 3579 instruens,
2773 3516 2837 3567 ut
2867 3527 2982 3567 non
3012 3512 3372 3570 contentiose
3402 3518 3459 3570 et
3478 3532 3682 3588 super-

2036 3615 2215 3655 vacue
2247 3599 2316 3654 de
2348 3599 2473 3672 ipso
2503 3599 2678 3655 verbo
2709 3600 3237 3672 praedestinationis
3258 3602 3317 3658 in
3340 3608 3680 3663 sanctorum

2037 3687 2455 3761 prophetarum
2502 3688 2750 3761 eloquiis
2799 3690 2949 3747 inter
2991 3707 3097 3747 nos
3140 3691 3560 3764 disceptemus,
3594 3695 3683 3751 vel

2038 3776 2214 3849 (quod
2246 3775 2421 3845 absit)
2450 3777 2626 3834 etiam
2652 3778 2945 3847 rixemur;
2978 3781 3078 3836 sed
3112 3781 3353 3853 paciﬁca
3379 3786 3438 3838 et
3467 3782 3563 3855 pia
3591 3783 3679 3839 in-

2037 3864 2378 3937 telligentia,
2395 3865 2731 3938 ubicunque
2751 3884 2843 3923 res
2859 3867 2988 3941 ipsa
3002 3869 3482 3928 manifestissime
3498 3871 3685 3929 decla-

2039 3959 2220 4022 ratur,
2245 3954 2644 4011 indubitanter
2672 3955 2911 4012 omnino
2941 3957 3196 4014 divinam
3230 3959 3684 4032 praedestinatio-

2038 4060 2170 4099 nem
2196 4048 2255 4099 et
2282 4059 2614 4116 agnoscere,
2649 4049 2706 4099 et
2734 4062 2994 4102 asserere
3023 4047 3360 4104 debeamus.

2109 4130 2371 4187 Primum
2395 4134 3064 4205 namquelestimonium
3088 4135 3682 4211 propheticum,qued

2040 4220 2110 4275 de
2144 4220 2251 4275 hac
2282 4220 2562 4292 reposuit,
2591 4220 2733 4276 illud
2763 4238 2833 4277 ex
2862 4222 3071 4278 Genesi
3104 4227 3194 4278 est
3213 4224 3284 4278 de
3306 4240 3421 4295 quo
3443 4222 3523 4279 ita
3553 4225 3634 4280 ait
3666 4242 3679 4281 :

2042 4310 2430 4364 Promissionis
2475 4310 2625 4365 enim
2679 4310 2899 4366 verbum
2955 4312 3059 4367 hoc
3100 4318 3177 4367 est
3209 4327 3220 4367 :
3254 4311 3562 4367 Secundum
3589 4312 3687 4370 hoc

2041 4406 2248 4469 tempus
2300 4398 2541 4465 veniam,
2596 4406 2648 4453 et
2703 4400 2809 4454 erit
2861 4400 3020 4457 Sara?
3072 4400 3223 4471 ﬁlius
3259 4401 3434 4469 (Rom.
3467 4415 3545 4468 lx,
3576 4399 3681 4470 9):

271 4493 637 4561 deserendo;
671 4496 732 4547 et
758 4496 1042 4564 tanquam
1072 4489 1281 4562 ﬁgulus
1311 4492 1419 4546 luti
1443 4506 1515 4546 ex
1541 4490 1727 4546 eadem
1752 4507 1934 4547 massa
1965 4507 2011 4572 D
2043 4486 2141 4541 ubi
2174 4485 2309 4541 licet
2338 4503 2451 4543 non
2483 4486 2751 4543 videatur
2780 4504 2988 4544 sonare
3029 4487 3483 4560 praedestinatio,
3518 4493 3688 4546 sonat

267 4583 452 4640 simul
485 4585 614 4638 tota
635 4580 934 4648 damnata,
960 4578 1095 4635 facit
1113 4578 1271 4635 aliud
1290 4595 1391 4635 vas
1412 4580 1470 4635 in
1490 4580 1748 4636 honorem
1766 4579 1937 4637 mise-

268 4672 591 4730 ricorditer
618 4669 945 4738 liberanda,
969 4668 1124 4725 aliud
1151 4685 1274 4726 vero
1298 4670 1358 4724 in
1376 4669 1761 4725 contumeliam
1772 4670 1934 4741 juste

269 4760 649 4818 damnando:
687 4762 752 4814 ut
777 4758 893 4813 duo
921 4774 990 4814 ex
1019 4756 1112 4814 his
1141 4756 1377 4814 ordines
1406 4758 1933 4830 existant,quorum

271 4850 369 4905 alii
391 4850 519 4907 sint
538 4865 647 4905 vas
668 4848 789 4917 iraa,
813 4852 872 4903 et
890 4846 988 4903 alii
1008 4864 1110 4904 vas
1141 4845 1586 4914 misericordia;
1619 4845 1720 4901 illa
1748 4854 1936 4918 aptata

274 4941 332 4995 in
362 4942 687 5005 interitum,
702 4935 818 4994 ista
838 4938 898 4992 in
918 4936 1154 5006 gloriam
1177 4940 1519 5008 praeparata.
1535 4936 1645 4991 Sed
1667 4942 1855 5007 aptata
1875 4936 1937 4991 in

274 5031 571 5086 interitum
601 5030 660 5083 et
690 5042 798 5082 suo
823 5024 1056 5096 merito,
1087 5030 1144 5082 et
1174 5024 1275 5081 Dei
1297 5025 1462 5097 justo
1485 5024 1711 5095 judicio
1736 5042 1749 5092 ;
1780 5038 1936 5095 pra:-

267 5127 473 5190 parata
504 5120 710 5173 autem
739 5116 799 5170 in
825 5114 1061 5187 gloriam
1088 5112 1250 5170 nullo
1280 5130 1387 5170 suo
1419 5112 1648 5180 merito,
1681 5113 1781 5169 sed
1812 5111 1935 5169 solo

273 5206 490 5262 divinas
523 5202 729 5278 gratim
759 5202 1223 5260 beneﬂcio.Cum
1247 5217 1383 5276 ergo
1414 5205 1534 5258 tam
1568 5204 1763 5274 aperte
1783 5200 1939 5258 dicat

271 5292 600 5368 Apostolus
636 5309 650 5347 :
683 5292 750 5348 Et
777 5308 911 5347 vasa
940 5293 1045 5350 ira?
1089 5299 1275 5364 aptata
1304 5292 1367 5347 in
1395 5292 1698 5360 interitum,
1732 5298 1781 5346 et
1807 5306 1940 5345 vasa

273 5382 682 5440 misericordia
708 5388 1030 5454 preparato
1049 5382 1106 5436 in
1125 5381 1382 5453 gloriam,
1394 5388 1446 5437 et
1459 5396 1530 5437 ex
1547 5379 1739 5436 eadem
1759 5394 1940 5435 massa

275 5473 433 5528 aliud
450 5488 554 5529 vas
572 5472 701 5542 ﬁeri
719 5472 781 5526 in
809 5471 1085 5537 honorem,
1106 5468 1264 5525 aliud
1281 5486 1405 5526 vero
1424 5470 1485 5525 in
1504 5468 1891 5525 contumeliam
1921 5484 1935 5522 :

279 5563 409 5639 quis
442 5577 571 5620 non
598 5558 894 5638 intelligat
923 5558 983 5617 in
1013 5558 1106 5619 his
1146 5558 1337 5618 verbis
1392 5557 1699 5636 utriusque
1757 5555 1941 5637 partis

2046 4580 2241 4631 tamen
2266 4580 2462 4648 aperte
2485 4576 2818 4646 promissio,
2842 4593 2970 4649 quae
2996 4594 3110 4633 non
3142 4576 3311 4633 aliter
3340 4582 3493 4634 recte
3524 4577 3688 4636 intel-

2042 4663 2264 4736 ligitur,
2298 4663 2410 4719 nisi
2439 4664 2568 4736 ipsa
2606 4664 2918 4736 promissio
2964 4665 3212 4722 fideliter
3253 4666 3687 4739 praedestinatio

2042 4751 2365 4823 accipiatur
2388 4751 2555 4807 electi
2587 4751 2829 4808 seminis
2858 4753 3122 4825 Abrahae,
3146 4754 3204 4810 id
3234 4760 3324 4811 est
3351 4772 3553 4813 eorum
3585 4757 3688 4830 qui

2044 4839 2148 4895 ﬁlii
2180 4839 2280 4895 Dei
2313 4841 2690 4911 deputantur,
2721 4845 2778 4896 et
2802 4858 2837 4896 a
2862 4841 2997 4898 [iliis
3042 4843 3237 4899 carnis
3275 4844 3471 4902 divina
3499 4844 3691 4919 gratia

2044 4928 2280 4985 discreti
2309 4933 2465 4985 sunt.
2499 4928 2662 4985 Sicut
2709 4929 2833 5002 ipse
2884 4932 3191 5003 Apostolus
3238 4933 3298 4989 in
3327 4935 3531 4990 eodem
3562 4933 3688 4992 loco

2044 5018 2279 5091 exponit
2306 5017 2506 5075 dicens
2540 5036 2552 5073 :
2586 5024 2709 5077 Non
2762 5021 2860 5092 qui
2912 5021 3025 5091 ﬁlii
3076 5024 3279 5089 carnis,
3308 5024 3369 5079 hi
3414 5025 3524 5095 ﬁlii
3558 5031 3690 5079 sunt
3786 5046 3791 5049 ι

2044 5110 2141 5164 Dei
2163 5126 2176 5177 ;
2207 5107 2299 5163 sed
2319 5109 2415 5180 qui
2441 5108 2554 5178 ﬁlii
2578 5116 2707 5165 sunt
2728 5111 3111 5181 promissionis
3138 5113 3485 5168 aestimantur
3514 5114 3574 5167 in
3598 5128 3688 5168 se-

2042 5198 2192 5252 mine
2222 5196 2413 5268 (Ibid.,
2445 5198 2520 5265 8).
2556 5196 2820 5254 Secundo
2876 5196 3002 5254 loco
3057 5198 3200 5255 illud
3242 5198 3451 5257 iterum
3482 5217 3549 5256 ex
3579 5200 3688 5257 Ge-

2045 5286 2170 5341 nesi
2201 5285 2604 5342 testimonium
2626 5287 2825 5358 posuit
2857 5304 2870 5342 :
2902 5290 2978 5344 De
3004 5288 3209 5346 duobus
3256 5291 3491 5358 geminis
3539 5289 3692 5345 Isaac

2044 5383 2096 5431 et
2114 5374 2376 5444 Rebeccae,
2408 5391 2524 5448 quo
2554 5376 2769 5433 dictum
2794 5378 2981 5449 fuerat
3014 5395 3027 5434 :
3065 5379 3215 5451 Quia
3267 5378 3446 5449 major
3497 5381 3695 5436 serviet

2045 5466 2251 5520 minori
2278 5465 2432 5533 (Gen.
2464 5481 2593 5531 xxv,
2624 5466 2716 5534 23)
2746 5482 2759 5521 :
2793 5464 2893 5521 ubi
2936 5465 3073 5523 licet
3119 5464 3549 5539 praedestinatio
3580 5467 3692 5524 mi-

2047 5553 2206 5614 nime
2234 5569 2443 5614 sonare
2470 5553 2757 5628 videatur,
2770 5560 2966 5616 tamen
2987 5571 3079 5616 res
3108 5553 3296 5633 ipsius
3320 5555 3698 5635 praedestina-
