4024 6180
398 282 511 342 Hi7

1494 274 1723 343 FLORI
1769 278 2086 342 DIACONI
2134 272 2703 345 LUGDUN‘ENSIS.

3684 276 3790 345 168

393 414 570 471 tionis
620 418 741 471 tam
790 413 1072 488 profunde
1100 416 1159 470 et
1187 412 1485 486 granditer
1529 412 1609 468 ibi
1640 413 2042 469 demonstrata
2069 416 2124 482 Α
2155 414 2988 487 potuerit,quam~utexforma
3007 414 3254 471 istorum
3278 413 3642 490 geminorum
3656 415 3792 475 alios

395 510 503 573 est,
539 507 603 560 ut
631 508 867 560 moneat
895 518 1022 571 nos,
1051 507 1107 559 et
1135 500 1378 558 solerter
1405 501 1615 557 excitet
1641 500 1954 574 Apostolus
1985 501 2044 557 in

394 598 516 651 toto
547 593 646 649 illo
677 592 1103 665 oraculo,quod
1134 596 1277 647 tunc
1308 590 1576 646 Rebecca:
1598 588 1668 646 de
1698 590 1920 646 eisdem
1946 607 2043 664 ge-

2155 502 2524 574 omnipotcns
2543 503 2697 559 Deus
2717 508 2932 559 (eterna
2953 503 3357 561 misericordia
3377 520 3485 561 sua
3505 502 3789 576 dilexisse,

2154 589 2299 647 alios
2321 596 2534 648 aeterno
2560 608 2667 649 suo
2681 592 2907 664 judicio
2928 592 3143 664 odisse,
3169 610 3277 651 sua
3297 590 3666 650 attestatione
3682 610 3793 651 ma-

394 682 575 739 minis
623 680 921 749 divinitus,
955 695 1303 753 responsum
1351 682 1461 746 est,
1495 679 1605 735 hoc
1651 678 1961 752 vigilanter
1989 683 2046 735 et
2153 679 2477 737 nifestetur.

396 771 646 828 ﬁdeliter
672 770 991 837 intendere,
1024 772 1081 826 et
1110 767 1480 825 considerare
1502 767 1731 832 debere,
1760 767 1914 841 quod
1937 783 2043 823 nec

394 860 655 916 damnati
711 865 876 915 erant
931 874 1000 914 ex
1044 861 1207 913 utero
1253 862 1535 925 materno,
1568 857 1799 913 necdum
1829 858 2043 930 aliquid

391 956 612 1021 egerant
643 949 966 1013 bonumaut
994 947 1206 1002 malum
1236 946 1297 1001 in
1326 946 1446 1001 vita
1471 946 1723 1019 propria,
1752 951 1810 1003 et
1838 947 2041 1019 utique

392 1053 459 1094 ex
489 1053 605 1094 uno
636 1040 803 1092 erant
850 1036 1162 1092 concubitu
1209 1034 1495 1108 procreati
1520 1052 1534 1104 ;
1567 1039 1624 1090 et
1651 1040 1846 1091 tamen
1877 1038 2043 1091 tanta

390 1126 669 1185 distantia
680 1125 1052 1198 omnipotens
1064 1127 1217 1181 Deus
1239 1125 1392 1181 inter
1410 1130 1730 1198 utrumque
1746 1125 2037 1194 discrevit,

387 1221 453 1273 ut
482 1215 660 1272 nullis
687 1229 888 1271 eorum
921 1213 1384 1287 praecedentibus
1415 1214 1505 1270 vel
1537 1214 1728 1283 bonis,
1752 1214 1840 1270 vel
1867 1212 2038 1270 malis

386 1305 634 1372 meritis,
668 1300 792 1361 sola
820 1302 1099 1370 bonitate,
1133 1306 1188 1358 et
1207 1303 1433 1375 judicio
1484 1320 1591 1359 suo
1638 1319 1824 1359 unum
1855 1320 1924 1359 ex
1954 1302 2039 1360 eis

386 1395 702 1468 praferret,
734 1397 793 1449 et
824 1391 1071 1448 alterum
1106 1392 1368 1448 servituti
1402 1393 1768 1467 subjugaret.

454 1485 524 1539 Et
542 1497 615 1539 ne
635 1482 743 1538 hoc
772 1499 978 1553 parum
1009 1496 1137 1537 esse
1166 1481 1657 1550 existimaremus,
1684 1482 1840 1556 quod
1866 1481 2036 1555 quasi

384 1574 455 1629 de
476 1570 754 1628 humanis
773 1576 829 1627 et
854 1570 1195 1627 inhumanis
1215 1571 1388 1628 rebus
1410 1570 1630 1627 dictum
1663 1588 1792 1629 esse
1809 1571 2037 1628 videba-

381 1667 501 1727 tur,
532 1663 661 1733 quia
690 1660 869 1732 major
911 1662 1108 1716 serviet
1154 1662 1403 1728 minori,-
1432 1660 1699 1717 videlicet
1726 1662 1899 1734 quasi
1928 1661 2036 1717 hoc

382 1750 794 1847 tantummodo
805 1749 865 1847 in
880 1765 1074 1847 rerum
1089 1748 1499 1823 temporalium
1525 1752 1680 1806 statu
1704 1750 1761 1805 in
1775 1750 1861 1806 eis
1881 1754 2038 1807 esset
2064 1781 2113 1847 Β

383 1836 926 1911 implendum,dum
961 1837 1019 1893 in
1051 1853 1254 1895 eorum
1286 1839 1533 1911 posteris
1565 1856 1720 1894 unus
1747 1855 1922 1913 regno
1940 1856 2035 1896 su—

383 1927 684 1995 blimatus,
700 1924 866 1983 alteri
890 1927 1001 1983 sibi
1027 1927 1283 1995 subdito,
1299 1932 1355 1983 et
1367 1926 1641 1984 servienti
1661 1928 2031 1985 dominatur:

381 2018 552 2092 erigit
583 2017 773 2072 adhuc
802 2015 1115 2090 Apostolus
1164 2015 1619 2090 intelligentiam
1667 2021 1927 2072 nostram
1960 2017 2033 2073 ad

380 2106 633 2180 majoris.
653 2106 733 2161 rei
764 2104 1290 2161 considerationem
1315 2105 1593 2176 adjuncto
1613 2104 1952 2161 testimonio
1966 2120 2034 2160 ex

380 2195 667 2252 Malachia
697 2194 1000 2267 propheta,
1032 2194 1092 2249 in
1125 2211 1241 2266 quo
1270 2195 1342 2250 de
1372 2194 1590 2250 eisdem
1637 2193 1885 2268 geminis
1916 2210 2031 2250 non

379 2283 799 2357 temporaliter,
825 2283 926 2338 sed
959 2281 1307 2338 eternaliler
1336 2283 1628 2351 discretis,
1655 2299 1843 2355 neque
1865 2283 1924 2339 in
1949 2300 2034 2339 re-

378 2375 491 2429 bus
519 2377 749 2428 tantum
797 2372 1221 2445 temporalibus
1274 2373 1372 2427 sed
1434 2373 1608 2427 etiam
1659 2372 2032 2428 acternalibus

378 2476 595 2537 magna
608 2461 889 2517 distantia
902 2461 1341 2533 seps-ratis,ipse
1360 2461 1511 2517 Deus
1524 2461 1784 2534 loquitur
1796 2462 2027 2517 dicens:

375 2553 537 2610 Iacob
564 2551 758 2619 dilexi,
794 2553 941 2606 Esau
970 2558 1151 2605 autem
1179 2550 1303 2606 odio
1333 2553 1503 2606 habui
1527 2550 1671 2620 (Mal.
1698 2568 1737 2618 1,
1759 2553 1834 2618 2).
1868 2550 2031 2605 Unde

378 2654 492 2698 non
508 2640 676 2697 aliter
690 2645 842 2695 recte
855 2638 1203 2711 intelligitur
1222 2638 1331 2694 hoc
1356 2638 1757 2694 testimonium
1781 2637 2027 2710 prophe-

376 2730 578 2798 ticum,
596 2727 708 2785 nisi
733 2727 982 2784 ﬁdeliter
1011 2727 1093 2782 illi
1116 2728 1271 2800 quod
1293 2745 1363 2783 ex
1382 2728 1589 2784 Genesi
1616 2732 1919 2800 sumptum
1941 2731 2032 2783 est

375 2817 711 2875 testimonio
741 2817 1152 2889 conjungatur,
1183 2821 1247 2871 ut
1273 2816 1515 2885 scilicet,
1535 2816 1687 2873 sicut
1706 2815 1850 2872 illud
1873 2817 2029 2888 quod

374 2908 455 2964 ibi
488 2907 709 2963 dictum
751 2911 860 2978 est,
882 2908 1031 2978 Quia
1058 2907 1233 2979 major
1259 2908 1453 2963 serviet
1482 2908 1708 2973 minori,
1739 2904 1822 2961 ita
1850 2905 2027 2961 etiam

374 2996 533 3053 istud
557 2996 713 3069 quod
734 2995 793 3051 in
817 2995 1100 3069 propheta
1126 2999 1285 3052 Deus
1311 2995 1575 3068 loquitur
1599 3013 1612 3051 :
1636 2996 1800 3053 Iacob
1829 2994 2024 3063 dilexi,

373 3090 529 3143 Esau
557 3092 742 3141 autem.
771 3084 894 3141 odio
924 3086 1113 3150 habui,
1131 3088 1445 3157 antequam
1465 3085 1586 3139 nati
1606 3087 1822 3151 essent,
1844 3087 1902 3139 et
1922 3100 2024 3138 an-

2223 767 2367 824 Huic
2396 768 2731 827 testimonio
2761 770 3098 844 prophetico
3142 775 3199 827 et
3229 771 3427 828 sensui
3460 771 3789 845 apostolico,

2148 856 2415 914 videlicet
2441 875 2555 931 quo
2586 862 2643 915 et
2663 858 2898 916 dilectio
2930 860 2987 917 et
3014 860 3217 917 odium
3250 860 3351 917 Dei
3380 859 3791 935 in'duobusge-

2150 946 2331 1002 minis
2352 947 2545 1003 adhuc
2576 949 2635 1003 in
2668 949 2831 1004 utero
2861 952 3125 1006 materno
3156 947 3362 1022 positis
3394 966 3461 1005 ex
3478 949 3794 1006 misericon

2149 1037 2244 1093 dia
2276 1040 2333 1093 et
2354 1037 2583 1109 judicio
2617 1038 2712 1094 Dei
2746 1036 3114 1113 intelligitur,
3145 1038 3319 1095 etiam
3368 1036 3513 1094 illud
3545 1038 3617 1094 de
3648 1036 3795 1095 Isaia

2148 1126 2433 1199 proIiheta
2491 1126 2840 1183 mirabiliter
2894 1131 3177 1185 consonat
3228 1131 3287 1183 et
3332 1127 3665 1194 concordat,
3698 1120 3792 1183 ubi

2148 1215 2518 1288 omnipotens
2549 1214 2906 1284 Deus,electi
2942 1215 3140 1290 pepuli
3174 1216 3246 1271 ab
3277 1221 3440 1272 utero
3462 1214 3788 1283 auxiliator,

2147 1309 2204 1360 et
2233 1320 2262 1360 e
2295 1303 2586 1360 contrario
2618 1304 2849 1377 reprobi
2881 1303 3081 1378 populi
3112 1303 3385 1361 similiter
3409 1308 3694 1377 tanquam
3725 1318 3789 1360 ex

2147 1398 2310 1451 utero
2322 1394 2775 1466 transgressoris
2789 1390 3795 1459 condemnatorostenditur,dicente

2145 1482 2347 1538 eodem
2372 1482 2723 1556 prophetain
2745 1481 2950 1555 primis
2969 1482 3038 1537 ad
3061 1481 3340 1556 populum
3360 1480 3637 1538 electum:
3666 1484 3797 1539 na’c

2143 1571 2278 1627 dicit
2313 1572 2583 1627 Dominus
2616 1573 2826 1643 faciens
2881 1580 2935 1628 et
2976 1574 3224 1643 formans
3254 1580 3324 1637 te,
3354 1573 3423 1627 ab
3448 1579 3599 1627 utero
3629 1573 3797 1626 auxi-

2145 1660 2311 1716 liator
2337 1668 2465 1716 tuus
2490 1660 2617 1733 (Isa.
2650 1678 2800 1728 xuv,
2832 1663 2909 1730 2).
2944 1659 3161 1716 Deinde
3204 1663 3336 1733 post
3364 1658 3563 1732 aliqua
3592 1656 3663 1715 ad
3698 1676 3795 1732 po-

2143 1748 2349 1822 pulum
2398 1748 2714 1822 rcprobum
2763 1766 2832 1805 ex
2873 1764 3124 1822 persona
3157 1747 3251 1805 Dei
3285 1748 3654 1822 subjungcns
3689 1765 3703 1804 :
3736 1748 3798 1805 Et

2143 1845 2592 1910 transgressorem
2649 1854 2719 1895 ex
2770 1846 2958 1896 ventre
3014 1840 3203 1895 vocavi
3230 1846 3281 1894 te
3308 1837 3432 1911 (Isa.
3470 1853 3659 1905 nxvm,
3692 1837 3744 1909 8)
3777 1853 3791 1893 :

2143 1926 2543 1984 utcertissime
2565 1928 2717 2000 quod
2742 1928 2799 1983 in
2822 1926 3057 1984 illorum
3089 1926 3460 2001 geminorum
3492 1927 3682 1981 forma
3703 1927 3795 1982 de-

2145 2020 2535 2072 monstratum
2550 2016 2808 2072 declarat
2818 2015 3334 2090 Apostolus,hocin
3350 2015 3566 2089 duplici
3582 2031 3791 2089 genere

2142 2105 2470 2173 hominum,
2506 2105 2824 2162 electorum
2872 2104 3095 2161 scilicet
3123 2110 3182 2161 et
3210 2105 3611 2179 reproborum,
3648 2103 3795 2159 luci-

2142 2193 2386 2250 dissime
2414 2193 2732 2249 tenendum
2765 2198 3063 2267 appareat.
3091 2194 3241 2249 Dum
3273 2197 3330 2249 et
3350 2193 3446 2250 isti
3478 2188 3675 2248 divino
3701 2193 3794 2263 ju-

2142 2282 2291 2337 dicio
2323 2299 2390 2337 ex
2418 2288 2614 2338 ventre
2663 2287 3128 2356 transgressores
3177 2285 3509 2355 arguuntur
3540 2299 3554 2338 :
3586 2284 3643 2337 et
3674 2278 3793 2336 illis

2140 2370 2412 2427 similiter
2440 2371 2597 2427 Deus
2625 2388 2692 2428 ex
2727 2376 2889 2428 utero
2920 2370 3231 2427 auxiliator
3259 2371 3605 2433 ostenditur,
3639 2386 3792 2442 qua-

2138 2464 2311 2516 tenus
2342 2476 2412 2516 ea:
2439 2459 2626 2516 eadem
2668 2476 2850 2515 massa
2898 2459 3263 2533 originaliter
3291 2463 3413 2514 tota
3438 2458 3707 2515 damnata
3736 2460 3793 2515 in

2138 2558 2290 2605 utero
2319 2558 2565 2605 materno
2610 2550 2746 2620 fiant
2801 2550 2917 2605 alia
2948 2566 3079 2604 vasa
3109 2551 3167 2603 in
3196 2548 3471 2613 honorem,
3502 2556 3556 2602 ct
3581 2548 3705 2603 alia
3735 2549 3791 2603 in

2136 2640 2531 2703 contumeliam
2567 2639 2741 2706 (Rom.
2777 2655 2854 2704 ιχ,
2886 2638 2976 2705 2|,
3013 2638 3121 2706 15).
3157 2635 3440 2693 Similiter
3498 2636 3557 2691 in
3617 2635 3793 2692 tertio

2137 2727 2475 2783 testimonio
2508 2725 2867 2799 prophetico,
2902 2726 3057 2799 quod
3087 2724 3167 2781 ita
3198 2724 3421 2799 posuit:
3454 2722 3621 2797 Moysi
3638 2727 3795 2781 enim

2136 2816 2315 2873 dicit:
2376 2814 2667 2872 Miserebor
2719 2818 2813 2871 cui
2861 2816 3176 2883 miserebor,
3233 2823 3285 2870 et
3352 2813 3797 2871 miscricordiam

2131 2906 2406 2979 prmstabo
2452 2907 2608 2978 cujus
2658 2906 2954 2961 miserebor
2980 2903 3171 2977 (Exod.
3199 2920 3398 2971 χχχιιι,
3432 2903 3520 2977 l9)
3553 2919 3566 2957 :
3602 2903 3795 2960 mani-

2137 2995 2282 3051 feste
2300 2993 2545 3050 verbum
2569 2991 3098 3068 praedestinationis
3118 3009 3233 3048 non
3254 2995 3443 3048 sonat.
3464 2990 3794 3049 Res'tamen

2136 3084 2219 3140 ita
2239 3083 2550 3140 manifesta
2579 3088 2687 3152 est,
2712 3087 2779 3138 ut
2806 3083 2876 3139 de
2905 3098 2974 3138 ea
3004 3080 3342 3138 nullatenus
3374 3080 3629 3137 dubitari
3650 3098 3792 3154 pos-

374 3179 613 3249 tequam
634 3172 855 3245 aliquid
876 3153 1367 3245 egissentbonum
1386 3172 1813 3228 autmalum.ln
1828 3172 2025 3227 divino
2057 3153 2101 3219 (ἶ
2134 3172 2230 3228 sit.
2264 3176 2407 3228 Cum
2438 3172 2810 3245 omnipotens
2862 3172 3014 3228 Deus
3064 3171 3341 3227 omnibus
3390 3153 3701 3243 aequaliter
3725 3184 3793 3226 ex

373 3264 577 3335 utique
601 3262 770 3333 juxto
793 3260 1018 3333 judicio
1042 3264 1361 3334 utrumque
1386 3260 1753 3332 praecessisse
1783 3259 2024 3331 accipia-

372 3355 491 3416 tur,
516 3350 573 3406 id
596 3354 685 3406 est
707 3353 765 3405 et
786 3346 1018 3404 dilectio
1049 3348 1147 3405 Dei
1184 3349 1241 3403 in
1274 3349 1475 3416 Jacob,
1511 3351 1568 3404 et
1600 3349 1800 3405 odium
1833 3348 1929 3403 Dei
1963 3348 2021 3403 in

376 3434 550 3496 Esau.
583 3439 653 3494 Et
681 3454 815 3495 cum
845 3437 966 3493 haec
1000 3437 1136 3505 duo,
1164 3437 1221 3493 id
1268 3440 1355 3493 est
1398 3434 1458 3491 in
1487 3436 1736 3493 alterum
1767 3436 2021 3503 dilectio,

376 3533 432 3585 et
461 3528 521 3584 in
554 3526 801 3584 alterum
842 3525 1041 3582 odium
1078 3526 1196 3592 Dei,
1229 3530 1286 3581 et
1315 3525 1680 3582 nativitatem
1712 3542 1934 3593 eorum,
1968 3529 2027 3582 et

375 3632 550 3674 omne
575 3616 849 3673 meritum
880 3614 1009 3670 vitae
1041 3630 1241 3670 eorum
1265 3615 1447 3687 juxta.
1460 3631 1661 3670 verum
1678 3617 1735 3669 et
1755 3613 2027 3687 apostoli-

374 3720 510 3762 cum
532 3720 771 3761 sensum
797 3703 1218 3776 praecesserint,
1243 3719 1378 3759 cum
1407 3719 1511 3759 nec
1534 3703 1632 3758 isti
1654 3707 1892 3776 possent
1913 3702 2023 3758 im-

376 3794 567 3867 putari
590 3792 747 3849 mala
765 3792 964 3865 aliqua
984 3808 1110 3865 quae
1134 3792 1385 3848 necdum
1407 3792 1642 3860 fecerat,
1660 3790 2026 3847 necillibona

374 3881 594 3954 aliqua,
629 3896 759 3954 qua
815 3879 979 3936 nulla
1034 3885 1484 3953 perpetraverat-,
1518 3880 1607 3937 ita
1655 3880 2023 3937 solummodo

364 3972 530 4044 justo
556 3970 709 4027 facta
738 3968 1167 4042 intelliguntur,
1200 3974 1267 4025 ut
1296 3970 1668 4042 omnipotens
1713 3969 1887 4035 Deus,
1924 3967 2023 4041 qui

373 4057 726 4116 asternaliter
743 4059 858 4114 ista
877 4058 938 4113 in
962 4073 1067 4114 suo
1082 4058 1400 4131 judicio,et
1420 4059 1492 4114 de
1519 4057 1694 4114 unius
1723 4058 2023 4127 electione,

374 4149 516 4206 etde
547 4147 791 4204 alterius
821 4147 1223 4220 reprobatione
1253 4150 1558 4216 statuerat,
1583 4163 1647 4203 ac
1669 4147 2026 4220 prmdeﬁnie—

373 4243 482 4306 rat,
506 4237 849 4311 originalem
875 4235 934 4291 in
956 4236 1039 4293 eis
1063 4241 1288 4293 reatum
1309 4253 1377 4293 ex
1398 4235 1869 4309 praevaricatione
1888 4237 2022 4291 Adae

371 4327 723 4394 venientem,
759 4326 852 4382 cui
887 4326 1091 4398 utique
1121 4327 1293 4382 ambo
1335 4325 1639 4399 aequaliter
1672 4326 2025 4382 tenebantur

372 4416 629 4482 obnoxii,
662 4416 926 4471 futurum
960 4414 1303 4487 praeviderit,
1337 4432 1522 4470 unum
1567 4414 2025 4471 misericorditer

2133 3261 2327 3335 prima
2342 3260 2445 3316 illa
2458 3259 2927 3334 transgressione
2957 3259 3275 3330 damnatis,
3298 3275 3412 3315 non
3432 3255 3634 3330 utique
3647 3257 3792 3315 ullis

2132 3349 2595 3424 praecedentibus
2652 3349 2822 3405 bonis
2881 3347 3127 3415 meritis,
3155 3348 3257 3405 sed
3298 3345 3421 3405 sola
3457 3345 3647 3421 gratia
3678 3363 3791 3403 sua

2133 3439 2484 3495 misereatur
2536 3436 2630 3494 cui
2688 3438 3020 3505 miseretur,
3054 3440 3112 3493 et
3156 3435 3491 3493 misericors
3535 3435 3655 3503 ﬁat,
3696 3433 3793 3491 cui

2133 3527 2597 3584 misericordiam
2637 3525 3012 3600 praestiterit;
3045 3525 3354 3582 manifeste
3381 3523 3625 3592 caeteris,
3657 3524 3796 3598 qui-
3906 3594 3907 3597 η

2133 3617 2245 3673 bus
2265 3616 2417 3672 hanc
2445 3616 2693 3689 gratiam
2727 3615 2989 3672 conferre
3018 3612 3289 3679 noluerit,
3306 3616 3470 3687 justo
3493 3618 3553 3671 et
3572 3616 3793 3670 aeterno

2132 3722 2238 3762 suo
2261 3704 2488 3777 judicio
2518 3704 2651 3761 odio
2681 3704 2897 3760 habitis
2929 3708 3102 3777 atque
3132 3701 3445 3761 damnatis.

2204 3790 2467 3850 Posthac
2488 3797 2762 3866 quartum
2782 3792 3185 3849 testimonium
3209 3789 3612 3864 prepheticum
3633 3789 3796 3848 sicut

2130 3887 2187 3939 et
2216 3882 2456 3939 tertium
2490 3880 2560 3937 de
2592 3881 2783 3937 Exodo
2815 3880 3031 3954 posuit,
3066 3880 3149 3936 ita
3192 3880 3560 3953 subjungens
3593 3896 3607 3934 :
3644 3883 3798 3936 Dicit

2102 3974 2279 4028 enim
2307 3972 2591 4044 Scriptura
2622 3970 2902 4027 Pharaoni
2923 3987 2936 4027 :
2964 3969 3106 4039 Quia
3125 3972 3188 4025 in
3215 3970 3313 4026 hoc
3342 3971 3524 4040 ipsum
3549 3971 3797 4025 excitavi

2131 4068 2202 4128 be,
2236 4068 2300 4116 ut
2326 4059 2603 4116 ostendam
2635 4061 2694 4115 in
2724 4064 2778 4115 te
2821 4060 3074 4115 virtutem
3116 4074 3315 4124 meum,
3347 4065 3398 4113 et
3427 4057 3797 4114 annuntietur

2129 4165 2327 4206 nomen
2377 4164 2560 4205 meum
2610 4149 2670 4204 in
2700 4149 2960 4205 universa
3013 4155 3160 4204 terra
3190 4147 3362 4219 (Rom.
3395 4163 3471 4211 ιχ,
3506 4146 3616 4218 17).
3650 4146 3789 4214 Ubi,

2130 4238 2267 4295 licet
2296 4254 2507 4294 nomen
2540 4235 3073 4311 predestinationis
3115 4248 3387 4310 expresse
3429 4251 3549 4291 non
3595 4240 3790 4303 sonet,

2129 4331 2327 4383 tamen
2351 4327 2479 4400 ipsa
2496 4325 2930 4399 praedestinatio
2959 4323 3247 4381 malorum
3280 4322 3485 4379 merito
3516 4321 3795 4397 iniquita-

2129 4415 2206 4472 tis
2217 4433 2338 4472 sure
2352 4415 2422 4471 ad
2438 4414 2740 4470 interitum
2763 4413 3340 4487 sempiternum,tam
3367 4416 3567 4484 aperte
3586 4417 3790 4469 osten-

372 4504 669 4577 diligendo
691 4502 1241 4572 liberaret,alterum
1256 4503 2025 4575 justeodiendoreprobaret
2050 4520 2109 4589 Ι)-
2129 4504 2309 4571 ditur,
2339 4508 2405 4559 ut
2435 4502 2536 4576 qui
2568 4503 2692 4559 haec
2722 4501 2974 4559 ﬁdeliter
3004 4501 3187 4566 audit,
3218 4505 3276 4558 et
3301 4500 3599 4589 intelligit,
3619 4501 3692 4556 de
3715 4516 3788 4558 ea

373 4596 549 4664 atque
579 4593 906 4647 damnaret.
926 4594 1225 4658 Quatenus
1246 4607 1315 4647 ex
1337 4591 1445 4648 hoc
1468 4590 1716 4647 ﬁdeliter
1734 4589 2024 4663 intelliga-

374 4680 975 4751 mus‘profundiorcm
1006 4684 1065 4736 et
1094 4680 1468 4737 occultiorem
1500 4678 1680 4736 divini
1704 4679 1913 4752 judicii
1944 4681 2028 4736 di-

375 4766 1026 4841 spositionem,etillam
1057 4767 1387 4841 generalem
1421 4769 1481 4824 in
1509 4768 1695 4825 Adam
1725 4769 1905 4825 totius
1921 4768 2026 4824 hu-

375 4855 536 4912 mani
567 4854 799 4929 generis
842 4856 1277 4913 damnationem
1309 4856 1679 4913 illuminante
1710 4873 1815 4913 nos
1845 4873 2023 4913 sensu

375 4942 694 5017 apostolico
725 4942 901 4999 altius
931 4944 1384 5017 perspiciamus:
1409 4936 1490 5002 ex‘
1503 4963 1619 5018 qua
1648 4946 2023 5019 omnipotens

322 5082 331 5089 .
376 5033 552 5103 Deus,
582 5037 639 5088 et
684 5048 841 5105 quos
880 5032 1126 5090 voluerit
1173 5034 1297 5091 sola
1345 5051 1454 5090 sua
1486 5034 1675 5108 gratia
1701 5033 1931 5103 liberat,
1968 5039 2025 5091 et

374 5136 524 5195 quos
551 5120 805 5179 noluerit
831 5126 1047 5179 mterna
1084 5140 1193 5179 sua
1233 5122 1504 5195 equitate
1549 5124 1917 5180 condemnat.
1950 5125 2021 5180 Et

373 5210 511 5268 licet
528 5212 589 5267 in
610 5211 720 5268 hoc
741 5211 1079 5285 prophetico
1095 5210 1454 5279 testimonio,
1477 5212 1633 5283 quod
1655 5211 1811 5269 Deus
1830 5213 1971 5270 dicit
2002 5231 2015 5269 :

372 5300 533 5358 Iacob
562 5299 758 5369 dilexi,
789 5302 935 5357 Esau
963 5310 1146 5358 autem
1173 5300 1295 5357 odio
1324 5301 1513 5369 habui,
1539 5315 1653 5356 non
1688 5306 1855 5359 sonet
1892 5318 2019 5359 ver-

374 5390 517 5446 bum
548 5390 1111 5463 prasdestinationis;
1139 5388 1270 5461 ipsa
1321 5393 1519 5445 tamen
1568 5389 1648 5445 rei
1698 5390 1915 5447 veritas
1938 5390 2022 5447 ita

375 5480 671 5537 evidenter
698 5484 958 5553 apparet,
990 5478 1050 5535 in
1083 5477 1391 5550 utriusque
1421 5477 1607 5549 partis
1653 5476 2016 5549 electionem,

374 5565 463 5633 vel
483 5567 972 5651 reprobationsm,
994 5572 1060 5627 ut
1081 5566 1226 5625 nihil
1247 5566 1457 5626 fortius
1476 5570 1531 5625 et
1551 5567 1885 5647 expressius
1905 5569 2020 5630 dici

2131 4593 2400 4649 dubitare
2431 4608 2545 4648 non
2579 4591 2766 4665 possit
2792 4608 2807 4647 :
2843 4592 2986 4647 dum
3019 4588 3387 4664 ille‘impius,
3411 4594 3468 4646 et
3498 4586 3706 4655 durus,
3732 4594 3794 4646 et

2132 4680 2512 4739 indomabilis
2542 4697 2641 4737 rex
2661 4679 3291 4754 Egyptiorum,divino
3304 4676 3550 4753 judicio,
3575 4678 3696 4735 sive
3720 4694 3794 4735 ex

2134 4788 2333 4829 massa
2375 4772 2662 4827 damnatis
2707 4768 2975 4843 originis,
3009 4768 3129 4825 sive
3161 4770 3235 4825 ad
3262 4768 3607 4842 potestatem
3638 4768 3790 4843 regii

2132 4859 2392 4928 honoris,
2417 4860 2476 4915 in
2500 4859 2608 4915 hoc
2628 4858 3040 4915 tantummodo
3063 4857 3477 4926 excitatus‘est,
3497 4860 3564 4913 ut
3585 4856 3686 4930 qui
3717 4874 3792 4914 ex

2132 4949 2465 5021 semetipso,
2500 4950 2557 5004 et
2611 4947 2670 5002 in
2725 4947 3039 5020 semetipso
3097 4946 3312 5020 dignus
3365 4949 3490 5002 erat
3543 4945 3791 5002 interitu

2132 5042 2367 5108 aeterno,
2402 5039 2735 5110 apponente
2789 5027 2905 5092 Deo
2958 5036 3051 5102 (al.
3084 5035 3173 5110 eo]
3202 5034 3577 5108 iniquitatem
3610 5051 3794 5106 super

2129 5126 2500 5199 iniquitatem
2523 5126 2915 5197 ejus,augeret
2936 5127 3341 5196 contemptum
3356 5123 3418 5179 in
3439 5121 3790 5191 Dominum,

2129 5230 2244 5288 quo
2264 5214 2448 5271 tantis
2471 5231 2538 5270 ac
2560 5213 2776 5270 talibus
2808 5211 2997 5285 plagis
3028 5212 3360 5269 admirabili
3393 5210 3790 5285 potentia'Dei

2130 5306 2454 5360 mereretur
2483 5301 2785 5377 ﬂagellari,
2811 5305 2867 5357 et
2889 5301 2959 5357 ad
2984 5300 3258 5357 ultimum
3291 5318 3427 5358 cum
3443 5300 3604 5358 omni
3622 5299 3791 5357 simi-

2129 5392 2263 5449 liter
2290 5392 2471 5465 impio
2503 5391 2718 5465 populo
2750 5404 2857 5445 suo
2886 5393 3100 5446 aeterna
3128 5388 3559 5459 submersione,
3580 5393 3639 5445 et
3658 5402 3793 5462 per-

2131 5479 2349 5538 ditione
2379 5480 2558 5537 deleri
2583 5497 2599 5548 ;
2634 5482 2700 5536 ut
2728 5482 2785 5535 et
2809 5477 2894 5533 illi
2918 5478 3253 5551 justissima
3282 5479 3607 5552 reciperent
3622 5476 3791 5551 quod

2129 5571 2542 5642 merebantur;
2575 5570 2634 5628 et
2660 5567 3035 5647 omnipotens
3063 5567 3166 5631 Dei
3198 5569 3406 5645 virtus,
3427 5566 3559 5630 sive
3585 5565 3657 5628 in
3674 5564 3791 5625 tia-
