4068 6190
242 346 331 405 169
1145 342 1377 403 LIBER
1420 330 1836 402 ADVERSUS
1879 339 2248 404 JUANNEM
2288 340 2626 405 SCOTUM.

3472 347 3590 406 170

241 473 489 551 gello,sive
511 473 567 528 in
592 473 914 544 perditione
933 490 1129 529 eorum
1158 474 1630 547 magniﬁcentius
1655 471 1840 527 omni-
1869 475 1917 539 Α
1955 473 2074 537 (lor.
2102 490 2257 543 xvm,
2280 477 2313 527 2
2337 478 2505 545 δρψ).
2535 474 2794 545 Cumun
2848 474 3149 547 ingressus
3200 475 3409 531 fuisset
3455 494 3591 549 pro-

240 570 325 623 bus
348 564 732 628 innotesceret,
755 566 811 617 et
835 579 903 617 ex
924 563 1100 619 unius
1126 580 1295 636 pmna
1324 562 1523 634 plures
1550 562 1618 616 ad
1644 560 1839 634 cogni-

237 656 409 712 tionem
436 651 529 708 Dei
561 655 618 706 et
649 650 899 707 salutem
933 669 1105 707 suam
1138 652 1500 725 proﬁcerent.

291 744 420 800 Sicut
445 741 512 796 de
545 740 654 796 hac
690 757 750 796 re
790 740 995 796 beatus
1025 739 1369 796 Ambrosius
1400 738 1837 796 evidentissime

232 836 459 896 tractans,
490 830 573 884 ita
615 828 757 884 dicit
790 846 803 883 :
837 829 1061 896 [Justus
1094 829 1375 884 Dominus
1427 828 1485 883 in
1537 827 1832 900 periculis,

230 924 387 994 justus
404 918 456 974 in
473 908 942 988 damnis,ujustus
966 918 1022 972 in
1042 918 1365 973 ultionibus
1382 926 1489 984 est,
1504 934 1619 971 non
1643 916 1833 972 solum

233 1010 339 1083 quia
363 1007 926 1079 unusquisquejuste
952 1006 1132 1080 culpa:
1156 1024 1273 1062 sua:
1297 1007 1549 1078 pretium
1577 1004 1685 1060 luit
1709 1021 1721 1059 :
1746 1022 1837 1061 ve-

235 1116 333 1156 rum
359 1095 718 1168 etiam,quia,
738 1097 877 1150 dum
910 1113 1065 1151 unus
1094 1095 1357 1168 punitur,
1381 1094 1618 1168 plurimi
1652 1094 1830 1150 corri-

231 1190 421 1260 guntur.
452 1184 706 1240 Ananias
748 1184 808 1239 in
854 1184 1097 1239 Actibus
1128 1183 1525 1257 apostolorum
1580 1181 1830 1238 fraudati

232 1275 548 1348 pretii,quod
596 1274 667 1329 de
708 1272 831 1345 agri
863 1272 1190 1329 venditione
1223 1276 1573 1345 perceperat,
1608 1272 1828 1327 crimen

227 1363 435 1429 admisit,
458 1361 561 1434 qui
596 1365 863 1434 potuerat
915 1361 1059 1416 nihil
1115 1362 1339 1427 offerre,
1362 1365 1417 1417 et
1448 1362 1667 1416 crimen
1699 1377 1827 1415 eva-

227 1450 555 1508 dere.Verum
578 1466 650 1505 ne
670 1448 801 1522 quis
834 1449 1076 1521 impune
1100 1449 1667 1505 circumscribendos
1690 1466 1828 1522 apo-

224 1538 365 1595 stolos
408 1538 808 1609 arbitraretur,
834 1542 936 1592 aut
989 1536 1398 1592 misericordim
1448 1556 1565 1593 sum
1611 1552 1828 1593 munus

225 1627 791 1683 fraudecontaminare
810 1626 1089 1698 perﬁdim,
1107 1626 1559 1682 mortiaddietus
1577 1631 1825 1699 ceterum,

225 1718 474 1772 universos
497 1717 574 1771 ad
603 1715 734 1771 ﬁdei
763 1716 1025 1771 studium
1053 1717 1215 1787 justo
1240 1720 1454 1770 terrore
1477 1717 1824 1787 composuit.

220 1806 399 1862 Pharao
419 1822 552 1861 cum
582 1804 796 1877 populo
817 1821 922 1860 suo
946 1805 1225 1860 fluctibus
1250 1821 1479 1859 mersus
1513 1807 1825 1861 mundanae
1857 1841 1905 1907 Β

219 1894 630 1949 conversationis
653 1893 984 1965 exemplum
1014 1898 1121 1957 est,
1145 1911 1216 1948 ne
1249 1893 1381 1965 quis
1412 1894 1510 1949 Dei
1545 1895 1827 1966 populum

216 1991 578 2056 persequatur.
600 1982 860 2053 Denique
882 1982 1068 2054 potuit
1089 1983 1241 2038 Deus
1259 2000 1392 2038 eum
1409 1982 1692 2039 voluntati
1711 2002 1829 2040 sua:

217 2074 364 2128 facere
380 2060 878 2139 obedienterﬁ,sed
896 2072 946 2142 ej
959 2090 1025 2127 us
1045 2089 1213 2143 poena
1227 2090 1431 2128 omnes
1442 2073 1623 2128 voluit
1639 2091 1834 2130 emcn-

211 2162 326 2216 dari.
346 2162 593 2233 Ideoque
614 2160 756 2215 dicit
778 2160 850 2214 ad
876 2176 1012 2215 eum
1034 2159 1349 2215 Dominus:
1372 2163 1517 2231 Quia
1537 2161 1726 2218 adhoc
1746 2164 1829 2235 ip-

210 2268 304 2306 sum
320 2260 362 2306 te
377 2252 659 2316 suscitavi,
676 2257 737 2303 ut
754 2248 1031 2304 ostendam
1048 2251 1107 2304 in
1124 2257 1173 2304 te
1190 2252 1444 2305 virtutem
1462 2260 1713 2319 meam,et
1735 2270 1833 2306 an-

206 2342 450 2395 nuntietur
468 2355 673 2394 nomen
693 2355 875 2417 meum
898 2340 955 2391 in
976 2339 1233 2393 universa
1255 2346 1402 2393 terra
1425 2340 1596 2411 (Rom.
1622 2358 1694 2408 ix,
1716 2340 1825 2408 l7).

209 2429 306 2484 Non
328 2430 515 2501 utique
536 2427 833 2483 Dominus
855 2445 974 2482 sua:
1006 2426 1218 2495 laudis,
1243 2428 1343 2483 sed
1370 2433 1582 2483 nostrae
1604 2446 1827 2485 correc-

205 2518 346 2574 tionis
362 2519 726 2573 incrementa
742 2515 1080 2588 qumrebat.)
1101 2516 1230 2571 llmc
1242 2516 1446 2571 beatus
1460 2517 1827 2576 Ambrosius.

254 2605 542 2679 Apostolus
566 2622 701 2660 vero
719 2604 1040 2678 praemissis
1058 2606 1289 2660 duobus
1309 2605 1825 2679 testimoniis,quo-

203 2711 307 2750 rum
332 2713 503 2751 unum
524 2694 605 2749 ad
630 2693 1259 2765 misericordiam,qum
1283 2693 1477 2748 electis
1500 2696 1823 2752 confertur:

203 2783 413 2839 alterum
438 2784 507 2838 ad
523 2783 849 2856 judicium,
865 2783 1020 2855 quod
1042 2782 1303 2855 reprobis
1324 2781 1634 2855 irrogatur,
1656 2785 1828 2857 perti-

202 2877 296 2939 net;
317 2878 366 2927 et
386 2872 541 2928 velut
568 2876 893 2944 utrumque
914 2870 1352 2937 concludens,et
1378 2875 1695 2945 utrumque
1716 2874 1825 2929 cle-

202 2961 351 3016 menti
370 2967 424 3017 et
437 2963 605 3033 justa
629 2960 933 3016 voluntate
954 2960 1054 3017 Dei
1078 2960 1201 3016 ﬁeri
1224 2960 1460 3025 docens,
1485 2962 1820 3035 subjungit:

198 3048 315 3117 Ergo
330 3051 479 3123 cujus
497 3051 621 3106 vult
642 3052 956 3117 miseretur,
980 3059 1031 3105 et
1060 3065 1215 3122 quem
1250 3051 1363 3105 vult
1394 3050 1616 3106 indurat
1641 3051 1821 3123 (Ibid,

1947 562 2143 633 pheta,
2182 579 2312 617 ecce
2362 562 2579 635 ﬁgulus
2631 562 2874 618 faciebat
2905 581 3053 636 opus
3082 581 3112 619 e
3143 563 3266 619 luto
3318 565 3591 621 manibus

1948 650 2093 718 suis,
2116 655 2173 706 et
2205 650 2396 706 subito
2428 650 2776 723 dissipatum
2816 656 2904 707 est
2930 668 3078 724 opus
3108 654 3264 724 quod
3296 653 3543 709 faciebat
3573 669 3589 708 :

1946 740 2145 795 statim
2205 756 2518 796 conversus
2575 740 2709 795 fecit
2764 740 2908 796 illud
2965 759 3065 797 vas
3124 742 3393 810 alterum,
3439 742 3595 798 sicut

1944 826 2245 901 placuerat
2274 829 2335 883 in
2368 829 2552 884 oculis
2582 830 2729 901 ejus.
2764 830 2927 885 Tunc
2959 831 3241 903 propheta
3266 833 3475 903 jussus
3506 834 3595 888 est

1944 918 2025 972 ire
2049 922 2104 973 et
2125 916 2377 973 clamare
2403 919 2473 972 ad
2499 918 2781 990 pepulum
2804 936 2871 974 ex
2896 936 3144 990 persona
3167 920 3264 975 Dei
3289 936 3300 975 :
3329 921 3593 992 Nunquid

1941 1007 2083 1061 sicut
2104 1007 2309 1077 ﬁgulus
2340 1008 2435 1062 iste
2456 1023 2562 1061 non
2581 1015 2766 1077 potero
2785 1009 2963 1078 facere
2982 1010 3148 1076 vobis,
3173 1008 3361 1064 domus
3380 1010 3594 1065 Israel?

1940 1096 2031 1150 Ait
2058 1098 2321 1150 Dominus
2345 1114 2361 1149 :
2384 1096 2513 1150 Ecce
2539 1097 2679 1150 sicut
2709 1097 2883 1151 lutum
2908 1098 2967 1152 in
2994 1114 3164 1152 manu
3191 1098 3370 1169 ﬁguli,
3390 1101 3472 1153 sic
3498 1114 3589 1154 vos

1943 1186 2003 1239 in
2032 1201 2203 1239 manu
2225 1200 2363 1252 mea,
2389 1188 2496 1238 etc.
2523 1183 2707 1251 (Ibid,
2727 1184 2804 1255 7).
2829 1186 2951 1249 Qua
2978 1183 3221 1240 lectione
3250 1185 3590 1257 prophetica

1940 1272 2244 1327 manifeste
2266 1273 2418 1327 Deus
2441 1272 2696 1328 ostendit
2714 1276 2770 1327 et
2797 1289 2857 1328 se
2888 1290 3014 1329 esse
3048 1274 3314 1347 ﬁgulum,
3340 1278 3397 1330 et
3416 1291 3588 1330 omne

1939 1360 2264 1416 humanum
2325 1378 2469 1434 gens
2510 1361 2569 1415 in
2620 1378 2799 1416 manu
2860 1361 3046 1433 ipsius
3079 1362 3247 1434 quasi
3304 1361 3493 1418 lutum
3525 1363 3587 1419 in

1940 1467 2116 1505 manu
2150 1449 2334 1523 ﬁguli,
2359 1457 2423 1505 ut
2455 1467 2521 1506 ex
2553 1466 2618 1505 co
2652 1449 2824 1505 faciat
2851 1467 2990 1506 vasa
3019 1450 3265 1517 diversa,
3289 1452 3440 1507 sicut
3471 1452 3590 1525 pla-

1938 1539 2120 1594 cuerit
2140 1539 2197 1594 in
2222 1538 2404 1595 oculis
2430 1540 2557 1609 ejus
2583 1556 2595 1593 :
2621 1556 2688 1594 ex
2720 1556 2838 1593 una
2858 1538 3123 1595 videlicet
3153 1556 3366 1609 massa,
3390 1547 3448 1596 et
3468 1546 3588 1597 tota

1938 1627 1995 1682 in
2022 1628 2205 1682 Adam
2232 1626 2530 1699 mqualiter
2549 1627 3119 1695 damnata,efﬁeiens
3144 1645 3283 1683 vasa
3302 1645 3407 1685 suo
3430 1630 3588 1699 judi-

1936 1718 2023 1771 cio
2055 1716 2331 1771 distincta
2362 1720 2536 1787 atque
2574 1717 2825 1781 diversa,
2849 1716 2990 1771 dum
3030 1716 3187 1771 aliud
3221 1733 3288 1771 ex
3318 1717 3402 1772 eis
3435 1718 3498 1772 ﬁt
3526 1717 3584 1772 in

1936 1805 2241 1871 honorem,
2264 1805 2425 1860 aliud
2450 1822 2580 1859 vero
2603 1805 2660 1859 in
2686 1805 3102 1861 contumeliam
3128 1823 3140 1861 :
3169 1810 3223 1861 et
3246 1805 3386 1861 illud
3411 1806 3586 1862 etiam

1940 1911 2041 1949 vas
2064 1895 2215 1966 quod
2241 1911 2347 1949 suo
2370 1893 2668 1961 merito,et
2690 1894 2883 1949 divino
2909 1893 3132 1965 judicio
3158 1896 3398 1969 ﬁngitur
3418 1896 3475 1951 in
3498 1897 3588 1951 in-

1940 1983 2201 2051 teritum,
2231 1983 2279 2037 si
2303 1982 2498 2038 subito
2529 2000 2630 2055 per
2660 1983 3062 2055 pmnitentiam
3094 1984 3257 2057 ﬁguli
3288 1985 3441 2041 inter
3459 2003 3588 2042 ma-

1943 2089 2053 2127 nus
2074 2071 2412 2143 dissipetur,
2434 2073 2632 2143 utjam
2660 2089 2771 2127 non
2795 2072 2867 2127 sit
2892 2076 3156 2144 aptatum
3182 2074 3239 2128 in
3261 2073 3585 2143 interitum,

1939 2161 2212 2217 continuo
2231 2177 2333 2233 per
2349 2159 2694 2232 sapientiam
2713 2166 2768 2215 et
2784 2160 3106 2217 bonitatem
3126 2161 3288 2235 ﬁguli
3305 2163 3594 2222 formatur

1940 2255 1997 2305 et
2026 2251 2276 2305 efﬁcitur
2305 2266 2404 2304 vas
2435 2249 2707 2313 alterum,
2742 2253 2807 2304 ut
2845 2249 2894 2304 si
2930 2249 3234 2318 honorem,
3269 2256 3333 2306 ut
3364 2252 3591 2324 placeat

1939 2338 2124 2394 oculis
2145 2338 2489 2394 conditoris:
2512 2341 2755 2410 tumque
2778 2338 2834 2393 in
2853 2340 3129 2395 omnibus
3151 2339 3244 2395 his
3260 2341 3449 2397 verbis
3472 2359 3586 2397 non

1938 2429 2269 2483 inveniatur
2298 2426 2528 2499 proprie
2559 2443 2831 2500 expressa
2870 2428 3325 2499 prmdestinatio,
3350 2429 3478 2501 ipsa
3506 2435 3589 2487 ta-

1937 2534 2069 2572 men
2105 2514 2630 2587 prmdestinationis
2652 2516 2839 2571 virtus
2870 2520 2926 2571 et
2946 2517 3157 2573 veritas
3187 2517 3245 2572 in
3279 2522 3589 2591 utramque

1937 2609 2265 2676 partem,et
2311 2604 2626 2659 electorum
2671 2605 2936 2660 videlicet
2982 2609 3040 2661 et
3094 2607 3496 2679 reproborum,
3531 2612 3589 2662 et

1933 2710 2207 2749 vasorum
2240 2692 2295 2747 in
2332 2693 2634 2761 honorem,
2663 2698 2720 2748 et
2750 2710 3021 2749 vasorum
3054 2680 3583 2766 in'contumeliam,

1934 2788 2098 2838 tanta
2120 2783 2246 2838 luce
2269 2782 2699 2848 manifestatur,
2725 2785 2888 2837 tanta
2909 2782 3256 2839 discretione
3278 2783 3586 2857 distingui-

1933 2876 2049 2937 tur,
2072 2876 2129 2928 et
2158 2870 2303 2926 nihil
2335 2870 2572 2936 certius,
2600 2869 2682 2925 vel
2710 2870 3079 2926 manifestius
3099 2870 3346 2927 inveniri
3375 2873 3583 2943 possit.

1934 2964 2067 3027 Qua:
2099 2961 2298 3016 omnia
2325 2959 2540 3014 idcirco
2571 2964 2691 3014 tam
2724 2959 2994 3025 sollicita,
3018 2964 3073 3014 et
3102 2960 3365 3032 diligenti
3387 2960 3581 3017 consi-

1932 3048 2228 3104 deratione
2258 3047 2587 3119 legentibus
2614 3047 2991 3119 proponenda
3014 3047 3499 3118 existimavimus,
3520 3053 3586 3107 ut

200 3137 287 3203 18).
306 3138 513 3194 Deinde
546 3139 835 3193 adversus
879 3137 1182 3192 audaciam
1219 3141 1274 3191 et
1306 3138 1820 3209 praesumptionem
1864 3203 1896 3210 μ
1925 3140 2095 3210 juxta
2138 3136 2287 3191 hanc
2324 3135 2573 3191 formam
2623 3152 2833 3191 sensus
2880 3136 3183 3209 apostolici
3216 3138 3273 3192 in
3306 3139 3584 3195 omnibus

200 3221 602 3300 hominum,qui
624 3243 743 3281 non
763 3230 1242 3299 recognoscentes
1258 3203 1631 3299 fragilitatem
1652 3244 1820 3282 suam
1852 3203 1898 3274 α
1927 3203 2249 3299 ὲονὶριυιιίε
2295 3224 2651 3297 propheticis
2699 3243 2813 3280 non
2863 3203 3114 3281 multum
3148 3226 3483 3284 laboremus
3513 3229 3584 3284 de

198 3330 278 3368 nec
296 3317 521 3388 propria
533 3315 755 3371 merita
766 3315 1352 3383 attendentes,divina
1372 3316 1820 3388 potiusjudicia,

199 3418 298 3473 qua
309 3422 415 3460 non
430 3404 797 3478 intelligunt,
812 3404 1233 3475 reprehendere
1248 3422 1362 3459 non
1380 3405 1821 3476 pertimescunt,

194 3495 430 3564 proponit
449 3493 737 3568 quintum
757 3492 1158 3548 testimonium
1184 3510 1250 3548 ex
1266 3493 1419 3549 Isaia
1440 3494 1721 3567 propheta
1744 3494 1826 3551 ita

196 3578 397 3637 dicens:
423 3583 462 3638 0
493 3584 685 3649 homo,
717 3584 905 3654 tuqui
930 3598 1004 3648 es,
1024 3585 1121 3654 qui
1151 3583 1469 3654 respondeas
1499 3584 1646 3641 Deo?
1672 3602 1823 3640 nun-

193 3670 298 3737 quid
321 3670 449 3728 dicit
475 3674 814 3744 ﬁgmentum
840 3673 895 3726 ei
923 3673 1019 3743 qui
1044 3687 1099 3726 se
1125 3670 1299 3743 ﬁnxit
1323 3690 1335 3727 :
1361 3673 1510 3739 Quid
1534 3690 1621 3728 me
1648 3675 1826 3744 fecisti

192 3758 287 3811 sic?
313 3762 433 3827 (Ita.
465 3779 607 3829 xcv;
649 3761 802 3816 Rom.
827 3762 928 3827 ιχ.)
952 3759 1058 3816 Ubi
1090 3764 1147 3815 et
1179 3761 1420 3816 verbum
1448 3762 1823 3834 praedestina—

190 3845 337 3902 tionis
354 3850 494 3904 mini
503 3867 604 3905 me
623 3853 832 3905 sonat:
854 3854 907 3904 et
929 3853 1124 3904 tamen
1144 3848 1273 3921 ipsa
1294 3849 1351 3903 in
1372 3855 1684 3924 utramque
1703 3870 1827 3924 par-

193 3935 286 3989 tem
312 3938 854 4007 praedestinationis
887 3937 1120 4008 justitia
1154 3942 1273 3994 tam
1306 3938 1459 3994 clare
1490 3944 1546 3994 et
1577 3942 1827 4012 perfecte

191 4019 508 4098 defenditur,
526 4033 600 4083 ut
622 4026 869 4084 omnino
891 4025 1202 4098 compellat
1223 4026 1471 4083 ﬁdeliter
1494 4029 1827 4086 audientem

190 4112 454 4170 verissime
485 4131 878 4189 cognoscere,
894 4115 1033 4186 quia
1068 4114 1163 4169 ille
1202 4114 1574 4188 omnipotens
1594 4117 1829 4174 Greater

190 4213 330 4257 verus
342 4209 429 4259 est
455 4205 775 4278 ﬁgulus,et
790 4220 995 4259 omnes
1017 4202 1287 4260 homines
1312 4205 1383 4259 de
1408 4204 1547 4261 limo
1569 4210 1731 4261 terrae
1754 4207 1827 4261 ab

188 4292 470 4359 esconditi,
485 4295 630 4365 ejus
648 4293 996 4366 ﬁgmentum
1016 4308 1027 4346 :
1046 4296 1103 4347 et
1117 4291 1244 4349 ideo
1253 4293 1590 4365 justissima
1605 4296 1828 4352 ratione

190 4392 278 4432 non
297 4396 463 4452 posse
474 4381 765 4454 judicare
789 4381 1135 4454 ﬁgmentum
1159 4382 1230 4439 de
1252 4381 1432 4455 ﬁgulo
1456 4400 1583 4450 suo,
1608 4386 1709 4441 sed
1732 4402 1834 4458 po-

186 4466 279 4522 tius
296 4470 539 4541 ﬁgulum
568 4473 650 4527 de
672 4470 957 4544 ﬁgmento
979 4487 1107 4543 suo,
1124 4470 1224 4543 qui
1248 4471 1409 4527 solus
1440 4473 1597 4528 novit
1618 4480 1830 4533 aeterno

1930 3312 2104 3372 verbo
2126 3312 2652 3387 praedestinationis
2674 3332 2804 3369 cum
2828 3315 3066 3371 omnino
3104 3315 3232 3389 ipsa
3250 3317 3463 3372 veritas
3495 3334 3585 3373 re-

1933 3422 2064 3460 rum
2083 3404 2153 3459 ad
2167 3403 2422 3458 divinam
2444 3403 3008 3472 praedestinationem
3023 3405 3445 3477 pertinentium
3463 3410 3584 3463 tam

1933 3494 2104 3561 clare,
2120 3497 2177 3548 et
2197 3490 2600 3563 multipliciter
2616 3492 2694 3547 ibi
2719 3497 3097 3565 proponatur,
3118 3499 3180 3549 ut
3196 3495 3289 3549 vix
3310 3499 3367 3550 et
3386 3495 3586 3552 omnia

1932 3583 2191 3640 invenire
2218 3581 2306 3636 vel
2337 3597 2540 3651 capere
2587 3581 2842 3637 sufﬁciat
2870 3582 3131 3638 humana
3162 3582 3467 3657 fragilitas.
3503 3585 3585 3640 De

1933 3672 2149 3746 quibus
2172 3670 2265 3725 hic
2282 3669 2499 3741 aliqua,
2514 3670 2760 3742 exempli
2783 3671 2991 3743 gratia,
3009 3672 3384 3746 subjungere,
3404 3673 3585 3729 maxi-

1934 3778 2198 3832 me,quae
2232 3758 2499 3831 planiora
2544 3762 2599 3813 et
2646 3757 3005 3815 evidentiora
3060 3765 3199 3816 sunt
3254 3761 3584 3818 necessario

1935 3850 2297 3914 studuimus,
2319 3852 2383 3902 ut
2413 3864 2481 3902 ex
2509 3846 2603 3902 his
2622 3852 2679 3902 et
2704 3847 2962 3920 paciﬁce,
2983 3865 3047 3904 ac
3071 3848 3318 3905 ﬁdeliter
3339 3851 3585 3906 audien-

1932 3946 2043 4007 tes,
2069 3937 2299 3995 facilius
2321 3936 2728 4004 informentur,
2750 3941 2807 3991 et
2828 3937 3192 4006 contentiosi,
3209 3939 3257 3994 si
3278 3939 3585 3995 veritatem

1936 4029 2231 4100 suscipere
2260 4043 2376 4082 non
2408 4025 2726 4092 renuerint,
2760 4025 2932 4082 citius
2965 4027 3351 4102 corrigantur.

2006 4119 2121 4173 Nec
2134 4117 2205 4172 de
2223 4114 2323 4169 illa
2340 4130 2496 4169 nunc
2508 4112 2823 4169 electorum
2842 4116 3351 4186 prmdestinatione
3362 4116 3582 4189 aliquid

1937 4206 2361 4270 dieimus,cum
2381 4203 2450 4256 ad
2475 4218 2602 4257 eam
2626 4200 3089 4275 intelligendam,
3114 4221 3177 4259 ac
3201 4204 3449 4260 ﬁdeliter
3467 4221 3585 4261 cre-

1936 4296 2188 4351 dendam
2214 4296 2271 4347 et
2300 4290 2660 4364 plenisisime
2682 4290 2920 4347 omnino
2938 4291 3231 4348 sufﬁciant
3247 4292 3585 4364 prophetica

1936 4381 2293 4448 testimonia,
2310 4380 2383 4436 ab
2407 4378 2701 4451 Apostolo,
2722 4381 2873 4435 sicut
2895 4379 3279 4448 ostendimus,
3298 4380 3589 4437 lucidissi—
3678 4413 3680 4415 >

1940 4490 2032 4530 me
2054 4471 2298 4546 prolata.
2318 4469 2432 4524 Nec
2454 4469 2524 4523 de
2543 4485 2629 4535 ea,
2656 4468 2898 4523 Domino
2920 4468 3219 4541 largiente,
3244 4468 3455 4541 aliquis
3476 4487 3585 4525 no-

187 4557 397 4615 censilio
419 4577 531 4616 suo
555 4561 1037 4632 unumquodque
1062 4577 1163 4616 vus
1193 4565 1313 4615 tam
1340 4562 1535 4634 magni
1562 4563 1822 4636 ﬁgmenti
1856 4571 1902 4636 Π
1932 4570 2120 4623 strum
2147 4559 2400 4626 dubitet;
2425 4557 2524 4612 sed
2554 4560 2786 4611 tantum
2809 4557 2879 4611 de
2909 4554 3011 4610 illa
3032 4556 3180 4626 justi
3205 4556 3416 4628 judicii
3439 4574 3583 4629 prm-

185 4644 257 4697 sui
282 4642 527 4722 benigne
562 4650 847 4715 formare,
882 4653 940 4704 et
985 4649 1054 4703 ad
1089 4666 1235 4722 quos
1278 4667 1423 4706 usus
1463 4651 1513 4706 ei
1545 4651 1828 4724 placuerit

186 4730 353 4806 utique
371 4737 580 4809 justos
629 4741 691 4793 et
733 4736 962 4792 debitos
992 4736 1261 4793 ordinare
1290 4742 1466 4811 atque
1496 4740 1823 4813 disponere.

237 4824 383 4887 Quod
406 4832 473 4882 ut
495 4826 709 4883 adhuc
730 4825 990 4898 apertius
1009 4825 1289 4891 insinuet,
1308 4828 1580 4901 adjungit
1599 4835 1826 4887 sextum

186 4910 567 4971 testimonium
614 4932 690 4971 ex
729 4914 986 4971 Jeremia
1013 4914 1313 4987 propheta,
1338 4920 1394 4971 et
1433 4916 1572 4972 dicit
1598 4936 1611 4973 :
1636 4921 1827 4976 Annon

183 4996 311 5055 habet
334 5013 669 5074 potestatem
712 5004 917 5075 ﬁgulus
962 5004 1070 5059 luti
1092 5020 1162 5059 ex
1189 5005 1376 5060 eadem
1424 5024 1607 5064 massa
1651 5011 1829 5082 facere

186 5086 314 5143 aliud
338 5093 565 5163 quidem
596 5110 703 5148 vas
734 5095 791 5148 in
823 5094 1100 5160 honorem,
1126 5090 1289 5149 aliud
1317 5110 1441 5151 vero
1472 5098 1533 5151 in
1560 5107 1829 5157 contume-

184 5174 533 5252 liam?(Rom.
567 5200 657 5248 ιχ,
681 5182 794 5251 21.)
822 5180 907 5236 Ibi
960 5198 1232 5253 namque,
1262 5181 1321 5237 id
1368 5188 1458 5239 est
1488 5184 1545 5238 in
1576 5185 1831 5244 Jeremia

1936 4648 2325 4712 destinatione
2350 4663 2469 4718 qua
2498 4645 2710 4717 impios
2738 4645 2807 4699 ad
2840 4644 3138 4700 interitum
3173 4645 3586 4718 prmordinavit

1935 4760 2002 4800 ac
2016 4735 2476 4815 praedestinavit;
2497 4734 2568 4789 de
2581 4733 2861 4804 quainter
2872 4733 3086 4789 multos
3100 4734 3287 4790 multa
3298 4735 3586 4792 haesitatio

1935 4837 2047 4901 est,
2061 4843 2247 4903 pauca
2261 4841 2329 4880 ex
2352 4822 2575 4888 multis,
2592 4826 2647 4877 et
2669 4820 2980 4877 manifesta
3002 4823 3336 4880 testimonia
3351 4824 3590 4897 replica-

1936 4937 2090 4976 mus.
2113 4914 2386 4990 Legimus
2410 4912 2607 4982 itaque
2630 4911 2687 4985 in
2712 4909 2861 4965 libro
2879 4912 3139 4978 Genesis,
3156 4914 3307 4985 quod
3328 4913 3591 4986 omnipo-

1936 5016 2066 5065 tens
2098 5012 2248 5062 Deus
2281 5001 2462 5057 totius
2492 4998 2735 5055 humani
2769 4999 2997 5073 generis
3028 5002 3329 5058 interitum
3362 5003 3589 5074 (prater

1937 5116 2036 5155 eos
2058 5096 2155 5168 qui
2183 5088 2581 5148 misericordia
2613 5088 2799 5161 ipsius
2830 5088 2887 5144 in
2922 5107 3055 5146 arca
3086 5096 3251 5146 erant
3277 5091 3584 5163 salvandi),

1937 5188 2171 5259 propter
2203 5178 2417 5236 nimias
2440 5177 2780 5250 iniquitates
2801 5182 2856 5234 et
2876 5179 3209 5252 impietates
3229 5181 3589 5253 ipsorum,ut

184 5267 435 5337 Propheta
464 5270 742 5343 legimus
772 5269 989 5325 dixisse
1013 5269 1325 5325 Dominum
1351 5272 1423 5326 ad
1457 5289 1614 5341 eum,
1636 5274 1826 5348 Surge,
1938 5270 2288 5349 generaliter
2311 5273 2368 5324 et
2388 5266 2447 5323 in
2482 5267 2750 5339 praesenti
2784 5267 3058 5341 perirent,
3084 5287 3253 5342 pcena
3274 5268 3473 5325 diluvii
3493 5268 3588 5324 de-

182 5349 406 5416 ἀιδεεηάε
452 5362 518 5417 in
569 5360 803 5417 domum
829 5359 1009 5432 ﬁguli,
1031 5365 1083 5414 et
1130 5360 1211 5414 ibi
1251 5360 1439 5417 audies
1490 5365 1653 5419 verba
1709 5383 1831 5423 mea
1938 5360 2243 5429 lecti,etin
2269 5359 2462 5413 futuro
2483 5356 2789 5431 (a)aeterna
2808 5358 3181 5415 damnatione
3204 5357 3396 5431 puniti
3414 5357 3589 5430 longe

1167 5467 1381 5523 NOT/E
1419 5468 1757 5529 DUVALLII
1797 5469 2150 5531 DOCTORIS
2192 5463 2595 5524 SORBONICI.

236 5554 538 5631 (αλῦιτειγίε
603 5560 710 5631 est
755 5556 1021 5631 quaestio,
1046 5572 1080 5611 a
1110 5554 1312 5628 paucis
1372 5558 1662 5631 exagitata
1703 5566 1759 5618 et
1803 5579 1838 5621 a
1947 5555 2150 5617 IPetri
2184 5571 2281 5631 in:
2317 5554 2768 5631 Christusscmel
2795 5570 2897 5626 pro
2921 5555 3155 5631 peccatis
3201 5555 3401 5631 nostris
3445 5569 3593 5631 mor_-

186 5628 534 5695 paucioribus
568 5624 795 5687 soluta:
818 5624 1136 5703 Negantem
1171 5631 1396 5704 partem
1428 5624 1635 5691 suadet
1664 5632 1829 5695 locus
1945 5640 2071 5693 tuus
2101 5636 2200 5701 est,
2225 5628 2412 5704 justus
2425 5640 2527 5703 pro
2559 5624 2810 5702 injustis}
2828 5633 2889 5682 ιιι
2915 5640 3013 5682 ηοδ
3032 5624 3248 5699 offerret
3267 5626 3391 5701 Deo,
3410 5627 3609 5719 morti:

471 5758 769 5822 PATBOL.
811 5755 975 5821 XIX.
3234 5753 3274 5839 6
