4068 6190
485 315 594 376 ΓΗ

1585 313 1813 375 FLORI
1857 310 2175 374 DIACONI
2221 309 2792 392 LUGDUNENSIS,.

3725 321 3820 380 1'72

487 468 504 502 ἱ
525 453 620 502 nte
653 447 1004 519 praedixerit,
1031 448 1099 502 ad
1147 451 1413 502 sanctum
1466 445 1858 518 palriarcbam
1891 445 2008 500 Noe
2061 445 2138 498 ita
2172 444 2447 511 A‘teritu,
2478 443 2574 516 qui
2607 443 2799 498 educti
2827 460 2893 497 ex
2924 447 3160 515 Aigypto
3187 459 3287 516 per
3313 442 3528 516 Moysen
3553 447 3736 502 terram
3761 466 3824 504 re-

487 537 738 608 loquens
763 554 776 592 :
800 539 960 592 Finis
991 539 1258 592 universae
1286 537 1471 591 carnis
1514 538 1660 591 venit
1689 551 1875 591 eorum
1903 551 2006 590 me.
2043 535 2138 590 Re—

489 627 634 698 pleta
663 633 742 682 est
771 633 917 682 terra
945 627 1240 698 iniquitate
1265 643 1300 680 a
1326 627 1468 696 facie
1495 641 1705 692 eorum,
1730 632 1781 680 et
1810 639 1906 692 ego
1935 623 2142 694 disper-

491 715 627 770 dam
655 729 742 770 eos
769 731 893 769 cum
922 722 1066 770 terra
1100 713 1247 785 (Gen.
1270 731 1346 780 vn,
1374 715 1482 784 13).
1509 714 1589 770 De
1619 729 1734 784 qua
1765 711 1941 767 etiam
1973 728 2143 783 gene-

494 802 600 859 rali
623 802 886 858 omnium
921 802 1241 874 perditione
1275 801 1448 874 paulo
1471 802 1742 874 superius
1763 801 1964 856 eadem
1987 801 2141 854 Scri-

494 895 667 964 ptura
705 890 844 946 dicit
869 907 882 946 :
906 891 1163 962 Dia'itque
1201 893 1340 948 Deus
1361 909 1380 945 :
1401 891 1516 946 Non
1545 890 1888 962 permanebit
1916 891 2143 961 spiritus

491 997 645 1036 meus
676 981 732 1034 in
766 980 984 1035 homine
1013 981 1075 1035 in
1103 974 1392 1044 eet'ernnm,
1416 981 1549 1050 quia
1590 994 1716 1034 caro
1746 986 1840 1034 est.
1866 979 2144 1049 Erantque

493 1067 608 1123 dies
641 1067 797 1122 illius
837 1075 1052 1122 centum
1099 1076 1149 1123 et
1195 1068 1397 1136 viginti
1449 1083 1722 1122 annorum
1749 1066 1934 1132 (lbid.,
1967 1067 2040 1136 3).
2077 1067 2144 1120 Et

495 1159 625 1229 post
655 1172 841 1227 pauca
874 1173 887 1210 :
925 1157 1116 1212 Videas
1144 1164 1326 1212 autem
1353 1158 1494 1211 Deus
1541 1155 1680 1228 quod
1721 1156 1894 1210 multa
1923 1156 2142 1210 malitia

493 1243 777 1300 hominum
804 1252 938 1300 esset
982 1245 1039 1299 in
1082 1253 1248 1308 terra,
1279 1253 1330 1300 et
1359 1251 1552 1298 cuncta
1605 1244 1856 1314 cogitatio
1913 1244 2146 1298 humani

491 1332 671 1388 cordis
703 1335 908 1388 intenta
939 1341 1072 1388 esset
1095 1333 1162 1387 ad
1189 1333 1397 1388 malum
1427 1335 1578 1388 omni
1616 1341 1869 1404 tempore,
1889 1334 2147 1404 pmnituit

493 1439 618 1478 eum
659 1421 800 1493 quod
847 1423 1122 1477 hominem
1176 1423 1389 1494 fecisset
1445 1424 1504 1477 in
1562 1430 1708 1477 terra
1761 1421 1945 1489 (Ibid,
1977 1423 2031 1488 5,
2063 1422 2140 1486 6).

495 1509 602 1566 Ubi
631 1515 688 1565 et
732 1509 905 1582 paulo
953 1515 1085 1582 post
1135 1511 1406 1566 subditur
1439 1529 1451 1566 :
1485 1511 1678 1567 Delebo
1731 1512 1931 1583 inquit,
1964 1513 2146 1566 homi-

493 1615 638 1665 nem,
673 1615 830 1670 quem
857 1602 1058 1664 creari,
1091 1617 1124 1654 a
1152 1601 1294 1670 faeie
1324 1607 1505 1664 terra;
1537 1599 1604 1655 ab
1635 1599 1852 1654 homine
1883 1616 2047 1670 usque
2075 1599 2146 1654 ad

495 1690 826 1755 animantia,
859 1705 892 1742 a
925 1690 1109 1760 reptili
1155 1705 1321 1760 usque
1358 1689 1428 1742 ad
1459 1690 1697 1745 volucres
1743 1691 1882 1744 cwli.
1917 1691 2148 1744 Pa'nitet

2251 531 2658 604 promissionis
2709 536 2944 605 propter
2972 530 3434 587 incredulitatem
3472 549 3624 588 suam
3651 535 3831 593 intrare

2250 637 2365 676 non
2399 624 2737 693 potuerunt,
2767 621 2865 676 sed
2901 637 3102 676 eorum
3132 621 3405 676 cadavera
3433 627 3697 692 prostrata
3719 630 3834 680 sunt

2250 709 2310 764 in
2341 709 2590 777 deserto,
2621 708 2700 764 ita
2731 709 2994 765 dolenter
3041 713 3098 765 et
3145 707 3580 765 lamentabiliter
3619 709 3837 782 loquitur

2251 797 2452 854 dicens
2485 815 2499 854 :
2532 799 2646 854 Non
2696 807 3100 854 exornaverunt
3127 814 3227 870 pro
3252 799 3477 869 peccatis
3515 800 3620 854 suis
3659 803 3839 872 antiqui

2249 888 2518 955 gigantes,
2552 889 2650 960 qui
2676 886 2938 942 destrueti
2971 894 3100 942 sunt
3125 886 3441 956 conﬁdentes
3488 902 3598 944 sum
3637 889 3800 944 virtuti
3825 906 3837 944 ε

2249 983 2302 1032 et
2327 993 2439 1031 non
2471 978 2711 1047 pepercit
2747 977 3187 1048 peregrinationi
3217 975 3458 1041 illorum,
3487 983 3536 1031 et
3578 985 3842 1032 exsecratus

2250 1073 2326 1120 est
2355 1065 2478 1120 illos
2501 1079 2626 1136 prae
2652 1065 2910 1136 superbia
2955 1065 3200 1120 illorum.
3232 1065 3346 1120 Non
3373 1068 3612 1120 misertus
3635 1073 3706 1120 est
3731 1066 3841 1130 illis,

2251 1162 2462 1223 gentem
2497 1161 2663 1209 totum
2694 1153 2946 1226 perdens,
2977 1162 3028 1209 et
3081 1153 3423 1210 extollentem
3449 1169 3503 1208 se
3532 1155 3586 1207 in
3627 1155 3730 1208 suis
3751 1169 3846 1225 pec-

2251 1245 2404 1300 catis.
2429 1243 2492 1298 Et
2517 1244 2658 1298 sicut
2683 1250 2932 1298 sexcenta
2957 1243 3150 1298 millia
3173 1241 3434 1314 peditum,
3467 1242 3557 1313 qui
3578 1244 3847 1312 congregati

2249 1339 2375 1387 sunt
2407 1333 2467 1386 in
2495 1331 2709 1386 duriiia
2737 1329 2916 1386 cordis
2944 1332 3036 1385 sui
3065 1348 3084 1384 :
3115 1337 3166 1385 et
3191 1332 3245 1385 si
3271 1346 3413 1385 unus
3449 1331 3632 1399 [uisset
3655 1332 3851 1385 cervica-

2253 1429 2358 1489 tus,
2389 1421 2596 1475 mirum
2631 1437 2682 1475 si
2729 1421 2924 1491 fuisset
2978 1420 3260 1475 immunis.
3293 1417 3660 1475 Misericordia
3707 1421 3846 1485 enim,

2251 1518 2302 1565 et
2334 1511 2422 1564 ira
2449 1517 2527 1564 est
2555 1525 2680 1563 cum
2711 1509 2826 1564 illo.
2851 1509 3046 1564 Potens
3067 1509 3334 1578 exoratio,
3356 1515 3405 1563 et
3433 1507 3696 1579 effundens
3715 1508 3849 1562 iram.

2250 1597 2563 1655 Secundum
2611 1596 3046 1652 misericordiam
3085 1613 3261 1664 suam,
3293 1598 3375 1652 sic
3430 1597 3678 1668 correptio
3728 1597 3853 1650 illius

2255 1688 2527 1743 hominem
2583 1687 2880 1742 secundum
2934 1703 3096 1758 opera
3149 1704 3250 1742 sua
3298 1686 3511 1757 judicat
3565 1686 3736 1753 (Eccli.
3763 1702 3854 1751 xw,

494 1777 776 1876 enimﬂm'e
819 1777 1011 1847 fecisse
1063 1795 1126 1832 ea
1157 1777 1435 1876 (Iqid.,7).
1461 1777 1610 1844 Quid
1659 1777 1984 1876 evidentius
2025 1777 2142 1876 .tali
2178 1813 2225 1876 Β
2256 1778 2433 1876 8-13):

493 1863 865 1936 praedictione
887 1869 945 1920 et
968 1863 1478 1936 praedestinatione
1499 1866 1569 1920 de
1606 1864 1858 1938 generali
1882 1864 2145 1921 omnium

494 1951 1209 2025 impiorum,quibustunc
1229 1954 1486 2009 mundus
1505 1953 1868 2026 plenuserat,
1885 1954 2149 2010 interitu?

494 2041 678 2105 Quam
701 2045 758 2096 et
779 2047 978 2097 sancto
1001 2047 1056 2097 et
1079 2041 1259 2097 electo
1282 2042 1626 2114 patriarcbze
1650 2042 1818 2115 longe
1840 2048 1973 2097 ante
1996 2042 2148 2097 Deus

493 2129 843 2185 annuntiare
872 2129 1074 2197 voluit,
1104 2137 1160 2185 et
1189 2131 1343 2202 apud
1384 2147 1446 2186 se
1501 2131 1558 2186 in
1590 2135 1804 2186 aeterna
1832 2136 1890 2186 et
1919 2131 2151 2186 interna

504 2217 733 2274 consilii
761 2219 852 2275 sui
884 2219 1268 2291 dispositione
1313 2221 1520 2275 statuit
1548 2237 1614 2275 ac
1646 2219 1972 2292 praeﬁnivit,
2007 2220 2148 2276 dum

505 2323 619 2362 non
650 2324 752 2380 per
771 2307 1066 2380 angelum,
1091 2325 1195 2363 nec
1221 2326 1323 2380 per
1344 2309 1685 2380 prophetam
1709 2309 1964 2380 aliquem
1990 2309 2150 2364 illius

500 2394 802 2467 temporis,
822 2395 924 2451 sed
970 2396 1124 2467 apud
1169 2396 1742 2474 semetipsum,haec.
1773 2397 2052 2452 statuisse
2095 2402 2152 2452 et

500 2483 822 2556 praeﬁnisse
841 2484 1188 2540 ostenditur.
1209 2485 1276 2540 Et
1295 2489 1492 2540 tamen
1513 2484 1932 2558 benignissime
1942 2486 2148 2556 judex,

499 2577 558 2628 et
587 2572 853 2628 conditor
881 2572 1056 2628 etiam
1088 2571 1240 2641 illos,
1259 2591 1408 2645 quos
1449 2573 1676 2640 merito,
1706 2577 1772 2628 ut
1801 2575 2146 2641 ostenditur,

499 2660 876 2733 iniquitatum
907 2667 964 2718 et
1001 2661 1368 2734 impietatum
1401 2679 1600 2718 eorum
1643 2663 1711 2716 ad
1757 2667 1872 2717 tam
1907 2661 2150 2717 horren-

499 2751 641 2806 dum
671 2751 912 2806 exitium
935 2755 1112 2822 atque
1142 2751 1444 2807 interitum
1480 2751 2008 2823 praedestinaverat,
2035 2769 2148 2806 non

497 2838 627 2896 sine
659 2839 1072 2895 misericordiae
1105 2856 1224 2894 sua":
1255 2839 1512 2895 bonitate
1543 2845 1600 2896 et
1639 2841 1852 2912 pietate
1895 2839 2148 2912 reliquit,

500 2927 766 2984 tribuens
795 2927 880 2984 eis
909 2931 1144 3000 tempus
1175 2933 1232 2982 et
1256 2928 1511 3000 spatium
1544 2928 1885 3000 pmnitendi,
1905 2931 1970 2983 ut
1999 2927 2152 2984 intra

499 3021 733 3074 centum
767 3022 826 3072 et
855 3016 1063 3090 viginti
1101 3034 1308 3084 annos,
1337 3021 1438 3073 aut
1470 3017 1642 3090 digne
1675 3017 2002 3090 pernitendo
2035 3017 2150 3072 Deo

499 3106 919 3174 satisfacerent,
934 3109 1035 3161 aut
1053 3106 1103 3162 si
1131 3107 1456 3162 secundum
1483 3106 1760 3161 duritiam
1787 3124 1956 3162 suam
1977 3111 2032 3162 et
2055 3123 2153 3162 cor

2326 1864 2484 1920 Talis
2515 1869 2601 1919 est
2633 1864 2732 1918 illa
2766 1864 3060 1937 praedictio
3101 1870 3276 1936 atque
3326 1861 3736 1937 praedestinatio
3776 1861 3858 1916 Dei

2257 1953 2550 2026 loquentis
2581 1954 2650 2008 ad
2683 1953 2977 2008 Abraham
3004 1954 3076 2008 de
3108 1955 3304 2008 futura
3328 1951 3691 2026 oppressione
3717 1955 3858 2022 atque

2257 2041 2571 2098 afflictione
2599 2046 2654 2096 et
2696 2041 2990 2114 ereptione
3039 2041 3286 2098 seminis
3336 2043 3485 2113 ejus,
3513 2045 3567 2096 et
3600 2057 3628 2095 e
3668 2042 3860 2094 contra-

2261 2130 2343 2186 rio
2373 2129 2748 2186 damnatione
2787 2136 2847 2186 et
2898 2129 3219 2203 perditione
3265 2146 3670 2203 oppressorum
3713 2125 3863 2196 illius,

2259 2236 2393 2276 cum
2433 2219 2484 2274 ei
2542 2219 2624 2274 ita
2669 2218 2862 2274 dixit:
2897 2219 3042 2276 Scito
3085 2234 3435 2292 prmnoscens
3481 2217 3616 2290 quod
3657 2217 3863 2290 peregri-

2258 2326 2394 2364 num
2419 2311 2671 2380 futurum
2715 2311 2788 2364 sit
2831 2325 3014 2364 semen
3071 2315 3224 2364 tuum
3259 2310 3316 2363 in
3350 2317 3498 2364 terra
3552 2323 3656 2362 non
3696 2322 3802 2370 sua,
3827 2312 3866 2358 et

2257 2398 2550 2469 subjicient
2579 2413 2666 2453 eos
2705 2398 2979 2465 servituti,
3011 2405 3063 2452 et
3089 2397 3343 2467 afﬂigant
3391 2395 3754 2468 quadragintis
3792 2410 3868 2448 an-

2256 2489 2367 2542 nis.
2395 2487 2769 2542 Verumtamen
2812 2494 3043 2558 gentem,
3070 2488 3164 2541 cui
3207 2487 3477 2542 servituri
3501 2492 3644 2549 sunt,
3673 2499 3760 2552 ego
3791 2483 3868 2553 ju-

2259 2575 2448 2630 dicabo
2480 2593 2499 2630 :
2527 2583 2578 2630 ct
2603 2583 2721 2647 post
2747 2575 2861 2630 haec
2888 2574 3236 2646 egrediantur
3263 2591 3390 2630 cum
3432 2589 3628 2644 magna
3653 2571 3868 2626 substan-

2260 2666 2359 2719 tia.
2395 2669 2480 2720 Tu
2511 2671 2693 2719 autem
2723 2663 2830 2719 ibis
2868 2663 2939 2718 ad
2981 2671 3166 2735 patres
3215 2672 3338 2720 tuos
3387 2665 3450 2719 in
3492 2679 3638 2735 pace,
3669 2659 3874 2732 sepultus

2261 2754 2321 2806 in.
2347 2760 2617 2808 senectute
2650 2752 2806 2808 bona.
2842 2752 3196 2808 Generatione
3221 2761 3402 2808 autem
3434 2760 3626 2824 quarta
3653 2755 3875 2805 reverten-

2260 2849 2352 2896 tur
2399 2841 2506 2896 huc
2535 2860 2554 2896 :
2585 2841 2814 2897 necdum
2869 2843 3018 2897 enim
3071 2842 3358 2913 completa:
3413 2849 3540 2896 sunt
3597 2840 3876 2911 iniquitates

2260 2930 2696 2986 Amorrhazorum
2724 2947 2892 3003 usque
2923 2933 2982 2986 in
3009 2947 3250 3002 praesens
3281 2939 3493 3002 tempus
3514 2929 3660 3000 (Gen.
3687 2944 3770 2991 xv,
3799 2924 3873 2980 l3-

2259 3019 2370 3087 46).
2397 3018 2543 3085 Quid
2576 3019 2684 3074 hac
2725 3019 3234 3090 praedestinatione
3278 3016 3685 3076 manifestius?
3709 3031 3810 3088 qua
3833 3015 3877 3067 et

2259 3123 2460 3164 semen
2483 3107 2725 3162 Abrahae
2749 3111 2835 3162 tot
2859 3123 3145 3163 annorum
3165 3107 3484 3164 curriculis
3507 3103 3815 3180 praedicilur
3831 3099 3875 3153 in

498 3194 873 3266 impcrnitens
900 3193 1361 3248 thesaurizarent
1389 3193 1502 3249 sibi
1536 3194 1682 3248 iram
1707 3194 1764 3248 in
1788 3194 1881 3249 die
1915 3195 2032 3262 iraa,
2067 3195 2149 3250 in-
2179 3181 2222 3246 (ἶ
2261 3201 2416 3251 terra
2445 3195 2636 3251 aliena
2666 3195 3197 3269 peregrinaturum,
3221 3201 3278 3251 et
3305 3195 3578 3252 servituti
3609 3189 3881 3264 subjicien-

498 3281 912 3338 excusabiliter
940 3282 1214 3354 perirent.
1244 3284 1326 3336 Ita
1351 3282 1482 3337 illos
1509 3287 1566 3337 et
1595 3283 1799 3336 merito
1831 3283 2148 3356 impietatis

497 3387 616 3426 suis
649 3369 722 3424 ad
753 3369 1055 3426 interitum
1089 3371 1540 3443 praedestinavit,
1568 3387 1672 3426 nec
1709 3375 1902 3426 tamen
1931 3374 2148 3445 praede--

495 3458 811 3514 stinatione
839 3459 911 3514 ad
944 3459 1305 3531 peccandum
1339 3457 1633 3515 ullatenus
1663 3459 1966 3531 compulit,
2001 3477 2148 3532 quos

492 3551 577 3604 tot
605 3547 778 3603 annis
808 3547 881 3602 ad
913 3546 1317 3618 pcenitentiam
1345 3548 1719 3619 exspectavit.

564 3641 643 3692 De
665 3635 916 3690 istorum
941 3635 1157 3690 infelici
1183 3636 1555 3692 contumacia
1573 3642 1630 3692 et
1647 3637 2021 3694 damnatione
2041 3642 2150 3693 ter-

493 3723 650 3780 ribili
683 3724 860 3780 etiam
879 3724 1030 3780 liber
1051 3723 1516 3796 Ecclesiasticus,
1539 3726 1813 3797 adjuncto
1835 3743 2038 3784 eorum
2067 3727 2150 3782 in-

2257 3285 2422 3350 dum,
2461 3288 2637 3356 atque
2669 3283 3072 3356 amigendum,
3095 3289 3152 3340 et
3181 3301 3250 3340 ex
3279 3285 3417 3356 ipsa
3447 3281 3750 3339 aﬂlictione
3782 3277 3882 3350 glo-

2257 3371 2581 3428 riosissime
2612 3370 3005 3438 liberandum,
3033 3376 3090 3428 et
3121 3372 3417 3444 praeﬁnito
3441 3377 3716 3444 tempore,
3738 3367 3789 3422 id
3815 3367 3886 3420 est

2257 3465 2466 3534 quarta
2478 3462 2873 3534 generatione,
2889 3461 2960 3517 ad
2979 3466 3192 3517 terram
3211 3462 3491 3534 patribus
3510 3457 3884 3533 repromissam

2257 3566 2649 3615 reversurum,
2670 3549 2983 3622 ipsumque
3001 3549 3422 3606 beatissimum
3446 3546 3817 3624 patriarcham
3838 3543 3884 3595 in

2256 3655 2395 3712 pace
2420 3645 2479 3694 et
2503 3643 2801 3694 senectute
2825 3639 2980 3693 bona
3008 3639 3274 3711 patribus
3299 3640 3654 3696 sociandum
3686 3653 3698 3690 :
3725 3652 3753 3690 e
3774 3648 3885 3688 con-

2254 3727 2433 3783 trario
2449 3731 2644 3782 autem
2675 3732 2929 3800 gentem,
2945 3731 3000 3782 et
3022 3744 3215 3800 regem
3239 3728 3678 3802 Egyptiorum,
3693 3722 3780 3797 qui
3806 3735 3883 3776 eos

1482 3821 1695 3879 NOT/E
1734 3823 2074 3880 DUVALLII
2117 3824 2470 3882 DOCTORIS
2510 3823 2914 3880 SORBONICL

495 3911 687 3984 ﬁeatus
714 3911 980 3984 quidem
1016 3927 1201 3978 carne,
1252 3911 1557 3982 vivi/iratus
1605 3919 1788 3966 autem
1834 3915 2054 3984 spiritu.
2084 3915 2147 3969 In.

497 3997 602 4054 quo
641 3982 746 4054 his
812 3984 906 4053 qui
961 3983 1022 4037 in
1082 3998 1296 4054 carcere
1359 3991 1518 4038 erant
1574 3982 1872 4054 spiritibus
1928 3987 2147 4040 veniens

494 4052 840 4126 praedicauit,
870 4055 967 4126 qui
997 4053 1270 4108 increduli
1311 4055 1536 4125 fuerant
1579 4052 1895 4126 aliquando,
1931 4055 2146 4126 quando

494 4125 878 4196 exspectabant
935 4125 1034 4180 Dei
1095 4127 1424 4196 patientiam
1485 4127 1542 4179 in
1607 4125 1795 4180 diebus
1854 4125 1982 4182 Noe.
2042 4126 2145 4182 Cui

495 4195 650 4252 alius
680 4195 1062 4268 subjungitur
1091 4195 1217 4268 cap.
1251 4213 1308 4251 ιν
1341 4213 1353 4250 :
1393 4197 1522 4268 Ideo
1562 4199 1620 4250 et
1661 4197 1908 4251 mortuis
1939 4197 2144 4268 praedi-

495 4271 691 4340 catum
733 4273 822 4340 est
873 4267 1270 4340 Evangelium,
1304 4276 1363 4322 ut
1407 4267 1729 4338 judicentur
1783 4267 2006 4339 quidem
2039 4285 2144 4340 ise-

492 4339 737 4395 cundum
773 4338 1055 4394 hominem
1094 4341 1156 4392 in
1192 4353 1378 4403 carne,
1411 4340 1592 4392 vivant
1621 4338 1808 4393 autem
1850 4339 2148 4394 secundum

493 4411 662 4482 Deum
701 4411 784 4482 in,
809 4411 1034 4482 spiritu.
1058 4409 1149 4482 Ex
1179 4409 1396 4480 quibus
1424 4408 1721 4482 colligitur
1775 4427 1889 4482 non
1942 4427 2147 4466 omnes

2253 3913 2348 3989 hic
2369 3913 2574 3989 Petrus
2589 3913 2772 3989 etiam
2788 3929 2860 3989 ex
2879 3911 2996 3968 illis
3018 3912 3344 3989 incredulis
3367 3914 3555 3970 fuisse
3574 3901 3884 3989 aliquosqul

2253 3984 2428 4040 etiam
2475 3985 2533 4039 in
2580 3987 2693 4059 fine
2722 3984 2850 4040 vitae
2883 3983 3283 4059 paenitentiam
3341 3979 3732 4059 egeruntzet
3782 3979 3888 4059 licet

2254 4062 2540 4128 quantum
2575 4047 2900 4128 adcorpus
2935 4047 3478 4128 perierint,tani’en
3529 4059 3802 4128 quantum
3827 4047 3884 4128 pd

2254 4119 2512 4199 animam
2540 4126 2680 4199 salvi
2713 4119 2968 4199 fuerunt-7.
2998 4126 3159 4199 Quod
3187 4119 3372 4184 etiam
3409 4119 3791 4199 Hieronymus
3813 4119 3888 4174 do-

2255 4203 2344 4253 cet
2373 4197 2804 4262 Quaestionibus
2860 4197 3160 4254 Hebraicis
3216 4199 3273 4252 in
3337 4197 3648 4264 Genesim,
3669 4199 3890 4252 tractans

2253 4269 2398 4344 illud
2431 4286 2557 4344 cap.
2593 4286 2646 4344 vi
2679 4287 2695 4344 :_
2719 4271 2833 4344 Ngn
2861 4271 3204 4344 permanebit
3232 4269 3490 4342 Spiritus
3522 4284 3675 4325 meus
3718 4264 3888 4344 inulto-

2255 4343 2422 4408 mine,
2456 4335 2556 4394 ubi
2586 4340 2727 4412 dicit
2755 4335 2939 4412 Deum
2987 4340 3204 4396 multos
3256 4335 3474 4396 eorum
3525 4335 3895 4412 temporaliter

2255 4412 2423 4484 aquis
2453 4410 2653 4466 diluvii
2687 4411 3006 4484 punivisse,
3031 4429 3136 4468 nec
3167 4412 3386 4484 debere
3419 4429 3524 4468 eos
3567 4413 3627 4466 iu
3655 4410 3893 4484 genenna

493 4481 594 4604 qui
629 4481 686 4535 in
709 4469 926 4536 diluvio
947 4469 1247 4552 perierunt
1271 4497 1399 4535 esse
1422 4479 1478 4534 in
1507 4469 1788 4535 animum
1816 4481 2143 4538 damnatos.
2180 4469 2222 4535 ll
2257 4469 2616 4538 in‘zeternum
2646 4469 2870 4554 punire.
2899 4483 2968 4537 Et
2989 4469 3146 4538 bunc
3169 4482 3352 4539 etiam
3382 4500 3630 4540 sensum
3655 4469 3893 4536 videntur

543 4552 728 4604 ccedit
761 4553 916 4604 quod
975 4551 1182 4604 saltem
1230 4551 1486 4604 infantes
1539 4551 1753 4604 auibus
1803 4568 1906 4604 per
1961 4569 2145 4604 reme-
2257 4555 2444 4604 facere
2477 4554 2576 4604 illa
2601 4553 2777 4604 verba
2800 4570 2926 4604 can.
2953 4571 3006 4604 iv
3035 4569 3047 4604 :
3083 4555 3214 4604 [deo
3245 4556 3514 4604 mortuis
3547 4554 3892 4604 nraadicatum

543 4552 728 4634 ccedi‘t
761 4553 916 4633 quod
950 4551 1182 4634 insaltem
1230 4551 1486 4634 infantes
1539 4551 1753 4634 quibus
1803 4568 1906 4624 per
1961 4569 2145 4634 reme-

497 4619 668 4704 dium.
693 4619 837 4704 legis
886 4628 1104 4678 natura;
1158 4629 1462 4704 peccatum
1495 4619 2143 4704 originalel'nremissum

496 4691 627 4758 fuit,
656 4691 1042 4766 in_iete_rnum
1096 4691 1360 4766 minime,
1389 4691 1686 4766 perierint.
1736 4695 2142 4766 Afﬁrmantem

496 4766 694 4842 tamen
727 4760 834 4816 hoc
862 4762 989 4842 loco
1015 4769 1210 4820 tuetur
1238 4760 1495 4842 Ecclesia
1536 4765 1964 4842 Lugdunensis,
2000 4767 2144 4822 forte

498 4834 638 4908 quia
669 4834 1026 4908 cum_omni_s
1075 4852 1207 4890 caro
1251 4837 1404 4891 viam
1435 4834 1652 4908 ,suam'
1668 4837 2046 4908 corrupisset,
2081 4841 2146 4892 ut

497 4902 748 4957 habetur
799 4902 1039 4959 Genesis
1070 4922 1144 4968 1x,
1177 4910 1234 4961 et
1290 4907 1712 4964 monitionibus
1769 4902 1888 4963 No'e
1940 4906 2174 4963 aurem'

541 4975 754 5051 rzebere
793 4973 990 5038 nollet,
1019 4976 1283 5046 quinimo
1320 4978 1625 5051 videbatur
1654 4979 1705 5033 ei
1736 4979 1903 5051 quasi
1935 4979 2143 5034 ludens

520 5044 655 5118 oqui
690 5061 702 5099 :
740 5051 972 5118 repente
1003 5044 1180 5117 super
1226 5063 1324 5101 eos
1370 5049 1526 5102 venit
1570 5044 2036 5116 diluvium,cum
2069 5051 2141 5106 ad

493 5116 893 5190 paenitentiam
929 5133 1027 5172 eos
1057 5116 1291 5171 centum
1333 5123 1380 5190 et
1427 5119 1627 5190 viginti
1661 5121 1832 5176 annis
1862 5121 2017 5177 Deus
2045 5138 2140 5177 ex-

491 5187 1003 5264 spectasset._Rem
1028 5193 1214 5264 totam
1233 5189 1464 5264 _0ptime
1487 5187 1624 5264 ineo
1647 5192 1870 5264 judicio
1892 5191 2144 5264 explicat

491 5259 762 5336 gellarm.
792 5259 894 5314 lib.
925 5259 1080 5336 ivde
1110 5259 1365 5336 Christo,
1387 5277 1511 5330 σοι).
1543 5263 1608 5314 13
1637 5277 1704 5336 εξ(
1735 5262 1889 5329 Dico,
1924 5259 2138 5336 inquit,

489 5331 787 5408 (Ibi-istum
821 5329 1168 5408 pradicet-sse
1189 5329 1246 5384 in
1275 5329 1501 5408 inferno
1523 5332 1798 5389 omnibus
1830 5329 2141 5408 bonis-spif

490 5401 719 5478 ritibus,
750 5401 1233 5478 sed__nominatim
1289 5402 1988 5478 fuisse_expressos_i_llos
2037 5401 2137 5478 qui

489 5471 806 5550 fuci-autin
834 5474 1041 5530 diebus
1072 5473 1190 5528 Noe
1205 5472 1518 5550 increduli,
1543 5471 1683 5544 quia
1707 5475 1777 5530 de
1803 5471 2138 5550 illismaj-us

490 5548 618 5620 erat
643 5545 887 5620 dubium
919 5563 992 5600 an
1023 5549 1221 5620 essent
1247 5543 1389 5620 salvi
1420 5543 1619 5620 necne,
1645 5561 1776 5620 eum
1799 5549 1986 5620 puniti
2015 5543 2138 5606 fue-

489 5619 628 5683 runt
653 5631 688 5672 ο.
717 5614 852 5689 Deo,
874 5621 932 5674 et
969 5615 1262 5676 submersi
1296 5615 1466 5692 aquis
1497 5615 1714 5675 divivii.
1749 5614 1971 5676 Iudicat.
1999 5636 2136 5696 ergo

2256 4555 2444 4628 facere
2477 4554 2576 4608 illa
2601 4553 2777 4628 verba
2800 4570 2926 4628 cap.
2953 4569 3047 4628 iv:
3083 4555 3214 4610 Ideo
3245 4556 3514 4628 mortuis
3545 4554 3892 4628 praedicatum

2253 4631 2342 4681 est
2375 4624 2772 4697 Evangelium,
2806 4619 3209 4699 utfjudieentur
3235 4627 3469 4696 quidem
3499 4619 3789 4699 secundum
3814 4619 3892 4699 hq-

2251 4699 2426 4770 mines
2475 4696 2564 4770 in:
2591 4711 2778 4761 carne,
2820 4697 3022 4770 vivant_
3059 4705 3242 4770 autem
3285 4699 3603 4753 secundum
3648 4696 3806 4770 Deum
3838 4696 3892 4770 ξπ

2249 4769 2481 4839 spiritu;
2511 4767 2569 4822 id
2601 4771 2691 4822 est
2718 4772 2784 4821 ut
2808 4767 3133 4839 secundum
3166 4767 3448 4839 homines
3479 4768 3735 4823 exterius
3755 4761 3895 4834 judi-

2253 4838 2456 4894 centur
2476 4845 2533 4894 et
2554 4839 2964 4894 existimentur
2983 4838 3423 4910 damnati,quia
3441 4855 3690 4910 corpora
3714 4845 3896 4910 eorum

2252 4914 2420 4981 necta
2449 4915 2615 4977 sunt;
2646 4909 2842 4964 vivant
2871 4913 3067 4981 tamen
3101 4907 3312 4981 spiiitli
3343 4907 3682 4967 secundum
3713 4907 3896 4981 psum.

2249 4980 2308 5036 id
2339 4985 2448 5046 est,
2481 4974 2682 5035 eorum
2715 4981 2922 5035 anima:
2953 4974 3292 5036 salvae-sint.
3325 5004 3354 5031 ››
3379 4983 3682 5038 Hactenus
3713 4974 3899 5046 Bellar-

2250 5044 2467 5107 minus.
2493 5052 2572 5106 Ex
2602 5052 2815 5123 quibus
2844 5051 3110 5122 sequitur
3141 5052 3291 5107 male
3326 5053 3658 5123 Ecclesium
3694 5044 3900 5123 Lugdu-

2249 5139 2487 5178 nensem
2520 5121 2724 5178 omnes
2753 5121 2885 5178 illos
2904 5121 2985 5177 ita
3006 5123 3350 5178 submerso
3377 5122 3742 5181 aeternaliter
3759 5121 3902 5173 dam-

2249 5211 2408 5272 nare,
2430 5194 2542 5272 nisi
2563 5193 2812 5272 velimus
2831 5210 2934 5272 pro
2957 5195 3170 5272 majori
3187 5198 3428 5272 tantum
3455 5188 3896 5272 partepmnium

2249 5265 2784 5321 denominationem
2831 5263 3068 5333 fecisse,
3087 5264 3176 5322 vel
3225 5263 3900 5333 saltem—conclusionem

2249 5335 2406 5410 illam
2432 5353 2546 5410 non
2568 5353 2693 5393 esse
2719 5337 2791 5410 de
2814 5328 3129 5410 fide.__Unde
3150 5339 3536 5410 Augustinus
3557 5333 3801 5410 epistola
3817 5328 3896 5395 99.

2247 5409 2322 5464 ad
2355 5408 2654 5484 Evodium,
2679 5407 2888 5484 maluit
2912 5407 3080 5464 aliter
3109 5407 3399 5484 locumD.
3421 5409 3582 5465 Petri
3595 5407 3897 5484 'e‘sponery.

2246 5496 2423 5555 quam
2447 5479 2708 5555 ipsorum
2732 5479 3036 5555 hominum
3058 5479 3513 5555 conversionem
3538 5476 3897 5555 et_C_ljristi_in

2245 5549 2956 5680 int'eristprzsdicationem
3003 5551 3337 5610 admittere.
3378 5552 3535 5628 Lege
3580 5549 3898 5608 Bellarmin-

2269 5639 2356 5680 oc.
2391 5639 2440 5680 ω
2474 5663 2489 5680 .

2269 5639 2356 5681 oc.
2391 5621 2489 5682 cit.
