4068 6190
223 302 315 369 ΓΠ
1156 301 1388 365 LIBER
1433 300 1853 366 ADVERSUS
1898 302 2261 364 JOANNEM
2307 302 2645 368 SCOTUM.

3488 302 3601 366 1'28

221 434 480 513 prascivit
509 451 876 509 qua-cunque
907 450 1021 491 non
1052 439 1175 491 erat
1201 435 1483 492 facturus.
1507 433 1677 490 Verbi
1710 451 1842 508 gra-
1873 434 1925 501 Α
1956 434 2158 491 tionem
2185 438 2377 508 gratia:
2408 455 2424 491 :
2458 437 2613 509 quod
2644 453 2759 493 non
2798 434 2879 493 ita
2908 453 3036 495 esse
3067 432 3337 510 superius
3367 440 3605 510 aposto-

220 527 305 592 tia,
323 525 605 598 praescivit
626 526 783 597 quod
810 526 1094 580 Lazarum
1121 529 1277 580 esset
1296 524 1847 589 resuscitaturus,et

220 617 333 673 fecit
353 632 366 670 :
393 614 685 687 praescivit
706 614 859 686 quod
883 613 1095 669 Judam
1120 630 1234 668 non
1257 616 1410 668 esset
1433 612 1842 677 suscitaturus,

216 721 305 762 nec
329 704 490 771 fecit;
512 703 624 758 iste
655 708 850 758 autem
872 702 1049 757 dicit:
1074 701 1505 774 praedestinavit
1534 699 1747 772 impios
1770 701 1843 754 ad

217 793 494 850 interitum
526 791 614 847 vel
638 790 997 864 supplicium
1023 795 1327 856 aeternum,
1350 807 1452 861 pro
1483 806 1598 844 non
1632 789 1845 861 praede-

218 881 457 947 stinavit;
482 882 540 936 id
575 885 664 936 est
694 884 781 948 ut,
815 880 914 935 ubi
946 878 1197 952 legimus
1224 880 1659 951 praedestinavit,
1684 877 1846 932 inau-

217 971 320 1026 dita
334 969 567 1026 insania
583 968 981 1041 intelligamus
998 984 1102 1025 non
1119 968 1547 1041 prazdestinavit.
1570 966 1846 1039 Proponit

218 1060 368 1115 etiam
391 1057 778 1131 quaestionem
805 1075 818 1112 :
844 1058 1124 1129 Quomodo
1144 1058 1290 1128 juste
1310 1057 1654 1129 judicabitur
1680 1073 1843 1110 mun-

216 1148 314 1215 dus,
355 1163 516 1219 quem
561 1148 854 1202 necessitas
898 1146 1402 1218 praedestinationis
1448 1147 1587 1215 cogit
1628 1146 1847 1217 perire?

218 1236 348 1308 quod
376 1236 537 1291 absit
561 1239 625 1289 ut
646 1234 862 1307 aliquis
894 1240 1162 1291 nostrum
1184 1234 1357 1290 dicat.
1379 1233 1524 1301 Quia
1544 1232 1844 1306 apertissi-

215 1341 304 1380 me
333 1322 712 1396 blasphemiae
744 1329 832 1379 est
869 1328 935 1378 ut
976 1324 1128 1380 Deus
1166 1322 1693 1395 praedestinationis
1724 1339 1844 1376 sua:

215 1412 530 1485 prejudicio
562 1412 818 1486 aliquem
850 1417 1019 1485 cogat
1048 1429 1306 1485 peccare,
1336 1416 1391 1466 et
1423 1411 1714 1484 peccando
1746 1428 1842 1483 pe-

212 1501 325 1558 rire.
354 1502 468 1557 Sed
502 1501 1033 1574 praedestinationis
1064 1518 1182 1555 suae
1225 1502 1387 1572 justo
1426 1500 1672 1573 judicio,
1696 1516 1844 1571 quos

210 1595 626 1663 perseverantes
669 1590 727 1644 in
777 1589 1029 1662 peccatis
1060 1589 1266 1662 punire
1312 1589 1583 1656 decrevit,
1616 1592 1845 1645 revocat

208 1679 375 1752 potius
405 1696 442 1734 a
476 1678 755 1751 peccatis,
779 1684 835 1735 et
869 1678 1163 1734 salubrem
1195 1683 1475 1734 terrorem
1508 1678 1719 1734 incutit
1739 1695 1842 1733 au-

1954 522 2081 580 licis
2110 529 2168 580 et
2201 525 2555 597 propheticis
2585 526 2939 582 testimoniis
2982 527 3127 582 satis
3156 530 3458 583 ostensum
3490 531 3597 593 est,

1956 612 2055 667 ubi
2086 618 2282 685 aperte
2313 613 2643 670 invenimus
2674 619 2729 670 et
2750 614 3279 671 demonstravimus
3311 614 3602 687 praedesti-

1954 700 2249 756 nationem
2282 702 2381 757 Dei
2415 702 2727 776 dupliciter
2756 703 2962 759 debere
2993 703 3257 776 intelligi,
3292 703 3350 758 id
3381 707 3469 759 est
3499 708 3601 759 aut

1954 789 2014 844 in
2045 789 2217 845 bonis
2244 791 2699 847 misericorditer
2736 792 3308 859 remunerandis,aut
3336 792 3394 847 in
3427 792 3599 849 malis

1945 879 2107 950 juste
2130 878 2499 934 damnandis.
2520 880 2588 935 Et
2610 881 2757 948 ideo,
2782 881 2932 935 sicut
2954 881 3128 936 verba
3147 881 3299 936 beati
3320 882 3597 955 Augusti-

1953 966 2035 1032 ni,
2068 983 2195 1039 quaa
2245 984 2423 1039 supra
2472 969 2799 1040 posuimus,
2841 968 3317 1025 manifestissime
3367 971 3594 1039 docent,

1954 1056 2266 1112 destinatio
2298 1056 2397 1112 Dei
2435 1058 2667 1129 quando
2696 1057 2753 1111 in
2786 1058 2935 1113 bono
2964 1058 3268 1129 accipitur,
3290 1062 3430 1114 tunc
3463 1064 3595 1115 tan-

1951 1148 2079 1199 tum
2109 1144 2492 1217 intelligenda
2520 1151 2611 1201 est
2641 1146 2838 1220 gratiae
2874 1147 3234 1219 praeparatio.

2022 1234 2215 1288 Tertia
2231 1235 2924 1307 propositione,similiter
2939 1236 3320 1292 falsissimum
3340 1242 3427 1292 est
3444 1238 3597 1310 quod

1952 1322 2245 1379 affirmare
2275 1330 2537 1391 conatur,
2565 1323 2829 1380 videlicet
2850 1341 2955 1379 non
2986 1342 3098 1380 esse
3124 1327 3293 1381 ullam
3316 1326 3600 1398 praedesti-

1951 1413 2230 1467 nationem
2253 1413 2516 1483 pwn.'e.Si
2567 1414 2724 1468 enim
2778 1430 2947 1485 poena
2995 1413 3222 1468 diabolo
3273 1419 3330 1470 et
3376 1415 3598 1487 angelis

1953 1500 2164 1571 cjus,et
2183 1501 2457 1555 omnibus
2481 1502 2740 1573 reprobis
2760 1503 3012 1574 quicum
3033 1501 3115 1557 eis
3134 1503 3415 1574 puniendi
3438 1508 3596 1572 sunt,

1953 1604 2067 1642 non
2098 1593 2252 1644 esset
2282 1590 2713 1661 praedestinata,
2740 1590 3075 1646 nullatenus
3095 1591 3324 1646 Veritas
3346 1593 3560 1649 diceret
3584 1611 3596 1649 :

1954 1678 2026 1732 Ite
2056 1679 2115 1731 in
2148 1679 2330 1745 ignem
2358 1686 2648 1745 (uernum,
2673 1682 2771 1752 qui
2795 1689 3023 1752 paratus
3061 1689 3139 1736 est
3180 1681 3393 1737 diabolo
3420 1690 3472 1738 et
3497 1700 3597 1738 an-

205 1768 505 1835 dientibus,
530 1772 599 1822 ut
646 1766 923 1823 timentes
952 1767 1343 1841 corrigantur,
1367 1772 1423 1823 et
1470 1767 1708 1823 correcti
1732 1766 1841 1821 mi-
1872 1809 1919 1874 B
1950 1767 2086 1833 gelis
2141 1768 2258 1838 ejus
2314 1768 2533 1839 (Matth.
2558 1785 2709 1835 xxiv,
2736 1770 2844 1837 41).
2897 1769 2968 1824 Et
3000 1770 3153 1841 quod
3185 1770 3245 1825 in
3279 1771 3392 1826 fine
3422 1769 3601 1843 hujus

205 1856 338 1912 nime
365 1857 749 1913 damnentur.

228 1953 250 1965 ‘
824 1944 1054 2001 CAPUT
1090 1944 1206 2001 XII.

258 2032 611 2090 Duodecimo
633 2033 888 2107 capitulo
906 2032 1248 2105 hujusmodi
1268 2033 1638 2089 definitiones
1655 2034 1836 2105 ponit.

257 2124 304 2179 t.
337 2121 571 2179 Omnem
598 2125 987 2195 przescentiam
1009 2124 1117 2178 Dei
1139 2122 1682 2194 praedestinationem
1711 2139 1839 2193 esse,

201 2221 242 2268 et
265 2228 475 2268 omnem
499 2212 1050 2285 praedestinationem
1072 2213 1497 2283 praescientiam.

253 2301 305 2358 2.
337 2300 569 2357 Omnem
604 2300 1139 2374 predestinationem
1179 2302 1279 2356 Dei
1306 2302 1529 2356 omnino
1556 2316 1669 2356 esse
1693 2316 1840 2373 prm-

200 2393 531 2461 parationem
563 2393 766 2460 gratia:
794 2409 813 2446 :
843 2405 1159 2462 omnemque
1186 2391 1446 2458 gratiam,
1473 2390 1694 2445 donum.
1724 2389 1845 2445 Om-

200 2497 306 2535 nem
334 2482 519 2549 igitur
556 2480 808 2534 divinam
851 2479 1391 2554 praedestinationem
1436 2478 1700 2534 donorum
1726 2480 1844 2550 ejus

197 2569 674 2639 przparationem.

257 2656 305 2711 3.
331 2657 569 2711 Pernam
608 2656 806 2728 impios
844 2656 995 2725 juste
1041 2663 1310 2726 torquere,
1333 2668 1460 2725 qum
1504 2653 1708 2709 donum
1735 2670 1846 2709 non

198 2752 265 2800 est
291 2762 309 2799 :
336 2745 619 2817 alioquin,
640 2746 693 2799 si
720 2753 855 2799 esset
884 2743 1112 2810 donum,
1148 2760 1259 2799 non
1291 2751 1579 2814 torqueret,
1612 2742 1703 2798 sed
1733 2744 1845 2798 uti-

198 2847 289 2905 que
317 2835 607 2890 liberaret.
634 2838 754 2890 Non
769 2848 880 2888 esse
902 2834 1073 2905 igitur
1095 2832 1631 2905 prcedestinationem
1647 2846 1843 2904 pwnze.

197 2923 336 2992 Quod
361 2924 413 2978 si
437 2930 603 2987 esset,
637 2938 748 2977 non
777 2938 891 2977 esse
914 2938 1150 2993 pernam,
1174 2920 1266 2976 sed
1303 2922 1558 2991 gratiam.
1591 2920 1717 2975 Esse
1745 2937 1844 2974 au-

196 3019 290 3067 tem
314 3029 539 3084 pernam
573 3030 593 3067 :
626 3028 735 3067 non
779 3027 889 3066 esse
922 3013 1098 3080 igitur
1134 3009 1667 3083 prwdestinationem
1711 3010 1841 3082 ejus.

196 3102 417 3157 Proinde
455 3100 1006 3173 praedestinath
1039 3102 1097 3155 in
1122 3100 1279 3155 donis
1326 3098 1534 3155 divinae
1564 3099 1845 3171 largitatis

196 3206 391 3263 semper
423 3188 849 3260 intelligendam
879 3204 1011 3244 esse.

258 3281 304 3333 4.
336 3279 776 3336 Ρνιτιιειςιίηαιοδ
805 3277 875 3332 ad
901 3292 1117 3348 pernam
1145 3294 1180 3332 a
1207 3278 1484 3333 contrario
1513 3293 1723 3348 semper
1754 3279 1846 3331 in-

199 3368 376 3437 telligi,
399 3370 554 3423 sicut
587 3366 777 3422 electos
802 3382 907 3438 pro
936 3382 1046 3421 non
1073 3366 1253 3421 electis
1275 3384 1292 3419 :
1314 3367 1457 3437 ﬁlios
1489 3368 1591 3422 Dei
1615 3382 1714 3437 pro
1738 3381 1849 3421 non

198 3457 335 3525 ﬁliis.

257 3545 365 3601 Has
385 3549 658 3618 quatuor
682 3542 1109 3616 propositiones
1131 3542 1509 3617 longissimas
1530 3548 1587 3599 et
1607 3543 1849 3599 vanissi-

198 3643 388 3703 mas,et
403 3634 580 3690 velut
601 3631 1075 3705 syllogismorum
1094 3632 1338 3688 artiﬁcio
1355 3632 1849 3700 contextas,facile

198 3721 508 3793 dijudicare
540 3727 608 3777 et
636 3721 939 3777 destruere
969 3725 1179 3793 potest,
1205 3721 1303 3793 qui
1334 3737 1402 3777 ea
1429 3738 1555 3794 quae
1578 3720 1849 3793 superius

190 3800 342 3881 juxta
363 3810 643 3884 regulam
667 3809 827 3876 ﬁdei,
846 3809 1094 3865 Domino
1115 3808 1416 3882 largiente,
1432 3808 1707 3873 diximus,
1734 3812 1842 3864 stu-

196 3896 341 3955 diose
369 3898 592 3973 legerit
614 3903 672 3954 et
700 3897 949 3953 ﬁdeliter
978 3897 1343 3953 intellexerit.
1376 3896 1516 3963 Quis
1545 3896 1700 3952 enim
1734 3915 1848 3953 non

197 3986 468 4062 intelligat
484 4004 682 4061 quam
704 3985 1116 4058 blasphemum
1135 3991 1192 4042 et
1212 3985 1460 4057 impium
1484 3986 1562 4042 sit
1578 3987 1732 4058 quod
1758 3986 1851 4041 hic

199 4077 369 4148 primo
397 4078 533 4133 loco
571 4076 773 4147 posuit
798 4075 1000 4130 dicens
1026 4092 1040 4130 :
1075 4074 1299 4129 Omnem
1323 4076 1733 4147 prazscientiam
1756 4076 1855 4130 Dei

196 4165 730 4236 prcedestinalionem
781 4179 925 4229 esse;
955 4180 1090 4219 cum
1122 4162 1431 4219 manifeste
1464 4164 1609 4218 fides
1659 4167 1854 4218 teneat

200 4254 663 4327 omnipotentem
685 4252 869 4307 Deum
894 4252 1161 4324 praescire
1181 4251 1398 4317 omnia,
1426 4252 1482 4307 id
1505 4256 1595 4307 est
1625 4251 1778 4307 bona
1796 4257 1855 4307 et

201 4341 373 4399 mala:
400 4348 461 4399 et
484 4359 626 4415 qua:
658 4340 920 4397 facturus
952 4340 1077 4413 ipse
1099 4340 1193 4396 sit.
1217 4344 1275 4396 et
1296 4357 1423 4412 quae
1455 4341 1715 4396 facturus
1738 4357 1852 4395 non

201 4429 293 4497 sit;
320 4430 755 4504 pmdestinare
787 4433 984 4484 autem
1024 4445 1139 4485 non
1190 4428 1304 4485 nisi
1348 4428 1473 4485 sola
1520 4430 1691 4498 bona,
1726 4447 1852 4502 quae

200 4516 310 4591 ipse
339 4520 619 4577 facturus
641 4518 742 4586 sit,
765 4516 854 4573 vel
877 4517 1329 4574 misericorditer
1349 4517 1671 4585 libcrando,
1695 4523 1752 4573 et
1772 4535 1854 4574 re—
1885 4539 1929 4603 Β

202 4609 565 4663 munerando
597 4605 939 4673 electos,vel
962 4606 1124 4676 juste
1155 4608 1431 4677 reprobos
1459 4607 1850 4662 condemnan-

203 4694 436 4769 do,quia
458 4696 628 4769 quod
643 4696 878 4765 justum
901 4699 1010 4763 est,
1035 4694 1236 4766 utique
1252 4694 1470 4749 bonum
1491 4699 1598 4749 est.
1620 4695 1677 4749 Si
1697 4711 1853 4766 ergo,

196 4783 349 4854 juxta
380 4786 570 4841 istius
630 4783 1058 4851 definitionem,
1088 4782 1281 4839 omnis
1338 4783 1703 4854 praescientia
1757 4784 1855 4839 Dei

203 4873 640 4946 predestinatio
672 4876 782 4940 est,
806 4888 943 4945 ergo
964 4871 1162 4927 omnia
1193 4888 1318 4944 quae
1350 4871 1657 4943 prescivit,
1681 4872 1855 4926 etiam

204 4961 366 5029 mala,
398 4960 855 5035 praedestinavit
882 4976 945 5016 se
974 4977 1102 5016 esse
1142 4959 1455 5028 facturum,
1484 4961 1639 5031 quod
1670 4960 1854 5016 absit!

206 5049 337 5115 Quia
357 5049 521 5106 mala
552 5048 970 5105 tantummodo
996 5048 1300 5121 praescivit,
1326 5064 1431 5103 nec
1453 5065 1520 5104 ea
1544 5047 1661 5105 ullo
1689 5049 1860 5105 modo

206 5138 668 5211 predestinavit,
691 5138 833 5211 quia
862 5154 967 5194 nec
997 5137 1120 5210 ipse
1152 5154 1219 5193 ea
1247 5143 1372 5193 erat
1400 5137 1681 5205 facturus,
1709 5139 1865 5194 sicut

207 5228 389 5284 omnia
408 5245 548 5301 quae
583 5225 1043 5300 praedestinavit,
1066 5243 1256 5303 neque
1282 5230 1348 5281 ut
1376 5226 1578 5282 tierent
1606 5226 1729 5299 ipse
1750 5232 1863 5284 sta-

207 5318 306 5372 tuit
334 5323 438 5373 aut
467 5314 812 5390 prastinivit.

267 5406 560 5462 Similiter
594 5405 869 5461 secunda:
900 5403 1315 5477 propositionis
1342 5408 1518 5476 caput
1548 5421 1582 5459 a
1611 5405 1863 5460 falsitate

208 5492 428 5567 incipit;
458 5500 522 5552 et
552 5494 693 5549 ideo
723 5494 899 5550 etiam
941 5491 1193 5549 falsitate
1230 5491 1451 5549 finitur.
1477 5492 1628 5548 Dicit
1656 5493 1808 5548 enim
1846 5510 1858 5549 :

212 5580 417 5640 Omnem
444 5583 998 5656 prwdestinationem
1026 5581 1144 5647 Dei,
1185 5583 1408 5640 omnino
1436 5599 1550 5639 esse
1575 5599 1861 5654 praepara-

1949 1854 2130 1909 tertiae
2153 1855 2568 1927 propositionis
2592 1857 2777 1929 ponit,
2801 1857 3345 1916 Praedestinationem
3366 1862 3425 1915 in
3444 1860 3601 1917 donis

1947 1942 2157 2001 divina?
2189 1945 2459 2016 largitatis
2483 1962 2693 2018 semper
2724 1947 3136 2015 intelligendum
3167 1965 3298 2016 esse,
3333 1949 3604 2005 similiter

1949 2031 2166 2088 falsum
2199 2039 2323 2089 est:
2348 2034 2642 2091 invenitur
2668 2035 2847 2101 enim,
2871 2041 2929 2091 et
2946 2037 3228 2093 veraciter
3258 2036 3603 2111 intelligitur

1950 2139 2066 2177 non
2089 2121 2280 2178 solum
2313 2124 2370 2179 in
2395 2124 2599 2180 divinae
2622 2125 2929 2198 largitatis,
2955 2126 3055 2181 sed
3079 2126 3252 2181 etiam
3277 2126 3332 2180 in
3358 2127 3600 2197 judiciis

1939 2210 2115 2282 justas
2147 2213 2559 2269 damnationis.

2024 2303 2239 2367 Quarta
2259 2303 2386 2373 ejus
2417 2303 2757 2375 propositio,
2780 2320 2908 2376 qua:
2937 2304 3019 2359 ita
3048 2322 3109 2360 se
3138 2304 3314 2360 habet
3340 2321 3353 2361 :
3380 2305 3602 2363 Praede-

1949 2392 2177 2446 stinatos
2206 2390 2276 2445 ad
2300 2407 2517 2462 poenam
2567 2408 2600 2446 a
2646 2394 2923 2448 contrario
2969 2410 3185 2465 semper
3235 2395 3494 2464 intelligi,
3529 2396 3602 2451 ad

1952 2477 2113 2533 illam
2145 2479 2434 2534 insaniam
2469 2480 2720 2553 pertinet
2745 2481 2815 2535 de
2846 2499 2959 2551 qua
2990 2482 3261 2554 superius
3290 2484 3434 2539 satis
3464 2483 3605 2539 dixi-

1953 2583 2107 2634 mus,
2136 2584 2253 2638 qua
2280 2567 2402 2622 vult
2432 2573 2496 2622 ut
2539 2568 2936 2640 intelligamus
2963 2572 3395 2642 prtedestinatos,
3426 2572 3484 2628 id
3516 2577 3606 2629 est

1950 2671 2063 2710 non
2086 2656 2525 2727 praedestinatos.
2550 2658 2712 2723 Quod
2756 2661 2973 2726 autem,
2997 2659 3154 2714 velut
3194 2661 3441 2734 exempli
3470 2679 3602 2735 gra-

1952 2742 2054 2811 tia,
2094 2744 2615 2815 subjunxit25irut
2659 2746 2871 2812 electos,
2915 2764 3015 2818 pro
3061 2764 3173 2803 non
3217 2750 3431 2819 electis;
3459 2751 3605 2821 ﬁlios

1952 2832 2070 2899 Dei,
2102 2849 2199 2904 pro
2229 2850 2335 2888 non
2363 2835 2518 2905 ﬁliis,
2553 2834 2764 2890 melius
2806 2835 2863 2889 in
2905 2836 3171 2907 sequenti
3202 2837 3456 2908 capitulo
3487 2843 3603 2893 tra-

1954 2920 2229 2989 ctabitur,
2251 2922 2351 2976 ubi
2384 2922 2454 2977 de
2486 2922 2577 2977 his
2605 2922 2745 2993 quid
2770 2922 2893 2994 ipse
2914 2923 3128 2978 sentiat
3153 2924 3326 2980 latius
3347 2926 3599 2997 exponit.

1956 3008 2396 3065 Recordandum
2418 3014 2611 3065 tamen
2635 3014 2691 3065 et
2710 3012 3237 3082 recognoscendum
3257 3017 3345 3067 est
3366 3014 3601 3069 beatum

1953 3098 2528 3171 Augustinum,sicut
2544 3099 2813 3170 superius
2833 3098 3022 3170 posita
3034 3101 3162 3170 ejus
3178 3100 3349 3155 verba
3367 3102 3603 3158 demon-

1876 3173 1918 3239 C
1954 3185 2383 3253 strant,dixissc
2406 3185 2722 3258 aliquando
2749 3185 2808 3241 in
2833 3186 3148 3259 Scripturis
3179 3188 3601 3260 prmscientiam

1954 3275 2057 3331 Dei
2101 3274 2670 3347 praedestinationem
2723 3274 3055 3347 significare
3077 3276 3163 3347 (de
3188 3279 3333 3333 Dono
3358 3294 3526 3350 pers.,
3551 3295 3602 3335 c.

1955 3365 2065 3430 48).
2090 3365 2171 3419 Ex
2202 3364 2418 3436 quibus
2444 3363 2634 3419 verbis
2664 3363 2772 3418 iste
2804 3364 2960 3419 velut
2988 3366 3354 3421 occasionem
3381 3384 3497 3422 suae
3521 3385 3609 3423 ar-

1956 3453 2414 3527 gumentationis
2446 3470 2759 3509 assumens
2790 3458 2992 3509 contra
3017 3455 3145 3525 ejus
3166 3454 3606 3510 veracissimum

1956 3542 2371 3613 dictum,quod
2404 3541 2499 3597 ille
2526 3541 2843 3613 aliquando
2876 3541 2956 3597 ita
2984 3542 3182 3597 docuit
3202 3543 3411 3598 debere
3443 3542 3609 3598 intel-

1957 3630 2081 3703 ligi,
2108 3630 2219 3685 iste
2240 3630 2466 3685 addidit
2485 3647 2717 3698 omnem,
2746 3635 2801 3685 et
2824 3629 2957 3685 tulit
2980 3630 3298 3702 aliquando.
3322 3633 3507 3703 Atque
3529 3631 3610 3687 ita

1958 3720 2093 3775 fecit
2108 3719 2507 3775 deﬁnitionem
2529 3718 3206 3787 falsissimam,dicendo:
3228 3718 3451 3776 Omnem
3466 3736 3611 3792 prae-

1956 3809 2243 3863 scicntiam
2277 3809 2373 3863 Dei
2397 3806 2933 3879 prwdestinationem
2958 3822 3089 3862 esse.
3116 3808 3280 3874 Item,
3306 3807 3444 3879 quia
3475 3808 3607 3863 bea-

1957 3901 2055 3952 tus
2076 3896 2464 3969 Augustinus,
2483 3896 2633 3951 sicut
2650 3911 2828 3967 supra
2848 3894 3175 3967 posuimus,
3190 3895 3448 3951 definivit
3468 3913 3608 3969 pra:-

1959 3983 2413 4040 destinationem
2447 3983 2541 4038 Dei
2588 3983 3066 4055 praeparationem
3116 3986 3316 4057 gratiae
3365 4002 3493 4041 esse
3522 3985 3609 4053 (de

1958 4072 2220 4129 Prsedest.
2253 4072 2465 4139 Sanct.,
2489 4088 2538 4127 c.
2568 4072 2673 4143 10),
2699 4072 2853 4143 quod
2900 4074 3304 4128 tantummodo
3335 4074 3509 4143 juxta
3536 4072 3605 4126 il-

1960 4160 2076 4216 lius
2108 4177 2347 4217 sensum
2372 4161 2430 4215 in
2455 4164 2615 4232 parte
2644 4159 2959 4215 electorum
2985 4159 3350 4232 intelligitur,
3376 4159 3484 4215 iste
3510 4161 3607 4214 ad-

1960 4247 2133 4319 didit,
2159 4265 2391 4313 omnem,
2413 4251 2470 4303 et
2502 4246 2634 4303 fecit
2664 4246 3061 4303 deﬁnitionem
3090 4245 3487 4313 falsissimam,
3516 4246 3605 4301 di-

1962 4337 2189 4393 cendo:
2234 4336 2455 4393 Omnem
2502 4336 3043 4408 praedestinationem
3096 4337 3194 4390 Dei
3249 4336 3469 4390 omnino
3497 4351 3609 4390 esse

1958 4427 2421 4498 prwparationem
2449 4427 2665 4493 gratia}.

2576 4513 2805 4569 CAPUT
2844 4513 2988 4568 XIII.

2033 4604 2227 4659 Tertio
2259 4605 2481 4659 decimo
2512 4602 2765 4674 capitulo
2796 4602 2877 4656 ita
2907 4602 3064 4656 dicit.

2039 4693 2089 4747 1.
2124 4694 2361 4748 Electum
2387 4691 2592 4749 ludam
2627 4706 2726 4762 pro
2774 4705 2883 4745 non
2929 4691 3112 4758 electo,
3142 4698 3195 4746 et
3219 4691 3363 4761 ﬁlios
3390 4692 3486 4746 Dei
3508 4705 3609 4763 pro

1963 4798 2073 4838 non
2114 4780 2256 4851 ﬁliis
2298 4798 2333 4836 a
2370 4782 2643 4836 contrario
2689 4781 2911 4850 accipi:
2941 4781 3022 4834 sic
3066 4779 3209 4835 idem
3250 4781 3481 4850 amicus,
3512 4781 3611 4852 qui

1963 4886 2250 4941 nunquam
2280 4885 2384 4925 non
2411 4870 2593 4939 fuerat
2620 4868 2897 4923 inimicus.

2037 4963 2090 5015 2.
2125 4960 2349 5015 Frustra
2380 4958 2559 5030 ι]υὲιῖνί
2585 4956 2729 5027 ﬁlios
2750 4957 2849 5012 Dei
2871 4965 3077 5028 prwter
3101 4959 3220 5028 ejus
3247 4957 3434 5013 electos
3456 4976 3474 5011 :
3494 4958 3612 5027 fru-

1967 5057 2083 5106 stra
2107 5049 2300 5121 putari
2327 5047 2444 5119 ejus
2474 5047 2663 5101 electos
2686 5053 2890 5117 praeter
2917 5046 2985 5101 ab
3013 5063 3072 5101 eo
3096 5045 3525 5117 prsedestinatos.

2041 5140 2093 5194 3.
2127 5140 2259 5193 Item
2292 5137 2457 5208 impie
2482 5136 2672 5207 putari
2716 5135 3131 5206 pra’deslinatos
3176 5153 3209 5190 a
3258 5140 3367 5191 Deo
3412 5141 3615 5205 praeter

1970 5230 2085 5300 ejus
2113 5228 2324 5294 electos,
2357 5240 2689 5297 supervacue
2716 5226 2992 5281 {estimari
3036 5225 3227 5279 electos
3281 5225 3378 5279 Dei
3415 5228 3617 5293 prazter

1969 5318 2085 5389 ejus
2116 5316 2277 5387 ﬁlios,
2312 5331 2411 5370 nec
2438 5330 2550 5370 esse
2576 5312 3007 5385 prtedestinatos,
3030 5315 3081 5367 si
3100 5329 3207 5367 non
3230 5313 3341 5366 sint
3367 5311 3475 5382 ﬁlii
3499 5300 3614 5364 Dei.

2043 5405 2096 5458 4.
2130 5403 2555 5459 Proedestinatos
2585 5401 2655 5456 ad
2693 5416 2901 5471 pomus,
2926 5400 3006 5455 vel
3046 5401 3348 5465 interitum,
3370 5398 3455 5453 vel
3487 5414 3616 5469 sup-

1967 5493 2199 5566 plicium
2228 5493 2373 5546 nihil
2404 5489 2560 5545 aliud
2587 5487 2927 5544 sentiendum
2969 5489 3081 5542 nisi
3116 5502 3228 5541 non
3252 5486 3614 5557 praedestina-

1972 5589 2079 5651 tos;
2108 5581 2198 5638 sed
2227 5598 2261 5636 a
2290 5596 2470 5635 massa
2516 5578 2826 5633 damnabili
2852 5577 3042 5632 merito
3079 5575 3283 5646 peccati
3324 5575 3619 5644 originalis
