4024 6180
353 231 468 290 179

1463 231 1693 294 FLORI
1741 225 2056 292 DIACONI
2098 227 2672 293 LUGDUNENSIS.

3643 233 3757 298 180

345 371 506 438 atque
529 365 748 438 proprii
791 381 902 422 non
929 381 1040 423 esse
1067 371 1340 438 separatos
1371 384 1389 420 :
1420 365 1643 438 ideoque
1689 363 1856 435 impie
1912 363 1993 417 vi-
2023 361 2078 428 Α
2110 364 2306 418 menta
2335 365 2392 418 et
2421 361 2750 420 ministeria
2777 362 2994 420 divina.
3027 364 3131 420 sed
3175 362 3352 421 etiam
3383 361 3578 422 locum
3612 366 3758 440 regi-

345 471 470 511 vere
494 456 809 527 permissos,
837 464 1046 512 aeterno
1076 457 1198 528 igne
1227 453 1548 526 puniendos.

422 545 486 600 In
511 543 602 600 his
619 544 807 600 verbis
826 545 980 617 quod
1002 545 1081 600 ita
1100 543 1372 616 intelligit
1385 543 1600 599 Judam
1621 542 1773 598 inter
1787 541 2001 597 electos

353 632 648 706 apostolos
669 651 704 688 a
723 633 968 692 Domino
995 637 1501 700 connumeratum,
1530 632 1627 688 ubi
1663 632 1744 687 ait
1772 650 1785 687 :
1815 631 2003 686 Nonne

353 721 637 778 duodecim
681 739 770 778 vos
819 739 914 792 ego
962 723 1102 792 elegi
1127 723 1304 790 (Joan.
1335 739 1412 789 v1,
1434 720 1564 790 7|)?
1596 725 1658 776 ut
1689 719 1879 776 caeteri
1912 719 2000 774 in—

358 811 696 884 telligantur
723 827 852 865 vere
891 809 1076 878 electi,
1113 809 1209 866 ille
1260 827 1395 866 vero
1439 809 1596 865 velut
1627 827 1662 865 a
1690 808 2000 874 contrario,

360 901 418 956 id
451 904 538 956 est
567 917 668 971 per
697 899 965 967 ironiam,
995 897 1074 954 ita
1106 899 1183 954 sit
1212 899 1568 972 appellatus;
1602 898 1809 954 melius
1839 903 1927 955 est
1955 897 2004 954 si

361 989 442 1044 ita
461 987 798 1060 accipiatur,
823 991 889 1042 ut
909 987 1134 1044 Veritas
1154 1005 1354 1044 verum
1375 988 1593 1044 dixisse
1617 989 2008 1062 agnoscatur?

362 1082 428 1133 ut
449 1093 652 1132 omnes
673 1076 978 1132 duodecim
1001 1077 1166 1133 electi
1194 1094 1226 1132 a
1249 1077 1496 1132 Domino
1528 1094 1656 1134 esse
1685 1077 2009 1152 intelligan-

361 1171 494 1222 tur:
521 1166 619 1222 sed
643 1164 810 1221 aliter
831 1166 1040 1232 caeteri,
1063 1165 1230 1220 aliter
1248 1166 1452 1233 Judas,
1476 1166 1531 1221 id
1556 1171 1645 1222 est
1665 1165 1746 1222 illi
1774 1170 2010 1224 aterna-

361 1255 492 1311 liter
521 1255 591 1310 ad
627 1271 892 1326 regnum,
927 1255 1036 1310 iste
1069 1254 1468 1326 temporaliter
1487 1256 1559 1311 ad
1594 1255 2006 1313 ministerium.

359 1343 594 1400 Electus
625 1360 879 1416 namque
902 1345 972 1399 ad
1003 1347 1237 1416 tempus
1260 1343 1413 1399 inter
1433 1348 1671 1400 caeteros
1693 1347 1764 1401 ad
1785 1351 2012 1418 aposto-

360 1431 542 1490 licum
595 1431 1008 1500 ministerium,
1044 1433 1262 1488 missus
1293 1434 1362 1488 ad
1405 1433 1830 1505 pradicationis
1882 1435 2010 1490 offi-

362 1523 518 1578 cium
541 1539 554 1577 :
579 1520 800 1593 accepit
820 1520 997 1576 etiam
1020 1521 1261 1577 forsitan
1289 1523 1538 1596 gratiam
1559 1523 1972 1580 miraculorum
1995 1543 2010 1592 ;

365 1612 519 1667 unde
541 1614 598 1666 et
618 1610 823 1666 beatus
845 1609 1050 1666 Petrus
1071 1611 1130 1666 in
1151 1610 1391 1667 Actibus
1417 1611 1813 1684 apostolorum
1838 1614 1920 1670 sic
1943 1615 2013 1669 de

2110 451 2288 507 minis
2313 468 2325 505 :
2351 456 2525 524 atque
2555 455 2616 508 ta
2646 457 3002 509 monstraret
3026 453 3152 510 suis
3182 453 3512 526 exemplum
3544 455 3764 528 patien-

2110 539 2224 607 tiae,
2248 557 2424 612 quam
2469 541 2752 614 patienter
2791 541 3012 599 scilicet
3049 541 3326 622 toleraret
3374 543 3580 612 malos,
3615 545 3766 602 sicut

2111 628 2237 703 ipse
2265 629 2447 686 istum
2487 634 2544 685 et
2579 629 2880 686 verissime
2918 636 3176 702 noverat,
3199 636 3256 688 et
3287 631 3436 689 mira
3483 633 3764 706 patientia

2113 719 2424 786 tolerabat;
2460 735 2532 774 ne
2572 723 2850 792 putarent
2878 719 2997 776 veri
3029 720 3230 778 ﬁdeles
3256 721 3462 778 talium
3487 723 3766 780 societate

2114 825 2176 864 se
2197 807 2492 881 pollui,vel
2513 825 2712 864 eorum
2737 809 3216 882 ministeriaque:
3235 811 3557 867 secundum
3577 812 3765 868 Deum

2115 903 2272 966 sunt,
2301 898 2660 970 respuenda:
2683 898 2835 954 sicut
2865 915 2970 954 nec
2993 898 3146 954 beati
3169 899 3414 972 apostoli
3447 899 3608 957 illius
3633 903 3771 958 (icta

2117 987 2390 1044 societate
2438 985 2870 1058 polluebantur,
2904 1004 3010 1043 nec
3067 989 3196 1060 ejus
3255 987 3670 1060 ministerium,
3708 990 3766 1048 in

2118 1079 2404 1150 quantum
2436 1077 2760 1139 secundum
2793 1075 2976 1132 Deum
3009 1077 3202 1145 fiebat,
3227 1082 3316 1134 est
3345 1077 3768 1151 improbatum.

2119 1166 2383 1237 Cumque
2406 1180 2589 1236 usque
2607 1165 2678 1220 ad
2703 1164 3052 1238 proditionis
3071 1165 3293 1221 malum
3312 1167 3440 1240 ejus
3457 1167 3773 1227 infelicitas

2119 1253 2498 1328 pervenisset,
2532 1259 2652 1308 tam
2684 1269 2964 1326 magnum
2996 1253 3173 1310 unius
3201 1253 3511 1312 hominum
3542 1257 3772 1314 malum

2120 1342 2401 1398 convertit
2431 1343 2490 1398 in
2519 1342 2699 1397 totius
2722 1342 2928 1398 mundi
2954 1343 3195 1410 bonum,
3224 1344 3366 1400 dum
3390 1361 3492 1418 per
3515 1345 3625 1402 hoc
3654 1349 3774 1420 ipse

2119 1449 2279 1489 verus
2324 1433 2638 1488 immolatus
2694 1440 2771 1488 est
2827 1431 3030 1504 Agnus,
3061 1435 3158 1505 qui
3214 1433 3442 1490 abstulit
3492 1443 3777 1506 peccatum

2121 1521 2349 1578 mundi:
2379 1525 2555 1594 atque
2585 1520 2666 1576 ita
2711 1520 2772 1576 in
2803 1525 3032 1577 tantum
3065 1522 3211 1578 bene
3242 1522 3432 1578 bonus
3481 1523 3776 1581 Dominus

2124 1628 2259 1666 eum
2281 1610 2453 1683 elegit
2473 1610 2545 1664 ad
2577 1609 2890 1674 bonum,ut
2911 1613 2967 1666 et
2986 1611 3140 1666 bona
3161 1628 3268 1666 sua
3291 1609 3378 1666 illi
3409 1613 3776 1683 concederet,

365 1717 432 1756 eo
453 1698 748 1772 loquitur:
774 1698 1218 1770 Quandoquidem
1239 1709 1661 1757 connumeratus
1685 1711 1803 1758 erat
1833 1705 1889 1758 in
1921 1720 2014 1758 no-
2044 1731 2092 1796 Β
2123 1702 2179 1755 et
2209 1699 2363 1755 mala
2391 1698 2550 1754 illius
2581 1699 2639 1754 in
2672 1703 2940 1756 nostrum
2972 1699 3192 1756 bonum
3215 1703 3782 1771 commutaret.Quia

369 1790 471 1854 bis,
494 1796 542 1844 et
569 1789 790 1843 sortitus
818 1797 896 1843 est
924 1796 1123 1844 sortem
1159 1791 1459 1844 ministerii
1485 1791 1648 1863 hujus
1679 1791 1812 1862 (Act.
1838 1809 1876 1858 ι,
1903 1793 2012 1860 17).

366 1877 595 1933 Etcum
629 1877 978 1933 statuissent
1004 1878 1173 1945 duos,
1203 1882 1258 1934 et
1291 1882 1523 1934 orarent
1553 1882 1617 1934 ut
1645 1879 1798 1934 Deus
1827 1884 2018 1937 osten-

370 1965 531 2020 deret
559 1963 690 2037 quis
714 1982 782 2021 ex
807 1966 890 2020 eis
920 1965 978 2020 in
1013 1965 1204 2022 locum
1229 1981 1404 2037 quem
1435 1965 1559 2038 ipse
1590 1968 2016 2040 praevaricando

370 2055 665 2122 amiserat,
698 2053 974 2110 constitui
1017 2054 1270 2122 deberet,
1304 2053 1385 2109 ita
1421 2055 1818 2128 supplicantes
1857 2058 2016 2112 dixe-

370 2149 508 2200 runt
541 2161 554 2199 :
591 2145 664 2200 Tu
700 2145 858 2210 Deus,
888 2145 987 2215 qui
1037 2143 1201 2199 corda
1255 2145 1401 2199 nosti
1450 2143 1752 2211 hominum,
1800 2146 2018 2202 ostende

371 2250 528 2306 quem
555 2234 780 2305 elegeris
799 2249 869 2288 ex
897 2233 983 2287 his
1003 2232 1210 2287 duobus
1232 2233 1475 2304 accipere
1491 2241 1691 2288 sortem
1719 2235 2020 2290 ministerii

371 2323 534 2394 hujus
563 2329 614 2378 et
641 2321 988 2393 apostolatus,
1011 2321 1076 2375 de
1118 2337 1222 2392 quo
1267 2323 1664 2392 praevaricatus
1708 2330 1786 2378 est
1827 2323 2014 2391 ludas,

368 2419 432 2467 ut
457 2411 636 2466 abiret
665 2412 728 2465 in
758 2411 935 2465 locum
961 2426 1123 2464 suum
1155 2409 1335 2482 (Ibid.,
1358 2411 1448 2476 24,
1479 2412 1588 2482 25).
1622 2411 1704 2466 Ita
1735 2428 1872 2484 ergo
1903 2411 2017 2466 ele-

371 2505 500 2556 ctus
530 2504 653 2554 erat
685 2516 718 2554 a
749 2498 1013 2564 Domino,
1035 2502 1103 2553 ut
1139 2498 1447 2570 temporali
1487 2500 1741 2570 quadam
1781 2500 2017 2572 dispen-

371 2589 596 2645 satione
635 2589 1090 2660 conjungeretur
1127 2585 1426 2659 apostolis,
1451 2591 1506 2642 et
1546 2588 1852 2644 sortiretur
1881 2606 2017 2645 cum

370 2678 454 2734 eis
487 2681 699 2734 sortem
739 2675 1046 2731 ministerii
1076 2679 1132 2730 et
1161 2674 1562 2747 apostolatus:
1587 2675 1668 2732 ita
1699 2681 1765 2731 ut
1791 2677 1862 2732 de
1891 2677 2018 2750 ipso

371 2767 554 2840 gradu
589 2764 905 2838 apostolico
936 2765 1168 2820 dicatur
1213 2781 1340 2820 esse
1388 2765 1828 2836 przevaricatus;
1863 2767 2018 2839 quod

371 2859 568 2910 tamen
591 2853 874 2909 Dominus
897 2871 1014 2908 non
1039 2852 1188 2921 fecit,
1205 2853 1372 2924 quasi
1398 2853 1638 2925 ignarus
1666 2853 2017 2923 futurorum,

373 2944 472 3016 qui
505 2959 738 3015 semper
769 2945 1001 2998 noverat
1029 2943 1090 2996 in
1128 2945 1342 2997 aeterna
1391 2959 1498 2996 sua
1548 2944 1931 3014 praiscientia,
1965 2949 2024 3002 et

375 3037 714 3088 ceterorum
745 3031 1139 3104 apostolorum
1164 3031 1800 3104 perseverantissimam
1824 3033 2018 3104 ﬁdem,

379 3125 436 3178 et
462 3121 623 3177 illius
671 3138 895 3189 casum,
931 3125 986 3175 et
1018 3120 1248 3176 ruinam
1297 3121 1554 3176 futuram
1588 3137 1602 3176 :
1637 3121 1790 3178 sicut
1821 3123 2026 3180 beatus

377 3211 632 3266 Joannes
665 3207 1032 3281 Evangelista
1059 3207 1258 3264 dicens
1300 3211 1548 3264 testatur
1581 3225 1592 3264 :
1625 3210 1839 3266 Sciebat
1876 3214 2026 3268 enim

377 3301 446 3355 ab
477 3299 637 3354 initio
663 3299 836 3364 Iesus,
859 3299 957 3370 qui
983 3305 1156 3352 essent
1181 3296 1474 3362 credentes,
1496 3305 1548 3352 et
1574 3300 1697 3369 quis
1727 3299 2026 3356 traditurus

375 3395 509 3444 esset
531 3404 655 3444 eum
679 3386 852 3458 (Ioun.
875 3403 951 3452 vx,
973 3385 1086 3456 65).
1107 3385 1270 3440 Unde
1304 3389 1360 3440 et
1395 3385 1518 3458 ipse
1561 3385 1863 3457 Dominus,
1888 3405 2020 3444 cum

377 3476 619 3532 dixisset
635 3475 778 3530 illud
797 3475 948 3546 quod
970 3492 1147 3546 supra
1163 3478 1687 3530 commemoratum
1705 3480 1793 3532 est
1809 3493 1820 3531 :
1837 3477 2025 3534 Nonne

375 3566 655 3622 duodecim
669 3581 758 3622 vos
777 3566 948 3636 elegi?
961 3564 1144 3636 (lbid.,
1157 3564 1272 3635 71.)
1295 3569 1574 3636 tanquam
1593 3581 1721 3621 vere
1747 3567 2023 3638 praescius

377 3655 730 3716 futurorum.
755 3654 953 3708 statim
977 3652 1281 3725 subjunxit
1305 3669 1317 3709 :
1340 3655 1405 3708 Et
1431 3669 1575 3710 unus
1617 3671 1686 3709 ea:
1724 3656 1873 3710 vobis
1901 3656 2020 3712 dia-

378 3744 533 3800 bolus
561 3751 656 3799 est.
680 3742 839 3806 Quod
866 3741 1231 3815 Evangelista
1249 3758 1545 3814 exponens
1563 3743 1634 3797 de
1655 3760 1770 3816 quo
1791 3743 2020 3812 dixerit,

377 3832 602 3888 addidit
657 3831 980 3886 continuo:
1027 3831 1248 3886 Dicebat
1301 3839 1484 3886 autem
1535 3831 1738 3887 Iudam
1787 3833 2025 3889 Simonis

378 3923 668 3978 Iscarioten
695 3939 712 3975 :
744 3920 834 3975 hic
859 3922 1006 3974 enim
1043 3927 1161 3975 erat
1187 3920 1492 3976 traditurus
1543 3937 1692 3986 eum,
1721 3937 1846 3976 cum
1891 3931 2024 3978 esset

377 4027 521 4065 unus
549 4027 619 4066 ea:
663 4008 946 4064 duodecim
975 4007 1132 4074 (Ibid.
1167 4008 1276 4079 72).
1302 4007 1550 4063 Noverat
1601 4008 1778 4064 etiam
1827 4008 2023 4066 locum

377 4097 770 4154 damnationis
801 4097 930 4168 ejus
961 4097 1018 4151 in
1050 4095 1356 4168 suppliciis
1379 4095 1877 4169 sempiternis,qui
1910 4115 2024 4153 me-

377 4187 486 4244 rito
519 4185 840 4260 impietatis
869 4202 988 4240 suae
1011 4185 1198 4240 fuerat
1219 4183 1548 4240 destinatus
1573 4189 1630 4240 et
1655 4186 2025 4258 praedestina-

375 4282 492 4334 tus.
518 4277 681 4332 Unde
709 4279 766 4331 et
796 4275 868 4330 ab
911 4273 1191 4346 apostolis
1243 4273 1467 4329 dictum
1515 4278 1602 4328 est
1627 4291 1638 4329 :
1669 4277 1732 4332 Ut
1755 4275 1932 4332 abiret
1961 4279 2021 4332 in

375 4367 553 4423 locum
568 4381 729 4419 suum
753 4364 885 4435 (Act.
912 4378 951 4429 ι,
973 4365 1085 4429 25).
1112 4361 1176 4416 Et
1197 4361 1321 4432 ipse
1351 4361 1637 4417 Dominus
1666 4361 1778 4418 ait:
1813 4365 1904 4421 Vae
1923 4365 2016 4420 ho-

2126 1789 2283 1862 quod
2305 1788 2716 1860 praevaricatus
2731 1789 3001 1860 est,quod
3025 1791 3216 1861 periit,
3235 1807 3352 1846 suae
3375 1791 3608 1848 malitias
3633 1793 3780 1864 fuit;

2127 1878 2280 1951 quod
2313 1881 2506 1932 autem
2539 1876 2690 1934 inter
2737 1877 2920 1933 bonos
2968 1875 3186 1934 electus
3217 1883 3324 1946 est,
3349 1879 3627 1938 bonitatis
3657 1881 3785 1938 Do-

2128 1964 2292 2021 mini.
2335 1965 2394 2022 Si
2435 1965 2856 2038 permansisset
2884 1965 2942 2021 in
2978 1965 3256 2035 bonitate,
3283 1967 3437 2024 sicut
3463 1969 3785 2043 Apostolus

2127 2055 2208 2110 ait
2232 2073 2244 2110 :
2273 2055 2400 2110 Vide
2425 2071 2551 2124 ergo
2583 2055 2876 2111 bonitatem
2904 2063 2954 2112 et
2973 2058 3306 2113 severitatem
3319 2059 3448 2125 Dei;
3471 2061 3530 2114 in
3549 2075 3638 2116 eos
3657 2063 3786 2132 qui-

2125 2144 2247 2199 dem
2273 2145 2370 2215 qui
2410 2143 2718 2198 ceciderunt
2762 2145 3118 2209 severitatem,
3153 2147 3212 2200 in
3242 2153 3292 2202 te
3335 2155 3514 2203 autem
3561 2149 3784 2205 bonita-

2127 2240 2250 2298 tem,
2287 2233 2340 2288 si
2368 2235 2738 2304 permanseris
2769 2235 2828 2288 in
2857 2232 3092 2290 bonitate
3123 2235 3304 2306 (Rom.
3338 2252 3415 2300 xu,
3446 2239 3559 2306 22).
3583 2238 3785 2304 Quan-

2127 2325 2254 2376 tum
2277 2336 2414 2393 ergo
2431 2321 2502 2376 ad
2521 2320 2840 2393 temporale
2855 2321 3224 2394 apostolatus
3240 2323 3626 2381 ministerium
3648 2327 3792 2381 atti-

2129 2410 2332 2478 net,de
2355 2426 2468 2481 quo
2490 2409 2774 2464 Dominus
2804 2414 2942 2466 tunc
2969 2410 3334 2484 loquebatur,
3360 2431 3492 2468 cum
3519 2413 3742 2471 diceret
3770 2433 3786 2471 :

2128 2499 2316 2554 Nonne
2347 2499 2628 2554 duodecim
2659 2487 2750 2554 uos
2774 2500 2950 2570 elegi?
2971 2501 3144 2572 (Joan.
3170 2519 3247 2570 v1,
3269 2503 3382 2571 71.)
3403 2507 3554 2558 Bene
3585 2508 3791 2576 potest

2130 2585 2240 2642 dici
2273 2591 2328 2642 et
2358 2587 2466 2642 iste
2496 2585 2648 2642 inter
2679 2591 2914 2642 cmteros
2947 2587 3185 2645 electus.
3212 2593 3506 2657 Quantum
3535 2607 3669 2646 vero
3705 2592 3791 2648 ad

2131 2680 2404 2731 aeternam
2436 2675 2813 2730 beatitudinis
2853 2675 3214 2743 electionem,
3241 2677 3326 2734 illi
3376 2681 3795 2736 tantummodo

2131 2764 2296 2820 electi
2332 2767 2517 2831 erant,
2541 2765 2612 2820 de
2644 2764 2860 2837 quibus
2898 2767 3032 2821 cum
3064 2765 3216 2822 inter
3245 2767 3424 2824 istum
3455 2774 3514 2824 et
3543 2767 3675 2824 illos
3705 2769 3799 2825 1⁵8.-
3876 2809 3878 2811 ›

2131 2857 2283 2908 ceret
2313 2851 2768 2920 distinctionem,
2794 2853 2874 2908 ait
2897 2871 2910 2909 :
2945 2854 3062 2910 Non
3090 2855 3155 2911 de
3181 2859 3435 2912 omnibus
3466 2859 3614 2913 vobis
3633 2857 3790 2924 dico,

2129 2959 2225 3013 ego
2251 2944 2364 2998 scio
2393 2959 2522 3013 quos
2549 2943 2807 3012 elegerim
2830 2944 3006 3015 (Joan.
3038 2961 3158 3012 xm,
3186 2946 3295 3012 18).

2203 3033 2389 3103 Atque
2418 3030 2500 3085 ita
2531 3031 2676 3087 bene
2699 3035 2756 3087 et
2784 3048 2915 3087 vere
2959 3036 3152 3104 potest
3198 3031 3442 3108 intelligi
3474 3035 3693 3090 dictum
3727 3040 3797 3091 et

2133 3121 2408 3193 adjuncto
2439 3120 2626 3176 Juda:
2654 3123 2846 3177 Non-ne
2862 3121 3145 3178 duodecim
3175 3139 3262 3178 vos
3291 3123 3461 3195 eligi?
3487 3127 3542 3179 et
3571 3122 3670 3180 illo
3695 3141 3794 3180 se-

2133 3214 2368 3281 gregate
2400 3213 2680 3282 tanquam
2734 3211 3014 3282 reprobo:
3041 3213 3160 3280 Ego
3203 3214 3312 3267 scio
3343 3229 3474 3284 quos
3502 3213 3790 3284 clegerim.

2133 3298 2247 3352 Nec
2279 3313 2514 3354 necesse
2543 3303 2631 3354 est
2659 3315 2690 3354 e
2721 3299 3009 3356 contrario
3040 3299 3244 3374 accipi.
3270 3301 3430 3368 Quod
3464 3305 3795 3375 utrumque

2131 3404 2332 3442 verum
2373 3387 2619 3442 evidenti
2677 3388 2900 3443 ratione
2955 3392 3361 3444 monstratur:
3395 3388 3478 3444 sic
3527 3408 3794 3465 namque

2133 3475 2306 3530 etiam
2331 3476 2402 3530 de
2425 3475 2598 3532 Saulc
2620 3475 2903 3548 scriptum
2922 3481 3030 3546 est,
3050 3493 3180 3531 cum
3205 3480 3362 3532 esset
3383 3477 3688 3552 eligendus
3707 3481 3791 3536 ad

2135 3563 2500 3636 regnumcui
2524 3565 2582 3619 in
2609 3564 2810 3619 multis
2833 3564 2994 3620 utilis
3016 3569 3141 3621 erat
3172 3567 3404 3621 futurus
3427 3567 3582 3638 quod
3605 3567 3793 3626 etiam

2135 3651 2279 3707 forte
2307 3651 2526 3707 electus
2558 3651 2796 3724 accepit,
2819 3651 3043 3708 dicente
3066 3652 3369 3725 Scriptura
3392 3671 3406 3710 :
3436 3656 3578 3711 Erat
3605 3659 3694 3711 uir
3718 3656 3795 3714 de

2133 3740 2280 3796 tribu
2329 3741 2618 3812 Benjamin
2667 3741 2924 3796 vocabulo
2981 3741 3118 3796 Saul
3172 3741 3386 3810 electus,
3417 3751 3470 3798 et
3511 3745 3702 3812 bonus,
3735 3751 3798 3803 et

2131 3847 2239 3885 non
2270 3837 2388 3885 erat
2415 3829 2480 3884 de
2506 3829 2640 3900 filiis
2681 3830 2850 3885 Israel
2891 3831 3088 3886 melior
3129 3831 3226 3886 illo
3252 3831 3296 3904 (I
3323 3833 3448 3904 Reg.
3473 3849 3550 3898 1x,
3571 3834 3650 3903 2).
3675 3834 3792 3898 Qui

2131 3924 2326 3974 tamen
2361 3921 2562 3989 postea
2593 3917 2994 3974 infelicissima
3035 3919 3380 3992 reprobatus
3411 3924 3468 3976 et
3519 3921 3792 3992 abjeetus

2133 4006 2322 4081 periit.
2346 4007 2416 4062 Et
2441 4011 2636 4061 tamen
2695 4007 2766 4061 ad
2819 4010 3050 4078 tempus
3093 4008 3240 4064 bene
3270 4009 3342 4064 ad
3397 4009 3789 4082 temporalem

2133 4097 2451 4170 quamdam
2499 4093 2660 4168 regni
2709 4095 3019 4151 utilitatem
3069 4095 3292 4152 electus
3323 4097 3560 4164 dicitur,
3594 4085 3696 4171 qui
3727 4105 3792 4156 et

2133 4184 2375 4259 mystica
2397 4184 2689 4248 unctione,
2705 4187 2761 4239 et
2781 4184 2956 4240 sortis
2987 4183 3285 4254 electione,
3311 4202 3412 4258 per
3433 4187 3788 4259 prophetam

2131 4278 2398 4329 sanctum
2433 4271 2531 4326 Dei
2555 4271 2768 4344 populo
2798 4271 3092 4344 przelatus.
3117 4272 3226 4328 Ubi
3257 4277 3450 4329 autem
3481 4273 3790 4348 Scriptura

2127 4359 2461 4434 evangelica
2503 4359 2832 4431 specialiter
2863 4359 3048 4416 filium
3096 4361 3359 4417 nominet
3403 4362 3642 4430 Judam,
3673 4380 3788 4421 nos

375 4456 516 4510 mini
533 4455 642 4518 illi,
652 4469 752 4525 per
769 4467 926 4524 quem
945 4451 1122 4506 Filius
1139 4451 1377 4504 hominis
1403 4450 1674 4505 trudetur:
1695 4450 1892 4506 bonum
1907 4462 2026 4510 erat
2055 4459 2100 4524 D
2134 4451 2374 4506 minime
2404 4449 2673 4522 legimus.
2701 4451 2858 4515 Quod
2897 4451 3051 4505 enim
3085 4451 3368 4507 Dominus
3397 4453 3470 4508 de
3498 4453 3786 4524 apostolis

373 4551 424 4598 et
451 4544 502 4595 si
528 4550 692 4596 natus
721 4557 831 4595 non
867 4541 1059 4611 fuisset
1096 4538 1251 4593 homo
1292 4538 1386 4592 ille
1409 4538 1614 4606 (Matth.
1639 4555 1789 4605 xxvr,
1811 4539 1922 4611 24).
1949 4542 2018 4596 Et

371 4634 567 4686 tamen
600 4627 782 4684 voluit
811 4645 967 4694 eum,
995 4631 1057 4682 ut
1087 4625 1309 4682 dictum
1336 4631 1444 4694 est,
1471 4627 1540 4681 ad
1574 4630 1806 4699 tempus
1845 4628 2018 4683 mini-

373 4717 584 4774 terium
619 4720 675 4771 et
703 4715 896 4770 locum
937 4714 1298 4788 apostolatus
1337 4715 1617 4787 accipere,
1644 4719 1729 4780 ut,
1758 4733 1892 4772 cum
1921 4717 2018 4774 ille

374 4804 525 4862 male
547 4804 768 4860 abusus
791 4803 999 4858 fuisset
1020 4807 1182 4858 tanta
1193 4803 1421 4858 Domini
1450 4804 2019 4871 bonitate,Dominus

373 4914 402 4952 ρ
434 4891 724 4950 contrario
755 4892 900 4948 bene
935 4895 1193 4946 uteretur
1223 4908 1434 4965 magno
1465 4893 1594 4964 ejus
1624 4893 1779 4949 malo
1809 4895 1882 4950 ad
1914 4911 2015 4950 no-

374 4987 560 5041 strum
585 4998 864 5055 magnum
882 4980 1360 5036 bonumzdocens
1385 4979 1484 5036 tali
1502 4981 1766 5054 exemplo
1790 4983 2015 5039 futuros

374 5073 432 5128 in
465 5069 718 5127 Ecclesia
749 5085 856 5125 sua
877 5067 1062 5124 malos
1092 5069 1395 5136 admistos,
1421 5068 1577 5124 sicut
1605 5074 1662 5124 et
1692 5070 1800 5126 iste
1827 5069 1887 5125 in
1918 5070 2016 5126 illa

369 5166 510 5218 tunc
540 5159 814 5216 societate
838 5157 1236 5231 apostolorum
1260 5157 1332 5212 ad
1353 5161 1586 5228 tempus
1611 5157 1822 5214 mistus
1846 5163 2016 5226 est,ct
2040 5213 2047 5220 .

371 5248 906 5306 communicaturos
944 5264 1077 5301 cum
1128 5244 1387 5301 Ecclesia
1415 5261 1530 5298 non
1581 5245 1770 5302 solum
1821 5265 2012 5304 sacra-

2127 4539 2387 4596 aitzNon
2413 4547 2638 4610 possunt
2678 4539 2790 4608 ﬁlii
2835 4541 3020 4610 sponsi
3057 4540 3336 4610 jejunare,
3361 4540 3608 4613 quandiu
3653 4559 3790 4598 cum

2127 4630 2261 4701 ipsis
2289 4635 2366 4683 est
2395 4643 2624 4698 sponsus
2651 4629 2801 4696 (Luc.
2825 4644 2880 4692 v,
2902 4627 2992 4697 3.5)
3020 4643 3032 4682 :
3059 4626 3221 4682 nulla
3250 4629 3568 4685 necessitas
3601 4629 3782 4704 cogit,

2127 4722 2191 4772 ut
2216 4733 2330 4772 non
2362 4715 2537 4771 etiam
2568 4715 2723 4771 Juda
2747 4719 2981 4788 excepto
3011 4716 3081 4772 de
3112 4715 3336 4773 caeteris
3367 4719 3784 4775 tantummodo

2125 4806 2346 4862 dictum
2382 4809 2534 4860 recte
2562 4803 2805 4877 intelligi
2839 4803 3043 4877 possit.
3070 4805 3153 4860 Ad
3184 4821 3332 4878 quos
3362 4805 3566 4878 utique
3596 4805 3780 4872 solos,

2125 4895 2356 4966 illojam
2376 4891 2620 4965 perdito,
2636 4891 2776 4948 illud
2797 4893 3049 4964 pertinet
3063 4895 3216 4966 quod
3232 4893 3518 4950 Dominus
3535 4895 3784 4966 subjun-

2123 4983 2226 5058 git,
2263 4981 2465 5037 dicens
2489 4999 2502 5036 :
2534 4983 2750 5037 Venient
2779 4989 2960 5038 autem
2987 4981 3102 5038 dies
3131 4999 3254 5038 cum
3283 4985 3568 5054 auferetur
3597 4984 3666 5038 ab
3697 4986 3780 5040 eis

2121 5087 2368 5138 sponsus,
2399 5078 2450 5125 et
2480 5077 2596 5124 tum
2613 5071 2948 5142 jejunabunt
2977 5071 3038 5125 in
3077 5071 3192 5126 illis
3233 5070 3422 5127 diebus
3451 5071 3632 5140 (Ibid.,
3656 5073 3774 5143 35).

2123 5160 2232 5216 Sed
2256 5159 2304 5214 si
2325 5159 2459 5230 quis
2479 5159 2653 5214 etiam
2673 5157 2868 5230 ipsum
2889 5157 3104 5214 Judam
3128 5159 3187 5214 in
3211 5159 3303 5215 his
3324 5159 3518 5215 verbis
3540 5159 3778 5216 Domini

2121 5248 2272 5302 inter
2303 5245 2450 5300 ﬁlios
2490 5245 2614 5300 vult
2663 5244 2908 5317 intelligi
2961 5246 3305 5318 deputatum
3333 5246 3430 5318 (α),
3464 5247 3779 5303 manifeste

1349 5350 1563 5404 ΝΟΤᾸΞ
1603 5351 1941 5410 DUVALLII
1981 5352 2334 5411 DOCTORIS
2374 5350 2775 5407 SORBONICI.

437 5443 510 5515 (α)
543 5443 719 5515 Docet
743 5439 1176 5515 Judam_filiu_m
1209 5439 1388 5515 fuisse
1426 5442 1662 5515 propter
1696 5440 2006 5511 aliqualem

364 5510 538 5570 fidem
562 5513 619 5568 in
642 5513 938 5570 Christum
960 5510 1295 5580 Dominum,
1315 5513 1371 5564 et
1390 5510 1654 5565 eamdem
1677 5510 2005 5570 sacramen-

2115 5447 2307 5500 torum
2339 5438 2864 5514 participationem.
2889 5442 2970 5498 Ex
2992 5442 3256 5514 quoidua:
3285 5445 3629 5514 aovatorum
3661 5438 3777 5496 hai-

2115 5531 2271 5570 reses
2305 5509 2646 5568 refelluntur
2679 5528 2691 5567 :
2725 5511 2881 5582 prior
2929 5509 3048 5586 qua
3091 5513 3298 5570 dicunt
3347 5511 3668 5569 Ecclesiam
3701 5527 3772 5568 ex
