4024 6180
301 249 427 330 183,

1407 249 1635 314 FLOBI
1677 247 1994 311 DlAGONI
2037 249 2612 314 LUGDUNENSIS.

3602 243 3714 309 ιει

301 379 454 440 sicut
499 378 624 454 ipse
668 376 982 452 Apostolus
1033 378 1114 436 ait
1160 381 1337 450 (Rom.
1369 394 1451 447 1x,
1488 382 1604 449 22),
1651 387 1838 452 aptata
1887 382 1948 443 in
1979 384 2028 452 Α
2061 380 2214 438 sicut
2243 381 2303 438 in
2335 381 2531 438 Graeco
2562 381 2832 448 habetur,
2862 379 2936 438 ab
2966 397 3033 438 eo
3065 379 3359 454 positum;
3393 379 3520 454 ipso
3561 378 3717 435 enim

301 471 618 528 interilum:
636 467 776 538 sive,
802 471 867 524 ut
897 467 996 544 alii
1025 468 1474 537 transtulerunt,
1505 471 1744 540 perfecta
1776 471 1834 524 in
1866 471 1961 524 in-

305 562 524 618 teritum
559 578 576 614 :
603 562 660 614 et
692 574 798 614 suo
828 557 1098 614 videlicet
1129 557 1433 625 merito,et
1453 559 1617 629 justo
1647 557 1844 614 divino
1867 559 1963 629 ju-

310 649 484 706 dicio.
1316 695 1320 699 .

384 739 464 794 De
494 736 710 809 quibus
741 751 874 790 cum
907 734 1014 790 iste
1041 733 1378 805 dicatzouod
1411 737 1466 790 in
1498 752 1679 791 massa
1701 735 1963 791 damnata

313 845 383 884 ex
407 826 701 896 originalis
719 827 926 898 peccati
935 826 1128 879 merito
1155 827 1268 880 sint
1293 825 1542 880 derelicti
1558 833 1610 880 et
1629 825 1772 880 male
1788 826 1964 880 vivere

311 917 592 990 permissi,
621 921 672 970 et
699 913 768 968 ad
810 922 1115 968 extremum
1160 921 1364 970 aeterno
1415 916 1541 982 igne
1582 914 1871 986 plectendi,
1909 917 1966 969 et

309 1007 435 1078 jam
468 1003 671 1059 nolens
703 1007 758 1056 et
788 1001 1192 1057 contradicens
1223 1001 1368 1057 nihil
1401 1002 1558 1057 aliud
1603 1003 1743 1057 dicit
1785 1019 1963 1075 quam

317 1094 510 1150 divino
540 1109 638 1148 eos
661 1090 884 1162 judicio
915 1095 1128 1146 aaterno
1161 1091 1291 1162 igne
1323 1091 1788 1162 praedestinatos.
1817 1091 1962 1149 Nam

315 1183 366 1240 si
397 1197 593 1238 massa
613 1179 713 1236 illa
734 1183 854 1236 tota
875 1180 1148 1235 damnata
1168 1185 1275 1250 est,
1292 1179 1491 1252 utique
1506 1181 1670 1252 justo
1688 1181 1787 1237 Dei
1801 1181 1962 1253 judi-

314 1272 401 1328 cio
431 1275 518 1326 est
547 1270 956 1336 condemnata,
991 1273 1048 1323 et
1081 1269 1478 1325 condemnata
1508 1269 1635 1326 sine
1683 1269 1861 1326 dubio
1891 1270 1964 1326 ad

312 1365 587 1417 aeternam
620 1357 1002 1431 perditionem
1033 1361 1208 1430 atque
1239 1357 1790 1431 supplicium.Quod
1821 1359 1964 1432 quid

314 1453 404 1506 est
428 1449 588 1504 aliud
617 1463 794 1519 quam
825 1445 977 1502 hanc
1007 1447 1275 1502 eamdem
1295 1464 1552 1504 massam
1584 1447 1777 1504 divino
1801 1448 1964 1519 judi-

315 1538 404 1595 cio
434 1538 714 1612 damnata
741 1551 870 1592 esse
899 1536 971 1590 ad
1019 1534 1322 1591 interitum
1375 1536 1802 1610 sempiternum
1823 1537 1850 1592 ‘l
1880 1537 1966 1596 Ita

317 1627 461 1682 dum
507 1625 736 1681 veritati
779 1623 1049 1680 resistere
1107 1629 1370 1692 conatur,
1425 1625 1617 1698 ipsam
1664 1625 1964 1682 veritatem

2071 471 2348 538 sermo,id
2380 476 2469 528 est
2497 471 2758 536 πρῶρισεν,
2789 470 2966 528 etiam
2997 469 3092 527 hic
3126 469 3342 544 legitur
3386 470 3446 525 in
3497 469 3716 537 Graec,

2070 559 2170 615 ubi
2202 559 2299 616 ille
2329 559 2526 632 posuit
2557 577 2571 616 :
2607 560 2740 628 Quae
2768 575 2966 615 manus
2995 566 3112 625 tua,
3139 568 3192 615 et
3235 559 3531 615 comitium
3563 573 3720 630 pra!-

2069 648 2361 705 dcstinavit
2384 649 2526 720 ﬁeri.
2563 648 2669 715 Qui
2719 649 2897 704 etiam
2928 648 2988 702 in
3020 647 3275 720 Epistola
3304 647 3378 702 ad
3425 647 3722 702 Romanos

2071 737 2264 794 Graece
2294 737 2616 806 invenitur,
2659 737 2760 793 ubi
2804 736 3118 810 Apostolus
3170 737 3298 792 ait:
3349 739 3492 806 Quos
3539 743 3724 792 autem

2067 827 2500 899 pra'destinavit,
2531 829 2627 884 hos
2653 835 2704 883 et
2747 828 2955 882 vocavit
2983 829 3162 895 (Rom.
3193 843 3315 894 vm,
3346 826 3458 897 30).
3491 825 3572 880 Ex
3604 841 3721 897 quo

2072 915 2453 972 manifestum
2483 921 2570 971 est
2584 916 2852 972 eumdem
2869 915 3130 972 Grecum
3143 931 3474 971 sermonem
3491 913 3726 987 proprie

2070 1003 2131 1060 in
2165 1005 2440 1060 Latinum
2473 1003 2842 1077 interpretari
2859 1003 3308 1076 praedestinavit:
3321 1020 3491 1076 posse
3521 1009 3721 1060 autem

2072 1093 2441 1166 interpretari
2472 1094 2542 1149 ad
2569 1110 2810 1150 sensum
2843 1093 3020 1150 etiam
3047 1092 3300 1159 decrevit,
3329 1091 3448 1148 sive
3471 1094 3726 1165 prae/ini-

2071 1185 2166 1250 vit,
2183 1187 2247 1238 ut
2277 1183 2601 1239 certissime
2631 1181 3051 1256 intelligamus,
3079 1181 3551 1254 praedestinatum
3571 1181 3723 1238 nihil

2071 1289 2199 1329 esse
2229 1271 2388 1327 aliud
2420 1288 2598 1344 quam
2631 1272 2929 1327 decretum
2959 1275 3016 1326 et
3045 1269 3552 1326 definitum.Sicut
3580 1275 3638 1326 et
3652 1287 3725 1326 ex

2071 1361 2262 1418 verbis
2293 1361 2454 1416 Isaiae
2486 1360 2804 1434 prepbetw,
2838 1360 3056 1432 quibus
3088 1359 3169 1415 ait
3202 1376 3216 1416 :
3259 1361 3526 1416 Dominus
3571 1362 3727 1416 enim

2071 1453 2212 1508 Deus
2239 1452 2579 1506 exercituum
2625 1449 2860 1506 decrevit
2901 1449 3028 1520 (lsa.
3060 1467 3171 1518 xxv,
3214 1452 3344 1519 27);
3389 1453 3446 1504 et
3493 1466 3561 1504 ex
3604 1447 3728 1506 illis

2071 1537 2263 1596 verbis
2293 1538 2427 1594 libri
2457 1537 2712 1594 Danielis
2747 1555 2758 1593 :
2792 1537 2855 1593 In
2881 1539 3146 1594 sententia
3191 1539 3424 1610 vigilum
3451 1538 3728 1594 decretum

2072 1637 2151 1684 est
2181 1629 2423 1702 (Dan.1v,
2442 1629 2551 1696 14),
2567 1629 2696 1700 jam
2717 1645 2900 1700 supra
2918 1625 3354 1684 evidentissime
3369 1631 3460 1684 est
3481 1627 3728 1683 demon-

317 1713 495 1771 etiam
526 1711 730 1768 nolens
761 1728 826 1768 ac
859 1711 1145 1782 nesciens,
1179 1713 1397 1770 invicta
1426 1715 1670 1784 ratione,
1701 1714 1963 1772 conﬁteri
1997 1757 2044 1822 Β
2075 1720 2344 1772 stratum.

325 1800 688 1822 --μ-,Αἲιξιημ
2149 1807 2188 1822 Λ
2239 1804 2291 1822 ⁸1
2337 1821 2344 1822 ,

319 1800 708 1875 compellitur.

940 1925 1170 1982 CAPUT
1205 1926 1347 1983 XIV.

387 2071 602 2136 Quarto
633 2067 858 2124 decimo
890 2067 1146 2140 capitulo
1177 2069 1257 2126 ita
1287 2069 1464 2126 dicit:

388 2159 439 2214 1.
470 2159 554 2214 Ea:
582 2141 758 2213 vcrbis
787 2158 1085 2227 Augustini
1110 2161 1332 2230 probari
1375 2160 1792 2232 prwdestinatos
1829 2177 1968 2218 non-

315 2249 432 2303 nisi
458 2247 522 2303 de
533 2248 702 2320 justis
731 2246 861 2316 dici,
885 2246 1112 2304 dicentis
1143 2267 1162 2304 :
1191 2248 1495 2305 Nescientes
1523 2251 1672 2306 enim
1701 2253 1825 2322 quis
1848 2268 1972 2323 per-

317 2338 488 2393 tineat
516 2335 586 2391 ad
611 2335 1119 2408 praedestinatorum
1145 2354 1460 2404 numerum,
1493 2341 1616 2411 quis
1662 2355 1772 2395 non
1797 2341 1968 2411 perli-

317 2426 543 2482 neat.Et
571 2427 769 2480 iterum
789 2445 808 2480 :
842 2425 947 2494 Qui
971 2426 1382 2496 prwdestinatos
1411 2444 1444 2482 a
1474 2444 1580 2483 non
1611 2427 1969 2500 praedestina—

320 2517 390 2570 tis
419 2514 729 2570 discernere
755 2531 864 2570 non
895 2515 1156 2570 valemus.
1179 2515 1312 2570 Item
1344 2535 1362 2570 :
1395 2517 1513 2588 Qui
1539 2516 1742 2572 cadunt
1769 2526 1820 2572 et
1845 2535 1970 2590 per-

319 2611 468 2672 eunt,
504 2605 563 2658 in
591 2603 1102 2676 praedestinatorum
1129 2621 1356 2660 numero
1375 2621 1481 2660 non
1511 2606 1754 2676 fuerunt.

393 2697 446 2748 2.
480 2695 700 2748 Poenam
723 2692 1171 2764 praedestinatum
1215 2695 1589 2766 peccatoribus
1621 2715 1638 2751 :
1671 2697 1816 2768 ipsos
1849 2712 1970 2752 vero

317 2783 601 2854 prwscitos
630 2789 864 2850 tantum,
897 2797 1008 2838 non
1033 2781 1471 2854 praedestinatos.

392 2872 446 2926 3.
479 2865 584 2926 Hoc
610 2867 775 2926 Etiam
825 2871 1034 2940 legibus
1063 2872 1320 2927 humanis
1367 2872 1586 2943 conjici,
1621 2888 1747 2944 qua?
1795 2873 1971 2929 homi-

320 2977 448 3017 nem
471 2977 581 3016 non
611 2960 880 3031 deﬁniunt
907 2959 976 3016 ad
1001 2960 1336 3032 peccandum
1366 2979 1384 3015 :
1411 2978 1598 3033 poenas
1639 2971 1822 3018 autem
1847 2979 1970 3034 pec-

318 3052 524 3108 caturis
570 3049 896 3120 deﬁniendo,
947 3051 1092 3105 nihil
1133 3049 1290 3105 aliud
1336 3058 1602 3122 appetere,
1635 3068 1800 3123 quam
1840 3068 1969 3124 pro-

2149 1804 2295 1871 Quid
2325 1820 2462 1878 ergo
2491 1803 2586 1860 isti
2617 1804 2873 1876 prodest,
2907 1803 3062 1876 quod
3115 1806 3282 1859 tanta
3319 1801 3642 1860 intentione
3671 1808 3735 1860 et

2075 1893 2445 1951 contentione
2475 1891 2722 1948 mentitu
2731 1892 3020 1960 r,beatum
3037 1891 3434 1964 Augustinum
3449 1890 3731 1948 deﬁnise

2077 1998 2311 2040 omnem
2325 1981 2889 2054 praedestinationem
2902 1979 3103 2053 gratia
3125 1979 3608 2052 praeparationem
3639 1997 3736 2037 es—

2077 2087 2168 2139 se;
2188 2087 2321 2127 cum
2334 2069 2432 2126 ille
2447 2086 2816 2141 nequaquam
2829 2068 3040 2125 dixerit
3053 2085 3286 2136 omnem,
3306 2069 3406 2124 sed
3424 2068 3728 2142 praedesti-

2077 2159 2377 2242 nationem
2389 2158 2954 2230 tantummodo,quae
2969 2157 3028 2212 in
3043 2157 3194 2214 bono
3205 2156 3402 2225 est,ita
3413 2157 3733 2224 deﬁnierit,

2077 2253 2137 2304 et
2165 2247 2336 2320 quasi
2367 2247 2492 2320 ipse
2520 2247 2730 2304 dixerit
2755 2247 3200 2320 praedestinatos
3250 2247 3483 2304 nonnisi
3529 2247 3734 2320 justos

2079 2337 2530 2393 dieendos.Cum
2563 2335 2659 2392 ilic
2688 2337 2798 2392 hoc
2830 2334 3356 2408 nusquamdixisse
3375 2335 3735 2404 inveniatur,

2080 2427 2179 2482 sed
2210 2427 2384 2482 verba
2414 2443 2542 2498 quae
2563 2424 2660 2481 ille
2673 2426 2744 2480 de
2759 2425 2882 2482 sola
2903 2426 3202 2497 justorum
3220 2425 3738 2498 pradestinatione

2079 2516 2296 2590 posuit,
2331 2531 2449 2587 qua
2479 2514 2576 2570 alii
2617 2519 2758 2571 sunt
2789 2513 2988 2586 utique
3031 2514 3450 2586 praedestinati,
3481 2515 3576 2570 alii
3611 2531 3735 2572 non

2079 2603 2472 2678 praedestinati
2501 2621 2513 2658 :
2547 2603 2644 2660 alii
2678 2603 2970 2676 pertinent
2999 2603 3071 2660 ad
3095 2620 3406 2660 numerum
3440 2604 3739 2676 praedesti-

2080 2693 2488 2764 natorum,alii
2519 2692 2792 2760 non;iste
2825 2693 3022 2748 minus
3053 2692 3430 2764 pervicaciter
3459 2697 3516 2750 et
3543 2693 3741 2766 impu-

2080 2783 2288 2839 denter
2315 2781 2548 2855 posuit:
2575 2781 2744 2854 quasi
2777 2780 2872 2837 ille
2903 2784 3144 2840 sanctus
3174 2781 3377 2837 doctor
3405 2799 3638 2855 semper
3657 2780 3738 2838 dé

2082 2876 2332 2944 utraque
2361 2871 2892 2944 prazdestinatione,
2926 2871 2983 2926 id
3014 2874 3103 2925 est
3135 2871 3419 2928 bonorum
3447 2875 3504 2926 et
3546 2871 3737 2928 mulo-

2080 2977 2234 3028 rum,
2270 2960 2446 3017 simul
2475 2959 2634 3032 loqui
2669 2958 3002 3015 debuisset:
3039 2964 3139 3014 aut
3168 2975 3532 3032 consequens
3561 2959 3741 3028 sit,ut

2080 3067 2216 3106 cum
2247 3051 2318 3106 de
2349 3049 2474 3106 sola
2503 3049 2790 3104 bonorum
2805 3047 3314 3120 praedestinatione
3328 3047 3736 3122 disputat,sta-

317 3155 416 3196 nos
444 3139 514 3194 mi
538 3137 874 3210 peccandum
902 3139 1300 3210 suppliciorum
1328 3141 1610 3195 atrocitate
1637 3142 1852 3196 territos
1881 3156 1968 3196 co-
2001 3126 2043 3193 C
2082 3138 2189 3195 tim
2221 3137 2792 3210 przedestinotionem
2841 3135 3131 3192 malorum
3180 3152 3394 3210 negare
3441 3137 3732 3194 videatur.

319 3226 543 3292 hibere;
573 3243 638 3281 ac
678 3243 776 3297 per
821 3227 919 3281 hoc
965 3243 1076 3280 non
1122 3228 1308 3282 minus
1352 3227 1767 3296 misericordiae,
1811 3245 1976 3300 quam

318 3315 580 3373 vindictae
609 3315 1032 3386 tronsgressibus
1061 3317 1176 3370 suis
1203 3315 1436 3385 efﬁcere.

396 3401 498 3458 His
526 3403 719 3460 verbis
750 3419 856 3459 nos
887 3403 1334 3474 respondemus,
1357 3402 1472 3460 imo
1503 3420 1570 3459 ex
1601 3403 1789 3461 verbis
1820 3405 1972 3462 beati

322 3491 634 3565 Augustini
667 3493 750 3564 (de
778 3491 962 3563 Prwd,
989 3499 1187 3562 sanct.,
1219 3509 1266 3546 c.
1304 3494 1388 3559 10,
1425 3494 1512 3561 16)
1552 3494 1786 3564 probari
1835 3511 1975 3566 prae-

327 3579 650 3638 destinatos
679 3581 854 3637 etiam
887 3581 960 3637 de
990 3580 1229 3651 injustis
1260 3579 1518 3647 dici.Qui
1545 3597 1677 3637 cum
1708 3583 1976 3640 definiret

331 3669 471 3742 quid
500 3668 576 3724 sit
606 3669 1058 3740 praedestinatio,
1091 3669 1173 3724 ita
1222 3669 1303 3724 ait
1335 3687 1348 3724 :
1386 3669 1822 3727 Prasdestinatio
1873 3672 1971 3727 Dei

331 3773 458 3830 quae
490 3756 550 3811 in
581 3758 730 3813 bono
761 3757 1074 3830 est,gratize
1103 3761 1190 3813 est
1218 3758 1698 3830 praeparatio.Ubi
1720 3760 1846 3816 sine
1874 3761 1966 3816 du-

329 3846 424 3903 bio
457 3843 792 3901 nullatenus
823 3847 1169 3918 adjungeret
1197 3846 1254 3901 in
1281 3847 1454 3914 bono,
1477 3845 1588 3902 nisi
1619 3847 1794 3904 sciret
1823 3865 1972 3920 pras-

329 3934 779 3992 destinationem
811 3952 938 3992 esse
968 3935 1143 3991 etiam
1176 3934 1235 3990 in
1269 3935 1446 4003 male,
1479 3935 1634 3992 sicut
1682 3943 1878 4009 aperte
1907 3955 1976 3993 ex

327 4022 478 4079 libro
509 4025 755 4080 Actuum
791 4023 1187 4097 apostolorum
1218 4023 1342 4096 ipse
1363 4013 1975 4098 demonstrat,ponens

328 4111 476 4168 illud
509 4111 912 4168 testimonium
945 4113 1044 4168 ubi
1075 4113 1708 4171 dicitur:Comvenerunt
1735 4117 1882 4170 enim
1917 4117 1974 4171 in

326 4203 552 4258 veritate
565 4203 620 4256 in
637 4203 853 4258 civitate
869 4204 974 4259 ista
993 4202 1250 4258 adversus
1277 4211 1525 4258 sanctum
1555 4220 1793 4275 puer-um
1821 4213 1976 4260 tuum

325 4292 528 4356 Iesum,
562 4307 720 4362 quem
750 4293 980 4361 antisti,
1012 4291 1238 4348 Herodes
1285 4299 1336 4347 et
1381 4293 1618 4357 Pilatus,
1652 4301 1703 4348 et
1739 4295 1974 4365 populus

327 4381 703 4452 Israel/acere
731 4387 934 4452 quanta
967 4397 1164 4436 manus
1195 4389 1310 4447 tua,
1334 4387 1384 4436 et
1411 4381 1701 4436 consilium
1730 4383 1973 4454 praedes-

327 4469 526 4557 tinavit
551 4468 684 4540 fieri
713 4469 845 4542 (Act.
879 4487 954 4536 1v,
986 4471 1074 4536 27,
1097 4470 1209 4538 28).
1236 4468 1345 4525 Ubi
1378 4472 1433 4523 et
1465 4469 1762 4525 subdidit:
1790 4471 1976 4526 Tanta
2005 4493 2050 4557 D

329 4555 546 4628 quippe
575 4558 646 4612 ab
678 4557 934 4614 inimicis
963 4558 1184 4614 Judazis
1203 4574 1415 4614 manus
1448 4557 1548 4614 Dei
1581 4562 1637 4614 et
1665 4557 1974 4615 consilium

328 4643 764 4717 praedestinavit
797 4647 1172 4719 ﬁeri,quanta
1199 4646 1531 4702 necessaria
1551 4647 1780 4704 fuerant
1803 4649 1976 4704 Evan-

329 4729 480 4804 gelio
511 4737 745 4804 propter
772 4751 898 4790 nos.
933 4735 1236 4791 Manifesta
1268 4734 1450 4808 igitur
1497 4740 1554 4791 et
1589 4751 1658 4792 ex
1685 4737 1876 4792 verbis
1904 4737 1976 4792 li-

327 4819 419 4876 bri
451 4819 716 4888 divini,et
745 4839 814 4878 ex
840 4821 1032 4880 verbis
1062 4823 1248 4879 sancti
1269 4823 1972 4897 Augustiniapprobatur,

329 4907 900 4981 prmdestinationem
931 4929 1057 4984 quze
1085 4911 1177 4967 hic
1207 4911 1558 4984 legitur,non
1585 4913 1763 4970 fuisse
1793 4913 1850 4969 in
1881 4915 1976 4971 bo-

329 5013 472 5052 num
505 4995 751 5070 illis,qui
781 5004 946 5055 tanta
975 5007 1030 5056 et
1049 4999 1184 5056 talia
1201 5000 1492 5072 passionis
1513 5007 1772 5074 tempore
1790 5003 1846 5058 in
1869 5004 1972 5060 Do-

329 5084 557 5140 minum
588 5089 1094 5156 exercuerunt,sed
1127 5107 1184 5144 1n
1219 5106 1500 5162 magnum
1529 5095 1587 5146 et
1609 5091 1974 5149 mortiferum

327 5173 850 5248 malumquamvis
865 5177 1018 5234 Deus
1040 5177 1184 5234 illud
1208 5177 1376 5234 nobis
1398 5178 1632 5234 verterit
1655 5180 1710 5234 in
1729 5180 1972 5238 bonum.

327 5261 388 5318 Si
406 5263 538 5336 quis
552 5269 745 5322 autem
761 5267 1175 5339 putatbeatum
1198 5265 1590 5338 Augustinum
1605 5267 1975 5328 velutvitiose

327 5366 398 5406 ex
417 5351 539 5422 jam
572 5354 726 5410 dicto
759 5355 905 5412 libro
937 5357 1091 5412 istud
1123 5353 1526 5410 testimonium
1545 5357 1976 5432 posuisse,quia

329 5439 483 5512 apud
508 5457 543 5495 n
561 5459 612 5496 is
634 5442 880 5516 legitur:
907 5450 1045 5516 Qzaze
1063 5460 1259 5498 manus
1281 5451 1373 5498 tua
1394 5450 1444 5499 et
1473 5445 1762 5500 consilium
1787 5447 1974 5503 decre-

328 5537 520 5584 verunt
548 5532 711 5600 ﬁeri;
742 5533 890 5590 sciat
910 5534 1104 5606 potius
1127 5547 1256 5588 vere
1274 5535 1330 5587 ct
1345 5538 1697 5603 expresse,et
1719 5535 1970 5608 proprie,

2083 3227 2230 3294 Quia
2259 3226 2315 3281 in
2351 3225 2448 3281 illo
2469 3225 2835 3298 apertissime
2857 3225 2914 3280 in
2933 3224 3294 3282 multislocis
3311 3233 3740 3284 commemorat

2082 3316 2169 3386 (de
2212 3317 2444 3388 Per/ecl.
2469 3316 2630 3387 just,
2664 3331 2790 3387 cap.
2837 3315 2928 3384 13)
2975 3319 3033 3371 et
3079 3314 3356 3371 ostendit.
3388 3315 3467 3372 De
3516 3315 3738 3388 quibus

2082 3405 2198 3469 hic,
2231 3403 2480 3476 exempli
2513 3403 2724 3476 gratia,
2756 3421 2939 3459 unum
2981 3403 3384 3460 testimonium
3433 3404 3738 3477 ponimus,

2083 3493 2182 3550 ubi
2215 3493 2295 3550 ait
2328 3511 2341 3548 :
2377 3493 2659 3565 Pepulum
2693 3494 3009 3564 quemdam
3032 3491 3300 3548 Psalmus
3330 3492 3426 3550 ille
3445 3493 3736 3566 culpat,in

2081 3600 2198 3656 quo
2228 3599 2328 3638 nec
2356 3599 2498 3638 unus
2529 3590 2663 3649 erat,
2696 3583 2793 3652 qui
2819 3583 3024 3652 faceret
3069 3583 3272 3638 bonum
3302 3582 3471 3653 (Psal.
3508 3599 3622 3650 xui,
3653 3584 3730 3656 3),

2082 3673 2224 3728 dum
2255 3671 2458 3727 volunt
2488 3687 2725 3726 manere
2757 3669 2860 3724 lilii
2891 3669 3224 3740 hominum,
3243 3674 3300 3724 et
3328 3687 3443 3726 non
3477 3688 3604 3726 esse
3626 3669 3736 3726 ﬁlii

2083 3760 2203 3829 Dei,
2237 3761 2407 3830 cujus
2436 3759 2625 3832 gratia
2653 3757 2828 3815 homo
2860 3759 2924 3813 fit
2954 3759 3166 3825 bonus,
3196 3767 3257 3815 ut
3283 3761 3458 3830 faciat
3507 3760 3728 3816 bonum.

2082 3851 2162 3906 De
2194 3849 2290 3905 illo
2321 3849 2476 3904 enim
2519 3849 2653 3904 bono
2701 3848 2924 3904 dictum
2973 3847 3068 3903 hic
3115 3848 3400 3904 debemus
3447 3847 3728 3920 accipere,

2083 3939 2236 4012 quod
2271 3937 2350 3992 ibi
2382 3935 2462 3992 ait
2495 3953 2508 3991 :
2542 3937 2681 3992 Deus
2711 3937 2776 3992 de
2803 3937 2933 3992 caelo
2961 3937 3202 4009 respexit
3244 3953 3408 4008 super
3452 3937 3598 4008 filios
3634 3938 3733 3994 ho-

2080 4030 2313 4094 minum,
2345 4034 2407 4081 ut
2433 4025 2614 4082 videat
2655 4027 2708 4081 si
2745 4034 2824 4082 est
2873 4027 3181 4096 intelligens
3230 4027 3514 4097 requirens
3561 4027 3735 4082 Deum

2084 4115 2266 4190 (lbid.,
2322 4117 2398 4184 2).
2461 4115 2578 4170 Hoc
2637 4131 2772 4187 ergo
2833 4117 3034 4170 bonum
3091 4114 3248 4186 quod
3304 4119 3412 4170 est.
3441 4114 3736 4186 requirere

2082 4207 2404 4272 Deum,non
2431 4211 2549 4260 erat
2577 4205 2676 4275 qui
2700 4205 2920 4274 faceret,
2951 4219 3064 4259 non
3090 4209 3210 4259 erat
3240 4219 3412 4275 usque
3441 4203 3511 4258 ad
3535 4220 3732 4270 unum,

2083 4295 2185 4351 sed
2221 4295 2276 4349 in
2309 4309 2375 4349 eo
2406 4309 2614 4366 genere
2635 4291 2943 4348 hominum
2961 4291 3116 4364 quod
3141 4291 3620 4364 praedestinatum
3645 4296 3738 4348 est

2082 4384 2157 4440 ad
2189 4381 2701 4454 interitumzsuper
2730 4381 2836 4437 hos
2851 4381 3008 4436 enim
3040 4381 3293 4452 respexit
3312 4380 3412 4438 Dei
3430 4381 3736 4452 praecisu-

2082 4472 2164 4528 tia
2195 4469 2553 4543 protulitque
2583 4467 2952 4524 sententiam.
2988 4469 3099 4525 Sed
3154 4467 3293 4540 quid
3345 4469 3584 4541 prodest
3623 4468 3736 4525 hoc

2085 4557 2416 4632 exemplum
2448 4559 2518 4613 de
2548 4557 2646 4614 Dei
2681 4557 3191 4630 praedestinatione
3211 4555 3736 4624 malorum,contra

2080 4648 2262 4704 istum
2289 4663 2775 4720 proponere,cum
2809 4645 2980 4702 solita
3010 4645 3240 4701 insania
3269 4650 3512 4718 paratus
3538 4646 3616 4702 sit
3644 4647 3736 4702 di-

2083 4753 2210 4794 cere
2241 4736 2576 4792 auditorum
2607 4735 2760 4790 suis:
2781 4739 2846 4790 ut
2871 4751 3005 4790 cum
3037 4733 3284 4790 audiunt
3311 4733 3371 4789 in
3404 4735 3594 4791 verbis
3617 4734 3732 4792 hu-

2073 4827 2176 4899 jus
2208 4825 2394 4882 sancti
2423 4823 2675 4880 doctoris
2704 4824 3143 4896 dictum,genus
3157 4823 3465 4879 hominum
3483 4825 3737 4896 praedes-

2081 4914 2337 4970 tinatum
2366 4912 2452 4987 ad
2472 4911 2771 4968 interitum
2802 4930 2815 4980 ;
2848 4929 2882 4968 a
2911 4911 3201 4968 contrario
3249 4911 3582 4986 intelligant
3613 4931 3730 4970 non

2083 5000 2669 5076 praedestinatum,sic
2699 4999 3042 5066 illudantur,
3057 4999 3158 5072 qui
3188 4999 3490 5056 veritatem
3523 5017 3638 5056 non
3668 4999 3734 5058 in

2083 5089 2384 5162 Scriptura
2405 5087 2689 5160 veritatis,
2717 5089 2819 5144 sed
2868 5088 2928 5144 in
2962 5087 3250 5144 mendacii
3281 5087 3735 5146 fabricatoribus

2083 5181 2374 5252 quaerunt.

2151 5270 2206 5321 2.
2239 5265 2414 5320 Addit
2443 5263 2633 5320 adhuc
2681 5268 2740 5320 et
2787 5263 2928 5320 dicit
2961 5279 2974 5318 :
3008 5265 3234 5320 Poenam
3278 5265 3736 5338 prwdestinatum

2078 5353 2469 5428 peccatoribus,
2506 5353 2648 5422 ipsos
2689 5368 2812 5408 vero
2838 5355 3123 5424 prwscilos
3171 5361 3383 5410 tantum
3429 5369 3540 5409 non
3587 5370 3737 5426 prte-

2082 5444 2398 5501 destinatos.
2436 5441 2510 5496 De
2543 5456 2660 5512 qua
2690 5458 2752 5497 re
2771 5444 2828 5498 et
2859 5440 2916 5497 in
2949 5441 3145 5508 isto,et
3176 5442 3233 5498 in
3265 5441 3612 5515 praecedenti
3641 5458 3737 5498 ca-

2083 5531 2266 5606 pitulo
2298 5527 2440 5587 satis
2466 5528 2746 5597 diximus,
2779 5529 2981 5588 multis
3020 5529 3374 5589 testimoniis
3419 5530 3733 5590 manifeste
