4068 6190
484 289 600 355 187

1592 291 1737 354 FLO
1748 290 1821 353 [tl
1863 288 2181 353 DIACONI
2226 290 2795 355 LUGDUNENSIS.
3715 306 3808 369 138

480 442 642 483 suum
666 444 699 482 a
724 427 959 499 peccatis
988 442 1177 483 eorum
1206 425 1418 500 (Matth.
1455 443 1493 492 ι,
1525 424 1637 497 21).
1671 423 1753 479 De
1804 412 1935 496 quo.
1959 421 2132 479 etiam
2163 423 2219 491 Α
2248 423 2464 479 meruit
2491 423 2822 498 impetrare.
2861 425 2931 482 Et
2959 442 3062 498 pro
3095 425 3366 484 fratribus
3391 434 3541 503 rogat
3566 448 3628 489 ne
3654 438 3701 490 et
3724 435 3814 508 ipsi

480 514 795 588 Apostolus
825 515 907 570 ait
939 531 952 572 :
980 516 1178 572 Fidelis
1205 532 1379 571 sermo
1432 523 1481 571 et
1526 515 1678 569 omni
1714 514 2018 584 acceptione
2046 511 2134 567 di-

483 622 645 675 gnus,
664 606 793 676 quia
827 604 1075 660 Christus
1102 606 1253 661 Iesus
1282 606 1429 659 venit
1458 605 1516 659 in
1546 604 1693 658 hunc
1722 601 1990 656 mundum
2014 618 2135 673 pec-

482 702 686 750 catores
713 694 891 749 salvos
917 695 1098 765 facere
1126 694 1171 762 (I
1205 694 1337 748 Tim.
1370 710 1409 760 1,
1446 691 1552 764 15).

555 784 667 839 Iste
697 799 832 854 ergo
867 782 964 853 qui
997 785 1117 837 tam
1152 781 1386 837 assidue
1417 780 1641 848 dicit,et
1688 782 1881 851 repetit
1921 787 2135 851 peccata

480 872 627 926 nihil
657 887 787 937 esse,
817 870 954 941 quid
996 866 1155 924 aliud
1207 874 1455 924 conatur
1484 885 1674 942 agere,
1708 866 1938 923 diabolo
1969 868 2134 924 insti-

481 963 673 1033 gante,
708 958 818 1014 nisi
850 961 910 1012 ut
941 974 1007 1012 ea
1037 958 1207 1029 quasi
1240 957 1448 1031 leviget
1500 958 1559 1012 in
1610 956 1884 1012 cordibus
1915 955 2136 1012 audito-

482 1051 707 1115 rum,ut
738 1063 851 1102 non
886 1045 1261 1111 doleant,non
1285 1050 1608 1119 agnoscant
1630 1050 1848 1117 quanto
1875 1045 2026 1100 malo
2060 1050 2135 1100 tc-

480 1140 748 1203 neantur,
776 1151 881 1190 nec
912 1140 1117 1189 curent
1148 1135 1339 1190 dicere
1371 1151 1504 1189 cum
1529 1133 1839 1189 Psalmista
1872 1151 1885 1189 :
1918 1135 2133 1190 Misere-

477 1242 536 1281 re
598 1225 725 1293 mei,
789 1226 951 1294 Deus,
1008 1223 1307 1279 secundum
1370 1240 1633 1292 magnam
1696 1222 2135 1278 misericordiam

477 1322 626 1370 tuam
675 1321 727 1368 et
768 1312 1067 1367 secundum
1098 1311 1507 1367 multitudinem
1550 1312 1965 1367 miserationum
2005 1319 2134 1367 tua-

477 1420 603 1458 rum
630 1401 747 1456 delc
783 1402 1126 1472 iniquitatem
1157 1416 1350 1454 meum.
1373 1399 1621 1470 Amplius
1651 1398 1775 1453 lava
1804 1415 1888 1453 me
1916 1399 1983 1454 ab
2016 1400 2132 1453 ini-

476 1494 684 1564 quitate
712 1506 833 1545 mea
862 1497 912 1544 et
944 1506 981 1543 (ι
1008 1496 1222 1560 peccato
1255 1504 1371 1544 meo
1399 1488 1990 1556 mundame.Quoniam
2022 1490 2133 1542 ini-

476 1582 741 1654 quitatem
770 1595 945 1633 meam
973 1593 1069 1646 ego
1093 1593 1367 1648 cognosco,
1399 1585 1451 1633 et
1472 1585 1751 1649 peccatum
1777 1593 1959 1632 meum
2003 1593 2131 1632 con-

477 1678 563 1724 tra
594 1684 678 1724 me
700 1675 775 1723 est
804 1683 1014 1739 semper
1042 1666 1212 1738 (l’sal.
1250 1684 1303 1734 n,
1330 1667 1475 1737 2-5).
1510 1666 1834 1737 Abjiciatur
1866 1682 2001 1738 ergo
2032 1666 2131 1720 de-

477 1761 677 1829 ceptor
708 1756 816 1811 iste
848 1755 920 1810 ab
950 1754 1192 1811 auribus
1223 1759 1279 1809 et
1308 1755 1583 1810 cordibus
1612 1753 1962 1821 ﬁdelium,et
1992 1770 2127 1810 con-

476 1849 568 1901 tra
594 1850 710 1900 tam
741 1860 1016 1917 magnam
1047 1842 1344 1898 miseriam
1380 1842 1726 1916 impleretur
1766 1841 2029 1899 dolenter
2074 1846 2131 1898 et

477 1932 821 2005 simpliciter
848 1949 1061 2006 magna
1089 1931 1190 1988 Dei
1223 1931 1626 1987 misericordia
1675 1947 1688 1986 :
1740 1934 1943 1987 contra
1973 1929 2127 1985 mul-

476 2021 788 2077 titudinem
822 2025 1118 2076 tantarum
1150 2020 1521 2076 miseriarum
1542 2023 1839 2092 quaeratur
1866 2018 2130 2074 multitu-

477 2112 550 2167 do
614 2109 1078 2178 miserationum,
1131 2114 1196 2165 ut
1246 2107 1510 2164 deleatur
1556 2107 1860 2181 iniquitas,
1905 2106 2129 2163 lavetur

475 2200 649 2256 homo
680 2199 752 2255 ab
786 2198 913 2271 ipsa
939 2197 1268 2270 iniquitate,
1302 2198 1621 2253 mundetur
1650 2215 1684 2253 a
1723 2200 1979 2269 peccato,
2011 2213 2128 2268 quo

475 2293 599 2344 erat
630 2287 901 2345 sordidus
924 2291 980 2343 et
1003 2286 1348 2342 immundus
1379 2286 1647 2353 ctl'ectus;
1681 2290 1997 2358 cognoscat
2025 2284 2130 2340 ini-

477 2377 759 2450 quitatem
791 2394 982 2443 suum,
1017 2380 1075 2431 et
1104 2378 1407 2447 peccatum
1438 2392 1610 2430 suum
1644 2392 1760 2429 non
1805 2378 1971 2446 putet
2000 2390 2129 2429 esse

478 2464 644 2531 nihil,
678 2482 782 2520 nec
814 2468 989 2538 ponat
1020 2462 1167 2518 illud
1199 2468 1331 2535 post
1360 2464 1621 2530 dorsum,
1656 2464 1757 2519 sed
1810 2469 1943 2518 ante
1992 2480 2128 2518 ocu-

474 2554 563 2611 los
593 2570 823 2626 semper
852 2552 1076 2607 habens
1109 2551 1380 2623 imploret
1408 2550 1574 2606 illum
1607 2550 1703 2623 qui
1738 2550 1881 2606 dixit
1915 2568 1928 2607 :
1966 2552 2130 2607 Dele-

475 2646 532 2699 vi
560 2651 619 2699 ut
648 2642 847 2697 nubem
876 2642 1190 2713 iniquitates
1222 2650 1363 2707 tuas,
1395 2648 1446 2696 et
1474 2643 1632 2714 quasi
1659 2640 1915 2696 nebulam
1937 2657 2130 2712 pecca-

475 2740 533 2789 ta
561 2741 655 2789 tua
684 2733 812 2799 (Isa.
856 2748 1003 2798 XLIV,
1037 2730 1146 2801 22).
1182 2728 1463 2786 Similiter
1517 2735 1574 2786 et
1630 2728 1938 2802 supplicia,
2000 2746 2129 2801 quae

474 2820 729 2894 peccatis
759 2819 1065 2884 debentur,
1096 2818 1181 2873 ita
1207 2821 1535 2887 extenuare,
1554 2817 1635 2873 sic
1665 2817 1915 2891 levigare
1945 2822 2001 2873 et
2026 2834 2130 2873 an-

476 2909 703 2966 nullare
733 2907 1053 2975 contendit,
1090 2910 1153 2963 ut
1182 2923 1252 2962 ea
1276 2923 1510 2979 semper
1541 2905 1685 2961 nihil
1735 2923 1864 2963 esse
1914 2906 2128 2963 conﬁr-

476 3001 622 3065 met;
656 3014 782 3070 qua:
815 2995 949 3051 licet
973 2996 1031 3050 in
1064 3012 1126 3051 se
1156 2994 1546 3050 substantiam
1601 2994 1820 3050 nullam
1877 2994 2132 3051 habeant

474 3084 778 3150 existendi,
836 3089 1034 3139 tamen
1080 3101 1181 3156 per
1238 3082 1565 3156 corporales
1621 3087 1883 3149 naturas,
1926 3082 1985 3139 id
2043 3086 2131 3139 est

2246 512 2479 569 veniant
2506 513 2565 568 in
2596 513 2763 569 illum
2793 513 2987 570 locum
3018 518 3513 574 tormentorum.Si
3540 525 3819 594 ergo,juxta

2243 619 2442 658 vocem
2474 602 3041 673 Veritatis,int'ernus
3072 604 3236 661 locus
3258 610 3344 661 est
3372 611 3821 679 tormentorum,et

2245 681 2451 738 anima:
2468 683 2815 739 miserorum
2831 688 3012 739 exutae
3025 684 3361 756 corporibus
3374 684 3485 743 illic
3497 689 3819 761 sepeliuntur,
3846 758 3851 765 .

2245 777 2302 827 et
2331 776 2470 828 sunt
2500 772 2556 827 in
2583 772 2912 840 tormentis,
2944 776 3001 828 et
3049 789 3152 845 per
3201 790 3324 846 quae
3354 783 3716 847 peccaverunt,
3742 797 3824 851 per

2244 861 2366 917 haec
2395 866 2451 917 et
2479 866 2851 933 torquentur,
2884 866 2949 917 ut
2969 862 3245 934 judicium
3273 864 3343 918 sit
3370 864 3478 919 illis
3503 867 3610 920 sine
3646 869 3822 923 miseri-

2242 950 2448 1018 cordia,
2483 952 2612 1024 quia
2639 967 2749 1006 non
2768 953 3017 1022 fecerunt
3058 952 3478 1008 misericordiam
3510 954 3631 1021 (Jac.
3661 972 3712 1020 ιι,
3740 957 3823 1026 l3).

2314 1039 2443 1094 Haec
2475 1039 2675 1094 audiat
2705 1037 2894 1095 ﬁdelis
2924 1038 3177 1111 quisque
3201 1043 3255 1094 et
3286 1040 3555 1107 timeat,et
3572 1041 3696 1097 dum
3715 1047 3828 1098 tem-

2244 1146 2354 1199 pus
2372 1127 2672 1200 est,t'ugiat
2698 1128 2770 1183 ab
2803 1127 2890 1182 ira
2917 1133 3164 1184 ventura
3185 1128 3253 1183 de
3275 1145 3386 1200 qua
3415 1129 3830 1187 heatusJoannes

2244 1215 2506 1290 Baptista
2532 1216 2612 1271 ait
2636 1233 2649 1271 :
2675 1216 2805 1284 Quis
2836 1216 2984 1272 vobis
3011 1215 3394 1272 demonstravit
3416 1220 3596 1289 fugere
3619 1235 3648 1273 ιι
3672 1221 3831 1290 futura

2242 1307 2369 1362 ira?
2397 1306 2578 1360 Facite
2605 1321 2736 1374 ergo
2760 1308 2973 1377 fructus
3021 1305 3217 1373 dignos
3262 1307 3581 1378 paenitentia
3608 1306 3738 1377 (Luc.
3766 1324 3833 1375 Ill,

2239 1397 2295 1460 7,
2326 1396 2403 1465 8).
2439 1394 2605 1449 Hunc
2638 1393 2829 1449 locum
2862 1398 3291 1449 tormentorum
3323 1393 3445 1467 ipse
3469 1393 3727 1450 Dominus
3747 1395 3833 1450 ire-

2243 1487 2489 1557 quenter
2504 1482 2760 1555 appellat
2774 1485 3020 1539 tenebras
3043 1484 3336 1538 exteriores
3359 1490 3408 1538 et
3426 1484 3680 1538 caminum
3702 1485 3833 1555 ignis,

2238 1580 2288 1628 ct
2321 1574 2502 1641 ignem
2532 1579 2800 1629 teternum
2830 1570 3046 1627 diabolo
3075 1580 3126 1627 et
3172 1571 3423 1627 omnibus
3454 1573 3630 1644 impiis
3653 1587 3836 1643 praepa-

2241 1669 2440 1728 ratum,
2477 1662 2572 1716 ubi
2599 1662 2705 1716 erit
2732 1660 2888 1716 dolor
2916 1661 3042 1717 sine
3074 1661 3209 1726 ﬁne,
3244 1665 3302 1716 et
3330 1676 3397 1715 ex
3434 1658 3621 1715 dolore
3658 1660 3838 1732 sempi-

2240 1754 2444 1805 ternus
2472 1749 2640 1823 ﬂetus
2662 1748 3051 1815 oculorum,et
3067 1748 3273 1804 stridor
3292 1747 3838 1817 dentium(Matth.xxv,

2237 1839 2349 1911 hi).
2384 1839 2463 1894 De
2511 1837 2610 1893 tali
2635 1855 2807 1911 pmna
2839 1834 3165 1893 inﬁdelium
3197 1837 3603 1893 damnatorum
3623 1840 3674 1892 et
3690 1836 3842 1891 Isaias

2237 1927 2519 2001 propheta
2546 1926 2687 1982 dicit
2718 1943 2731 1982 :
2772 1928 2973 1983 Vermis
3020 1943 3209 1983 eorum
3240 1942 3350 1982 non
3378 1928 3700 1992 morietur,et
3725 1926 3843 1994 ignis

2236 2032 2424 2072 eorum
2452 2030 2561 2071 non
2591 2016 3004 2083 exstinguetur:
3029 2022 3080 2070 et
3109 2022 3273 2069 erunt
3302 2029 3469 2085 usque
3496 2014 3563 2068 ad
3587 2014 3845 2068 satietatem

2236 2105 2467 2160 visionis
2514 2104 2667 2159 omni
2711 2104 2872 2158 carni
2917 2103 3045 2170 (Isa.
3097 2117 3248 2169 LXVI,
3303 2103 3419 2173 21a).
3454 2101 3562 2157 Sed
3591 2105 3643 2156 et
3676 2100 3847 2155 beatus

2237 2192 2350 2249 Job
2380 2190 2839 2264 lacrymabiliter
2860 2190 3043 2246 Deum
3066 2189 3343 2263 implorat
3368 2189 3567 2245 dicens
3592 2206 3604 2244 :
3630 2188 3848 2259 Nunquid

2237 2299 2343 2341 non
2361 2283 2612 2355 paucitas
2640 2280 2860 2336 dierum
2909 2296 3156 2335 meorum
3199 2280 3432 2351 finietur
3461 2279 3638 2334 brevi?
3665 2278 3850 2333 Dimitte

2237 2388 2362 2442 ergo
2391 2386 2497 2437 me,
2531 2378 2590 2426 ut
2611 2370 2879 2441 plangam
2901 2369 3201 2441 paululum
3228 2369 3471 2425 dolorem
3490 2383 3687 2433 meum;
3725 2373 3848 2420 ante-

2238 2477 2404 2533 quam
2436 2458 2648 2525 vadum,
2680 2467 2731 2514 et
2760 2475 2871 2513 non
2914 2466 3157 2513 revertar
3203 2457 3276 2513 ad
3326 2466 3531 2513 terram
3561 2455 3855 2511 tenebrosam

2237 2558 2287 2605 et
2311 2555 2552 2621 opertam
2579 2549 2770 2604 mortis
2798 2548 3081 2615 caligine;
3133 2555 3342 2602 terram
3393 2547 3633 2602 miserta:
3658 2552 3703 2599 et
3734 2552 3851 2598 tene-

2240 2640 2484 2705 brarum,
2519 2637 2616 2691 ubi
2642 2638 2840 2691 umbra
2867 2637 3077 2700 mortis,
3111 2643 3163 2692 et
3192 2636 3388 2691 nullus
3429 2634 3578 2705 ordo,
3607 2641 3654 2690 et
3687 2631 3855 2703 sempi-

2238 2735 2424 2783 ternus
2471 2726 2667 2782 horror
2712 2726 2986 2781 inhabitat
3044 2725 3177 2797 (Job.
3228 2742 3286 2790 Χ,
3327 2724 3542 2794 20-22).
3574 2724 3640 2778 Et
3683 2722 3856 2776 beatus

2236 2816 2491 2872 Joannes
2521 2815 2580 2869 in
2610 2813 2958 2886 Apocalypsi
2991 2830 3005 2869 :
3036 2814 3201 2870 Missi
3226 2821 3378 2881 sunt,
3411 2812 3682 2885 inquit,in
3699 2819 3858 2880 stagno

2238 2904 2453 2961 ardenti
2494 2906 2619 2976 igne
2646 2911 2698 2960 et
2727 2903 2990 2978 sulphure
3021 2922 3039 2958 :
3068 2903 3211 2974 quod
3242 2912 3343 2971 est,
3374 2918 3520 2959 mors
3562 2899 3796 2963 secunda,
3821 2904 3861 2951 et

2236 2995 2630 3050 cruciabuntur
2654 2993 2744 3048 die
2772 3009 2836 3048 ac
2863 3000 3017 3048 nocte
3045 2994 3106 3048 in
3133 2993 3348 3049 saecula
3367 2989 3858 3059 swculorumtapoc.

2236 3101 2330 3151 xx,
2364 3083 2472 3154 44).
2510 3084 2581 3138 Et
2627 3082 2781 3137 sicut
2837 3081 2975 3137 alibi
3034 3081 3117 3137 ait
3173 3098 3186 3137 :
3252 3087 3470 3138 Fumus
3516 3085 3864 3136 tormentorum

474 3174 669 3246 ignem
701 3177 1006 3237 aeternum,
1037 3176 1095 3226 et
1132 3174 1406 3243 stagnum
1439 3170 1762 3243 sulphuris,
1796 3176 1853 3226 et
1897 3188 2123 3227 vermes
2154 3159 2198 3228 C
2234 3189 2424 3229 eorum
2490 3171 2739 3227 ascendet
2800 3172 2862 3226 in
2914 3171 3118 3228 saecula
3180 3171 3521 3228 saeculorum
3568 3168 3736 3240 (Apoc.
3768 3180 3862 3229 xxv,

476 3278 783 3332 nunquam
831 3257 1167 3314 deﬁcientes
1217 3259 1629 3315 damnatorum
1670 3263 1726 3314 et
1766 3260 2130 3332 corporibus,

475 3354 532 3405 et
562 3348 796 3413 animis,
828 3347 1161 3402 inferuntur
1192 3363 1205 3401 :
1241 3347 1381 3401 dum
1413 3352 1470 3403 et
1499 3347 1728 3403 animas
1778 3353 1836 3404 et
1891 3366 2132 3421 corpora

476 3436 654 3493 simul
686 3436 1038 3492 excruciant.
1073 3436 1144 3491 Et
1169 3434 1320 3501 ideo,
1353 3434 1487 3491 licet
1537 3453 1650 3492 non
1703 3436 1824 3492 sint
1863 3436 2132 3493 substan—

475 3525 713 3596 tialiter,
745 3530 884 3582 sunt
914 3530 1108 3581 tamen
1143 3541 1374 3597 semper
1411 3524 1732 3597 pcenaliter,
1785 3531 1841 3581 et
1883 3525 2130 3583 infelici-

479 3620 569 3671 ter
598 3614 657 3669 in
686 3630 888 3671 eorum
921 3612 1135 3669 animis
1183 3617 1242 3668 et
1288 3613 1651 3686 corporibus,
1687 3632 1814 3687 quae
1845 3615 1972 3671 sine
2016 3616 2132 3672 ﬁne

477 3703 830 3759 excruciant.

548 3791 830 3855 Quocirca
861 3806 975 3845 non
1006 3807 1112 3846 nos
1144 3790 1390 3846 delectet
1421 3790 1621 3847 audire
1653 3792 1725 3846 ab
1756 3790 1870 3848 isto
1918 3791 2130 3849 misero

477 3880 781 3937 seductore
806 3885 1148 3952 peccatorum
1175 3880 1445 3951 supplicia
1474 3880 1618 3935 nihil
1646 3896 1789 3948 esse;
1812 3882 1912 3936 sed
1936 3880 2134 3953 potius

479 3968 791 4025 audiamus
824 3968 978 4040 quod
1010 3967 1312 4024 verissime
1334 3967 1561 4024 Veritas
1582 3968 1725 4023 dicit
1759 3986 1771 4023 :
1801 3968 2042 4025 Mortuus
2059 3977 2137 4026 est

477 4065 659 4114 autem
688 4065 740 4113 et
781 4056 949 4123 dives,
999 4064 1049 4112 et
1091 4057 1333 4128 sepultus
1381 4065 1458 4112 est
1508 4059 1569 4112 in
1620 4058 1856 4128 inferno.
1903 4058 2132 4114 Elevans

476 4156 661 4203 autem
690 4144 878 4203 oculos
906 4161 1031 4202 suos
1062 4162 1187 4200 cum
1214 4153 1349 4201 esset
1378 4147 1437 4201 in
1468 4149 1768 4213 tormentis,
1790 4146 1928 4203 vidit
1956 4147 2133 4202 Abra-

478 4238 607 4292 ham
638 4254 671 4291 a
703 4236 879 4306 longe,
912 4243 962 4291 et
1009 4237 1283 4290 Lazarum
1328 4237 1389 4290 in
1435 4236 1565 4290 sinu
1616 4235 1761 4306 ejus;
1794 4243 1844 4291 et
1876 4237 1988 4308 ipse
2018 4237 2132 4291 cla-

474 4343 633 4381 mans
659 4325 804 4381 dixit
835 4343 853 4380 :
881 4329 1046 4380 Pater
1096 4324 1399 4391 Abraham,
1435 4325 1692 4379 miserere
1718 4326 1847 4391 mei,
1889 4334 1940 4379 et
1984 4327 2134 4381 mitte

476 4418 766 4481 Lazarum,
798 4421 861 4470 ut
894 4414 1132 4484 in-tingat
1176 4420 1481 4468 extremum
1530 4411 1692 4483 digiti
1732 4414 1824 4467 sui
1869 4416 1929 4468 in
1967 4430 2129 4485 aqua,

2244 3263 2349 3331 11).
2387 3261 2516 3315 Hzec
2548 3259 2796 3316 ﬁdeliter
2827 3260 3159 3327 credamus,
3180 3259 3472 3315 veraciter
3504 3256 3866 3319 timeamus,et

2240 3350 2396 3406 hunc
2412 3348 2791 3422 vaniloquum
2823 3352 2880 3404 et
2909 3349 3279 3405 seductorem
3314 3346 3636 3421 penitusab
3653 3343 3864 3399 auribus

2241 3439 2593 3512 repellamus
2627 3455 2639 3493 :
2672 3438 2835 3505 Quia,
2857 3436 3010 3493 sicut
3040 3437 3123 3492 ait
3167 3436 3493 3509 Apostolus
3548 3438 3867 3504 corrumpunt

2243 3528 2409 3584 bonos
2439 3544 2613 3584 mores
2643 3528 2914 3598 colloquia
2941 3528 3091 3582 mala
3121 3526 3168 3596 (ι
3200 3526 3326 3583 Cor.
3356 3544 3450 3595 xv,
3483 3526 3595 3595 33).
3638 3522 3785 3579 Unde
3824 3522 3872 3573 et

2242 3616 2356 3673 alia
2387 3616 2688 3688 Scriptura
2717 3615 2992 3671 admonet
3020 3614 3222 3671 dicens
3256 3633 3271 3671 :
3305 3617 3443 3689 Sepi
3471 3631 3633 3670 aures
3654 3621 3763 3669 tuas
3779 3609 3869 3680 spi-

2239 3707 2407 3773 nis,et
2434 3706 2555 3761 noli
2579 3704 2775 3760 audire
2805 3705 3058 3774 linguam
3088 3704 3251 3776 (Eccl.
3283 3720 3494 3772 xxvm,
3526 3703 3637 3775 28).

2311 3798 2346 3850 2
2400 3792 2613 3850 Statim
2641 3808 2896 3863 namque
2925 3796 3059 3864 post
3086 3791 3210 3848 haec
3233 3792 3342 3849 illa
3366 3810 3481 3849 sua
3510 3783 3876 3864 regulaimpia

2241 3887 2297 3939 et
2317 3882 2684 3953 furiosa,qua
2715 3880 3067 3954 persuadere
3097 3885 3353 3937 conatur
3382 3885 3614 3950 ut,cum
3635 3876 3875 3933 audimus

2242 3971 2467 4044 aliquid
2484 3968 3132 4042 factum,intelligamus
3148 3987 3267 4025 non
3282 3970 3677 4038 factum,cum
3694 3959 3881 4035 aliquid

2242 4057 2896 4131 dictum,intelligamus
2927 4074 3041 4113 non
3074 4056 3341 4128 dictum;
3364 4058 3643 4130 adjungit
3663 4060 3717 4111 et
3736 4050 3878 4108 dicit:

2241 4150 2532 4207 Praescisse
2561 4155 2614 4203 et
2640 4146 3062 4219 praedestinasse
3092 4148 3264 4202 Deum
3300 4155 3535 4220 peccata
3574 4145 3655 4202 vel
3701 4153 3879 4216 ραῖηαεν

2238 4254 2339 4311 pro
2355 4253 2464 4293 non.
2478 4237 2780 4309 praescisse,
2803 4253 2911 4291 non
2939 4234 3516 4306 praedestinassemon
3547 4242 3878 4308 praeparasse.

2243 4327 2407 4393 Quod
2439 4325 2810 4398 apertissime
2841 4322 2974 4379 ﬁdei
2996 4328 3052 4378 et
3071 4324 3305 4380 veritati
3340 4323 3707 4380 contrarium
3734 4312 3881 4376 est.Si

2242 4414 2399 4470 enim
2414 4430 2528 4470 non
2542 4412 2987 4486 praescivitDeus
3000 4411 3353 4485 angelorum
3369 4413 3460 4469 vel
3473 4412 3772 4470 hominum
3784 4421 3885 4461 om-

476 4513 525 4561 et
552 4506 833 4576 refrigeret
865 4504 1114 4574 linguam
1141 4502 1477 4573 meam,quia
1508 4503 1724 4556 crucior
1757 4503 1816 4555 in
1844 4503 1947 4557 hac
1974 4504 2131 4572 ﬂam-
2163 4527 2211 4592 Β
2243 4504 2341 4559 nia
2372 4504 2570 4558 futura
2600 4506 2857 4574 peccata,
2891 4517 3008 4557 non
3031 4505 3121 4558 est
3140 4502 3433 4573 praescius
3471 4491 3887 4558 futurorumEt

480 4609 570 4647 ma
611 4593 761 4663 (Luc.
819 4610 931 4657 xvx,
980 4594 1071 4659 22,
1121 4593 1211 4660 23,
1262 4592 1376 4663 24(.
1431 4590 1497 4645 Et
1554 4589 1726 4663 paulo
1787 4595 1938 4662 post,
1999 4608 2133 4647 cum

480 4697 584 4753 pro
616 4680 893 4735 fratribus
925 4680 1049 4736 suis
1079 4680 1457 4754 supplicaret,
1489 4678 1569 4735 ait
1600 4696 1613 4733 :
1653 4680 1717 4737 Ut
1745 4686 1966 4735 testetur
1996 4681 2131 4747 illis,

479 4785 549 4824 ne
581 4769 689 4840 ipsi
716 4770 939 4823 veniant
982 4771 1043 4823 in
1097 4770 1240 4825 hunc
1284 4771 1461 4825 locum
1516 4775 1905 4825 tormentorum
1947 4769 2130 4838 (Ibid.,

480 4858 593 4928 28).
626 4857 770 4912 Ecce
816 4854 1013 4911 infelix
1054 4860 1112 4912 et
1151 4856 1551 4915 intelicissime
1597 4858 1913 4914 damnatus
1952 4857 2131 4927 dives,

483 4944 684 5002 statim
718 4948 785 4999 ut
814 4947 1083 4999 mortuus
1112 4950 1200 5000 est
1228 4962 1487 5018 corpore,
1520 4945 1721 5002 anima
1749 4945 2016 5019 sepultus
2046 4952 2136 5004 est

482 5034 541 5091 in
577 5033 830 5100 inferno;
864 5031 965 5088 ubi
996 5032 1652 5106 tenebaturipsaanima
1672 5034 1730 5090 in
1745 5036 2139 5104 tormentis,et

483 5124 561 5180 ibi
597 5120 855 5195 amplius
885 5121 1275 5187 cruciabatur,
1300 5122 1455 5177 unde
1488 5123 1742 5196 amplius
1776 5130 2128 5196 peccaverat,

481 5213 538 5270 id
573 5216 663 5268 est
694 5210 755 5266 in
782 5208 1012 5283 lingua;
1046 5213 1103 5266 et
1133 5209 1502 5265 cruciabatur
1522 5210 1581 5266 in
1612 5212 1849 5269 ﬂamma
1870 5214 2132 5286 undique

482 5305 763 5359 adurente
785 5304 840 5356 et
872 5299 1372 5356 concremante.Et
1393 5299 1546 5355 sicut
1566 5299 1690 5370 ipse
1712 5301 1893 5358 micas
1915 5320 2131 5359 mensae

484 5408 602 5446 suae
635 5407 746 5446 non
772 5390 1011 5445 dederat
1035 5388 1258 5444 Labaro
1281 5387 1550 5443 mendico
1567 5391 1622 5442 et
1643 5387 1940 5446 ulceribus
1961 5391 2131 5463 pleno

478 5478 696 5551 jacenti
729 5479 798 5534 ad
823 5480 1074 5551 januam
1106 5476 1384 5544 suam,ita
1411 5481 1469 5532 et
1488 5476 1613 5549 ipse
1634 5476 1851 5533 stillam
1874 5496 2037 5552 aqum
2061 5482 2131 5537 de

488 5564 669 5640 digito
715 5568 866 5638 ejus,
898 5585 1016 5641 qua
1046 5564 1479 5641 aliquantulum
1514 5565 1974 5641 refrigeraretur,
2014 5587 2129 5627 non

2245 4592 2386 4664 quid
2418 4590 2576 4647 aliud
2601 4594 2837 4663 praestat
2857 4589 2971 4646 nisi
2991 4590 3223 4646 utdicat
3252 4593 3361 4647 iste
3395 4592 3670 4663 insipiens
3689 4591 3743 4643 in
3756 4580 3890 4640 corde

2240 4697 2478 4748 suo,non
2505 4688 2581 4736 est
2611 4684 2759 4736 Deus
2790 4679 2960 4751 (Psal.
2990 4695 3116 4747 xm,
3141 4680 3217 4750 1),
3250 4679 3304 4735 si
3332 4697 3455 4736 non
3482 4674 3769 4753 przescivit
3795 4687 3889 4745 po:-

2242 4786 2349 4825 nas
2381 4786 2507 4843 quae
2538 4768 2916 4841 peccantibus
2939 4769 3102 4840 juste
3130 4768 3455 4835 debentur,
3491 4766 3772 4842 quomodo
3809 4774 3891 4815 eas

2242 4858 2369 4914 etin
2382 4856 2711 4930 Evangeliis
2731 4860 2788 4913 et
2806 4855 2867 4911 in
2901 4855 3477 4929 caiterisScripturis
3511 4862 3635 4913 tam
3658 4851 3889 4913 assiduo,

2241 4950 2362 5002 tam
2394 4945 2793 5019 graviter,tam
2816 4944 3156 5001 terribiliter
3175 4945 3615 5002 comminatur.
3638 4942 3747 5001 Sed
3775 4935 3895 4994 dicit

2244 5036 2353 5113 iste
2382 5053 2395 5091 :
2430 5035 2572 5104 Quia
2595 5042 2817 5107 peccata
2844 5034 2928 5090 vel
2954 5050 3132 5107 plenae
3152 5033 3307 5090 nihil
3337 5042 3497 5105 sunt,
3529 5050 3592 5090 eo
3620 5029 3759 5105 quod
3781 5025 3891 5113 subj

2238 5111 2499 5180 stantiam
2527 5139 2627 5194 per
2669 5140 2726 5177 se
2773 5122 3048 5179 existendi
3092 5139 3204 5179 non
3229 5122 3502 5181 habeant.
3536 5124 3603 5178 Et
3632 5121 3745 5177 ideo
3772 5111 3897 5189 quod

2239 5214 2384 5268 nihil
2412 5220 2491 5269 est
2523 5216 2697 5269 Deum
2724 5227 2823 5267 nec
2847 5212 2987 5267 scire
3015 5228 3113 5267 nec
3137 5215 3416 5283 praescire
3442 5213 3708 5284 potuisse.
3738 5200 3895 5271 Quasi

2241 5302 2358 5358 Deo
2405 5300 2672 5374 ignotum
2721 5299 2800 5355 sit
2846 5299 3135 5372 quidquid
3182 5315 3305 5355 non
3360 5304 3478 5368 est,
3511 5305 3572 5357 et
3605 5295 3759 5373 quod
3789 5293 3899 5365 ipse

2241 5387 2632 5447 essentialiter
2672 5392 2729 5443 et
2776 5387 3121 5443 naturaliter
3166 5403 3299 5443 esse
3343 5405 3469 5444 non
3521 5388 3657 5443 fecit
3706 5403 3718 5440 :
3778 5394 3897 5436 cum

2241 5479 2337 5536 ille
2383 5477 2768 5549 omnipotenti
2800 5477 3047 5533 scientia
3094 5482 3153 5533 et
3195 5477 3594 5550 prmscientia
3630 5491 3740 5532 sua
3766 5470 3904 5529 sicut

2240 5567 2398 5627 novit
2425 5565 2623 5623 omnia
2652 5581 2779 5636 qua:
2812 5565 2969 5636 fecit,
3000 5565 3086 5623 sic
3134 5565 3316 5623 etiam
3374 5566 3612 5624 noverit
3640 5580 3768 5635 qua:
3797 5573 3899 5615 non
