4068 6190
279 290 378 352 193

1221 286 1454 349 LIBER
1497 284 1916 350 ADVERSUS
1958 282 2329 351 JOANNEM
2375 289 2713 354 SCOTUM.

3549 297 3667 357 μμ

338 421 536 477 Adhuc
560 420 725 476 addit
745 425 803 477 et
825 418 966 476 dicit
992 436 1005 475 :
1030 419 1263 475 Dolendo
1301 436 1412 475 non
1444 421 1621 492 ipsum
1650 420 1907 481 dolorem,
1940 421 1993 488 Α
2020 423 2424 490 perversitatem
2448 426 2698 496 propriae
2746 425 3069 494 voluntatis;
3091 443 3189 481 nec
3224 442 3466 500 peccasse
3502 438 3667 485 natu-

277 510 354 566 sed
384 512 562 583 ipsam
591 511 890 566 sanitatem
918 510 1088 573 nosci,
1125 524 1289 581 quam
1317 524 1427 563 non
1454 510 1710 574 noscet,si
1727 508 1791 563 de
1813 509 1914 563 illa

280 601 535 656 notionem
550 598 845 671 quamdam
859 613 970 653 non
984 598 1221 653 haberet.
1236 596 1298 652 In
1321 597 1538 669 quibus
1554 596 1744 652 verbis
1762 598 1915 652 affir-

280 705 421 744 mare
450 686 685 744 videtur
710 685 969 742 dolorem
1000 684 1169 741 illum
1219 690 1565 741 mternarum
1606 702 1912 759 pmnarum

281 795 378 833 non
407 793 586 850 posse
616 774 874 840 nosci,id
907 777 996 830 est
1016 774 1364 847 agnosci,ab
1397 772 1593 830 animo
1614 773 1910 847 patientis,

280 883 334 922 eo
362 865 519 939 quod
552 864 679 937 ipse
709 863 874 918 dolor
905 861 1129 918 nullam
1160 862 1373 918 habeat
1415 863 1808 919 substantiam
1853 862 1914 917 in

281 971 331 1012 se
356 953 649 1010 existendi
678 951 768 1008 vel
799 950 1179 1007 subsistendi.
1204 952 1274 1006 Et
1303 951 1434 1007 ideo
1461 968 1596 1007 cum
1637 952 1915 1008 substan-

282 1042 480 1099 tialiter
510 1041 659 1097 nihil
692 1041 789 1107 sit,
819 1058 934 1096 non
978 1038 1103 1112 ipse
1152 1045 1505 1113 agnoscatur
1554 1041 1625 1096 ab
1675 1040 1774 1095 illo
1816 1040 1915 1113 qui

283 1130 553 1197 dolet,sed
587 1129 784 1202 potius
812 1144 879 1184 ex
901 1128 1028 1199 ejus
1049 1127 1481 1200 comparatione
1503 1127 1725 1183 sanitas
1747 1142 1918 1201 agno-

282 1219 485 1289 scitur;
520 1235 651 1291 quaa
682 1217 743 1273 in
776 1233 1017 1290 corpore
1058 1214 1402 1272 naturaliter
1447 1214 1667 1288 aliquid
1721 1220 1830 1282 est,
1863 1219 1921 1271 et

283 1326 395 1381 quae
428 1308 545 1380 ipsi
567 1305 752 1363 dolori
774 1305 1068 1362 contraria
1096 1309 1205 1360 est.
1237 1306 1422 1371 Quam
1454 1305 1761 1360 sanitatem
1795 1304 1921 1359 nul-

284 1397 504 1453 latenus
552 1400 754 1451 nosset
783 1394 883 1467 qui
911 1398 1069 1450 totus
1099 1393 1259 1449 dolet
1311 1393 1367 1449 in
1403 1394 1610 1466 pmnis,
1642 1392 1754 1450 nisi
1791 1394 1921 1465 ejus

285 1485 479 1541 notitia
506 1484 568 1540 in
603 1483 886 1539 memoria
919 1486 1264 1538 remaneret.

343 1579 406 1629 Et
455 1578 523 1629 ut
571 1572 690 1628 haec
737 1576 857 1628 tam
912 1572 1168 1627 absurda
1207 1575 1265 1626 et
1293 1571 1492 1639 stulta,
1516 1572 1674 1628 velut
1700 1571 1920 1627 ratione

282 1662 528 1735 quadam
561 1661 808 1728 reddita,
840 1661 1191 1715 confirmare
1221 1660 1505 1727 videatur,
1532 1661 1838 1733 subjungit
1866 1664 1924 1715 et

280 1750 445 1806 dicit:
475 1748 917 1805 Recordationem
944 1750 1200 1803 sanitatis
1231 1749 1291 1802 in
1325 1749 1573 1804 sensibus
1619 1764 1920 1818 remanere,

280 1842 444 1912 ipsam
475 1854 599 1895 vero
631 1840 687 1893 in
722 1838 820 1893 illa
848 1837 1154 1892 substantia
1181 1853 1347 1908 quam
1373 1838 1513 1894 Deus
1542 1840 1743 1893 creavit
1784 1840 1921 1895 resi-

281 1928 416 1984 dere.
453 1927 563 1983 Per
592 1927 749 1999 quod
789 1925 1058 1982 fortassis
1104 1925 1213 1981 hoc
1246 1925 1492 2000 intelligi
1523 1926 1647 1982 vult
1676 1928 1830 1999 quod
1862 1928 1922 1982 in

282 2017 548 2073 sensibus
581 2016 639 2070 in
664 2014 767 2070 illa
797 2014 1173 2070 damnatione
1198 2030 1431 2087 semper
1467 2015 1735 2085 dolentis,
1767 2015 1925 2070 velut

282 2124 341 2161 ex
370 2103 828 2162 commonitione
852 2103 1040 2175 ipsius
1071 2101 1307 2171 doloris,
1344 2104 1445 2159 fiat
1476 2104 1798 2160 recordatio
1830 2122 1924 2159 sa-

282 2194 498 2261 nitatis,
534 2194 594 2248 in
626 2192 900 2250 sensibus
928 2190 1214 2259 videlicet,
1244 2192 1459 2264 quibus
1488 2191 1574 2247 vel
1605 2209 1817 2264 corpus
1836 2193 1925 2250 vel

285 2285 474 2340 anima
506 2283 671 2355 ipsos
701 2280 931 2336 dolores
962 2279 1204 2347 sentiet;
1236 2280 1428 2353 ipsam
1458 2297 1591 2336 vero
1614 2284 1924 2338 sanitatem

282 2373 336 2428 in
363 2373 468 2427 illa
500 2370 881 2426 damnatione
913 2369 992 2425 ita
1021 2385 1192 2441 posse
1224 2368 1637 2441 intelligi,quia
1657 2372 1929 2426 substan-

284 2462 358 2517 tia
394 2460 679 2525 hominis,
702 2475 876 2531 quem
908 2458 1060 2514 Deus
1090 2458 1325 2523 creavit,
1348 2464 1405 2514 et
1432 2459 1491 2514 in
1542 2460 1750 2515 animae
1780 2464 1837 2515 et
1868 2461 1927 2515 in

283 2549 539 2624 corporis
572 2548 955 2621 perpetuitate
986 2564 1100 2603 non
1123 2547 1511 2616 consumitur,
1535 2565 1650 2604 non
1681 2548 1926 2616 deletur,

285 2642 376 2696 sed
406 2637 571 2694 velut
600 2637 855 2710 quadam
888 2653 1007 2691 sum
1039 2634 1421 2707 plenitudinis
1473 2637 1723 2692 sanitate
1766 2642 1927 2693 arter-

284 2729 486 2785 naliter
514 2728 711 2782 durat.
736 2730 869 2793 Quae
900 2724 1098 2781 omnia
1129 2723 1341 2780 idcirco
1374 2725 1566 2782 dicere
1594 2725 1844 2793 videtur,
1866 2730 1930 2781 ut

284 2836 379 2891 per
400 2817 576 2872 illum
608 2813 1031 2886 sempiternum
1064 2829 1370 2885 pinnarum
1402 2813 1685 2881 dolorem,
1708 2832 1811 2870 nec
1835 2832 1927 2871 co-

284 2907 602 2981 gnitionem
656 2902 948 2969 sanitatis,
985 2919 1088 2957 nec
1136 2903 1265 2974 ejus
1313 2901 1790 2972 recordationem,
1824 2921 1929 2960 nec

286 2997 469 3069 ipsam
498 2992 815 3049 sanitatem
848 2991 906 3046 in
937 2990 1022 3047 eis
1052 2989 1152 3064 qui
1177 2991 1487 3063 torquendi
1520 2996 1681 3058 sunt,
1712 2998 1932 3049 asserat

287 3085 484 3158 perire.
501 3086 648 3137 Cum
679 3098 709 3136 e
740 3079 1028 3136 contrario
1050 3080 1248 3135 omnia
1277 3078 1473 3144 ista,id
1492 3083 1657 3136 estet
1677 3081 1929 3153 cognitio

2022 526 2160 576 ram,
2193 510 2283 566 sed
2310 512 2662 568 voluntatem.

2089 599 2143 652 6.
2178 601 2286 656 Nec
2314 601 2373 654 in
2398 602 2579 671 primo
2610 601 2829 658 homine
2864 618 3111 674 peccasse
3149 612 3367 662 natura:
3391 622 3490 674 gen
3516 607 3668 661 ‘rali-

2022 693 2202 751 tatem,
2234 686 2326 742 sed
2353 691 2789 764 uniuscujusque
2819 692 3163 748 individuam
3193 695 3541 751 voluntatem.
3614 766 3617 769 Α

2091 778 2145 830 7.
2179 775 2242 831 Si
2268 792 2331 831 ea
2352 786 2554 833 natura
2583 778 2997 852 derelinqueret,
3021 798 3144 837 cum
3172 800 3282 838 una
3310 785 3401 852 sit,
3417 792 3531 841 tota
3546 801 3669 857 pro-

2020 866 2156 936 fecto
2180 866 2407 937 periret.

2094 956 2147 1007 8.
2184 954 2417 1009 Proinde
2450 956 2505 1010 in
2530 956 2641 1011 ullo
2660 965 2921 1013 naturam
2937 960 3291 1033 puniri,quia
3315 978 3385 1017 ea:
3412 963 3508 1018 Deo
3523 964 3673 1031 sit,et

2023 1057 2133 1097 non
2158 1042 2453 1114 peccet,sed
2472 1052 2648 1099 motus
2669 1047 3012 1102 voluntarius
3034 1048 3360 1105 libidinosus
3378 1053 3668 1122 puniatur.

2096 1132 2149 1185 9.
2181 1131 2407 1204 Ideoque
2428 1134 2487 1186 in
2510 1134 2696 1204 impiis
2722 1135 2993 1206 supplicia
3012 1152 3123 1191 non
3136 1140 3351 1210 perpeti
3368 1139 3510 1211 quod
3533 1145 3673 1195 Deus

2025 1222 2171 1292 fecit,
2203 1220 2292 1275 sed
2322 1221 2466 1292 quod
2493 1224 2752 1294 superbia
2780 1226 2971 1279 vitiose
2999 1226 3226 1282 invenit.

2098 1310 2185 1365 lO.
2221 1309 2529 1365 Libidinem
2552 1326 2824 1381 perversa?
2853 1312 3152 1369 voluntatis
3179 1317 3440 1384 cruciari,
3461 1316 3590 1372 dum
3609 1334 3673 1375 ea

2028 1414 2153 1471 qua?
2180 1399 2323 1453 male
2352 1407 2449 1454 aut
2468 1398 2693 1468 indigne
2719 1389 2921 1472 appetit
2950 1401 3147 1457 habere
3175 1419 3279 1459 non
3306 1406 3545 1461 sinatur.

2102 1490 2187 1544 11.
2222 1489 2304 1543 Ex
2331 1490 2485 1543 nullo
2517 1491 2652 1545 bono
2681 1491 2891 1545 malum
2919 1506 3050 1546 esse.

2104 1579 2188 1632 l2.
2224 1578 2357 1632 Eum
2383 1580 2480 1649 qui
2508 1577 2597 1633 hic
2624 1579 2793 1635 libero
2822 1580 3116 1636 voluntatis
3144 1583 3395 1651 arbitrio,
3429 1585 3569 1657 quod
3598 1593 3677 1641 est

2028 1667 2305 1721 naturalis
2352 1667 2737 1739 intelligentiae
2763 1684 2986 1735 munus,
3019 1669 3075 1724 id
3103 1678 3183 1725 est
3229 1674 3425 1727 mentis
3446 1675 3587 1729 acies
3619 1676 3676 1729 in

2030 1772 2160 1809 usus
2192 1755 2555 1825 turpitudinis
2584 1763 2770 1823 mutet,
2806 1757 2927 1811 illic
2951 1774 3020 1811 ne
3048 1760 3270 1815 omnino
3296 1763 3541 1818 veritatis
3581 1762 3678 1818 ho—

2030 1852 2234 1900 nestate
2250 1846 2495 1915 fruatur,
2518 1845 2825 1915 justissime
2848 1846 3060 1918 perdat,
3092 1855 3143 1903 et
3167 1850 3413 1906 tenebras
3453 1859 3681 1910 (rtemze

2032 1935 2361 2003 ignorantia
2388 1949 2501 1989 non
2531 1936 2756 1990 evitare.

2106 2023 2169 2077 In
2198 2022 2288 2077 his
2318 2022 2509 2077 verbis
2540 2020 2685 2077 illud
2717 2024 2872 2095 quod
2908 2023 3095 2096 primo
3127 2024 3252 2081 loco
3284 2027 3479 2099 posuit
3521 2030 3683 2085 nulla

2031 2120 2234 2166 natura
2272 2119 2531 2166 naturam
2576 2114 2791 2183 puniri,
2825 2112 2953 2168 ideo
3002 2113 3219 2171 dixisse
3265 2115 3497 2172 videtur
3545 2117 3684 2190 quia

2034 2199 2227 2256 omnis
2258 2199 2457 2272 utique
2487 2204 2698 2255 natura
2719 2218 2753 2255 a
2773 2202 2924 2256 bono
2944 2207 3177 2258 auctore
3200 2204 3315 2259 Deo
3333 2205 3585 2276 condita,
3622 2206 3682 2262 in

2036 2292 2323 2361 quantum
2354 2293 2563 2343 natura
2592 2292 2700 2353 est,
2736 2288 2888 2344 bona
2917 2294 3006 2346 est
3039 2307 3050 2345 :
3087 2296 3152 2346 ut
3181 2293 3337 2347 verbi
3366 2294 3684 2367 gratia,na-

2037 2381 2168 2431 tura
2197 2376 2406 2430 animae
2436 2375 2555 2432 sive
2593 2378 2855 2449 corporis
2886 2378 3039 2437 bona
3059 2383 3176 2446 est;
3201 2384 3256 2435 et
3279 2386 3485 2437 natura
3507 2383 3683 2454 ignis,

2036 2464 2095 2519 in
2129 2469 2412 2538 quantum
2438 2469 2647 2521 natura
2676 2466 3065 2531 est,similiter
3089 2468 3243 2523 bona
3264 2473 3529 2525 est.Cum
3550 2488 3686 2545 ergo

2038 2560 2286 2627 utraque
2316 2554 2662 2611 naturaliter
2681 2555 2834 2611 bona
2854 2556 3155 2625 sint,recte
3177 2558 3290 2613 sibi
3321 2558 3429 2614 iste
3458 2560 3690 2616 videtur

2039 2645 2230 2699 dicere
2259 2648 2316 2698 et
2339 2644 2601 2710 definire,
2637 2645 2788 2716 quod
2824 2644 2986 2700 nulla
3015 2650 3225 2701 natura
3269 2646 3385 2703 alia
3414 2649 3689 2720 puniatur

2040 2737 2276 2798 natura;
2303 2731 2439 2804 quia
2458 2730 2727 2788 videlicet
2748 2732 2864 2788 duo
2887 2733 3039 2789 bona
3060 2734 3384 2790 secundum
3406 2738 3534 2808 ejus
3557 2754 3687 2794 sen-

2040 2837 2169 2877 sum
2190 2837 2304 2874 non
2328 2823 2575 2891 possunt
2594 2818 2706 2875 sibi
2725 2835 2853 2876 esse
2871 2822 3259 2878 contraria.ne
3280 2828 3500 2879 natura:
3524 2825 3687 2881 bonae

2039 2908 2222 2964 altera
2240 2909 2396 2964 bona
2416 2911 2626 2964 natura
2656 2908 2844 2980 possit
2863 2925 2992 2964 esse
3014 2925 3203 2981 pinna.
3218 2912 3402 2982 Atque
3423 2911 3691 2983 hujusce-

2041 2996 2199 3053 modi
2230 2995 2752 3068 argumentationis
2774 2996 3261 3052 manif‘estissima
3285 2997 3510 3054 fallacia
3529 3000 3693 3072 cupit

2044 3087 2377 3142 subvertere
2420 3084 2478 3139 in
2515 3083 2790 3140 cordibus
2811 3085 3173 3141 audientium
3204 3087 3605 3144 firmissimam
3629 3089 3692 3144 ﬁ-

289 3152 342 3229 et
370 3172 661 3228 memoria
694 3167 964 3225 sanitatis
993 3168 1052 3222 in
1084 3167 1279 3223 animo
1310 3183 1543 3240 semper
1571 3152 1845 3235 dolentis,
1878 3174 1934 3224 et
1964 3152 2005 3218 Ο
2045 3175 2135 3230 dei
2165 3175 2487 3237 veritatem,
2519 3189 2637 3244 qua
2665 3189 2869 3229 omnes
2900 3173 3099 3230 ﬁdeles
3129 3173 3529 3232 indubitanter
3567 3193 3693 3232 cre-

293 3259 656 3318 conservatio
681 3257 780 3313 illa
802 3262 1023 3313 naturai
1046 3273 1348 3329 nunquam
1382 3256 1782 3325 delendemon
1808 3275 1936 3331 pro-

292 3351 485 3407 ﬁciant
514 3350 591 3405 ad
620 3347 880 3420 aliquam
913 3345 1158 3418 gratiam
1179 3346 1681 3417 etjucunditatem
1706 3345 1933 3415 salutis,

292 3441 385 3496 sed
420 3439 625 3513 potius
655 3437 725 3492 ad
762 3434 1065 3492 cumulum
1087 3432 1307 3490 doloris
1331 3451 1343 3489 :
1375 3439 1437 3489 ut
1458 3451 1573 3489 non
1596 3434 1786 3490 solum
1810 3453 1938 3493 sen-

291 3546 355 3584 su
386 3534 443 3584 et
490 3525 756 3600 corporis
799 3528 857 3579 et
886 3524 1094 3579 animae
1126 3522 1317 3579 doleat
1348 3522 1426 3579 ita
1458 3522 1800 3592 damnatus;
1833 3525 1934 3581 sed

290 3617 457 3673 etiam
490 3616 636 3671 dum
671 3613 1025 3678 recordatur,
1041 3615 1099 3667 et
1128 3609 1391 3683 agnoscit
1413 3610 1633 3665 bonum
1666 3611 1935 3667 sanitatis

288 3708 433 3780 quod
467 3705 738 3761 funditus
763 3700 1045 3767 amisit,in
1071 3700 1197 3772 ipsa
1216 3698 1501 3755 memoria
1516 3704 1570 3754 et
1601 3699 1807 3755 notitia
1828 3717 1933 3771 pu-

289 3793 681 3851 niatur.Dicat
700 3807 837 3863 ergo
870 3789 1116 3845 insanus
1147 3805 1275 3844 esse
1305 3787 1363 3843 in
1398 3788 1627 3843 aeternis
1667 3793 1724 3844 et
1753 3788 1936 3844 omni-

288 3884 471 3939 modis
492 3880 798 3939 doloribus
827 3877 1313 3943 sanitatem,dum
1350 3894 1476 3948 quae
1506 3875 1586 3931 ibi
1617 3875 1931 3945 existimat,

289 3974 421 4028 dum
451 3988 580 4044 quas
613 3969 693 4026 ibi
718 3972 887 4041 putat
917 3982 1216 4021 remanere
1236 3965 1309 4020 ad
1337 3963 1615 4019 indicium
1641 3964 1929 4034 sanitatis,

294 4078 398 4115 non
423 4059 582 4116 aliud
617 4073 797 4130 quam
821 4054 1064 4110 materia
1089 4054 1209 4109 sint
1238 4051 1456 4108 doloris
1482 4069 1494 4108 :
1522 4053 1764 4117 ut,dum
1784 4072 1932 4111 nun-

295 4166 460 4220 quam
492 4146 698 4202 finitnr
728 4144 830 4218 qui
861 4145 1188 4216 torquetur,
1222 4158 1329 4197 nec
1358 4145 1652 4197 tormenta
1700 4141 1829 4216 ipsa
1866 4143 1932 4198 fi-

298 4238 524 4293 niantur
556 4253 570 4291 :

908 4357 1137 4415 CAPUT
1176 4355 1318 4413 XVI.

2046 3264 2194 3319 dunt
2223 3265 2279 3318 et
2305 3261 2677 3329 confitentur,
2693 3261 2751 3316 in
2776 3279 2896 3317 una
2911 3266 2969 3318 et
2994 3279 3095 3335 per
3116 3280 3292 3318 unam
3319 3264 3515 3319 aeterni
3538 3265 3693 3338 ignis

2046 3354 2413 3417 naturam,et
2445 3354 2714 3406 naturam
2747 3351 3063 3424 spirituum
3097 3350 3574 3424 malignorum,et
3595 3371 3695 3410 na-

2045 3445 2241 3497 turam
2268 3439 2575 3494 hominum
2605 3440 2990 3510 perditorum,
3020 3439 3078 3495 id
3109 3444 3200 3495 est
3229 3440 3459 3497 animas
3490 3446 3547 3498 et
3568 3460 3694 3498 cor-

2044 3546 2187 3601 pora
2213 3543 2414 3583 eorum
2446 3526 2571 3582 sine
2603 3527 2717 3582 fine
2743 3527 3130 3595 damnandas,
3164 3528 3495 3599 puniendas
3518 3534 3693 3603 atque

2043 3616 2400 3690 torquendas
2433 3632 2534 3687 per
2564 3617 2693 3685 eius
2715 3617 2947 3686 justum
2980 3621 3037 3672 et
3064 3618 3650 3688 aeternumjudicium
3677 3639 3690 3677 :

2042 3708 2154 3777 Qui
2178 3712 2351 3777 potest
2376 3712 2425 3759 et
2456 3705 2702 3758 animam
2730 3711 2782 3759 et
2808 3720 2999 3776 corpus
3024 3705 3249 3777 perdere
3281 3708 3339 3761 in
3369 3706 3690 3777 gehennam,

2041 3803 2091 3850 et
2120 3795 2237 3866 qui,
2271 3800 2554 3865 postquam
2582 3792 2858 3859 occiderit,
2878 3793 3036 3849 habet
3058 3801 3373 3866 potestatem
3399 3797 3612 3852 mittere
3636 3798 3694 3851 in

2040 3884 2343 3953 gehennam
2370 3880 2587 3950 (Matth.
2622 3897 2677 3947 x,
2709 3882 2821 3952 28).

2113 3970 2229 4025 Nec
2249 3968 2438 4024 solum
2457 3968 2528 4022 de
2546 3965 2662 4023 illis
2678 3967 2908 4023 aeternis
2929 3967 3232 4041 suppliciis
3252 3969 3468 4041 quibus
3486 3974 3696 4026 natura

2042 4057 2305 4131 angelica
2333 4060 2391 4112 et
2418 4055 2680 4111 humana
2711 4056 2911 4128 utique
2934 4061 3144 4112 natura
3176 4057 3331 4131 ignis
3355 4058 3552 4114 aeterni
3574 4062 3694 4115 tor-
3768 4096 3777 4101 ρ

2042 4145 2317 4219 quebitur
2336 4150 2402 4200 ut
2421 4143 2703 4218 ignis,qui
2728 4144 2985 4201 bonitate
3006 4145 3335 4201 Conditoris
3352 4144 3445 4201 hic
3467 4145 3693 4200 homini

2042 4236 2216 4291 datus
2247 4237 2334 4289 est
2373 4234 2444 4288 ad
2484 4232 2781 4300 solatium,
2813 4231 2893 4286 ibi
2935 4233 3100 4304 justa
3148 4232 3694 4302 severitatejudicis

2040 4327 2300 4379 vertatur
2345 4322 2397 4377 ei
2447 4322 2505 4376 in
2556 4320 2948 4394 supplicium;
2985 4337 3099 4376 non
3133 4321 3204 4376 de
3254 4319 3392 4388 illis,
3425 4320 3690 4392 inquam,

2042 4412 2183 4469 solis
2214 4416 2372 4468 certa
2400 4415 2489 4467 est
2519 4410 2661 4466 ﬁdes
2692 4410 2772 4464 ita
2799 4426 2927 4465 esse
2957 4409 3251 4476 futurum;
3287 4408 3386 4465 sed
3424 4408 3600 4464 etiam
3633 4409 3691 4464 in

358 4505 521 4561 Sexto
543 4501 771 4559 decimo
801 4499 1059 4574 capitulo
1081 4497 1390 4555 duodecim
1418 4496 1785 4554 definitiones
1807 4515 1935 4571 pro-
1966 4523 2013 4587 ι)
2046 4500 2347 4557 communi
2367 4497 2676 4555 hominum
2705 4515 2879 4554 sensu
2906 4496 3298 4553 certissimum
3315 4513 3443 4553 esse
3464 4502 3696 4555 constat

296 4594 464 4665 ponit,
497 4594 580 4649 ita
609 4591 813 4648 dicens
850 4606 862 4644 :

360 4682 404 4737 l.
439 4682 606 4738 Nulla
628 4688 834 4737 natura
861 4686 1122 4734 naturam
1146 4677 1361 4750 puniri.

362 4773 412 4824 2.
441 4772 503 4827 Et
529 4771 671 4825 nihil
703 4767 859 4824 aliud
887 4783 1001 4823 esse
1037 4783 1227 4841 plenas
1268 4772 1628 4837 peccatorum,
1659 4765 1775 4819 nisi
1816 4780 1936 4836 pec-

299 4866 411 4912 cata
430 4876 610 4915 eorum
618 4900 632 4915 ο

366 4948 414 5002 3.
442 4948 501 5002 In
531 4949 664 5021 igne
691 4954 900 5003 aeterno
948 4943 1094 5000 nihil
1142 4940 1301 4999 aliud
1346 4958 1457 4998 esse
1504 4958 1737 5013 poenam,
1770 4958 1935 5014 quam

307 5033 463 5094 beata?
488 5037 771 5109 felicitatis
799 5035 1124 5090 absentiam.

370 5125 417 5179 4.
446 5126 504 5181 In
530 5143 593 5181 ea
620 5125 844 5181 nullum
872 5140 985 5180 esse
1013 5124 1112 5195 qui
1156 5137 1266 5177 non
1317 5119 1509 5175 habeat
1557 5120 1783 5174 insitam
1826 5118 1936 5173 sibi

303 5216 614 5270 naturaliter
670 5214 916 5270 absentis
966 5209 1319 5267 beatitudinis
1372 5209 1668 5273 notionem,
1713 5208 1935 5279 ejusque

305 5299 611 5359 desiderium
641 5320 660 5358 :
691 5302 974 5358 habituros
1004 5301 1229 5356 miseros
1257 5298 1546 5371 felicitates
1592 5303 1643 5351 et
1686 5297 1935 5351 veritatis

304 5391 555 5446 notionem
583 5403 745 5463 atque
770 5391 1060 5446 scientiam
1090 5406 1103 5444 :
1139 5405 1203 5444 ac
1225 5403 1325 5459 per
1352 5385 1451 5442 hoc
1477 5400 1587 5441 non
1615 5399 1725 5439 esse
1768 5386 1933 5440 mise-

306 5493 403 5546 ros,
431 5497 524 5536 nec
543 5481 762 5554 puniri.

370 5568 417 5627 5.
446 5571 506 5628 In
532 5569 750 5630 diabolo
776 5575 827 5629 et
857 5569 1044 5647 impiis
1074 5565 1391 5628 hominibus
1430 5580 1541 5621 non
1582 5563 1783 5641 puniri
1822 5563 1938 5624 nisi

2043 4606 2347 4662 nunquam
2377 4592 2644 4644 naturam
2676 4586 2788 4641 uisi
2822 4590 3029 4642 natura
3062 4584 3276 4657 puniri.
3302 4585 3464 4641 Sicut
3484 4590 3696 4643 natura

2042 4677 2323 4749 corporis,
2342 4680 2444 4730 aut
2471 4692 2539 4730 ex
2560 4674 2876 4745 semetipsa
2898 4672 3321 4746 punitur,velut
3341 4690 3475 4730 cum
3499 4674 3696 4731 deficit

2042 4784 2076 4823 a
2104 4766 2444 4832 sanitate,et
2473 4761 2804 4819 succumbit
2832 4761 3161 4817 infirmitati
3194 4766 3368 4835 atque
3400 4762 3691 4837 languori,

2043 4856 2185 4911 dum
2218 4859 2273 4910 et
2298 4854 2517 4908 bonum
2549 4850 2818 4907 sanitatis
2846 4851 2906 4907 in
2936 4867 3002 4907 eo
3033 4851 3338 4920 minuitur,
3374 4856 3431 4907 et
3468 4852 3692 4909 malum

2044 4941 2343 5017 languoris
2374 4958 2442 4997 ex
2470 4940 2664 5013 seipse
2686 4940 2927 5012 patitur,
2952 4945 3054 4996 aut
3081 4957 3150 4997 ex
3179 4940 3422 4997 alterius
3471 4946 3691 4997 natura:

2045 5030 2462 5095 subtractione,
2496 5045 2623 5099 qua;
2652 5027 2736 5083 illi
2759 5030 2831 5085 ad
2865 5028 3348 5086 sustentationem
3397 5029 3484 5085 vel
3531 5029 3691 5085 aliud

2042 5120 2320 5177 solatium
2353 5116 2504 5174 valet
2537 5135 2549 5173 :
2584 5116 2744 5173 velut
2775 5117 2824 5174 si
2857 5118 2908 5173 ei
2957 5116 3264 5189 poenaliter
3312 5116 3693 5173 subtrahatur

2043 5214 2253 5264 natura
2283 5207 2527 5275 cibi,aut
2553 5209 2858 5279 potus,aut
2887 5205 3062 5260 etiam
3094 5204 3356 5273 lucis,vel
3379 5204 3691 5260 vestimen-

2042 5298 2173 5365 ti,et
2195 5296 2481 5368 quidquid
2515 5293 2805 5367 ejusmodi
2828 5297 2943 5361 est;
2969 5295 3111 5349 dum
3141 5311 3209 5349 ex
3238 5292 3345 5348 hoc
3377 5295 3433 5348 et
3452 5293 3607 5349 fame
3623 5310 3690 5350 ac

2044 5385 2140 5443 siti
2172 5384 2416 5441 tabescit
2455 5401 2520 5440 ac
2550 5383 2763 5453 deficit,
2797 5387 2854 5439 et
2881 5383 3252 5438 tenebrarum
3284 5380 3520 5437 horrore
3542 5382 3689 5438 afﬂi-

2042 5474 2220 5547 gitur,
2254 5476 2356 5529 aut
2384 5472 2620 5546 frigoris
2650 5487 2912 5528 aerumna
2949 5470 3270 5537 cruciatur;
3299 5474 3401 5526 aut
3432 5474 3586 5527 certe
3626 5489 3695 5530 ex

2046 5562 2289 5624 alterius
2314 5560 2396 5623 rei
2425 5564 2638 5621 natura
2661 5560 2859 5640 ipsum
2890 5574 3100 5636 corpus
3128 5556 3389 5621 hominis
3408 5558 3691 5645 punitur:
