4068 6190
461 327 576 389 195

1563 319 1787 381 FLOlll
1832 316 2146 380 DIACONI
2191 318 2761 385 LUGDUNENSIS.
2990 374 2995 381 .
3686 332 3776 391 196

460 465 614 515 scut
641 475 885 532 corpora
909 457 1201 513 latronum
1234 454 1434 526 utique
1471 453 1793 524 puniuntur
1824 452 1873 505 vi
1910 451 2103 523 flugel-
2136 454 2183 519 Î‘
2218 453 2351 524 quis
2382 454 2633 508 creavit?
2656 455 2913 527 itemque
2937 454 3277 528 respondet:
3303 456 3430 511 Item
3461 459 3779 529 credo,Deus.

460 550 652 605 lorum
675 552 733 604 et
761 546 1088 620 gladiorum
1111 562 1177 601 ac
1207 540 1621 615 multiplicium
1657 545 2106 608 tormentorum,

460 656 588 711 qua:
611 637 813 708 utique
844 636 1103 708 ipsorum
1133 637 1351 688 natura:
1381 647 1451 688 ex
1478 628 1610 685 aliis
1650 628 1876 684 naturis
1909 646 2109 701 paena-

457 724 960 782 literinferuntur.
982 722 1124 777 Cum
1155 736 1291 793 ergo
1313 719 1435 773 haec
1467 717 1546 772 ita
1573 717 1770 785 sint,et
1804 733 2106 789 nunquam

459 819 668 870 natura
698 812 809 867 nisi
846 814 947 867 aut
983 828 1051 866 ex
1097 809 1291 880 seipsa
1336 807 1397 861 in
1447 807 1643 878 scipsa
1690 805 1990 878 puniatur,
2020 804 2107 860 vel

459 902 697 959 alterius
754 905 975 955 natura;
1034 897 1283 953 utilitate
1340 896 1659 961 subtracta,
1694 893 1781 949 vel
1838 892 2109 949 violentia

458 992 770 1062 illata,qua
796 987 1017 1043 ratione
1049 986 1157 1042 iste
1184 984 1328 1040 dicit
1358 983 1579 1039 nullam
1606 988 1874 1038 naturam
1898 986 2111 1037 natura

457 1078 692 1154 puniri?
713 1082 777 1132 ut
834 1093 903 1132 ex
958 1076 1068 1131 hoc
1110 1078 1397 1147 quantum
1448 1072 1507 1128 in
1559 1089 1621 1127 se
1667 1076 1775 1138 est,
1806 1070 2105 1127 veritatem

456 1174 801 1225 aeternorum
852 1165 1119 1221 destruat
1167 1160 1619 1235 suppliciorum;
1652 1159 1750 1215 ubi
1800 1164 1857 1214 et
1899 1163 2108 1214 natura

455 1256 793 1330 spirituum,
826 1258 882 1309 et
910 1258 1121 1309 natura
1152 1265 1461 1324 corporum
1498 1249 1669 1321 juxta
1715 1246 2105 1322 evangelicam

453 1350 511 1402 et
540 1342 919 1417 apostolicam
950 1341 1251 1397 veritatem
1278 1356 1290 1395 :
1324 1341 1538 1395 Natura
1569 1340 1712 1409 ignis
1739 1339 1939 1395 aeterni
1978 1354 2105 1391 cru-

451 1437 691 1491 ciabitur
716 1433 804 1489 die
827 1448 890 1487 ac
918 1439 1069 1487 nocte
1102 1431 1159 1485 in
1188 1429 1393 1486 saecula
1422 1428 1752 1485 saeculorum
1783 1427 1964 1498 (Apoc.
1989 1443 2102 1495 xxv,

453 1524 564 1593 te).

523 1612 582 1669 Si
615 1615 809 1667 autem
834 1612 1141 1681 propterea
1161 1607 1269 1664 hoc
1297 1606 1436 1663 dicit
1458 1606 1597 1679 quia
1620 1610 1838 1661 natura:
1870 1621 1987 1659 non
2010 1621 2107 1658 no-

453 1705 587 1758 cent
612 1700 881 1765 invicem,
904 1697 1015 1752 nisi
1041 1695 1165 1752 suis
1188 1694 1589 1768 qualitatibus,
1618 1699 1699 1761 ut,
1718 1693 1872 1749 verbi
1895 1691 2101 1765 gratia,

451 1789 606 1862 ignis
636 1794 693 1843 et
721 1803 894 1859 aqua,
929 1802 1178 1856 quorum
1214 1783 1458 1856 prepria:
1507 1782 1819 1855 qualitates
1851 1785 1989 1837 sunt
2043 1785 2106 1835 ut

452 1882 509 1933 et
537 1894 689 1949 aqua
718 1876 796 1931 sit
820 1873 1165 1930 naturaliter
1192 1873 1459 1940 humida,
1488 1878 1544 1927 et
1577 1872 1729 1944 ignis
1762 1869 2105 1925 naturaliter

452 1966 681 2033 aridus;
708 1970 763 2020 et
792 1964 920 2019 ideo
954 1967 1143 2036 potest
1168 1966 1224 2017 et
1254 1980 1418 2035 aquae
1445 1962 1688 2016 humore
1711 1959 1864 2032 ignis
1895 1958 2105 2013 exstin-

451 2055 641 2128 gui,et
674 2053 826 2126 ignis
847 2051 1115 2108 ariditate
1145 2050 1329 2124 ignita
1369 2051 1582 2105 humor
1612 2067 1773 2121 aqua:
1806 2048 2100 2115 exsiccari,

452 2149 514 2200 ut
546 2160 661 2199 non
711 2142 821 2197 sibi
869 2141 1174 2196 videantur
1212 2140 1327 2195 ista
1375 2138 1666 2195 adversari
1714 2156 1782 2193 ex
1830 2155 1896 2192 eo
1945 2137 2100 2209 quod

449 2238 668 2288 natura:
700 2236 861 2297 sunt,
886 2230 987 2285 sed
1018 2247 1087 2285 ex
1118 2246 1183 2285 eo
1216 2229 1370 2301 quod
1402 2228 1787 2301 qualitatibus
1818 2226 1941 2282 suis
1988 2225 2100 2279 sibi

450 2319 749 2377 contrariae
782 2323 939 2375 sunt.
966 2318 1022 2374 Si
1054 2316 1768 2391 propterea,inquam,hoc
1789 2314 2104 2382 dicit,sciat

451 2410 508 2464 in
546 2410 655 2463 fide
680 2412 879 2464 nostra
906 2406 1127 2461 nullam
1151 2422 1279 2462 esse
1298 2404 1638 2460 distantiam
1659 2410 1857 2458 utrum
1882 2406 2099 2457 natura:

451 2496 678 2555 naturis
709 2495 904 2570 puniri
935 2495 1228 2562 dicantur,
1252 2512 1324 2549 an
1356 2493 1496 2567 ipsae
1527 2498 1749 2548 naturae
1782 2491 1904 2547 suis
1928 2496 2101 2546 natu-

451 2587 674 2643 ralibus
706 2584 1090 2658 qualitatibus
1112 2583 1221 2639 sibi
1258 2582 1502 2638 invicem
1536 2581 1791 2654 poenales
1819 2580 2097 2647 existant;

451 2676 591 2748 quia
621 2680 935 2746 utrumque
966 2689 1120 2728 unus
1142 2671 1419 2727 Conditor
1448 2671 1683 2738 creavit,
1716 2670 1773 2724 id
1806 2673 1893 2725 est
1921 2673 1977 2723 et
1999 2685 2098 2723 na-

449 2769 640 2820 turam
664 2767 721 2818 et
748 2762 1088 2835 qualitatem
1110 2759 1346 2815 insitam
1368 2764 1609 2814 naturae.
1634 2759 1704 2814 Et
1723 2758 1851 2813 ideo
1882 2761 2101 2811 utrum-

449 2870 561 2926 que
592 2850 770 2907 simul
806 2849 1129 2906 rectissimc
1158 2866 1273 2904 una
1304 2847 1517 2903 dicitur
1563 2853 1792 2915 natura,
1827 2850 1884 2900 et
1924 2863 1957 2900 a
2006 2862 2097 2900 sa-

448 2941 814 3015 pientissimo
840 2938 1146 2996 Conditore
1166 2936 1280 2993 alia
1309 2938 1381 2993 ab
1413 2936 1525 2993 alia
1556 2936 1790 3009 propria
1819 2934 2100 3007 qualitate

447 3030 740 3087 distincta.
777 3027 989 3084 Deinde
1020 3027 1159 3100 quia
1205 3031 1262 3082 et
1299 3025 1346 3082 si
1387 3024 1739 3081 immortalis
1769 3028 1859 3079 est
1888 3027 2100 3078 natura

447 3116 689 3190 angelici
724 3117 843 3173 sive
873 3116 1117 3171 humani
1143 3115 1407 3186 spiritus,
1429 3116 1946 3185 tamen,potestate
1969 3128 2099 3167 con-

2218 540 2543 615 Interrogat
2570 543 2739 599 tertio
2770 561 2782 599 :
2818 545 3011 599 Bonus
3040 548 3128 600 est
3154 544 3250 616 qui
3283 549 3574 619 utrumque
3615 550 3787 605 creavit

2216 629 2409 685 Deus?
2430 632 2743 702 respondet
2768 648 2779 687 :
2806 631 2958 687 Nulli
2981 632 3225 687 dubium
3255 633 3555 690 est.Adhuc
3585 635 3788 692 interro-

2216 722 2309 790 gat
2342 735 2354 773 :
2381 718 2450 773 Et
2468 724 2782 791 utrumque
2802 720 2953 791 quod
2977 720 3167 774 bonus
3189 724 3380 774 auctor
3398 720 3792 786 creavit,bonum

2217 806 2345 861 est?
2366 810 2423 862 et
2453 807 2525 861 ad
2556 807 2666 863 hoc
2696 808 3012 880 respondet
3037 824 3048 862 :
3074 808 3464 864 Confitendum
3495 813 3589 863 est.
3615 809 3793 866 Deinde

2217 893 2588 962 concludit,si
2611 894 2790 967 igitur
2814 898 2873 950 et
2901 895 3141 966 spiritus
3170 895 3433 963 bonus,et
3452 912 3573 950 caro
3592 896 3796 964 bona,ut

2217 999 2250 1039 a
2278 982 2430 1039 bono
2462 987 2697 1039 auctore
2719 983 2971 1052 condita,
2988 983 3087 1055 qui
3111 983 3231 1039 fieri
3258 987 3527 1056 potest,ut
3553 984 3653 1039 duo
3672 984 3796 1040 bona

2216 1071 2447 1146 possint
2470 1072 2580 1128 sibi
2607 1089 2734 1129 esse
2775 1073 3105 1128 contraria?
3126 1074 3143 1143 ]
3168 1072 3299 1129 Post
3316 1072 3432 1127 haec
3460 1072 3599 1127 idem
3627 1072 3796 1128 beatus

2213 1161 2579 1235 Augustinus
2638 1161 2944 1234 subjungit
3001 1179 3030 1216 e
3077 1160 3361 1217 contrario
3416 1160 3795 1233 responsionem

2216 1249 2495 1319 suam,ita
2525 1249 2723 1306 dicens
2749 1267 2761 1306 :
2785 1250 3023 1323 [Omitto
3046 1250 3233 1306 dicere
3254 1250 3389 1322 quia
3414 1254 3529 1305 tota
3553 1249 3709 1319 hujus
3726 1267 3799 1304 ra-

2214 1339 2512 1395 tiocinatio
2532 1339 2890 1411 turbaretur,
2914 1340 2961 1395 si
2983 1340 3117 1412 quis
3144 1339 3216 1395 ab
3241 1355 3305 1394 en
3328 1343 3620 1410 quaereret:
3640 1338 3802 1392 .Estus

2214 1433 2273 1484 et
2304 1427 2489 1501 frigus
2519 1428 2652 1502 quis
2684 1428 2858 1486 fecit?
2887 1428 3263 1500 responderet
3291 1427 3439 1483 enim
3468 1426 3582 1482 sine
3612 1426 3761 1480 dubio
3788 1443 3798 1481 :

2215 1517 2520 1573 Deus.Non
2534 1534 2640 1591 ego
2659 1516 3194 1591 multainterrogo,i
3202 1534 3302 1590 pse
3315 1514 3605 1572 concludat
3620 1519 3800 1578 utrum,

2215 1611 2316 1661 aut
2349 1605 2463 1661 ista
2491 1606 2721 1679 possint
2753 1606 2867 1661 dici
2898 1624 3012 1663 non
3045 1607 3217 1673 bona,
3261 1609 3360 1660 aut
3391 1621 3501 1659 non
3530 1607 3803 1676 appareant

2214 1694 2367 1750 inter
2392 1712 2453 1751 se
2484 1712 2611 1751 esse
2641 1695 2971 1751 contraria?
3001 1695 3104 1751 Hic
3143 1695 3287 1751 forte
3335 1693 3506 1749 dicit:
3531 1690 3803 1755 Qualitates

2216 1789 2354 1840 sunt
2386 1784 2506 1839 istae
2539 1784 3025 1853 substantiarum,
3061 1801 3177 1839 non
3228 1781 3573 1840 substantia.
3606 1781 3679 1835 Ita
3716 1782 3802 1843 est,

2212 1891 2412 1928 verum
2444 1877 2562 1942 est;
2597 1875 2698 1929 sed
2721 1873 3035 1945 qualitates
3066 1872 3381 1940 naturales,
3403 1875 3459 1927 et
3486 1871 3551 1925 ad
3573 1868 3661 1924 Dei
3683 1884 3806 1922 crea-

2214 1968 2405 2017 turam
2457 1963 2583 2018 sine
2623 1962 2801 2017 dubio
2834 1962 3213 2034 pertinentes.
3249 1959 3583 2016 Substantize
3627 1956 3805 2028 quippe

2214 2068 2327 2106 non
2355 2068 2456 2123 per
2485 2050 2730 2122 seipsas,
2764 2052 2862 2106 sed
2897 2067 3001 2123 per
3024 2067 3161 2105 suas
3194 2047 3665 2122 qualitates,sicut
3685 2061 3809 2117 aqua

2212 2145 2269 2195 et
2300 2139 2471 2211 ignis,
2492 2140 2768 2194 dicuntur
2799 2138 2909 2193 sibi
2942 2155 3071 2194 esse
3101 2138 3421 2206 contrariae,
3445 2135 3571 2208 etc.]
3592 2136 3711 2201 Quae
3750 2130 3808 2187 ad

2213 2229 2671 2284 convincendum
2706 2233 2763 2283 et
2791 2228 3207 2283 destruendam
3231 2226 3476 2299 improbi
3500 2223 3727 2279 hominis
3745 2220 3810 2274 in-

2213 2317 2441 2373 saniam
2474 2323 2715 2373 sanctus
2747 2317 2947 2373 doctor
2972 2316 3327 2389 exsequitur.

2283 2408 2425 2461 Cum
2458 2406 2654 2479 itaque
2674 2412 2861 2461 terror
2879 2410 2935 2461 et
2954 2405 3168 2462 veritas
3186 2409 3525 2461 aeternorum
3547 2396 3813 2474 supplicio-

2211 2511 2339 2549 rum
2368 2498 2492 2585 tam
2527 2498 2724 2585 apsrte
2754 2498 2810 2549 et
2840 2493 3244 2585 multipliciter
3270 2497 3476 2549 nostra:
3525 2489 3645 2585 ï¬dei
3682 2502 3812 2542 com-

2211 2583 2564 2639 mendentur
2584 2579 2655 2638 a'd
2674 2582 3077 2639 incutiendum
3098 2582 3544 2638 saluberrimum
3561 2579 3812 2639 timorem,

2211 2677 2267 2727 et
2296 2671 2665 2727 excitandum
2699 2672 2770 2726 ad
2803 2673 3141 2727 continuam
3187 2669 3663 2734 emendationem,
3692 2680 3816 2736 quo-

2211 2761 2383 2816 modo
2432 2760 2539 2815 iste
2585 2761 2942 2835 subjungere
2990 2766 3046 2816 et
3091 2761 3284 2816 dicere
3315 2775 3491 2816 ausus
3520 2761 3603 2813 est
3629 2763 3675 2811 ct
3698 2752 3815 2807 nihil

2209 2849 2364 2905 aliud
2384 2865 2499 2905 esse
2523 2866 2709 2921 prrnas
2732 2858 3075 2922 peccatorum
3095 2851 3208 2905 nisi
3224 2857 3443 2922 peccata
3472 2843 3680 2902 eorum?
3698 2842 3816 2896 Cum

2209 2938 2532 2994 certissime
2565 2938 2710 2993 fides
2737 2943 2928 2994 teneat
2948 2938 3093 2994 alias
3114 2956 3244 2995 esse
3264 2954 3468 3012 pcnnas
3492 2937 3817 3009 peccatorum

2210 3044 2356 3099 quas
2374 3026 2579 3082 animae
2606 3028 2663 3082 in
2690 3028 2960 3100 praesenti
2983 3044 3051 3082 ex
3082 3027 3207 3100 ipso
3224 3030 3590 3100 peccatorum
3614 3035 3820 3077 suorum

2209 3115 2415 3171 merito
2446 3117 2753 3188 patiuntur
2781 3117 3022 3172 deserta:
3055 3133 3088 3171 a
3118 3117 3502 3187 Deo,desertae
3524 3132 3556 3168 a
3584 3110 3818 3180 luccjus-

447 3206 654 3261 ditoris
683 3210 740 3261 et
763 3205 910 3275 justi
944 3203 1152 3259 ultoris
1184 3203 1303 3269 Dei,
1339 3202 1423 3258 sic
1449 3202 1533 3256 illi
1580 3201 1699 3274 igni
1732 3217 2005 3272 corporeo
2038 3204 2095 3254 et
2124 3191 2166 3257 C
2207 3204 2364 3274 titim,
2401 3220 2434 3259 a
2463 3203 2951 3277 contemplatione
2980 3204 3264 3272 veritatis,
3311 3205 3383 3260 ab
3433 3199 3820 3258 illuminatione

446 3299 657 3349 aeterno
690 3293 996 3365 pmnalitcr
1016 3296 1073 3348 et
1104 3289 1450 3347 mternaliter
1476 3290 1832 3362 alligabitur,
1857 3290 2009 3344 sicut
2042 3292 2098 3343 et

446 3382 540 3437 hi3
571 3383 772 3437 eadem
804 3384 1089 3453 potestate
1141 3378 1359 3435 summi
1410 3378 1735 3434 Conditoris
1789 3376 2099 3449 colligatur

446 3471 741 3525 humanus
774 3470 1014 3541 spiritus
1042 3474 1270 3525 terreno
1306 3467 1673 3539 corpori,nec
1705 3466 1847 3522 solvi
1884 3470 2095 3538 potest,

446 3558 558 3615 nisi
591 3558 748 3614 illius
783 3558 1077 3614 voluntate
1108 3562 1165 3613 et
1186 3556 1410 3628 judicio
1429 3556 1527 3628 qui
1548 3554 2098 3629 colligavit.Natura

445 3665 677 3720 quoque
708 3647 951 3702 humani
975 3646 1235 3719 corporis
1266 3646 1324 3700 in
1348 3645 1445 3700 illo
1466 3650 1680 3700 mterno
1704 3646 1834 3717 igne
1858 3645 2098 3699 damna-

445 3740 639 3792 torum
665 3736 744 3791 ita
764 3736 871 3791 erit
891 3734 1196 3806 pmnaliter
1212 3732 1738 3801 immortalis,utad
1753 3734 2097 3790 sustinenda

447 3828 663 3880 aeterna
692 3823 980 3897 supplicia
1011 3841 1313 3895 nunquam
1346 3828 1531 3879 morte
1551 3822 1837 3895 solvatur;
1862 3825 1942 3879 ita
1963 3843 2095 3898 pas-

445 3913 637 3969 sibilis
665 3918 723 3970 et
752 3912 1229 3985 incorruptibilis,
1264 3917 1328 3967 ut
1357 3912 1516 3968 omni
1548 3929 1757 3986 genere
1803 3913 2092 3979 dolorum,

447 4002 779 4058 cruciatum
808 4007 982 4075 atque
1004 4018 1306 4075 poenarum
1328 4001 1454 4058 sine
1476 4002 1590 4058 fine
1615 4002 2096 4075 affligatur.Hanc

446 4091 603 4146 enim
634 4108 867 4164 pmnam
900 4090 1059 4147 omni
1081 4089 1402 4147 intentione
1423 4091 1737 4146 cavendam
1762 4091 2097 4147 terribiliter

442 4180 747 4253 Scriptura
768 4179 1312 4247 denuntiat,dicens
1335 4196 1348 4234 :
1373 4181 1619 4235 Humilia
1647 4182 1906 4252 spiritum
1936 4186 2097 4236 tuum

442 4270 620 4341 valde,
654 4272 787 4343 quia
848 4269 1091 4326 vindicta
1145 4271 1329 4325 carnis
1386 4271 1549 4341 impii
1594 4271 1743 4339 ignis
1795 4278 1845 4325 et
1890 4287 2096 4326 vermes

444 4361 640 4432 (Eccli.
661 4378 758 4431 vn,
780 4359 885 4429 19).
920 4360 991 4413 Et
1022 4360 1233 4414 iterum
1261 4374 1272 4413 :
1302 4359 1564 4414 Dominus
1584 4360 1733 4414 enim
1761 4361 2097 4431 omnipotens

440 4449 742 4505 vindicabit
772 4451 831 4504 in
860 4450 976 4515 cis;
1009 4450 1068 4503 in
1097 4448 1185 4503 die
1204 4447 1411 4519 judicii
1438 4448 1681 4503 visitabit
1726 4449 1849 4503 illos
1879 4466 1898 4503 :
1933 4449 2100 4504 Dabit

441 4539 501 4592 in
532 4554 723 4594 carnes
752 4555 940 4594 eorum
961 4540 1143 4607 ignem
1171 4543 1222 4592 et
1247 4552 1472 4602 vermes,
1502 4543 1563 4591 ut
1608 4544 1847 4591 urantur
1891 4544 1941 4591 et
1979 4553 2094 4591 sen-
2125 4561 2172 4625 D

444 4627 585 4680 tiant
611 4642 778 4696 usque
807 4629 866 4681 in
891 4628 1281 4698 sempiternum
1310 4625 1519 4695 (Iudith
1536 4643 1648 4693 xw,
1681 4626 1771 4692 20,
1805 4624 1916 4698 21).

516 4713 825 4784 Proposuit
846 4714 1089 4787 quidam
1121 4714 1448 4787 antiquitus
1479 4712 1733 4770 similem
1767 4714 1839 4769 de
1870 4717 2100 4769 natura-

445 4818 577 4857 rum
602 4800 752 4856 inter
773 4817 834 4856 se
855 4802 1261 4858 contrarietate
1282 4804 1830 4876 quaestionem.Quae
1849 4802 2100 4875 qualiter

445 4891 517 4945 ab
547 4889 647 4945 illo
679 4890 757 4945 sit
788 4889 1082 4961 proposita
1117 4896 1174 4946 et
1200 4909 1231 4947 a
1256 4892 1423 4947 beato
1445 4894 1771 4966 Augustino
1793 4892 2099 4948 evidentis-

447 4979 599 5034 sima
616 4976 836 5033 ratione
853 4977 1571 5045 destructa,necessarium
1596 4982 2001 5037 existimamus
2023 4981 2096 5035 ad

446 5064 960 5124 commonitionem
992 5070 1049 5120 et
1077 5067 1580 5124 confirmationem
1628 5069 1949 5144 legentium
2002 5069 2096 5125 hic

444 5156 696 5214 breviter
724 5155 1008 5221 inserere;
1037 5154 1288 5210 maxime
1309 5156 1448 5227 quia
1480 5156 1576 5213 ille
1616 5160 1713 5229 qui
1738 5176 1865 5214 eam
1891 5175 2100 5232 propo-

446 5247 584 5314 suit,
618 5250 721 5301 aut
748 5244 875 5317 ipse
905 5243 1173 5317 Pelagius
1207 5244 1317 5299 fuit
1346 5249 1448 5300 aut
1480 5245 1696 5316 aliquis
1728 5247 2096 5320 Pelagianus,

447 5335 598 5390 sicut
621 5339 677 5391 et
699 5334 808 5390 iste
825 5337 931 5389 est.
949 5333 1033 5388 Ita
1054 5349 1189 5406 ergo
1211 5333 1476 5388 eamdem
1502 5334 1880 5405 quaestionem
1893 5337 2100 5392 beatus

446 5423 810 5494 Augustinus
833 5425 1254 5479 commemorat
1274 5420 1689 5494 dicens:[Quid
1712 5425 1984 5496 est,quod
2010 5425 2099 5480 in-

448 5514 702 5583 terrogat
734 5529 747 5566 :
783 5511 887 5577 Qui
926 5511 1060 5567 fecit
1090 5509 1351 5566 hominis
1381 5508 1692 5582 Spiritum?
1715 5515 1771 5566 et
1789 5514 2100 5585 respondet

449 5598 563 5661 sibi
594 5598 721 5659 sine
750 5600 948 5672 dubio,
980 5601 1156 5661 Deus.
1186 5600 1255 5659 Et
1294 5598 1434 5658 item
1463 5598 1819 5676 interrogat;
1853 5602 2098 5662 Carnem

2207 3292 2537 3362 charitatis;
2572 3298 2629 3349 et
2658 3293 2972 3366 aliquando
2994 3293 3221 3350 traditae
3252 3295 3432 3349 etiam
3464 3292 3521 3346 in
3545 3287 3817 3363 reprobum

2205 3397 2467 3437 sensum.
2485 3382 2599 3438 Has
2622 3381 2777 3437 enim
2803 3400 3005 3455 pmnas
3028 3383 3436 3454 peccatoribus
3457 3384 3512 3437 et
3532 3374 3820 3436 carnalium

2204 3469 2571 3542 voluptatum
2594 3471 2956 3527 amatoribus
2979 3471 3173 3527 divina
3185 3471 3490 3544 Scriptura
3510 3468 3564 3523 in
3586 3460 3821 3541 praesenti

2206 3558 2407 3613 inferri
2440 3559 2924 3615 manifestissime
2957 3560 3379 3628 testatur,dum
3407 3561 3476 3615 de
3506 3552 3822 3630 quibusdam

2205 3647 2358 3703 Deus
2390 3647 2531 3703 dicit
2562 3665 2574 3703 :
2608 3649 2728 3704 Non
2752 3650 3095 3720 permanebit
3122 3651 3356 3722 spiritus
3386 3664 3561 3705 meum
3593 3646 3647 3700 in
3673 3639 3825 3697 homi-

2203 3738 2368 3792 nibus
2401 3738 2518 3792 istis
2551 3738 2611 3792 in
2642 3746 2934 3805 mternum,
2959 3740 3089 3810 quia
3117 3755 3242 3794 caro
3291 3746 3425 3794 sunt
3465 3736 3612 3807 (Gen.
3642 3748 3711 3802 VI,
3739 3730 3785 3795 3)
3812 3741 3824 3779 Îµ

2206 3843 2339 3881 cum
2372 3824 2536 3898 impii
2570 3825 2626 3880 in
2658 3827 2772 3881 ï¬ne
2803 3825 3066 3882 dolentes
3098 3844 3163 3881 ac
3195 3830 3503 3899 gementes
3543 3822 3724 3878 dicent
3747 3835 3759 3871 :
3780 3815 3831 3870 Et

2195 3916 2437 3987 justitiae
2481 3916 2662 3971 lumen
2712 3932 2824 3971 non
2875 3917 3023 3971 luxit
3061 3916 3238 3984 nobis,
3270 3925 3326 3971 et
3366 3916 3449 3972 sol
3479 3930 3585 3970 non
3609 3913 3829 3968 estortus

2202 4004 2359 4060 nobis
2392 4004 2541 4076 (Sap.
2572 4021 2626 4070 v,
2659 4004 2744 4075 6);
2781 4005 2923 4060 dum
2955 4005 3026 4060 de
3067 4004 3288 4061 eisdem
3337 4003 3537 4077 impiis
3568 3999 3832 4070 Scriptura

2204 4092 2346 4148 dicit
2370 4110 2381 4147 :
2412 4093 2721 4149 Excaecavit
2747 4095 2897 4149 enim
2926 4094 3051 4149 illos
3079 4094 3302 4149 malitia
3338 4095 3582 4166 ipsorum
3612 4088 3750 4159 (Sap.
3778 4099 3829 4147 Î¹á¿Î½

2201 4182 2326 4253 21)Í¾
2362 4186 2420 4236 et
2446 4180 2797 4254 generaliter
2825 4183 2895 4237 de
2932 4181 3025 4239 his
3050 4181 3151 4254 qui
3175 4182 3386 4238 fratres
3413 4182 3692 4238 oderunt:
3723 4173 3832 4228 Om-

2202 4270 2289 4326 nis
2319 4272 2415 4342 qui
2442 4270 2558 4325 odit
2570 4272 2803 4343 fratrem
2820 4287 3002 4337 suum,
3019 4273 3077 4325 in
3111 4270 3346 4327 tenebris
3366 4278 3518 4336 est,et
3548 4270 3607 4324 in
3627 4259 3833 4322 tenebris

2203 4358 2450 4414 ambulat
2478 4367 2529 4414 et
2558 4361 2730 4414 nescit
2756 4376 2860 4430 quo
2889 4367 3005 4425 eat,-
3037 4361 3300 4430 quoniam
3333 4358 3575 4416 tenebrae
3621 4355 3833 4411 obarm-

2202 4455 2399 4503 verunt
2423 4449 2606 4503 oculos
2635 4448 2753 4519 ejus
2784 4450 2828 4516 (l
2845 4451 3007 4504 Joan.
3043 4464 3104 4513 Î¹Î¹,
3139 4448 3250 4515 tt).
3292 4448 3365 4503 Et
3406 4448 3478 4502 de
3509 4438 3832 4518 quibusdam

2207 4534 2504 4607 Scriptum
2534 4539 2623 4591 est
2647 4552 2659 4588 :
2683 4537 2841 4592 Sicut
2865 4552 2974 4591 non
3002 4537 3374 4607 probaverunt
3401 4537 3571 4591 Deum
3590 4531 3771 4587 habere
3789 4525 3836 4578 in

2204 4626 2482 4690 notitiam,
2515 4625 2743 4680 tradidit
2772 4625 2897 4680 illos
2926 4627 3097 4681 Deum
3128 4626 3187 4679 in.
3218 4625 3510 4697 reprobum
3537 4634 3761 4681 sensum,
3788 4619 3839 4666 ut

2205 4714 2421 4784 faciant
2446 4729 2568 4785 quae
2596 4729 2705 4768 non
2735 4715 3062 4769 conveniunt
3081 4714 3253 4781 (Rom.
3290 4731 3330 4784 1,
3362 4713 3477 4785 28).
3504 4712 3653 4768 Sunt
3679 4717 3838 4779 poenae

2207 4804 2575 4874 peccantium
2599 4802 2930 4857 animarum
2963 4802 3091 4875 ipsa
3124 4806 3384 4874 peccata,
3420 4800 3560 4874 quia
3586 4799 3667 4853 eis
3696 4798 3747 4850 et
3774 4791 3843 4862 ip-

2207 4907 2405 4946 sarum
2436 4890 2768 4946 animarum
2791 4891 3015 4946 sanitas
3036 4892 3437 4964 corrumpitur
3456 4892 3515 4946 et
3536 4880 3844 4949 violatur,et

2205 4979 2564 5035 conscientia
2586 4979 3254 5052 misera,perturbata,et
3276 4977 3671 5036 anxietatibus
3691 4970 3842 5044 plena

2206 5068 2479 5124 efficitur.
2514 5070 2601 5124 Ita
2630 5084 2786 5141 ergo,
2822 5072 2879 5124 et
2909 5068 3275 5141 peccantium
3306 5085 3491 5141 pnsum
3543 5066 3689 5120 fiunt
3731 5057 3843 5130 ipsa

2210 5162 2449 5230 peccata
2467 5159 2631 5229 justo
2665 5162 2721 5213 et
2753 5156 2999 5213 terribili
3046 5157 3145 5213 Dei
3168 5157 3423 5230 judicio;
3447 5160 3505 5212 et
3534 5158 3724 5211 tamen
3754 5159 3843 5218 pro

2210 5246 2428 5301 eisdem
2460 5246 2712 5319 peccatis
2740 5245 2865 5300 alia:
2898 5245 3099 5302 statim
3121 5246 3179 5301 in
3206 5245 3483 5319 praesenti
3505 5236 3844 5318 gravissima:

2211 5352 2393 5407 pmnm
2427 5335 2781 5409 irrogantur,
2816 5334 2971 5391 sicut
3001 5335 3274 5408 superius
3308 5337 3617 5391 ostensum
3645 5332 3745 5386 est.
3778 5323 3847 5380 De

2210 5424 2425 5497 quibus
2457 5424 2732 5480 omnibus
2761 5424 3148 5494 praesentibus
3176 5424 3363 5496 poenis
3385 5422 3607 5495 quibus
3629 5428 3852 5492 peccan-

2205 5513 2354 5569 tium
2386 5512 2594 5569 animze
2624 5513 2903 5568 continuo
2949 5514 3244 5569 feriuntur
3292 5517 3471 5585 atque
3519 5508 3851 5585 puniuntur,

2208 5603 2415 5663 beatus
2430 5602 2656 5679 Moyses
2675 5599 2733 5657 in
2751 5599 3587 5680 Deuteronomioapeâ€˜rtissime
3597 5596 3851 5656 testatura
