4024 6180
260 286 380 345 197

1225 285 1459 348 LIBER
1499 286 1912 352 ADVERSUS
1957 287 2329 352 JOANNEM
2373 289 2712 354 SCOTUM.

3557 297 3581 353 l
3595 293 3674 355 98

258 418 462 473 dicens
495 419 566 474 tle
597 417 981 492 omnipotenti
1031 419 1178 474 Deo:
1213 421 1440 476 Faeiens
1481 421 1912 477 misericordiam
1943 421 1994 488 Α
2027 422 2097 477 ab
2128 439 2194 478 eo
2227 424 2505 496 quaeritur
2533 429 2711 480 curet
2729 423 2917 498 angeli
2944 423 3184 498 maligni
3208 429 3262 480 et
3285 425 3674 482 hominesini-

257 509 314 562 in
345 508 536 563 millia
581 507 938 579 diligentibus
981 525 1038 564 se
1077 509 1258 580 (Deut.
1309 527 1364 575 ν,
1413 509 1500 581 10)
1525 531 1544 576 ;
1591 517 1642 566 et
1690 509 1915 566 reddens

257 595 569 651 odientibus
589 612 647 650 se
674 597 883 662 statim,
912 597 988 652 ita
1018 602 1078 651 ut
1106 596 1384 668 disperdat
1410 613 1520 664 eos,
1551 605 1602 653 et
1633 599 1780 654 ultra
1807 614 1915 654 non

258 685 496 756 differat,
526 686 778 757 protinus
805 687 886 740 eis
935 687 1216 742 restituens
1267 687 1407 758 quod
1435 695 1710 742 merentur
1737 687 1911 752 (Deut.

256 791 351 841 vn,
393 773 660 846 10).Sunt
693 773 891 846 itaque
921 779 980 830 et
1009 774 1067 830 in
1102 773 1372 847 praesenti
1396 775 1756 848 gravissima:
1789 776 1912 832 ani-

257 879 494 918 marum
528 879 711 936 poma:
739 861 871 934 ipsa
901 868 1137 936 peccata
1183 881 1329 932 sua;
1363 868 1503 920 sunt
1554 864 1914 938 gravissima;

258 951 595 1008 animarum
627 970 808 1025 paenae
836 953 964 1026 ipsa
993 953 1244 1009 desertio
1265 952 1364 1009 Dei
1397 957 1454 1009 et
1475 954 1918 1028 damnatio,qua

258 1045 634 1113 peccatorum
667 1041 892 1097 meritis
921 1040 1196 1097 continuo
1229 1042 1638 1110 restituuntur,
1662 1043 1762 1098 sed
1794 1060 1914 1100 res-

257 1133 380 1184 tant
413 1127 530 1184 illa:
547 1127 607 1185 in
623 1129 885 1185 futurum
899 1135 1246 1186 aeternorum
1267 1130 1688 1204 suppliciorum
1712 1149 1914 1204 pmnae,

258 1219 324 1272 de
356 1218 584 1289 quibus
617 1217 903 1290 scriptum
953 1222 1043 1274 est
1091 1217 1320 1276 dicente
1349 1218 1632 1276 Domino:
1672 1225 1917 1278 Mortuus

257 1315 332 1361 est
359 1314 552 1361 autem
581 1314 632 1362 et
659 1306 828 1374 dives,
861 1314 912 1363 et
939 1309 1182 1379 sepultus
1209 1315 1289 1364 est
1316 1310 1372 1364 in
1407 1309 1620 1380 inferno
1647 1309 1915 1382 (Lucxw,

260 1397 365 1463 13).
390 1395 462 1450 Et
493 1395 739 1451 iterum:
791 1397 868 1452 Ne
919 1399 1060 1468 forte
1115 1395 1298 1452 tradat
1341 1405 1390 1452 te
1433 1397 1780 1454 adversarius
1815 1399 1917 1470 ju-

257 1485 385 1552 diei,
419 1492 472 1540 et
491 1483 671 1556 judex
699 1484 880 1540 tradat
911 1493 960 1540 te
986 1487 1240 1541 ministro
1269 1491 1322 1542 et
1353 1487 1411 1541 in
1441 1503 1712 1544 carcerem
1729 1489 1915 1543 mitta-

260 1575 352 1628 ris.
383 1575 558 1628 Amen
588 1573 706 1630 dico
727 1575 868 1629 tibi:
902 1591 1010 1630 non
1041 1575 1188 1630 exies
1219 1575 1362 1640 inde,
1395 1575 1562 1631 donec
1598 1576 1788 1632 reddas
1818 1593 1916 1632 no-

258 1664 548 1718 vissimum
575 1663 938 1734 quadrantem
967 1665 1186 1732 (Matth.
1222 1681 1276 1731 ν,
1298 1665 1595 1734 25,26).Et
1626 1665 1738 1720 alio
1769 1664 1914 1732 loco,

259 1768 390 1806 cum
420 1751 494 1806 de
515 1769 681 1808 servo
713 1749 1914 1824 nequamloqueretur,quinoluitdebitum

257 1857 542 1896 conservo
573 1840 1007 1907 suo-dimittere
1037 1841 1190 1897 sicut
1217 1847 1274 1896 et
1316 1841 1427 1896 sibi
1459 1841 1771 1898 dimissum
1804 1848 1916 1910 est,

259 1929 378 1984 ait:
417 1931 570 1984 Tunc
601 1930 776 1985 iratus
803 1928 1057 1984 dominus
1093 1930 1210 2002 ejus
1259 1929 1487 1986 tradidit
1535 1947 1659 1987 eum
1698 1934 1914 1988 tortori-

258 2021 376 2085 bus,
408 2017 593 2090 quoad
621 2033 790 2089 usque
817 2017 1060 2073 redderet
1089 2021 1408 2074 universum
1445 2019 1684 2076 debitum
1711 2020 1912 2094 (Jlauh.

257 2124 413 2173 xvm,
446 2108 564 2174 34).

327 2197 445 2251 Has
475 2212 685 2268 pcenas
713 2200 1104 2269 peccatorum,
1129 2197 1250 2253 sive
1279 2197 1338 2252 in
1371 2197 1515 2270 ipsis
1547 2199 1798 2271 peccatis
1821 2217 1916 2255 eo-

255 2303 385 2342 rum
411 2285 536 2342 sive
555 2285 614 2340 in
633 2285 958 2341 desertione
979 2285 1423 2358 Dei,promerito
1439 2287 1698 2360 ipsorum
1726 2305 1920 2360 pecca-

253 2378 612 2446 torum,quze
629 2373 828 2430 statim
858 2373 918 2428 in
941 2373 1209 2444 praesenti
1225 2373 1575 2443 inferuntur;
1600 2375 1718 2432 sive
1739 2375 1915 2431 etiam

254 2464 310 2519 in
365 2461 762 2520 exterioribus
826 2462 1012 2534 pcenis
1077 2461 1492 2536 multiplicium
1524 2463 1912 2538 flagellorum,

253 2552 857 2626 quaepeccantibusad
876 2569 1130 2625 praesens
1143 2552 1427 2609 dtvinitus
1441 2553 1917 2622 inferuntur;sive

250 2644 308 2698 in
343 2641 732 2698 damnatione
762 2645 1110 2696 aeternorum
1153 2641 1595 2714 suppliciorum,
1629 2660 1756 2714 quae
1788 2648 1919 2715 post

253 2731 372 2785 hac
406 2729 694 2786 omniain
721 2730 836 2784 ﬁne
865 2733 1190 2797 servantur,
1223 2747 1356 2785 cum
1389 2735 1508 2784 tam
1541 2735 1736 2804 aperte
1763 2731 1915 2786 Scri-

252 2825 431 2893 ptura
461 2822 732 2887 testetur,
767 2821 883 2874 tam
917 2817 1320 2874 indubitanter
1348 2819 1614 2875 Ecclesiae
1664 2819 1808 2876 ﬁdes
1837 2825 1918 2876 te-

251 2914 386 2964 neat
419 2926 434 2975 ;
471 2907 720 2973 audiant
740 2906 1076 2980 quicunque
1105 2907 1446 2979 hujusmodi
1471 2907 1717 2964 fallaciis
1739 2913 1914 2982 atque

249 2996 577 3071 praestigiis
609 3013 713 3070 per
739 2995 895 3052 hunc
925 2995 1310 3052 vanissimam
1326 2997 1623 3052 hominem
1653 2996 1912 3053 illudun-

249 3085 530 3154 tur,illud
565 3086 720 3158 quod
738 3084 1052 3158 Apostolus
1074 3084 1409 3142 terribiliter
1437 3085 1712 3142 omnibus
1734 3087 1916 3142 ﬁdeli-

2025 511 2122 582 qui
2159 512 2427 568 mittendi
2450 517 2588 569 sunt
2613 511 2882 586 inignem
2903 513 3260 582 mternum,si
3294 514 3508 587 exipso
3537 515 3673 588 igne

2025 599 2186 656 nulla
2215 600 2523 673 supplicia,
2557 601 2720 658 nulla
2764 606 3056 658 tormenta
3105 604 3333 676 passuri
3367 605 3554 660 sunt?
3587 607 3671 660 An

2025 693 2330 762 propterea
2360 691 2769 747 tantummodo
2803 696 2866 746 ut
2896 690 2992 764 qui
3031 709 3183 748 nunc
3213 692 3298 748 vel
3334 693 3392 748 in
3419 711 3570 759 aere,
3588 693 3676 751 vel

2025 777 2083 833 in
2117 782 2271 834 terra
2296 784 2732 848 conversantur,
2757 779 3042 851 incipiant
3069 779 3128 836 in
3159 779 3292 853 igne
3323 781 3534 838 habere
3567 800 3672 838 no-

2021 882 2159 921 vum
2181 865 2580 923 habitaculum
2607 867 2904 936 ;ubi,sicut
2933 868 3004 923 de
3027 869 3248 924 sanctis
3265 869 3454 926 tribus
3476 870 3676 944 pueris

2023 953 2082 1009 in
2124 957 2348 1027 fornace
2377 955 2681 1028 Babylonia
2705 956 2997 1012 damnatis
3019 956 3300 1029 scriptum
3331 959 3674 1026 est,nullum

2025 1047 2370 1116 potestatem
2417 1044 2632 1100 habeat
2679 1044 2831 1118 ignis
2870 1044 2929 1100 in
2981 1044 3322 1118 corporibus
3363 1064 3586 1114 eorum,
3621 1053 3678 1104 et

2025 1130 2272 1199 capillus
2303 1133 2510 1206 capitis
2541 1150 2742 1190 eorum
2772 1151 2886 1190 non
2930 1135 3235 1202 aduratur,
3267 1139 3324 1190 et
3354 1137 3498 1191 odor
3522 1137 3674 1210 ignis

2024 1237 2142 1276 non
2167 1223 2426 1300 transeat
2457 1239 2559 1294 per
2589 1239 2726 1290 eos;
2755 1227 2811 1278 et
2861 1222 3000 1296 quid
3040 1223 3169 1294 jam
3221 1228 3419 1290 restat,
3453 1225 3564 1281 nisi
3588 1231 3672 1294 ut,

2026 1308 2178 1364 sicut
2205 1311 2274 1365 de
2306 1309 2424 1366 illis
2458 1311 2759 1384 Scriptura
2776 1311 2917 1367 dicit
2937 1313 3088 1383 :quia
3109 1313 3336 1382 angelus
3354 1313 3575 1370 Domini
3593 1316 3678 1370 de-

2024 1398 2230 1454 scendit
2257 1415 2380 1456 eum
2411 1399 2614 1455 Ακαηά
2634 1407 2688 1456 et
2713 1401 2878 1456 sociis
2921 1401 3038 1472 ejus
3068 1401 3124 1454 in
3155 1402 3453 1472 fornacem,
3485 1411 3535 1458 et
3581 1419 3676 1459 ea:-

2025 1489 2195 1542 cussit
2219 1489 2496 1558 ﬂammam
2528 1491 2674 1558 ignis
2693 1488 2758 1544 de
2771 1491 3016 1562 fornace,
3047 1496 3100 1544 et
3122 1491 3254 1561 fecit
3284 1490 3525 1546 medium
3559 1495 3678 1564 for-

2025 1578 2182 1632 nacis
2202 1578 2362 1649 quasi
2417 1586 2634 1633 ventum
2697 1580 2836 1634 roris
2864 1579 3110 1648 ﬂantem,
3141 1586 3193 1634 et
3239 1595 3344 1634 non
3393 1581 3569 1650 tetigit
3593 1597 3678 1638 eos

2025 1668 2249 1721 omnino
2281 1667 2426 1738 ignis
2457 1683 2628 1738 neque
2655 1669 3015 1732 contrisavit,
3047 1685 3143 1723 nec
3170 1667 3465 1740 quidquam
3494 1671 3681 1726 moles-

2028 1756 2124 1812 tiae
2141 1756 2331 1810 intulit
2362 1756 2520 1826 (Dan.
2549 1773 2631 1822 III,
2662 1757 2747 1823 49,
2772 1757 2885 1824 50),
2919 1755 3000 1811 ita
3059 1760 3114 1812 et
3164 1757 3233 1812 de
3265 1756 3394 1813 istis
3425 1758 3679 1814 mirabili

2025 1843 2258 1899 insania
2287 1843 2579 1899 afﬁrmare
2608 1845 2940 1900 contendat.
2961 1845 3124 1910 Quod
3156 1844 3203 1900 si
3237 1844 3316 1900 ita
3348 1850 3503 1902 esset
3524 1847 3678 1918 quod

2026 1949 2286 2004 unquam
2317 1931 2428 1988 tale
2453 1932 2802 1988 miraculum
2830 1950 2958 1989 esse
2988 1933 3196 2006 potuit,
3215 1934 3368 1989 inter
3389 1935 3683 2008 magnalia

2025 2026 2078 2076 et
2094 2020 2356 2093 prodigia
2369 2037 2496 2093 qua:
2512 2021 2796 2078 divinitus
2811 2022 2963 2078 facta
2986 2026 3348 2092 sunt,uttam
3371 2023 3682 2080 innumera

2027 2108 2342 2164 multitudo
2361 2114 2761 2182 apostatarum
2784 2109 3123 2184 angelorum
3144 2115 3200 2166 et
3223 2110 3530 2167 hominum
3557 2129 3681 2184 per-

2025 2199 2280 2253 ditorum
2313 2203 2467 2254 esset
2495 2198 2554 2254 in
2589 2199 3212 2255 medioimmcnsarum
3229 2204 3284 2256 et
3301 2201 3678 2256 aestuantium

2027 2287 2422 2354 flammarum,
2455 2291 2510 2344 et
2541 2305 2655 2344 non
2687 2292 2952 2361 tangeret
2984 2305 3082 2344 eos
3115 2288 3351 2344 omnino
3386 2289 3559 2364 ignis,
3579 2291 3680 2346 sed

2025 2374 2140 2430 vim
2172 2375 2404 2432 virtutis
2435 2393 2552 2432 sua:
2585 2375 3045 2444 oblivisceretur,
3070 2381 3135 2432 ut
3172 2377 3443 2434 diabolus
3473 2379 3680 2451 eteius

2025 2463 2212 2537 angeli
2227 2464 2834 2521 custodirenturillaesi
2853 2465 3260 2530 ?Quisaudivit
3285 2485 3546 2540 unquam
3563 2469 3680 2524 tale

2025 2557 2126 2608 aut
2157 2553 2290 2626 quis
2303 2553 2542 2610 sufferre
2555 2553 2738 2626 possit
2749 2557 2926 2610 tanta:
2943 2553 3326 2627 impietatisin
3337 2555 3562 2612 saniam
3587 2557 3678 2612 ?Si

2023 2642 2179 2698 enim
2213 2641 2373 2697 nulla
2403 2643 2512 2697 erit
2543 2659 2712 2714 pcena
2741 2641 2798 2698 in
2831 2647 3044 2700 aeterno
3077 2642 3210 2716 igne
3243 2645 3678 2714 damnatorum,

2025 2735 2335 2802 sequenter
2363 2731 2524 2786 nulla
2553 2731 2663 2786 erit
2692 2732 2864 2786 etiam
2889 2732 3074 2805 gloria
3095 2733 3150 2786 in
3183 2737 3397 2788 aeterna
3420 2751 3684 2789 remune-

2024 2819 2693 2892 rationejustorum.Qui
2727 2819 2884 2875 enim
2904 2820 3209 2876 verissime
3241 2821 3512 2894 promisit
3532 2823 3681 2877 hanc

2023 2907 2268 2979 gloriam
2301 2908 2544 2964 dicendo
2570 2926 2582 2964 :
2607 2910 2806 2976 Venite,
2861 2908 3127 2964 benedicti
3176 2911 3364 2965 Patris
3399 2912 3529 2974 mei,
3554 2927 3680 2983 per-

2022 2999 2187 3068 cipite
2218 3013 2444 3068 regnum
2473 2997 2613 3069 quod
2643 2997 2790 3054 vobis
2829 3005 3088 3069 paratum
3131 3006 3209 3053 est
3235 3014 3269 3053 a
3298 2999 3683 3056 constitutione

2019 3085 2216 3140 mundi
2247 3084 2448 3156 (Matth.
2483 3102 2613 3150 xxv,
2647 3083 2760 3157 3.1),
2797 3085 2923 3158 ipse
2956 3084 3260 3142 verissime
3287 3086 3683 3143 comminatus

250 3179 364 3234 bus
396 3157 714 3232 denuntiat
745 3157 982 3232 dicens:
1017 3177 1182 3232 Nemo
1236 3187 1327 3232 vos
1376 3175 1612 3250 decipiat
1657 3177 1916 3232 inanibus
1947 3157 1989 3223 (ἶ
2022 3177 2110 3228 est
2139 3171 2299 3228 illam
2333 3190 2563 3246 poenam
2596 3157 2881 3229 dicendo:
2915 3174 3184 3230 Discedite
3210 3191 3242 3230 a
3274 3175 3679 3246 me,maledicti,

251 3268 436 3324 verbis
456 3287 480 3333 ;
505 3273 730 3338 propter
759 3266 878 3322 haec
904 3267 1052 3321 enim
1081 3267 1228 3322 venit
1259 3267 1346 3321 ira
1379 3267 1483 3322 Dei
1513 3267 1572 3321 in
1594 3263 1743 3338 ﬁlios
1771 3266 1921 3338 difﬁ-

249 3355 467 3413 dentiae
497 3355 717 3428 (Eph.v,
747 3355 825 3423 6).
857 3353 1080 3420 Quibus
1109 3355 1298 3411 verbis
1334 3354 1593 3428 Apostoli
1626 3359 1688 3412 Β.
1721 3355 1918 3412 Hiero-

251 3462 480 3519 nymus
511 3444 854 3516 exponendo
876 3443 1182 3517 subjungit
1202 3443 1402 3500 dicens
1426 3443 1658 3516 :[Verba
1679 3462 1805 3518 qua:
1827 3445 1921 3500 de-

248 3535 486 3608 cipiunt
516 3538 694 3605 atque
747 3532 1132 3606 supplantant
1181 3532 1383 3588 inania
1431 3538 1572 3590 sunt
1607 3537 1664 3589 et
1692 3550 1914 3590 vacua:

247 3641 372 3697 qua:
401 3640 546 3678 vero
582 3621 871 3678 aediﬁcant
899 3621 1222 3689 audientes,
1249 3620 1438 3694 plena,
1459 3621 1919 3689 cumulata,con-

247 3713 416 3768 ferta.
454 3709 810 3784 Quiaigitur
836 3713 974 3767 sunt
1020 3709 1284 3782 plerique
1324 3709 1424 3782 qui
1455 3711 1661 3766 dicunt
1686 3728 1801 3767 non
1836 3711 1919 3766 fu-

245 3807 381 3858 tura
407 3817 521 3874 pro
555 3799 810 3872 peccatis
839 3817 968 3855 esse
999 3798 1417 3872 supplicia,nec
1437 3799 1799 3856 extrinsecus
1821 3800 1918 3855 ad-

245 3890 513 3946 hibenda
545 3889 967 3953 tormenta,sed
996 3887 1189 3961 ipsum
1213 3892 1516 3960 peccatum
1548 3893 1602 3944 et
1619 3887 1918 3946 conscien-

247 3979 387 4034 tiam
425 3976 630 4034 delicti
653 3993 783 4033 esse
813 3993 916 4050 pro
935 3994 1103 4049 pcena
1118 3977 1260 4032 dum
1291 3977 1575 4033 vermisin
1609 3978 1777 4034 corde
1799 3995 1914 4034 non

251 4065 508 4120 moritur
529 4069 609 4120 :et
638 4063 698 4118 in
725 4064 920 4118 animo
950 4062 1102 4136 ignis
1124 4063 1538 4120 accenditurin
1571 4064 1912 4122 similitudi-

249 4171 381 4210 nem
417 4153 628 4220 febris,
663 4170 789 4224 qua:
811 4169 927 4208 non
959 4157 1193 4224 torquet
1240 4153 1602 4210 extrinsecus
1631 4158 1913 4227 aegrotan-

248 4249 387 4311 tem,
425 4242 532 4299 sed
567 4258 814 4314 corpora
845 4241 972 4314 ipsa
1001 4240 1320 4314 corripiens
1347 4241 1518 4315 punit
1549 4241 1674 4298 sine
1699 4244 1916 4298 crucia-

249 4336 342 4388 tus
363 4331 705 4388 forinsecus
735 4329 1255 4404 adhibitionc,quaa
1287 4331 1692 4404 possidet.Has
1719 4331 1914 4404 itaque

250 4419 674 4492 persuasiones
705 4423 762 4475 et
781 4418 1082 4492 decipulas
1105 4419 1915 4489 fraudulentas,verbainania

2032 3263 2094 3316 in
2124 3265 2306 3332 ignem
2332 3270 2603 3319 aeternam
2630 3263 2728 3334 qui
2760 3271 2992 3334 paratus
3037 3271 3118 3319 est
3159 3263 3373 3320 diabolo
3395 3272 3445 3321 et
3471 3265 3684 3334 angelis

2027 3350 2145 3422 ejus
2176 3351 2356 3420 (Ibid,
2391 3351 2501 3422 41),
2537 3349 2660 3424 ipse
2691 3350 2864 3406 etiam
2889 3352 2958 3408 de
2991 3355 3240 3424 utroque
3271 3353 3559 3409 immobili
3589 3370 3682 3409 ve-

2030 3439 2200 3496 ritate
2230 3439 2562 3511 subjunxit:
2599 3446 2752 3497 Tunc
2783 3441 2942 3497 ibunt
2973 3441 3035 3496 hi
3063 3443 3122 3496 in
3149 3442 3484 3514 supplicium
3515 3450 3682 3500 teter-

2027 3546 2180 3596 num,
2200 3530 2344 3600 justi
2371 3536 2554 3584 autem
2608 3531 2668 3584 in
2708 3531 2883 3586 vitam
2925 3539 3196 3587 aeternam
3251 3531 3434 3604 (Ibid.,
3467 3532 3576 3600 46).
3627 3532 3684 3586 Si

2027 3634 2162 3691 ergo
2196 3617 2514 3690 quaerimus
2537 3619 2677 3691 quid
2701 3618 2776 3674 sit
2800 3617 2942 3674 illud
2961 3637 3207 3693 regnum
3236 3621 3390 3692 quod
3423 3620 3686 3676 aconsti-

2025 3707 2251 3762 tutione
2283 3707 2487 3762 mundi
2529 3707 2714 3780 justis
2745 3713 2836 3764 est
2893 3712 3310 3782 praeparatum,
3371 3709 3684 3765 audiamus

2025 3795 2276 3852 ﬁdeliter
2317 3813 2447 3853 esse
2487 3795 2668 3852 vitam
2708 3801 3007 3854 aeternam.
3041 3798 3100 3854 Si
3162 3797 3482 3871 quaerimus
3540 3798 3682 3872 quid

2024 3884 2257 3940 credere
2285 3885 2605 3940 debeamus
2636 3883 2802 3940 illum
2843 3885 2902 3940 in
2935 3903 3110 3958 quem
3144 3890 3200 3942 et
3231 3885 3683 3958 hominesimpii

2025 3977 2080 4028 et
2109 3973 2298 4047 angeli
2334 3973 2603 4029 mittendi
2636 3978 2776 4029 sunt
2807 3975 2990 4044 ignem
3017 3983 3286 4032 aeternum
3307 3980 3333 4030 .9
3353 3975 3682 4032 Audiamus

2024 4061 2412 4118 nihilominus
2430 4060 2675 4118 ﬁdeliter
2695 4079 2821 4118 esse
2844 4062 3198 4135 supplicium
3232 4065 3679 4136 sempiternum.

2024 4151 2138 4206 Nec
2169 4152 2357 4223 major
2385 4167 2512 4206 esse
2542 4155 2731 4224 potest
2757 4151 2945 4224 gloria
2975 4168 3153 4223 quam
3183 4151 3302 4208 vita
3332 4156 3681 4220 zeternamec

2024 4240 2212 4311 major
2241 4256 2410 4312 poena
2439 4256 2615 4312 quam
2651 4238 3008 4312 supplicium
3040 4239 3464 4312 sempiternum
3491 4257 3503 4295 :
3535 4239 3679 4310 illud

2022 4327 2082 4404 in
2117 4343 2291 4400 regno
2321 4328 2666 4400 positorum,
2696 4328 2856 4384 istud
2889 4328 2948 4384 in
2973 4331 3186 4384 aeterno
3213 4327 3346 4401 igne
3379 4329 3681 4384 damnato-

2023 4433 2175 4472 rum.
2210 4417 2288 4472 De
2320 4435 2435 4490 quo
2465 4415 2755 4490 supplicio
2787 4416 2944 4490 ignis
2995 4417 3194 4472 aeterni
3244 4421 3444 4490 aperte
3474 4417 3680 4474 beatus

247 4508 570 4582 appellavit
603 4512 660 4564 et
689 4525 892 4575 vacua,
919 4525 1046 4580 quze
1069 4509 1341 4564 videntur
1370 4509 1568 4564 florem
1596 4509 1909 4582 quemdam
1940 4524 1989 4591 Β
2020 4506 2275 4563 Joannes
2309 4506 2367 4561 in
2397 4505 2742 4579 Apocalypsi
2795 4509 3068 4574 testatur,
3102 4505 3302 4560 dicens
3327 4523 3338 4561 :
3373 4507 3526 4562 Missi
3553 4514 3683 4563 sunt

248 4597 468 4654 habere
489 4601 920 4664 sermonum,et
947 4597 1200 4654 blandiri
1221 4597 1740 4672 peccantibus.Sed
1763 4599 1907 4654 dum

247 4685 534 4743 ﬁduciam
567 4686 1055 4760 tribuunt,magis
1084 4704 1182 4744 eos
1214 4687 1408 4743 ferunt
1436 4687 1507 4742 ad
1538 4689 1752 4742 aeterna
1772 4703 1910 4760 sup-

248 4775 446 4847 plicia.
485 4775 635 4842 Quia
666 4775 738 4832 de
767 4775 932 4832 nulla
954 4793 1014 4832 re
1035 4775 1118 4832 sic
1140 4775 1417 4832 irascitur
1437 4776 1908 4847 Deus,quomodo

248 4863 296 4919 si
329 4869 608 4938 peccator
627 4865 902 4936 superbia
925 4869 983 4920 et
1010 4869 1239 4922 erectus
1260 4869 1316 4921 et
1336 4863 1562 4939 rigidus
1582 4881 1696 4920 non
1715 4864 1910 4920 ﬂecta-

247 4958 343 5008 tur
371 4953 436 5008 in
472 4952 703 5026 ﬂetum,
740 4970 844 5010 nec
883 4953 1340 5010 misericordiam
1399 4951 1654 5026 postulet
1683 4969 1787 5024 pro
1817 4953 1910 5009 de-

247 5039 433 5115 licto.]
468 5024 604 5099 Haec
631 5045 872 5098 sanctus
899 5042 1183 5110 doctor,et
1215 5024 1590 5114 antiquorum
1617 5041 1911 5098 haeretico-

249 5148 380 5187 rum
413 5148 681 5188 errorem
739 5147 918 5204 super
963 5130 1070 5187 hac
1101 5148 1160 5188 re
1218 5131 1597 5204 redarguens,
1647 5135 1705 5188 et
1737 5131 1909 5188 istius

248 5219 638 5276 fraudulenta
669 5219 976 5277 mendacia
1005 5222 1179 5291 atque
1216 5223 1546 5276 commenta
1592 5219 1912 5293 apostolica

245 5308 494 5366 veritate
525 5309 894 5366 subvertens.

312 5398 511 5453 Audet
539 5402 741 5454 tamen
772 5398 883 5455 iste
913 5397 1104 5454 adhuc
1118 5397 1342 5469 majora
1369 5401 1428 5454 et
1457 5397 1908 5469 detestabiliora,

244 5487 302 5538 et
331 5483 657 5557 subjungit
687 5483 889 5542 dicens
913 5501 926 5541 :
958 5485 1022 5540 In
1052 5487 1180 5555 igne
1209 5493 1416 5543 aeterno
1441 5486 1587 5541 nihil
1625 5485 1780 5542 aliud
1799 5502 1914 5542 esse

241 5589 472 5648 poenam
501 5588 670 5650 quam
717 5575 888 5635 beatae
931 5573 1215 5654 felicitatis
1257 5575 1582 5636 absentiam.
1614 5573 1723 5634 Ubi
1758 5579 1910 5634 recte

2019 4597 2080 4652 in
2105 4603 2359 4665 stagnum
2388 4597 2534 4664 ignis
2565 4602 2616 4650 et
2652 4594 2959 4664 sulphuris,
2994 4601 3044 4649 et
3089 4595 3482 4650 cruciabuntur
3509 4594 3597 4652 die
3617 4612 3680 4651 ac

2019 4693 2172 4742 nocte
2201 4685 2261 4740 in
2288 4683 2495 4741 saecula
2522 4683 2852 4740 saeculorum
2891 4684 3075 4755 (Apoc.
3107 4700 3202 4749 xx,
3235 4681 3288 4748 9,
3325 4683 3435 4752 10).
3467 4683 3536 4738 Et
3564 4683 3678 4751 alio

2019 4773 2176 4829 loco:
2211 4773 2276 4828 Et
2299 4775 2486 4844 fumus
2519 4779 2919 4828 tormentorum
2966 4789 3158 4830 eorum
3203 4772 3452 4829 ascendet
3481 4775 3542 4829 in
3569 4788 3676 4830 sm-

2017 4861 2149 4918 cula
2172 4861 2502 4920 saeculorum
2550 4860 2730 4932 (Apoc.
2783 4879 2900 4928 xxx,
2953 4863 3031 4932 3).
3081 4862 3208 4918 Non
3249 4879 3387 4935 ergo
3435 4861 3494 4917 in
3545 4861 3676 4935 igne

2018 4956 2231 5008 aeterno
2245 4947 2434 5022 angeli
2455 4947 2543 5003 vel
2557 4947 2824 5005 homines
2837 4949 2970 5006 dam
2980 4949 3100 5006 nati
3123 4955 3396 5024 poterunt
3413 4967 3675 5022 unquam

2017 5057 2145 5096 esse
2177 5037 2359 5112 quieti
2387 5042 2446 5094 et
2497 5035 2797 5093 immunes
2828 5055 2862 5094 a
2921 5039 3142 5112 poenis;
3169 5039 3297 5111 qui,
3355 5042 3422 5094 ut
3447 5037 3673 5094 Veritas

2017 5127 2158 5184 dicit
2179 5143 2192 5182 :
2219 5126 2622 5183 Crueiabuntur
2639 5125 2728 5182 die
2747 5143 2812 5182 ac
2835 5134 2984 5183 nocte
3007 5129 3065 5183 in
3086 5128 3293 5185 saecula
3321 5126 3668 5184 saeculorum:

2019 5221 2076 5272 et
2103 5232 2354 5288 quorum
2393 5217 2584 5288 fumus
2629 5223 3022 5272 tormentorum
3072 5216 3317 5272 ascendet
3369 5217 3428 5270 in
3468 5214 3672 5270 saecula

2017 5306 2345 5365 saeculorum
2365 5303 2582 5378 :qualis
2614 5303 2790 5360 etiam
2825 5320 2982 5359 nunc
3021 5321 3190 5375 poena
3220 5308 3276 5360 et
3301 5301 3435 5358 illos
3467 5318 3672 5358 consc-

2019 5396 2240 5468 quitur.
2278 5396 2353 5451 De
2375 5394 2592 5469 quibus
2617 5393 2688 5448 ad
2713 5391 3159 5449 similitudinem
3181 5391 3342 5446 illius
3361 5391 3671 5463 purpurati

2018 5489 2076 5541 et
2103 5483 2364 5540 damnati
2397 5482 2594 5539 divitis
2628 5480 2927 5554 Scriptura
2975 5479 3154 5535 dicit:
3201 5480 3418 5536 Ducunt
3444 5481 3504 5536 in
3535 5479 3673 5536 bono

2017 5574 2130 5636 dies
2159 5589 2301 5644 suos,
2332 5580 2384 5631 et
2419 5574 2481 5630 in
2520 5577 2720 5652 puncto
2759 5569 2829 5631 ad
2887 5571 3116 5650 inferna
3169 5565 3500 5630 descendunt
3531 5569 3666 5654 (Job.
