3914 6166
203 324 292 383 201
636 335 640 339 ’
1132 320 1359 381 LIBER
1404 315 1813 379 ADVERSUS
1859 314 2231 377 JOANNEM
2279 319 2620 382 SCOTUM.

3460 321 3579 380 202

200 471 321 512 num
354 453 629 509 damnari
672 454 988 510 merentur;
1014 451 1205 507 Omnes
1247 453 1430 524 itaque
1478 450 1825 518 manifestari
1853 447 1908 514 Α
1937 464 2052 504 non
2084 450 2367 519 confessa,
2401 452 2545 509 nulli
2580 468 2696 509 non
2728 453 2815 510 vel
2850 454 3037 525 ipsius
3066 454 3303 511 terroris
3327 458 3588 515 necessi-

200 550 379 617 oportet
408 541 585 610 (sicut
612 541 927 614 Apostolus
967 541 1130 609 dicit)
1160 549 1284 597 ante
1323 540 1569 596 tribunal
1601 538 1826 601 Christi,

196 642 247 689 ut
270 635 463 704 referat
491 639 545 687 et
574 637 750 703 portet
794 632 1171 703 unusquisque
1216 631 1443 702 propria
1488 629 1727 700 corporis
1760 625 1833 697 (II

199 722 298 778 Cor.
327 738 381 786 v,
416 721 530 787 10),
550 719 610 774 id
655 723 762 787 est,
792 736 918 791 qua:
948 717 1010 774 in
1040 735 1280 791 corpore
1310 718 1493 792 gessit
1521 716 1640 772 sive
1687 732 1826 771 con-

197 808 374 877 traxit;
409 807 552 880 quia
580 807 786 880 utique
826 824 932 863 nec
969 812 1103 862 ante
1133 823 1346 880 corpus
1377 806 1596 879 aliquid
1626 820 1826 877 gerere

198 898 377 972 potuit,
402 913 511 952 nec
537 901 671 969 post
692 913 906 969 corpus
934 912 1132 969 gerere
1156 900 1368 968 potest,
1394 913 1527 951 cum
1541 896 1666 965 jam
1700 893 1827 949 uni-

197 987 381 1060 cuique
409 1003 526 1042 non
553 990 643 1042 est
667 990 902 1058 tempus
928 986 1160 1059 agendi,
1186 988 1285 1041 sed
1312 1003 1416 1058 pro
1442 984 1670 1041 actibus
1700 987 1824 1039 tan-

194 1075 475 1132 tummodo
496 1074 833 1147 recipiendi.
855 1075 924 1129 Et
947 1074 1075 1130 ideo
1101 1078 1326 1130 certum
1343 1090 1473 1129 esse
1496 1073 1667 1129 debet
1688 1071 1762 1127 fid
1772 1072 1823 1128 ei

197 1170 379 1221 nostra
430 1162 730 1219 neminem
764 1179 966 1219 eorum
998 1162 1097 1235 qui
1128 1162 1186 1217 in
1218 1162 1311 1218 die
1350 1162 1559 1234 judicii
1608 1166 1824 1218 aeterna

197 1251 550 1309 damnatione
576 1252 857 1325 puniendi
880 1255 1038 1319 sunt,
1060 1250 1174 1308 tale
1192 1252 1426 1324 aliquod
1456 1252 1730 1307 meritum
1754 1268 1823 1307 ex

193 1342 283 1398 hac
301 1342 416 1397 vita
437 1357 639 1397 secum
666 1339 895 1410 tulisse,
917 1356 1022 1414 per
1045 1342 1200 1413 quod
1214 1342 1375 1414 juste
1390 1342 1462 1397 ab
1483 1340 1582 1397 illo
1608 1345 1821 1397 interno

187 1429 401 1487 interitu
434 1429 806 1486 liberaretur.
828 1430 888 1485 Si
920 1429 1076 1485 enim
1126 1429 1439 1503 quisquam
1472 1446 1674 1487 eorum
1705 1429 1820 1486 tale

189 1520 438 1576 meritum
456 1519 516 1573 in
535 1519 810 1591 praesenti
830 1518 949 1574 vita
968 1518 1077 1573 sibi
1097 1524 1499 1592 pra-parasset,
1515 1536 1815 1591 nunquam

185 1609 419 1681 profecto
448 1608 523 1664 ab
549 1606 650 1663 illo
668 1608 834 1679 justo
857 1607 1051 1677 iudice
1071 1612 1295 1663 aeternae
1321 1608 1683 1664 damnationi
1706 1614 1820 1664 tra-

185 1698 415 1753 deletur.
440 1696 552 1752 Sed
609 1695 939 1768 cuicunque
986 1694 1086 1751 illa
1113 1696 1487 1753 damnatione
1536 1697 1816 1769 puniendi

183 1790 318 1855 sunt,
344 1785 477 1841 sine
505 1783 683 1883 dubio
710 1783 825 1840 tale
848 1784 1122 1883 meritum
1142 1784 1288 1884 .binc
1310 1803 1507 1884 secum
1533 1785 1814 1851 tulerunt,
1844 1819 1893 1884 Β

183 1881 234 1929 ιιι
250 1875 411 1946 justo
440 1872 670 1945 judicio
702 1888 1009 1945 nunquam
1060 1873 1196 1929 inde
1244 1873 1487 1942 absolvi,
1510 1892 1812 1947 nunquam

178 1963 388 2019 liberari
423 1965 781 2017 mereantur.

236 2052 335 2108 Sed
362 2055 432 2106 ut
452 2050 555 2106 illa
576 2049 898 2115 damnatio,
926 2050 1276 2123 sicutjusta,
1298 2052 1383 2108 sic
1403 2054 1579 2108 etiam
1602 2056 1815 2110 aeterna

175 2158 282 2197 esse
297 2143 615 2206 mereatur,
632 2156 701 2195 ea
716 2155 895 2195 causa
909 2140 1015 2195 erit
1033 2141 1173 2212 quia
1190 2140 1353 2196 nulla
1361 2142 1487 2213 jam
1507 2147 1816 2215 suppetere

175 2230 360 2302 poterit
376 2227 717 2284 emendatio
734 2228 1184 2301 praeteritorum,
1201 2229 1363 2286 nulla
1376 2233 1692 2303 promereri
1718 2248 1816 2304 po-

174 2318 285 2375 terit
300 2317 631 2375 melioratio
647 2318 707 2372 fu
717 2318 1134 2377 turorum.Erit
1149 2336 1402 2392 namque
1414 2320 1491 2375 ibi
1509 2321 1815 2393 praeteritis

172 2407 319 2463 malis
342 2406 712 2481 paenitentia,
728 2406 838 2462 erit
854 2408 1029 2463 etiam
1052 2407 1412 2464 liberationis
1428 2415 1480 2466 et
1501 2409 1813 2482 ereptionis

170 2496 547 2563 desiderium;
580 2496 737 2568 quod
771 2500 969 2551 tamen
997 2496 1226 2552 nullum
1260 2497 1497 2554 habebit
1522 2501 1810 2555 effectum.

170 2585 262 2641 Ubi
280 2601 420 2659 ergo
444 2589 589 2640 tunc
612 2585 724 2640 erit
750 2585 1152 2641 misericordia
1179 2586 1409 2658 Dei,qui
1435 2604 1540 2657 nec
1566 2594 1729 2643 tanta
1759 2593 1816 2644 et

172 2679 274 2730 tam
295 2674 475 2746 longa
500 2672 845 2746 paenitentia
867 2674 1017 2729 ﬂecti
1042 2675 1251 2747 poterit
1270 2677 1340 2730 ad
1364 2676 1811 2750 indulgendum,

171 2780 261 2819 nec
292 2763 427 2819 ullis
460 2763 880 2819 damnatorum
922 2763 1247 2831 desideriis,
1269 2764 1354 2819 vel
1396 2765 1572 2821 etiam
1606 2784 1812 2840 rogan-

170 2852 303 2908 tium
332 2852 660 2927 gemitibus
686 2851 1016 2908 movebitur
1047 2853 1118 2908 ad
1145 2852 1553 2909 liberandum?
1575 2856 1642 2910 Et
1669 2872 1812 2927 quo-

170 2943 327 2998 modo
345 2942 586 3010 Justus,
602 2940 704 3013 qui
729 2940 843 2997 ista
866 2943 1238 2998 contemnet?
1260 2941 1365 3007 Qui
1398 2947 1627 2999 tantum
1653 2944 1815 3000 dolo-

168 3046 277 3086 rem
302 3030 701 3094 conscientias,
720 3034 947 3087 tantam
980 3030 1355 3087 afﬂictionem
1386 3037 1661 3089 creaturae
1695 3050 1814 3089 suae

166 3136 269 3175 non
316 3119 639 3192 respiciet?
658 3120 812 3188 Quae,
837 3119 1101 3191 inquam,
1125 3137 1305 3177 causa
1328 3122 1439 3177 erit
1469 3126 1534 3177 ut
1562 3122 1713 3178 nihil
1734 3123 1813 3178 ibi

1936 541 2053 594 tate
2085 540 2342 596 adorata.
2367 542 2527 598 Tunc
2557 543 2713 598 enim
2738 543 3085 616 generaliter
3108 545 3371 616 subjecta
3392 548 3583 606 omnis

1936 632 2201 685 creatura
2223 629 2497 696 Creatori,
2522 632 2640 687 sive
2667 631 2901 704 pietate,
2924 638 2989 689 ut
3018 633 3077 688 in
3109 636 3328 690 sanctis
3360 636 3582 708 angelis

1934 720 1991 770 et
2020 718 2238 773 sanctis
2259 717 2619 791 hominibus,
2644 720 2762 776 sive
2784 721 3148 789 necessitate,
3172 726 3239 778 ut
3266 722 3326 778 in
3359 724 3584 797 angelis

1933 804 2208 877 malignis
2233 812 2291 862 et
2322 807 2659 864 hominibus
2701 809 2919 882 impiis,
2949 811 3288 882 implebitur
3331 814 3585 886 perfecte

1933 895 2087 964 quod
2118 894 2430 966 Apostolus
2461 914 2563 969 per
2592 898 2935 970 prophetam
2967 899 3249 972 scriptum
3280 917 3409 958 esse
3428 920 3573 959 com-

1931 988 2238 1051 memorat,
2291 984 2491 1040 dicens
2525 1001 2539 1041 :
2576 989 2713 1042 Vivo
2742 1003 2858 1055 ego,
2898 986 3033 1044 dicit
3090 992 3360 1045 Dominus
3417 992 3577 1059 Deus,

1928 1072 2057 1143 quia
2090 1072 2233 1128 mihi
2276 1073 2585 1128 curvabunt
2632 1078 2819 1131 omnia
2864 1093 3026 1145 genu,
3058 1085 3111 1133 et
3151 1080 3338 1134 omnia
3384 1080 3579 1152 lingua

1926 1162 2270 1231 conﬁtebitur
2296 1164 2524 1219 Domino
2553 1163 2727 1234 (llam.
2750 1181 2864 1234 xuv,
2900 1165 3005 1237 11).

2001 1249 2162 1305 Unde
2190 1250 2368 1306 etiam
2400 1250 2547 1307 illud
2578 1252 2884 1308 manifeste
2908 1253 2966 1309 in
2998 1255 3199 1311 eodem
3222 1255 3445 1327 judicio
3477 1257 3576 1313 fiet

1927 1338 2081 1409 quod
2114 1337 2418 1411 Scriptura
2445 1340 2517 1396 de
2546 1340 2742 1412 impiis
2771 1342 3032 1397 futurum
3058 1344 3358 1415 praedixit:
3385 1348 3576 1402 Dicent

1926 1427 2071 1482 inter
2098 1443 2156 1482 se
2180 1429 2559 1498 pwnitentiam
2605 1437 2843 1498 agentes,
2877 1437 2929 1486 et
2952 1446 3072 1501 prae
3121 1435 3375 1503 angustia
3400 1435 3574 1506 spiri-

1924 1522 2009 1570 tus
2039 1514 2276 1571 dolentes
2310 1533 2323 1571 :
2359 1518 2429 1571 [Ii
2470 1524 2601 1572 sunt
2647 1533 2779 1589 quos
2837 1520 3137 1590 aliquando
3192 1521 3485 1578 habuimus
3516 1525 3577 1579 in

1923 1604 2167 1660 derisum
2196 1614 2248 1661 et
2278 1607 2338 1661 in
2365 1607 2787 1663 similitudinem
2816 1610 3154 1681 improperii.
3178 1611 3283 1666 Nos
3313 1614 3579 1669 insensati

1924 1696 2097 1749 vitam
2128 1695 2353 1750 illorum
2383 1696 2706 1752 eestimabus
2746 1698 3040 1762 insaniam,
3056 1706 3109 1755 et
3131 1698 3304 1770 ﬁnem
3352 1702 3577 1757 illorum

1923 1784 2044 1838 sine
2073 1783 2304 1850 honore;
2326 1784 2586 1854 quomodo
2608 1801 2733 1856 ergo
2758 1789 3059 1858 computati
3085 1796 3232 1856 sunt,
3256 1789 3402 1844 inter
3426 1788 3577 1861 ﬁlios

1927 1873 2049 1935 Dei,
2073 1879 2125 1927 et
2141 1873 2286 1928 inter
2303 1881 2515 1929 sanctos
2534 1890 2652 1929 sors
2682 1875 2910 1930 illorum
2928 1879 3048 1932 est?
3080 1879 3223 1946 Ergo
3270 1881 3578 1935 erravimus

1921 1977 1955 2015 a
1985 1963 2076 2016 via
2104 1962 2372 2029 veritatis,
2396 1970 2448 2018 et
2485 1964 2728 2034 justitize
2756 1964 2943 2019 lumen
2986 1982 3098 2021 non
3144 1967 3289 2022 luxit
3317 1970 3495 2039 nobis,
3525 1976 3580 2025 et

1920 2050 2002 2105 sol
2031 2064 2142 2107 non
2188 2058 2267 2106 est
2315 2058 2464 2107 ortus
2493 2053 2648 2108 nobis
2677 2054 2828 2125 (Sap.
2861 2070 2917 2119 v,
2948 2055 3090 2124 3-6),
3123 2058 3180 2111 et
3210 2060 3414 2112 caetera
3446 2074 3574 2130 quae

1922 2137 2232 2211 multiplici
2265 2139 2463 2195 dolore
2495 2140 2669 2213 plena
2698 2141 2795 2198 illo
2822 2142 2915 2197 die
2935 2142 3147 2199 dicturi
3179 2148 3338 2200 sunt.
3358 2145 3417 2201 Si
3437 2162 3574 2218 ergo

1923 2243 1991 2282 ex
2036 2231 2199 2283 tanta
2229 2228 2437 2283 divina;
2467 2229 2719 2297 virtutis,
2745 2235 2802 2286 et
2830 2231 3043 2288 Christi
3099 2233 3331 2288 Domini
3384 2236 3573 2290 mani-

1925 2315 2252 2383 festatione,
2280 2322 2337 2373 et
2367 2322 2585 2374 terrore
2619 2322 2740 2375 tam
2791 2321 2989 2393 magni
3021 2324 3078 2377 et
3105 2324 3226 2376 tam
3275 2323 3571 2380 manifesti

1923 2405 2121 2460 aeterni
2144 2406 2365 2477 judicis
2399 2405 2572 2462 fuerit
2597 2406 2796 2479 aliqua
2825 2408 2970 2463 ﬁdes
2999 2408 3087 2465 vel
3112 2426 3315 2467 eorum
3345 2412 3446 2484 qui
3477 2412 3578 2468 ali-

1924 2495 2160 2566 quando
2199 2495 2588 2560 crediderunt,
2617 2497 2704 2551 vel
2744 2497 2921 2552 etiam
2962 2498 3287 2555 infidelium
3321 2502 3421 2573 qui
3452 2506 3573 2558 tam

1923 2582 2192 2656 praesenti
2221 2585 2525 2655 majestate
2551 2589 2607 2641 et
2629 2589 2845 2641 terrore
2868 2588 3101 2643 credere
3126 2590 3572 2663 compellcntur,

1924 2672 2005 2727 ita
2026 2677 2089 2727 ut
2112 2673 2169 2727 in
2196 2672 2295 2729 illa
2317 2691 2425 2729 sua
2447 2673 2882 2744 lamentatione,
2906 2676 3061 2731 sicut
3077 2666 3203 2749 jam
3226 2696 3577 2735 commemo-

1924 2761 2203 2830 ravimus,
2218 2762 2446 2818 dicant:
2468 2764 2785 2819 Erravimus
2808 2782 2843 2819 a
2868 2767 2959 2819 via
2981 2768 3249 2835 veritatis,
3276 2776 3329 2823 et
3344 2770 3578 2839 justitite

1924 2851 2107 2907 lumen
2146 2868 2254 2907 non
2307 2852 2452 2908 luxit
2499 2852 2676 2919 nobis,
2703 2861 2754 2908 et
2781 2854 2864 2908 sol
2912 2869 3023 2909 non
3078 2863 3159 2910 est
3210 2864 3363 2912 ortus
3416 2858 3575 2913 nobis

1922 2940 2117 3009 (Ibid.,
2140 2939 2228 3011 6);
2261 2941 2387 3011 jam
2419 2944 2617 2996 tamen
2647 2940 2958 3005 talisﬁdes
2989 2940 3047 2996 in
3080 2941 3197 2997 illis
3228 2944 3349 3015 qui,
3373 2949 3439 3000 ut
3467 2962 3573 3001 aie-

1922 3028 2056 3100 pius
2087 3028 2311 3083 dictum
2333 3032 2440 3091 est,
2464 3028 2696 3100 penitus
2717 3045 2751 3083 a
2771 3028 2884 3085 Deo
2910 3029 3147 3097 deserti,
3170 3048 3275 3087 nec
3295 3031 3417 3089 ulla
3445 3034 3576 3105 ejus

1927 3117 2115 3191 gratia
2144 3116 2419 3173 illustrati
2450 3121 2641 3184 erunt,
2672 3117 2928 3189 profecto
2967 3135 3085 3175 non
3125 3119 3237 3176 erit
3263 3137 3332 3176 ex
3362 3120 3574 3193 pietate

166 3187 941 3280 salubre,nibilacceptabile
958 3208 1080 3264 fieri
1100 3209 1321 3280 possit?
1339 3210 1397 3265 Si
1414 3210 1569 3265 enim
1595 3217 1810 3283 posset,
1844 3187 1887 3254 (ἶ
1925 3187 2285 3277 amoris,sed
2317 3222 2386 3261 ex
2433 3187 2778 3262 necessitate
2806 3208 3046 3262 terroris
3076 3224 3090 3262 :
3126 3187 3382 3280 qualem_
3409 3214 3466 3266 et
3509 3211 3572 3267 in

164 3314 462 3370 nunquam
482 3314 522 3352 a
539 3301 707 3352 tanta
728 3296 1146 3365 misericordia,
1167 3315 1469 3370 nunquam
1492 3318 1526 3356 a
1546 3304 1708 3356 tanta
1721 3302 1817 3371 ju-

166 3387 312 3441 stitia
333 3385 895 3459 repudiaretur.Cur
916 3386 1113 3458 itaque
1142 3404 1257 3442 non
1281 3392 1490 3459 potest,
1519 3389 1629 3444 nisi
1654 3390 1814 3462 quia,

162 3476 458 3531 recedente
484 3475 560 3530 ab
582 3474 666 3531 eis
691 3474 929 3546 penitus
950 3475 1088 3541 Deo,
1108 3475 1269 3531 nulla
1298 3476 1357 3531 in
1387 3478 1472 3533 eis
1503 3495 1630 3534 esse
1660 3484 1817 3551 pote-

164 3562 229 3616 rit
253 3564 447 3635 gratia
477 3562 774 3635 specialis,
805 3580 908 3635 per
932 3580 1109 3635 quam
1140 3564 1224 3619 eis
1253 3565 1503 3621 donetur
1533 3566 1719 3637 pictas
1747 3568 1813 3623 li-

162 3651 263 3719 dei,
284 3653 411 3725 spei
445 3657 512 3709 et
560 3651 884 3719 charitatis,
909 3656 975 3707 ut
1005 3651 1105 3707 tali
1137 3652 1352 3724 pietate
1399 3656 1716 3726 poeniteant
1744 3658 1815 3713 de

163 3744 488 3811 praeteritis,
515 3740 621 3797 tali
652 3742 866 3813 pietate
912 3742 1244 3799 desiderent
1268 3743 1339 3799 de
1370 3744 1602 3810 futuris,
1636 3745 1695 3801 id
1727 3752 1816 3804 est

160 3829 244 3902 pie
271 3831 594 3898 credendo,
623 3831 715 3903 pie
745 3831 1034 3903 sperando
1081 3835 1139 3887 et
1185 3831 1518 3905 diligendo?
1559 3836 1628 3891 Et
1676 3835 1815 3907 quia

156 3906 290 3988 jam,
314 3926 381 3976 ut
412 3921 651 3976 dictum
681 3922 788 3983 est,
814 3919 1080 3975 funditus
1111 3936 1145 3975 a
1168 3921 1284 3975 Deo
1315 3924 1589 3994 separati,
1612 3928 1670 3979 et
1691 3906 1816 3980 sola

164 4008 603 4081 omnipotentiae
628 4009 759 4079 ejus
779 4009 992 4064 virtute
1024 4009 1095 4063 ad
1126 4013 1343 4065 aeterna
1373 4011 1663 4083 supplicia
1693 4028 1812 4068 ser-

162 4098 285 4163 vati,
300 4114 626 4170 nunquam
642 4102 917 4169 polerunt
936 4114 1065 4153 esse
1086 4097 1397 4171 participes
1415 4100 1666 4172 Spiritus
1688 4119 1818 4158 san-

164 4186 246 4254 cli,
261 4186 506 4245 etiamsi
528 4188 607 4257 (α)
625 4186 798 4242 fuerit
816 4186 893 4241 ibi
912 4186 1109 4259 aliqua
1129 4187 1296 4253 fides,
1311 4187 1429 4243 sive
1445 4205 1515 4244 ex
1534 4191 1817 4247 memoria

161 4262 618 4345 preteriiorum,
659 4292 787 4347 qua:
819 4274 914 4331 hic
945 4276 1276 4344 audierunt,
1312 4275 1399 4331 vel
1430 4277 1812 4348 didiscerunt,

162 4364 268 4421 sive
297 4382 368 4421 ex
396 4371 634 4422 terrore
661 4368 720 4420 et
760 4364 1230 4421 manifestatione
1258 4367 1656 4438 praesentium,
1687 4385 1814 4441 qua

158 4455 284 4509 tunc
304 4453 694 4528 apparebunt
716 4469 729 4507 :
756 4452 1068 4509 manifesta
1089 4452 1310 4509 scilicet
1332 4454 1608 4511 omnibus
1635 4457 1736 4513 Dei
1761 4460 1819 4513 et

1924 3297 2288 3353 daemonibus
2318 3313 2447 3352 esse
2472 3297 2646 3352 fidem
2669 3297 2876 3353 beatus
2895 3298 3148 3354 Jacobus
3170 3299 3470 3371 apostolus
3495 3304 3574 3357 te-

1925 3392 2134 3457 statur,
2160 3387 2358 3443 dicens
2384 3404 2396 3441 :
2422 3392 2486 3443 Et
2509 3387 2781 3443 daemones
2805 3387 3053 3458 credunt,
3073 3396 3125 3444 et
3152 3392 3576 3447 contremiscunt

1925 3476 2056 3547 (Jac.
2090 3492 2153 3542 ιι,
2186 3476 2291 3543 19).
2316 3477 2474 3531 Talis
2506 3491 2641 3548 ergo
2674 3470 2817 3532 ﬁdes
2851 3492 2965 3532 non
3005 3475 3090 3533 eis
3128 3477 3345 3533 valebit
3374 3479 3447 3533 ad
3479 3495 3573 3534 sa-

1922 3563 2105 3620 lutem
2135 3564 2235 3620 sed
2276 3564 2348 3618 ad
2403 3564 2827 3632 confusionem,
2851 3569 2916 3620 ut
2966 3567 3464 3637 quemadmodum
3511 3567 3573 3623 in
3664 3638 3667 3645 η

1922 3653 2150 3726 psalmo
2181 3652 2467 3724 scriptum
2496 3656 2585 3708 est
2608 3669 2620 3706 :
2646 3654 2989 3709 L‘rubescant
3010 3660 3064 3710 et
3093 3655 3483 3711 conturbentur
3512 3658 3574 3712 in

1920 3742 2186 3801 saeculum
2226 3742 2437 3809 saeculi,
2469 3748 2519 3797 et
2566 3742 2996 3813 confundantur,
3046 3750 3100 3798 et
3138 3753 3365 3815 pereant
3396 3746 3570 3814 (Psal.

1925 3848 2133 3897 LXXXII,
2164 3831 2269 3903 18).
2291 3831 2436 3903 Spes
2466 3847 2600 3887 vero
2633 3830 2797 3886 nulla
2817 3832 2944 3904 jam
2975 3831 3035 3887 in
3066 3832 3151 3889 eis
3181 3849 3311 3889 esse
3340 3834 3573 3906 poterit,

1922 3925 2138 3975 aeterna
2158 3919 2450 3975 sententia
2469 3920 2894 3992 condemnatis,
2920 3924 2977 3976 et
3002 3921 3070 3976 de
3098 3921 3437 3979 liberatione
3467 3941 3576 3980 sua

1924 4009 2157 4082 penitus
2179 4008 2503 4079 desperatis
2526 4024 2539 4063 :
2565 4008 2839 4064 similiter
2867 4013 2923 4065 et
2954 4009 3229 4077 charitas,
3252 4028 3370 4083 qua
3393 4016 3451 4068 et
3482 4011 3575 4084 pie

1923 4098 2109 4154 Deum
2131 4097 2399 4169 diligant,
2416 4102 2474 4152 et
2496 4097 2825 4169 proximum
2848 4099 3172 4154 secundum
3194 4099 3492 4167 Deum,vel
3513 4101 3571 4155 in

1923 4188 2059 4255 Deo,
2081 4191 2182 4241 aut
2204 4190 2443 4258 propter
2466 4191 2669 4252 Deum,
2694 4186 2856 4242 nulla
2880 4187 2965 4242 eis
2987 4187 3178 4243 inesse
3198 4189 3571 4259 poterit,cum

1924 4275 2242 4332 deseruerit
2271 4292 2370 4331 eos
2402 4276 2527 4347 ipse
2558 4275 2714 4330 Deus
2764 4274 3039 4343 charitas,
3072 4292 3178 4331 nec
3208 4276 3458 4332 adfuerit
3487 4275 3571 4332 eis

1922 4364 2024 4421 illa
2053 4364 2239 4439 gratia
2275 4363 2547 4437 Spiritus,
2577 4364 2648 4420 de
2697 4381 2814 4437 qua
2858 4362 3170 4436 Apostolus
3198 4364 3340 4419 dicit
3372 4382 3385 4420 :
3420 4367 3573 4437 Quia

1923 4455 2163 4511 charitas
2195 4456 2302 4510 Dei
2328 4454 2527 4526 diffusa
2557 4461 2637 4510 est
2660 4454 2721 4509 in
2749 4452 3000 4509 cordibus
3037 4454 3239 4508 nostris
3261 4469 3363 4524 per
3389 4454 3570 4525 Spiri-
3678 4496 3697 4509 .

158 4540 361 4599 Christi
394 4544 540 4615 ejus
570 4540 786 4597 virtute
815 4546 873 4598 et
915 4546 1220 4614 potestate,
1242 4547 1363 4600 tam
1395 4543 1455 4600 in
1487 4545 1814 4617 majestate,
1846 4557 1894 4622 D
1926 4554 2042 4603 tum
2068 4552 2338 4611 sanctam,
2370 4545 2468 4615 qui
2503 4543 2663 4599 datus
2706 4550 2785 4599 est
2820 4542 2979 4597 nobis
3007 4545 3181 4610 (Rom.
3214 4558 3270 4608 v,
3300 4541 3376 4613 5),
3406 4546 3463 4597 et
3491 4541 3572 4598 si-

156 4646 271 4701 que
302 4633 362 4687 in
397 4634 543 4704 ejus
577 4630 806 4703 judicio
838 4632 1159 4704 apparebit,
1184 4649 1361 4705 quam
1392 4634 1452 4689 in
1483 4639 1698 4692 aeterna
1724 4653 1817 4692 re-

156 4722 569 4778 muneratione
605 4721 1001 4792 justorum,ct
1041 4725 1256 4778 eterna
1280 4723 1655 4781 damnatione
1697 4725 1815 4782 ini—

153 4826 423 4880 quorum.
440 4811 585 4876 Quae
604 4809 810 4882 utique
830 4808 976 4865 nulli
992 4814 1264 4882 poterunt
1283 4828 1411 4869 esse
1433 4814 1650 4888 ignota,
1666 4816 1813 4873 nulli

1925 4634 2048 4693 mul
2082 4634 2154 4690 ab
2183 4632 2267 4689 eis
2299 4632 2621 4698 recesserit,
2646 4634 2703 4686 et
2739 4630 2928 4703 gratia
2955 4630 3188 4686 Domini
3218 4631 3405 4687 nostri
3432 4631 3574 4687 Jesu

1924 4725 2160 4789 Christi,
2188 4725 2245 4778 et
2281 4720 2536 4777 charitas
2585 4719 2708 4786 Dei,
2735 4723 2792 4774 et
2820 4719 3271 4776 communicatio
3320 4719 3575 4794 Spiritus

1924 4814 2131 4873 sancti.
2154 4812 2302 4869 Nam
2332 4816 2389 4866 et
2419 4809 2469 4864 si
2501 4808 2661 4866 dives
2707 4807 2805 4864 ille
2827 4809 2954 4880 jam
2994 4809 3148 4882 apud
3188 4810 3406 4867 inferos
3435 4827 3574 4867 con-

1158 4971 1370 5029 NOT/E
1408 4973 1751 5035 DUVALLII
1789 4977 2148 5037 DOCTORIS
2185 4970 2583 5031 SORBONICI.

155 5105 270 5157 tum
287 5104 475 5182 primi
496 5107 772 5182 parentes
786 5103 969 5160 fuisse
985 5103 1472 5182 primoinfectum
1485 5124 1695 5182 corpus
1713 5127 1817 5182 per

154 5180 449 5259 semen,et
466 5192 514 5259 a_
526 5176 751 5231 semine
769 5193 1007 5231 rursum
1030 5176 1187 5259 inﬁci
1206 5194 1417 5259 corpus
1434 5176 1812 5259 seminatum,

153 5250 206 5325 et
230 5251 373 5302 tunc
406 5247 698 5325 animam
714 5263 1041 5325 excorpo‘re
1066 5248 1246 5325 infici,
1271 5247 1421 5325 sicut
1448 5249 1660 5322 loquor
1689 5247 1815 5325 pre:

154 5316 333 5394 tiosus
355 5335 510 5375 cum
537 5317 698 5394 inqui
709 5322 844 5394 nato
867 5316 989 5374 vasi
1010 5318 1356 5374 infunditur.
1383 5323 1515 5386 Quae
1530 5316 1813 5394 quamvis

146 5388 260 5456 jam
291 5388 635 5445 temeraria
646 5389 1010 5463 judicentur,
1035 5407 1149 5445 non
1194 5396 1458 5463 pugnant
1491 5388 1684 5449 tamen
1713 5412 1811 5451 ex-

186 5476 343 5516 resse
399 5465 618 5516 contra
652 5460 842 5516 ﬁdem
877 5478 889 5517 :
924 5460 1168 5533 ideoque
1195 5460 1515 5519 wmalumus
1555 5482 1815 5522 asserere

149 5475 473 5587 Ecclesium
510 5531 966 5587 Lugdunensem
1009 5532 1291 5587 duntaxat
1318 5533 1573 5587 voluisse
1602 5536 1812 5587 horum

190 5530 473 5606 cclesiam
510 5531 977 5606 Lugdunensem
1009 5530 1291 5606 duntaxat
1318 5533 1573 5593 voluisse
1602 5536 1813 5594 horum

152 5603 517 5665 sententiam
550 5603 850 5676 damnare,
880 5603 982 5682 qui
1035 5603 1294 5666 animam
1354 5610 1488 5668 ante
1534 5607 1813 5671 unionem

477 5732 756 5795 l’srnon.
801 5731 1004 5795 CXIX.

1923 5128 2057 5167 cum
2089 5125 2328 5181 corpore
2358 5105 2649 5163 maculam
2681 5105 3027 5179 originalem
3058 5107 3400 5164 contrahere
3431 5123 3572 5162 con-

1922 5182 2260 5239 tendebant.

1994 5254 2069 5326 (α)
2103 5253 2279 5326 Docet
2307 5250 2483 5326 ﬁdem
2512 5248 2919 5326 aliqualemjn
2938 5249 3244 5326 damnatis
3274 5264 3573 5326 remansu-

1923 5319 2071 5392 ram,
2099 5324 2255 5400 quod
2287 5339 2412 5400 non
2433 5323 2503 5400 de
2527 5319 3044 5400 _ﬁde_th_cologica,
3077 5321 3179 5400 sed
3210 5322 3283 5400 de
3312 5319 3574 5400 humana

1923 5402 1981 5451 et
2011 5389 2299 5466 acquisita
2326 5393 2496 5466 debet
2525 5391 2791 5465 intelligi,
2815 5395 2882 5466 et
2900 5389 2984 5447 sic
3011 5392 3119 5466 qui
3140 5408 3208 5466 ex
3228 5389 3573 5466 Christianis

1923 5461 3061 5546 demuntur,_m.ulto.rum_m§sterioruin
3092 5463 3267 5546 ﬁdem
3298 5461 3570 5546 retinent,

1914 5539 2088 5611 juxta
2134 5537 2282 5596 illud
2318 5534 2522 5596 Jacobi
2554 5552 2567 5593 :
2601 5534 2883 5595 Daemones
2911 5535 3147 5593 credunt
3192 5541 3243 5592 et
3288 5534 3578 5594 contremi-

1920 5617 2097 5673 scunt.

3213 5734 3249 5804 7
