3914 6166
359 280 478 343 203

1459 276 1689 339 FLORI
1734 271 2050 337 DIACONI
2098 272 2665 336 LUGDUNENSIS.

3578 280 3669 343 204

360 417 676 472 damnatus
698 413 908 470 fratres
931 430 1089 482 suos,
1113 428 1260 484 quos
1280 411 1338 467 in
1361 426 1535 467 carne
1557 409 1889 483 reliquerat,
1915 424 2012 464 ve-
2041 407 2097 474 Α
2123 409 2337 463 δείδι’ηο
2366 410 2423 462 et
2443 407 2606 479 justo
2640 406 2864 478 judicio
2896 407 3016 478 [al.,
3032 407 3243 481 judice]
3269 408 3579 479 liberandos,
3598 416 3678 472 sed

357 505 450 561 lut
479 504 807 561 secundum
839 504 1021 559 Deum
1053 501 1322 557 dilexisse
1358 501 1607 567 videtur,
1641 517 1745 574 pro
1774 498 2011 571 quibus,

360 611 433 650 ne
455 595 513 649 in
538 593 705 649 illum
727 593 923 648 locum
944 595 1369 648 tormentorum
1391 591 1655 646 venirent
1672 588 1878 645 anxius
1900 590 2014 642 sat-

359 683 569 756 agebat
611 687 666 738 et
712 682 1135 754 deprecabatur
1176 683 1328 750 (Luc.
1360 679 1616 749 xv1,27);
1650 696 1765 734 non
1814 682 2011 732 tamen

357 789 490 829 vere
513 772 839 827 secundum
862 771 1045 825 Deum
1072 770 1267 834 ﬁebat,
1291 769 1447 841 quod
1470 784 1586 823 non
1620 766 1902 822 instinctu
1925 767 2015 820 di-

357 861 504 917 vinis
526 857 848 926 cbaritatis,
873 858 972 915 sed
995 856 1084 912 vel
1117 860 1336 913 terrore
1363 856 1670 929 praesentis
1692 855 2014 910 damnatio-

365 949 478 1017 nis,
507 947 593 1005 vel
626 963 821 1002 amore
852 945 1125 1000 humanae
1156 943 1478 1000 affectionis
1509 943 1581 998 ab
1611 958 1678 997 co
1710 945 2012 1011 extorque-

366 1039 558 1095 batur.
583 1036 727 1099 Quia
756 1051 891 1108 ergo
926 1032 1089 1089 nulla
1124 1034 1249 1104 jam
1283 1033 1339 1087 in
1368 1031 1451 1087 eis
1483 1047 1612 1086 esse
1662 1030 1873 1103 poterit
1914 1045 2018 1101 per

367 1125 857 1182 illuminationem
879 1122 979 1179 Dei
1002 1126 1057 1178 et
1079 1123 1298 1177 donum
1323 1120 1577 1193 Spiritus
1601 1119 1809 1182 sancti,
1831 1118 2016 1190 pietas

366 1215 597 1283 ﬁdei,et
617 1211 919 1269 charitatis
951 1210 1114 1267 nulla
1143 1211 1308 1266 bona;
1329 1210 1450 1282 spei
1474 1207 1855 1280 exspectatio;
1888 1206 2015 1261 ideo

365 1302 529 1359 nulla
553 1319 753 1359 eorum
788 1300 1129 1373 pmnitenlia
1150 1300 1222 1355 de
1251 1298 1579 1371 prateritis,
1604 1295 1832 1352 nullum
1864 1294 2018 1351 desi-

365 1393 596 1450 derium
619 1392 691 1447 de
715 1390 934 1445 futuris
961 1407 994 1444 a
1016 1390 1179 1460 justo
1208 1392 1265 1444 et
1294 1386 1655 1444 misericordi
1681 1386 1883 1458 judice
1912 1402 2016 1441 su-

365 1481 674 1554 scipietur;
710 1478 850 1551 quia
879 1478 999 1532 haec
1047 1482 1187 1535 tunc
1217 1494 1334 1533 non
1364 1480 1536 1533 erunt
1582 1492 1648 1532 ex
1698 1475 1933 1548 pietate,
1965 1478 2021 1529 et

372 1587 572 1627 amore
592 1568 796 1624 divinae
830 1566 1048 1640 gratias,
1073 1567 1171 1622 sed
1194 1571 1425 1641 tantum
1447 1583 1511 1621 ex
1544 1565 1887 1621 necessitate
1917 1563 2019 1620 tri-

371 1657 691 1716 bulationis
722 1660 778 1712 et
807 1657 1110 1728 angustiae.
1140 1657 1304 1711 Tunc
1336 1655 1534 1727 itaque
1565 1655 1863 1711 subtracto
1894 1671 1926 1709 a
1959 1668 2021 1709 se

369 1748 605 1820 penitus
635 1745 845 1801 divinae
878 1744 1288 1838 illustrationis
1318 1743 1560 1838 lumine,
1583 1748 1641 1838 et
1670 1744 1742 1799 ab
1763 1742 1862 1838 illo
1884 1760 2020 1815 gau-
2047 1773 2096 1838 B

372 1835 660 1908 dio,quod
692 1835 845 1908 bono
875 1838 933 1889 et
962 1832 1118 1888 fideli
1162 1850 1325 1889 servo
1373 1832 1758 1906 promittitur,
1792 1832 2017 1886 dicente

374 1924 656 1981 Domino:
685 1924 838 1979 Intra
882 1925 942 1978 in
979 1922 1242 1993 gaudium
1270 1924 1494 1978 Domini
1522 1923 1606 1977 tui
1635 1921 1852 1989 (Matth.
1885 1937 2016 1987 xxv,

370 2016 484 2083 21),
512 2012 748 2084 penitus
777 2010 994 2067 exclusi
1017 2016 1073 2067 et
1094 2011 1329 2067 alienati
1353 2012 1739 2067 remanebunt
1758 2014 1920 2065 extra
1937 2009 2023 2064 lu-

373 2118 507 2157 men
534 2100 663 2168 Dei;
687 2100 911 2155 ethoc:
937 2101 1055 2155 Erit
1071 2102 1150 2156 eis
1173 2102 1317 2155 mitti
1337 2102 1398 2155 in
1428 2102 1677 2156 tenebras
1705 2102 2019 2166 exteriores,

374 2192 431 2244 et
459 2188 520 2243 in
551 2187 713 2243 illam
737 2192 968 2242 noctem
992 2185 1344 2243 horrendam
1366 2189 1437 2243 de
1461 2205 1578 2260 qua
1597 2188 1879 2243 Dominus
1901 2187 2017 2243 ait:

374 2278 528 2335 Venit
568 2293 681 2331 nox
708 2275 923 2349 quando
970 2292 1127 2332 nemo
1170 2284 1344 2348 potest
1384 2278 1603 2349 operari
1631 2279 1806 2345 (Joan.
1842 2276 2019 2349 111,4).

370 2367 442 2423 Et
473 2364 585 2421 alio
616 2365 741 2421 loco
768 2365 1225 2420 misericorditer
1249 2366 1542 2432 admonet,
1565 2366 1765 2421 dicens
1789 2382 1803 2420 :
1828 2366 2024 2420 Ambu-

375 2457 484 2512 late
507 2454 635 2510 dum
662 2455 837 2510 lucem
858 2454 1087 2520 habetis,
1104 2471 1174 2510 ne
1198 2456 1435 2512 tenebrae
1462 2470 1551 2510 vos
1578 2455 2029 2526 comprehendant

375 2546 561 2618 (Joan.
583 2560 683 2612 xu,
708 2544 903 2615 35).Et
930 2542 1061 2598 ideo
1093 2542 1192 2614 qui
1227 2543 1283 2597 in
1316 2542 1532 2599 talibus
1563 2543 1818 2599 tenebris
1851 2548 2026 2615 atque

374 2634 437 2690 in
468 2633 568 2689 tali
600 2636 767 2688 nocte
810 2636 1000 2699 erunt,
1037 2631 1182 2686 nihil
1220 2633 1345 2703 jam
1392 2636 1665 2704 poterunt
1694 2633 1787 2705 pie
1819 2637 1877 2687 et
1907 2634 2026 2687 fru-

379 2727 580 2779 ctuose
600 2720 847 2794 Operari,
864 2720 1017 2792 quod
1040 2719 1126 2776 vel
1161 2737 1195 2775 a
1220 2722 1382 2792 justo
1404 2721 1605 2791 judice
1634 2722 1821 2793 possit
1841 2721 2027 2777 susci-

378 2813 460 2886 pi,
481 2812 569 2867 vel
600 2811 754 2867 unde
784 2808 896 2882 ipsi
928 2814 1263 2864 mereantur
1300 2810 1371 2865 ab
1411 2809 1512 2865 illa
1542 2814 1757 2865 aeterna
1785 2811 2030 2866 damna-

380 2902 538 2958 tione
566 2899 821 2955 liberari.
846 2899 913 2953 Et
942 2898 1081 2970 quia
1123 2898 1287 2953 nulla
1324 2899 1534 2971 poterit
1561 2915 1689 2955 esse
1720 2898 1815 2971 pia
1847 2900 2028 2971 pceni-

376 2989 581 3058 tentia,
605 2988 768 3043 nulla
796 2987 906 3043 erit
943 2987 1137 3043 delicti
1178 2987 1571 3059 indulgentia;
1604 2993 2031 3060 consequenter

378 3097 485 3137 nec
516 3079 672 3134 ullus
702 3077 838 3132 ﬁnis
879 3075 1174 3148 supplicii.
1202 3076 1268 3130 Et
1297 3093 1659 3148 quaecunque
1690 3077 1748 3132 in
1781 3077 1866 3133 eis
1896 3095 2025 3134 esse

2122 499 2309 551 totum
2335 495 2443 551 hoc
2474 496 2559 551 eis
2591 495 2853 569 proficiet
2877 497 2949 551 ad
2979 500 3460 567 tormentum,non
3488 502 3549 556 ad
3574 520 3681 558 con-

2123 583 2426 641 solationis
2457 584 2730 641 solatum.
2755 585 2849 641 Sic
2870 584 3042 641 etiam
3078 591 3335 658 poterunt
3362 588 3545 645 habere
3562 592 3687 647 desi-

2124 673 2352 729 derium
2379 674 2685 745 cujusdam
2731 674 3113 730 beatitudinis
3141 692 3275 741 suis,
3296 679 3387 749 [f.,
3425 679 3503 734 hic
3525 681 3691 735 subau-

2122 762 2382 818 diendum
2412 768 2545 830 non]
2578 767 2645 819 ut
2681 764 2754 817 ab
2801 762 2919 817 illis
2950 765 3251 821 tormentis
3294 766 3494 833 erui,et
3538 768 3695 840 aliqua

2125 868 2264 924 pace
2292 850 2380 907 vel
2410 852 2604 924 quiete
2630 852 2958 925 refrigerari
2993 858 3331 910 mereantur.

2197 943 2391 1014 Ipsam
2424 945 2621 996 autem
2652 941 2952 997 veritatem
2986 942 3106 1010 Dei,
3128 941 3308 1015 ipsam
3339 943 3697 1001 beatitudinem

2125 1029 2227 1086 Dei
2259 1045 2431 1085 nosse
2460 1034 2518 1084 et
2547 1030 2879 1087 desiderare
2908 1030 3124 1086 donum
3168 1036 3254 1088 est
3293 1032 3520 1104 piorum,
3541 1039 3589 1089 et
3618 1035 3700 1091 Dei

2125 1119 2335 1193 spiritu
2365 1117 2855 1187 illuminatorum,
2878 1137 2992 1176 non
3024 1120 3328 1192 impiorum
3358 1127 3605 1194 perpetua
3621 1140 3702 1179 ce-

2125 1209 2298 1264 citate
2321 1212 2496 1280 atque
2520 1208 2855 1264 infelicitate
2878 1210 3310 1277 damnatorum;
3337 1210 3464 1282 quia
3484 1211 3577 1266 etsi
3604 1212 3702 1267 fue-

2128 1297 2245 1352 rint
2273 1296 2353 1352 ibi
2383 1296 2564 1369 aliqui
2612 1297 2877 1354 fortassis
2908 1298 3030 1370 qui,
3053 1314 3120 1354 ex
3165 1297 3256 1355 his
3300 1299 3393 1371 qui
3441 1298 3705 1372 aliquando

2128 1386 2496 1442 crediderant
2517 1390 2572 1442 et
2588 1392 2995 1458 cognoverant,
3017 1388 3382 1443 meminerint
3395 1388 3708 1460 aliquatenus

2130 1474 2318 1547 ipsius
2347 1475 2608 1530 veritatis
2635 1474 2722 1530 vel
2754 1476 3153 1541 beatitudinis,
3178 1476 3247 1532 ad
3277 1476 3380 1531 hoc
3414 1480 3619 1531 tantum
3642 1477 3709 1531 eis

2128 1563 2343 1619 valebit
2362 1564 2492 1637 ipsa
2507 1563 2808 1632 memoria,
2825 1569 2890 1619 ut
2910 1565 3098 1638 magis
3121 1565 3366 1633 doleant,
3381 1565 3551 1638 magis
3567 1565 3713 1638 paeni-

2130 1657 2309 1720 teant,
2325 1653 2513 1726 magis
2526 1654 2690 1723 juste
2709 1653 3017 1709 damnatos
3039 1671 3101 1710 se
3119 1671 3245 1710 esse
3265 1658 3607 1728 cognoscant.
3627 1653 3714 1709 De-

2130 1741 2457 1798 siderantes
2489 1742 2725 1814 quidem
2782 1742 2995 1798 habere
3046 1747 3279 1816 tempus
3307 1742 3640 1807 emendandi,
3665 1747 3717 1797 ut

2130 1834 2371 1903 possent
2400 1830 2641 1886 evadere
2685 1830 3061 1903 supplicium,
3096 1848 3201 1888 nec
3249 1836 3437 1887 tamen
3481 1831 3719 1887 habentes

2129 1919 2403 1991 pietatem
2437 1918 2624 1993 ipsius
2655 1920 3078 1992 dcsiderii,qua
3109 1924 3533 1993 promereantur
3548 1920 3718 1976 Deum.

2130 2008 2203 2081 (b)
2222 2008 2419 2064 Cesset
2439 2008 2634 2081 itaque
2656 2009 2763 2064 iste
2784 2026 2882 2065 eos
2909 2010 3007 2081 qui
3031 2027 3065 2065 a
3086 2011 3203 2067 Deo
3224 2027 3336 2065 non
3358 2009 3723 2065 illuminabun-

2130 2102 2249 2165 tur,
2274 2102 2330 2153 et
2360 2097 2592 2153 alienati
2617 2115 2651 2153 a
2672 2098 2791 2153 vita
2814 2098 2938 2167 Dei,
2961 2098 3125 2155 nulla
3147 2100 3404 2155 veritatis
3434 2102 3486 2154 et
3512 2098 3724 2153 beatitu-

2132 2186 2287 2243 dinis
2316 2186 2624 2243 dulcedine
2651 2187 3133 2257 consolabuntur,
3157 2188 3344 2244 dicere
3370 2205 3476 2243 non
3506 2203 3619 2243 esse
3643 2185 3728 2241 mi-

2133 2291 2292 2331 seros
2323 2291 2428 2330 nec
2457 2275 2787 2330 damnatos.
2811 2275 2957 2341 Quia
3006 2275 3129 2331 hzec
3158 2280 3249 2331 est
3275 2293 3409 2332 vera
3453 2280 3504 2330 et
3548 2278 3729 2329 aeterna

2134 2364 2372 2420 miseria
2403 2363 2640 2420 alienari
2672 2382 2707 2419 a
2738 2365 2905 2419 beata
2932 2364 3069 2420 vita.
3097 2365 3165 2420 Et
3189 2364 3347 2420 nulla
3372 2365 3547 2435 major
3573 2365 3731 2435 potest

2134 2470 2261 2508 esse
2292 2452 2611 2521 damnatio,
2644 2469 2821 2525 quam
2869 2453 3106 2525 penitus
3135 2452 3361 2510 excludi
3410 2457 3464 2509 et
3508 2451 3683 2525 repelli
3708 2467 3734 2506 a

2135 2542 2272 2608 Deo,
2297 2546 2353 2597 et
2375 2541 2594 2597 nullam
2624 2559 2808 2614 spem,
2833 2541 3061 2597 nullum
3085 2558 3389 2598 recursum
3412 2542 3529 2612 jam
3554 2539 3735 2595 habere

2136 2647 2307 2702 posse
2349 2631 2419 2684 ad
2470 2630 2859 2685 Deum.Unde
2911 2630 3241 2687 consideret
3294 2629 3476 2686 fidelis
3525 2628 3737 2701 quisque

2138 2735 2315 2790 quam
2335 2736 2552 2774 vanum
2583 2722 2640 2774 et
2670 2719 2945 2774 insanum
2977 2720 3053 2774 sit
3083 2721 3241 2792 quod
3275 2721 3382 2775 iste
3416 2716 3739 2774 conatur?ut

2139 2809 2237 2880 qui
2267 2809 2339 2864 de
2380 2808 2496 2863 Deo
2545 2808 2698 2864 beati
2747 2825 2876 2864 esse
2923 2825 3229 2881 nunquam
3289 2810 3569 2881 poterunt,
3597 2822 3656 2860 ex
3694 2819 3743 2859 se

2137 2898 2283 2971 ipsis
2316 2899 2518 2954 beatos
2553 2915 2681 2954 esse
2723 2915 2895 2970 posse
2924 2899 3242 2954 contendat
3272 2914 3286 2953 :
3317 2897 3377 2952 id
3407 2901 3492 2952 est
3536 2911 3633 2950 nos
3659 2892 3743 2949 ali-

2139 3004 2257 3061 qua
2287 2988 2386 3043 Dei
2419 2988 2625 3062 gratia,
2650 2988 2751 3043 sed
2794 2986 3175 3059 quibusdam,
3200 2992 3267 3043 ut
3306 2987 3429 3060 ipse
3466 2988 3638 3059 putat,
3662 2983 3745 3038 bo-

2139 3078 2232 3133 nis
2262 3081 2503 3133 naturae.
2538 3078 2671 3141 Quae
2704 3076 2931 3133 etiamsi
2972 3077 3348 3149 omnipotens
3379 3077 3526 3132 Deus
3560 3074 3613 3129 in
3652 3070 3745 3126 illis

377 3168 591 3242 poterit
628 3141 1242 3221 recordatio-veritatis
1273 3141 1392 3218 sive
1434 3141 1829 3230 beatitudinis,
1860 3169 2025 3222 tanta
2054 3141 2097 3207 (ἶ
2136 3166 2574 3238 relinquat,erit
2594 3166 2644 3221 ei
2675 3167 2747 3221 ad
2778 3141 3185 3222 testimonium
3217 3183 3336 3222 sua:
3358 3163 3642 3231 bonitatis,
3658 3161 3747 3218 erit

376 3257 496 3314 erit‘
508 3259 727 3326 quanta
748 3253 1006 3307 humano
1030 3269 1203 3307 sensu
1224 3251 1312 3306 vel
1345 3253 1599 3308 tenuiter
1627 3258 1818 3324 potest
1847 3255 2020 3310 attin-

377 3344 457 3418 gi,
481 3361 597 3399 non
628 3340 823 3413 qualis
843 3355 947 3412 per
967 3339 1067 3395 Dei
1094 3340 1339 3413 gratiam
1364 3340 1511 3395 solet
1540 3341 1833 3413 inspirari.
1858 3345 2023 3399 Tunc

375 3432 533 3490 enim
564 3430 905 3504 implebitur
926 3429 1080 3500 quod
1117 3428 1448 3485 terribiliter
1480 3430 1796 3503 unicuique
1827 3432 2022 3506 Scrip-

376 3527 510 3580 tura
540 3520 711 3587 dicit;
746 3524 803 3575 et
844 3519 1254 3575 tantummodo
1281 3526 1399 3574 sata
1430 3522 1644 3575 vexatio
1692 3522 2023 3577 intellectum

373 3612 528 3668 dabit
555 3609 773 3665 auditui
803 3610 929 3677 (Isa,
959 3624 1155 3673 xxvm,
1189 3607 1303 3677 19);
1356 3611 1412 3661 et
1465 3608 1672 3663 iterum
1708 3625 1720 3663 :
1759 3610 1898 3678 Quia
1926 3628 2026 3668 nec

375 3716 529 3772 opus,
552 3714 650 3754 nec
676 3699 838 3764 ratio,
862 3712 960 3751 nec
989 3697 1277 3766 sapientia,
1310 3712 1407 3750 nec
1442 3698 1671 3753 scientia
1690 3707 1852 3755 erunt
1878 3700 2023 3772 apud

374 3790 599 3861 inferos,
629 3802 731 3858 quo
761 3794 820 3841 tu
847 3801 1106 3856 properas
1132 3785 1321 3856 (Eccle.
1350 3802 1426 3853 1x,
1456 3786 1562 3857 10).
1588 3787 1826 3844 Nullum
1855 3807 2023 3845 nam-

375 3895 488 3950 que
507 3876 586 3932 ibi
609 3875 719 3931 erit
740 3891 887 3945 opus
909 3874 1127 3928 bonum
1156 3872 1390 3944 aliquod
1414 3874 1685 3931 meritum
1718 3879 2021 3950 acquiren-

2131 3255 2181 3311 ei
2213 3254 2327 3310 illis
2358 3254 2429 3309 ad
2460 3253 2861 3309 testimonium
2884 3255 3059 3325 justas
3090 3254 3492 3311 damnationis
3520 3270 3532 3307 :
3560 3258 3617 3308 ut
3652 3248 3746 3325 ipsi

2130 3343 2304 3400 etiam
2357 3343 2584 3416 possint
2636 3359 2984 3415 cognoscere
3019 3342 3327 3400 veritatem
3377 3343 3522 3417 justi
3570 3338 3748 3414 judicii

2131 3433 2190 3488 in
2224 3451 2286 3489 se
2313 3431 2622 3505 expletam,
2647 3436 2826 3505 atque
2872 3432 2955 3489 ita
2998 3450 3104 3489 suo
3151 3434 3337 3491 etiam
3376 3432 3591 3507 judicio
3630 3446 3742 3486 con-

2132 3523 2500 3579 demnentur.

2203 3614 2272 3683 (c)
2286 3611 2440 3667 Hanc
2453 3611 2811 3667 horribiliter
2823 3611 3178 3668 ineffabilem
3196 3617 3254 3669 et
3272 3612 3629 3669 inetfabiliter
3643 3609 3748 3663 hor-

2129 3700 2357 3757 ribilem
2404 3700 2741 3773 iniquorum
2773 3705 2829 3756 et
2857 3701 3175 3772 impiorum
3205 3701 3634 3757 damnationem
3665 3696 3746 3751 ab-

2131 3807 2277 3863 sque
2302 3789 2421 3844 ulla
2452 3789 2846 3845 concolatione
2877 3790 3079 3845 divinae
3112 3790 3533 3857 miserationis,
3561 3790 3749 3857 absque

2131 3878 2252 3934 ulla
2279 3878 2706 3934 illuminatione
2726 3878 3003 3945 veritatis,
3029 3879 3239 3936 beatus
3268 3879 3627 3953 Augustinus
3645 3877 3749 3930 bre-

374 3966 455 4034 di,
480 3964 641 4020 nulla
669 3963 817 4019 ratio
841 3960 926 4017 vel
952 3962 1114 4032 juste
1141 3963 1578 4027 excusandi,vel
1603 3965 1776 4039 digne
1796 3968 2024 4024 satisfa-

373 4055 586 4122 ciendi,
606 4052 768 4110 nulla
789 4051 1075 4123 sapientia
1099 4068 1168 4105 ex
1189 4050 1575 4108 illustratione
1595 4055 1873 4124 veritatis,
1897 4057 2024 4112 nul-

370 4143 429 4201 la
457 4142 702 4199 scientia
730 4141 787 4195 in
820 4138 1091 4195 exercitio
1131 4138 1383 4210 alicujus
1412 4140 1645 4196 virtutis
1678 4157 1691 4195 :
1728 4146 2021 4214 quomodo

368 4249 505 4307 ergo
524 4233 694 4304 juxta
713 4230 891 4285 istum
919 4228 1222 4283 habebunt
1243 4228 1638 4300 cognitionem
1669 4235 1724 4286 et
1754 4232 2019 4290 notitiam

364 4321 646 4386 veritatis,
671 4320 840 4391 cujus
872 4323 929 4372 ot
958 4316 1389 4373 illuminatione
1435 4323 1493 4373 et
1533 4320 2020 4393 contemplatione

366 4409 721 4467 zeternalitor
749 4405 959 4480 privati
988 4408 1198 4461 erunt?

2129 3967 2276 4023 viter
2293 3967 2374 4022 ita
2387 3967 2661 4033 inculcat,
2675 3972 2731 4023 et
2747 3967 3103 4023 omnimodis
3121 3969 3447 4024 cavendam
3470 3963 3753 4040 praemonet

2131 4057 2332 4112 dicens
2365 4072 2377 4110 :
2415 4055 2681 4123 [Cavendi
2712 4059 2851 4111 sunt
2882 4056 3187 4113 inferiores
3217 4057 3416 4124 inferi,
3448 4057 3502 4111 id
3536 4059 3619 4111 est
3644 4053 3754 4125 post

2129 4145 2281 4201 hanc
2310 4145 2486 4200 vitam
2520 4161 2700 4217 pcenze
2741 4145 3051 4218 graviores,
3085 4145 3186 4201 ubi
3222 4145 3393 4203 nulla
3436 4149 3623 4219 potest
3648 4154 3755 4198 esse

2130 4233 2607 4289 commemoratio
2630 4233 2911 4300 veritatis,
2941 4238 3015 4300 et,
3042 4234 3183 4306 quia
3223 4235 3395 4291 nulla
3425 4239 3512 4290 est
3550 4228 3753 4287 ratioci~

2129 4323 2307 4390 natio,
2332 4322 2461 4379 ideo
2486 4321 2648 4377 nulla
2675 4321 2917 4377 rationis
2939 4322 3106 4388 actio,
3136 4325 3281 4395 quia
3309 4342 3428 4381 non
3462 4323 3618 4379 illam
3648 4335 3754 4392 per-

2129 4411 2353 4467 fundet.
2390 4413 2594 4467 Lumen
2622 4411 2993 4483 verum,qu
3025 4412 3317 4469 illuminat
3343 4430 3557 4470 omnem
3602 4408 3754 4465 homi-

437 4500 511 4571 (a)
534 4498 831 4562 Quomodo
858 4495 1159 4551 habebunt
1184 4496 1453 4567 ejusdem
1473 4497 1733 4554 veritatis
1753 4502 1809 4553 et
1839 4499 2022 4555 beati-
2052 4498 2099 4562 D
2130 4517 2254 4557 nem
2280 4502 2583 4557 venientem
2613 4502 2672 4556 in
2714 4502 2857 4556 hunc
2901 4501 3168 4556 mundum
3196 4504 3380 4569 (Joan.
3415 4520 3457 4569 ι,
3485 4503 3564 4569 9).
3594 4500 3757 4563 Quare

365 4587 589 4641 tudinis
609 4586 985 4654 desiderium,
1008 4585 1066 4639 in
1095 4585 1312 4657 quibus
1337 4585 1536 4641 nullus
1564 4586 1673 4641 erit
1703 4603 1868 4643 amor
1896 4589 2016 4659 pie-
2127 4590 2493 4657 festinemus,
2517 4593 2574 4646 et
2603 4588 2972 4645 ambulemus
3001 4606 3135 4646 cum
3167 4591 3297 4647 dies
3330 4596 3543 4665 praesto
3572 4594 3673 4653 est,
3697 4601 3757 4640 ne

364 4674 524 4739 tatis,
546 4691 659 4745 quo
691 4678 791 4729 aut
820 4675 1034 4730 veritas
1056 4691 1189 4729 vero
1221 4674 1521 4748 diligatur,
1544 4680 1645 4730 aut
1671 4692 1807 4731 vera
1839 4677 2018 4732 beati-
2128 4696 2236 4735 nos
2265 4679 2514 4735 tenebrae
2537 4677 3060 4750 comprehendant;
3085 4678 3445 4737 festinemus
3467 4698 3501 4736 a
3527 4675 3760 4736 secunda

366 4763 509 4819 tudo
526 4762 805 4816 veraciter
826 4762 1222 4817 desideretur?
1239 4764 1517 4819 Poterunt
1540 4765 1784 4821 fortasse
1808 4765 2020 4823 habere
2127 4772 2314 4824 morte
2343 4767 2598 4836 liberari,
2622 4766 2724 4823 ubi
2755 4784 2925 4823 nemo
2955 4771 3043 4823 est
3071 4769 3171 4841 qui
3203 4786 3440 4826 memor
3464 4770 3541 4824 sit
3568 4767 3682 4833 Dei,
3712 4767 3759 4818 et

367 4851 684 4923 quamdam
717 4848 1017 4904 scientiam
1050 4851 1310 4906 veritatis
1352 4854 1408 4907 in
1451 4870 1517 4908 eo
1557 4855 1713 4925 quod
1746 4871 1807 4910 se
1840 4872 2017 4928 agno-
2127 4858 2199 4913 ab
2240 4858 2486 4923 inferno,
2514 4856 2615 4913 ubi
2657 4872 2829 4912 nemo
2862 4857 3236 4912 conﬁtebitur
3278 4859 3446 4927 Deo.]
3474 4858 3614 4913 Item
3643 4868 3759 4910 cum

366 4942 531 4996 scent
558 4940 766 5010 dignos
798 4935 1013 4991 talibus
1047 4954 1173 4991 esse
1205 4940 1528 5010 suppliciis,
1559 4944 1713 5014 quod
1746 4960 1807 4999 se
1838 4961 2016 5017 agno-
2126 4951 2435 5019 exponeret
2460 4946 2635 5002 verba
2663 4944 2874 5019 psalmi
2908 4946 3003 5000 ubi
3037 4946 3264 5001 dictum
3298 4952 3392 5004 est
3421 4966 3434 5003 :
3473 4952 3535 5003 In
3566 4948 3762 5017 inferno

363 5032 529 5087 scent
550 5028 715 5099 justo
756 5025 979 5096 judicio
1028 5027 1467 5096 condemnatos,
1492 5046 1597 5086 nec
1648 5049 1910 5104 unquam
1944 5033 2016 5089 ab
2125 5044 2303 5091 autem
2346 5038 2470 5107 quis
2516 5035 2856 5106 conﬁtebitur
2882 5035 3024 5092 tibi?
3051 5036 3219 5107 (Psal.
3248 5054 3329 5104 v1,
3362 5038 3446 5106 6.)
3476 5035 3761 5092 confessus

1350 5134 1563 5189 NOTzE
1604 5137 1943 5195 DUVALLII
1984 5139 2337 5197 DOCTORIS
2378 5141 2776 5198 SORBONICI.

432 5226 508 5293 (a)
537 5222 638 5306 Ait.
662 5224 971 5304 damnatos
1004 5236 1117 5306 non
1147 5219 1280 5275 ferri
1312 5221 1596 5306 desiderio
1619 5224 1675 5306 in
1701 5226 2013 5306 beatitudi-
2122 5231 2429 5306 damnatos
2447 5231 2558 5306 frui
2578 5231 2939 5306 beatitudine
2958 5232 3384 5306 naturali._Imo
3406 5234 3576 5306 pejus
3592 5230 3762 5287 multo

362 5312 517 5383 nem,
543 5296 652 5383 sed.
674 5295 1177 5383 seipsu_m:postea
1194 5295 1432 5383 cappnit
1456 5295 1623 5383 :jNon
1657 5296 1893 5379 habent,
1920 5300 2008 5354 in-
2121 5318 2298 5383 quam
2316 5301 3082 5383 Pelagius-sentiebanquia
3104 5304 3260 5383 quod
3292 5295 3532 5383 tantum
3554 5306 3622 5383 de
3652 5319 3764 5383 par-

360 5363 1115 5456 S195,S‘OSiqeti‘lfPiiittl
1152 5363 1747 5456 ἓῖεῗιίέἒίθὲἓ,μίὲξδὲδίάθτίίν
1774 5371 1911 5456 quia
1940 5388 2008 5456 οξ
2116 5363 2269 5456 ιῖυιίε
2298 5363 2711 5456 decedi/31W?
2738 5363 3284 5456 εεββειιέέβαρὲίξωο
3317 5380 3628 5456 statuerat:
3652 5363 3764 5456 ῖρεε

359 5433 556 5519 amore
600 5438 697 5519 sui
744 5433 1314 5519 inordinatiohnullo
1355 5434 1551 5491 habito
1609 5433 1873 5509 respectu
1931 5444 2003 5498 ad
2113 5446 2186 5519 de
2218 5446 2619 5519 peccatoribus
2642 5433 3285 5519 adultis‘contelidebat.
3311 5479 3383 5488 —
3412 5433 3763 5510 Bellarmin.,

355 5508 786 5590 θερξηείρεξιίξι
817 5506 1274 5590 desiderant“
1452 5576 1463 5589 .
1562 5582 1598 5590 _
1643 5578 1655 5590 .
1875 5582 1887 5590 .
2112 5506 3017 5590 lib-‘n_de_Purgatorio,_cap.9-

429 5578 504 5665 (ὁ)
535 5576 854 5641 Accedebat
881 5578 1130 5658 Erigone
1158 5576 1231 5637 ad
1262 5576 1528 5635 haeresim
1561 5578 1775 5658 Pelagii
1802 5582 2000 5642 volens
2182 5591 2250 5661 (c)
2283 5587 2466 5645 Multa
2489 5576 2765 5645 dccerant'
2785 5576 2900 5663 hic‘,
2927 5588 3179 5665 reposita
3199 5605 3265 5649 ex
3293 5605 3410 5651 ms.
3439 5588 3577 5650 Cod.
3610 5585 3763 5647 Corb.
