3914 6166
208 297 306 357 ΞΟὸ

1155 299 1381 363 LIBER
1428 302 1834 365 ADVERSUS
1877 303 2245 366 JOANNEM
2285 308 2623 370 SCOltUM.

3466 313 3586 376 206

211 432 301 496 est,
330 426 535 500 inquit,
567 427 627 484 in
661 428 887 487 inferno
933 430 1030 487 ille
1078 432 1258 499 dives,
1292 434 1363 490 de
1395 452 1509 507 quo
1540 435 1826 491 Dominus
1856 436 1907 503 Α
1941 437 2789 508 posseinveniri,necamiseris
2821 441 3115 498 damnatis
3143 443 3584 514 tamquamlon-

211 517 366 572 dicit:
401 517 552 585 Quod
591 519 871 575 Lazarum
918 519 1055 576 vidit
1085 523 1143 575 in
1172 524 1377 595 requie,
1414 526 1529 596 ipse
1557 532 1741 580 autem
1768 527 1827 580 in

208 608 452 662 tumentis
481 605 694 664 dolebat
718 609 871 679 (Luc.
903 627 1021 676 xv1,
1061 611 1173 682 23),
1208 629 1395 684 usque
1426 613 1569 669 adeo
1600 613 1826 669 confes-

208 713 310 763 sus,
338 699 396 750 ut
426 695 602 752 etiam
654 699 876 754 moneri
920 717 1060 756 suos
1108 700 1280 757 vellet
1323 707 1385 757 ut
1415 720 1477 758 se
1509 720 1543 758 a
1576 704 1826 776 peccatis

206 784 534 852 cohiberent,
561 791 799 859 propter
836 805 1039 860 pmnas
1079 807 1227 861 quas
1260 792 1416 863 apud
1447 791 1665 848 inferos
1697 809 1826 849 esse

208 890 300 928 non
320 873 578 929 credunt.
614 876 888 941 Quamvis
927 893 1064 951 ergo
1112 879 1333 935 frustra
1380 881 1683 937 confessus
1712 885 1821 950 est,

205 967 303 1017 tam
348 961 458 1016 sibi
509 963 718 1019 merito
763 963 865 1020 illa
910 965 1195 1023 accidisse
1244 972 1555 1035 tormenta,
1586 971 1822 1041 quando

204 1050 348 1105 etiam
378 1067 520 1107 suos
551 1069 621 1107 ne
650 1051 710 1107 in
739 1052 861 1108 haec
915 1054 1239 1112 inciderent
1284 1056 1478 1113 doceri
1529 1058 1820 1130 cupiebat.

204 1139 326 1205 Quid
346 1155 483 1213 ergo
503 1144 594 1197 est
619 1158 631 1196 :
655 1143 719 1197 In
742 1143 957 1213 inferno
978 1154 1160 1200 autem
1180 1148 1301 1217 quis
1320 1147 1663 1217 conﬁtebitur
1684 1148 1825 1204 tibi?

202 1229 348 1296 (Psal.
379 1245 455 1296 vx,
486 1228 565 1299 6.)
598 1230 679 1285 An
722 1230 780 1285 iu
832 1231 1059 1288 inferno
1088 1233 1213 1289 vult
1242 1234 1509 1309 intelligi,
1543 1252 1658 1307 quo
1692 1240 1824 1308 post

194 1317 456 1388 judicium
490 1318 1013 1391 prmeipitabuntur
1060 1321 1247 1395 impii,
1283 1323 1381 1378 ubi
1404 1325 1553 1396 jam,
1587 1330 1823 1397 propter

199 1405 578 1477 profundiores
606 1408 899 1475 tenebras,
930 1409 1155 1466 nullam
1188 1411 1286 1467 Dei
1318 1412 1508 1468 lucem
1539 1413 1822 1468 videbunt

198 1494 272 1549 cui
298 1494 514 1567 aliquid
561 1497 967 1554 confiteantur.
993 1499 1139 1555 Nam
1183 1499 1292 1555 iste
1342 1501 1533 1557 adhuc
1582 1500 1819 1558 elevatis

197 1582 370 1649 oculis,
404 1585 679 1656 quamvis
722 1585 966 1641 immani
999 1588 1288 1659 profundo
1319 1588 1682 1662 interposito,
1717 1607 1817 1662 po-

196 1671 288 1726 tuit
313 1677 506 1728 tamen
535 1673 729 1729 videre
756 1674 1036 1731 Lazarum
1068 1677 1127 1731 in
1159 1678 1357 1749 requie
1405 1680 1814 1748 constitutum,

194 1774 249 1814 ex
270 1761 428 1832 cujus
461 1762 895 1835 comparatione
927 1765 997 1820 ad
1026 1765 1451 1822 confessionem
1475 1772 1713 1823 coactus
1731 1773 1820 1824 est

194 1850 510 1904 meritorum
542 1866 806 1906 suorum.
842 1851 904 1907 In
936 1852 1027 1908 his
1075 1855 1268 1909 verbis
1320 1857 1507 1911 sancti
1562 1856 1817 1913 doctoris

193 1955 284 1993 non
297 1942 379 1993 est
389 1938 644 1995 fortasse
660 1940 1055 1997 necessarium
1074 1946 1137 1997 ut
1152 1943 1267 1999 duo
1291 1944 1459 1999 inferi
1485 1943 1815 2018 intelligan-

192 2030 286 2093 tur,
308 2043 459 2083 unus
482 2044 598 2100 quo
621 2045 778 2085 nunc
809 2029 1251 2103 praecipitantur
1280 2033 1488 2088 anima:
1515 2033 1817 2091 damnato-

192 2131 319 2181 rum,
348 2121 403 2170 et
435 2115 594 2171 alius
626 2133 741 2188 quo
780 2122 911 2189 post
950 2118 1245 2189 judicium
1295 2120 1818 2194 praecipitabuntur

190 2204 337 2258 etiam
366 2221 506 2260 cum
538 2204 663 2260 suis
695 2206 1034 2278 corporibus
1056 2206 1167 2262 illa:
1193 2209 1330 2280 ipsae
1355 2210 1562 2265 anima:
1586 2210 1815 2283 punito-

189 2309 296 2347 rum
321 2310 333 2347 :
356 2294 459 2349 sed
489 2311 644 2349 unus
666 2299 837 2367 atque
862 2295 1017 2351 idem
1042 2296 1310 2353 infernus
1332 2303 1523 2370 potest
1544 2298 1811 2372 intelligi,

187 2398 318 2436 nunc
346 2382 668 2454 aliquando
699 2382 895 2440 mitior
922 2385 982 2440 in
1029 2387 1388 2442 cruciatibus
1436 2388 1809 2457 animarum;

185 2474 295 2541 post
302 2470 598 2542 judicium
628 2489 762 2527 vero
794 2474 1045 2530 atrocior
1063 2479 1120 2530 et
1142 2475 1475 2532 horribilior
1504 2475 1563 2530 in
1588 2476 1810 2533 crucia-

182 2557 316 2615 tibus
343 2561 683 2617 animarum
714 2560 890 2617 simul
921 2567 978 2618 et
1007 2580 1338 2635 corporum.
1359 2566 1506 2621 Nam
1537 2570 1594 2621 et
1621 2566 1812 2621 Domi-

182 2664 276 2704 nus
305 2654 504 2705 noster
535 2654 847 2722 utramque
878 2650 1090 2707 inferni
1136 2669 1390 2725 poenam,
1423 2660 1479 2709 ct
1508 2654 1811 2726 praesentis

179 2736 413 2794 videlicet
437 2738 666 2807 saeculi,
683 2743 740 2795 et
770 2740 1026 2796 futuram
1058 2758 1175 2796 uno
1193 2741 1469 2815 gehennze
1494 2743 1729 2800 nomine
1749 2740 1833 2799 in.

180 2825 486 2901 Evangeliis
532 2828 867 2901 significare
903 2830 1151 2896 videtur,
1182 2847 1316 2886 cum
1351 2836 1409 2887 et
1439 2832 1509 2888 de
1538 2834 1809 2905 prmsenti

180 2917 437 2989 supplicio
472 2916 618 2973 dicit
655 2934 668 2973 :
708 2918 904 2974 Timete
931 2935 1056 2974 eum
1084 2922 1200 2992 qui,
1226 2928 1512 2992 postquam
1534 2922 1809 2993 occiderit,

180 3004 313 3060 habet
333 3013 654 3077 potestatem
698 3007 910 3062 mittere
960 3009 1020 3063 in
1066 3007 1370 3077 gehennam
1401 3009 1550 3080 (Luc.
1582 3027 1680 3077 xu,
1710 3011 1806 3082 5);

178 3094 313 3149 etde
343 3095 540 3150 futuro
578 3112 592 3149 :
625 3094 728 3152 Sed
757 3097 957 3167 potius,
991 3095 1203 3168 inquit,
1236 3114 1360 3153 eum
1390 3099 1568 3154 timete
1596 3101 1693 3170 qui
1716 3116 1809 3171 po-

1935 541 2006 597 ge
2035 526 2315 598 positum,
2349 533 2405 583 et
2436 546 2469 584 a
2497 546 2560 584 se
2588 530 2822 601 penitus
2853 529 3170 587 alienatum
3204 530 3326 587 ulla
3353 531 3583 589 invoca-

1935 613 2112 681 tione,
2142 615 2261 670 ulla
2290 616 2715 688 supplicatione
2748 617 3099 690 placandum
3132 620 3225 691 (a).

2005 702 2181 756 Addit
2211 702 2402 757 adhuc
2432 702 2541 758 iste
2571 709 2628 758 et
2658 704 2802 759 dicit
2822 700 2839 759 Ξ
2862 706 2927 761 1η
2957 705 3173 762 diabolo
3203 715 3254 762 et
3283 709 3472 780 impiis
3492 707 3587 765 ho-

1934 791 2177 846 minibus
2205 807 2315 846 non
2339 794 2555 863 puniri,
2570 795 2685 848 nisi
2698 796 3107 865 perversitatem
3122 798 3367 868 propriae
3395 797 3586 853 υοιαη-

1934 880 2084 947 tatis,
2116 895 2215 935 nec
2238 896 2480 951 peccasse
2508 889 2786 950 naturam,
2809 883 2901 938 sed
2921 883 3268 940 voluntatem.
3306 886 3451 941 Ecce
3481 885 3586 942 ite-

1934 983 2062 1023 rum
2082 984 2205 1023 rem
2224 984 2431 1024 novam
2450 973 2507 1024 et
2522 969 2867 1026 inauditam.
2886 971 3048 1037 Quod
3066 970 3175 1027 iste
3193 972 3363 1028 dicit:
3381 973 3439 1029 in
3462 973 3585 1030 dia-

1933 1054 2065 1110 bolo
2079 1059 2134 1110 et
2157 1055 2356 1128 impiis
2374 1055 2715 1114 hominibus
2730 1062 2945 1113 interna
2956 1059 3281 1131 perditione
3292 1062 3584 1118 damnatis

1934 1160 2049 1199 non
2073 1160 2200 1200 esse
2214 1144 2573 1215 puniendam
2588 1162 2622 1201 a
2634 1150 2747 1201 Deo
2770 1149 3037 1202 naturam
3054 1146 3449 1219 ipsorum,sed
3462 1153 3587 1205 tan-

1930 1234 2236 1289 tummodo
2249 1250 2582 1305 perversam
2598 1234 2954 1290 voluntatem
2975 1252 3177 1292 eorum
3194 1254 3208 1306 ;
3223 1253 3290 1292 eo
3303 1237 3481 1308 quod,
3486 1238 3511 1309 j
3522 1255 3581 1293 u-

1930 1321 2213 1378 xtaistius
2226 1338 2488 1390 sensum,
2514 1338 2629 1378 non
2663 1324 2982 1395 peccaverit
3004 1329 3212 1381 natura
3231 1342 3456 1391 eorum,
3476 1326 3577 1382 sed

1928 1409 2218 1467 voluntas.
2243 1411 2409 1467 Fides
2431 1416 2627 1467 autem
2649 1411 2914 1468 Ecclesiae
2936 1414 3214 1469 veraciter
3231 1414 3391 1470 novit
3411 1419 3468 1470 et
3487 1414 3580 1469 fir-

1930 1497 2195 1555 missime
2208 1502 2364 1555 tenet
2377 1499 2517 1572 quia
2528 1505 2740 1556 natura
2751 1500 3052 1556 rationalis
3068 1501 3185 1557 sive
3199 1502 3259 1558 in
3272 1502 3494 1576 angelis
3507 1502 3580 1559 si-

1928 1602 1995 1641 ve
2009 1586 2068 1642 in
2084 1587 2441 1656 hominibus,
2458 1589 2611 1645 sicut
2631 1589 2960 1646 naturalem
2983 1589 3578 1647 habetaDeoinsitam

1928 1674 2235 1744 rationem,
2268 1676 2348 1732 ita
2387 1678 2712 1734 naturalem
2762 1678 2974 1734 habeat
3007 1696 3041 1733 a
3074 1683 3187 1735 Deo
3221 1678 3459 1736 insitam
3486 1695 3581 1733 vo-

1927 1765 2212 1822 luntatem
2247 1782 2259 1820 :
2296 1771 2353 1821 et
2382 1766 2491 1822 hoc
2521 1771 2729 1836 totum,
2760 1766 2818 1823 id
2861 1776 2947 1823 est
2996 1772 3269 1823 naturam
3321 1784 3456 1824 cum
3496 1784 3584 1822 ra-

1928 1855 2085 1910 tione
2114 1871 2242 1921 sua,
2270 1854 2357 1910 vel
2390 1859 2660 1912 naturam
2711 1873 2845 1911 cum
2896 1855 3191 1912 voluntate
3241 1873 3350 1913 sua
3400 1854 3578 1912 simul

1926 1960 2105 1998 unam
2122 1959 2249 2000 esse
2263 1948 2531 2000 naturam
2550 1944 2661 2013 ;ita
2684 1950 2747 2001 ut
2770 1961 2874 2001 nec
2902 1950 3113 2001 natura
3142 1944 3256 2001 ista
3275 1944 3579 2001 rationalis

1925 2033 2250 2103 possitesse
2269 2033 2491 2105 absque
2511 2034 2827 2101 voluntate,
2845 2033 3228 2090 necvoluntas
3240 2034 3463 2106 absque
3481 2051 3580 2090 na-

1925 2123 2058 2176 tura
2074 2121 2171 2193 (b).
2196 2121 2489 2194 Quidquid
2521 2138 2656 2195 ergo
2688 2122 2802 2179 ista
2832 2126 3042 2179 natura
3069 2121 3213 2190 vult,
3244 2139 3358 2178 non
3383 2126 3576 2194 potest

1924 2209 2181 2266 alienum
2205 2227 2331 2266 esse
2354 2211 2426 2265 ab
2447 2212 2575 2282 ipsa
2596 2216 2898 2278 natura,ut
2914 2212 2985 2267 ad
3008 2210 3193 2267 solam
3216 2210 3574 2268 voluntatem

1924 2299 2243 2367 referatur;
2268 2299 2404 2372 quia
2425 2301 2660 2371 quando
2683 2300 2906 2372 aliquid
2930 2300 3051 2355 vult
3072 2300 3187 2355 ista
3204 2305 3433 2369 natura,
3455 2317 3572 2356 non

1923 2388 2125 2460 utique
2148 2388 2206 2443 in
2230 2393 2392 2460 parte
2414 2389 2505 2444 sui
2528 2388 2651 2444 vult
2671 2393 2728 2443 et
2749 2388 2808 2444 in
2840 2393 3003 2460 parte
3034 2406 3149 2445 non
3170 2387 3430 2457 vult,sed
3452 2393 3574 2447 tota

1923 2477 2127 2549 utique
2160 2477 2299 2533 vult.
2334 2478 2463 2533 Sive
2494 2477 2691 2550 itaque
2721 2478 2791 2533 ad
2823 2478 3042 2533 bonum
3090 2482 3412 2550 moveatur,
3443 2478 3573 2551 ipsa

1920 2565 2216 2621 voluntate
2238 2571 2359 2622 tota
2388 2566 2496 2622 hoc
2529 2566 2681 2640 agit;
2715 2567 2835 2623 sive
2867 2584 2896 2623 e
2927 2566 3214 2623 contrario
3243 2568 3317 2624 ad
3348 2567 3570 2624 malum

1921 2654 2190 2711 similiter
2219 2660 2339 2711 tota
2368 2655 2475 2711 hoc
2508 2655 2646 2728 agit.
2676 2657 2745 2712 Et
2774 2655 2902 2712 ideo
2933 2656 3050 2712 sive
3093 2658 3166 2712 ad
3197 2656 3418 2713 bonum
3451 2656 3572 2713 sive

1920 2744 1991 2799 ad
2029 2743 2253 2800 malum
2286 2749 2604 2811 moveatur,
2620 2749 2742 2800 tota
2774 2746 2973 2816 utique
3005 2750 3284 2802 movetur.
3299 2746 3411 2802 Sed
3434 2763 3569 2802 cum

1920 2836 2184 2887 movetur
2204 2832 2274 2887 ad
2297 2832 2537 2900 bonum,
2562 2832 2748 2888 virtus
2767 2838 2858 2888 est
2882 2859 2896 2901 ς
2919 2850 3052 2888 cum
3077 2837 3341 2889 movetur
3360 2835 3431 2890 ad
3446 2851 3569 2889 ma-

1918 2919 2065 2987 lum,
2088 2920 2295 2976 vitium
2318 2922 2445 2992 ejus
2468 2925 2574 2976 est.
2591 2921 2659 2975 Et
2684 2920 2835 2986 ideo,
2851 2921 3000 2976 sicut
3019 2938 3122 2993 per
3144 2921 3417 2977 virtutem
3445 2926 3568 2978 tota

1920 3007 2124 3064 melior
2152 3008 2423 3075 efficitur,
2443 3024 2576 3064 cum
2610 3013 2874 3064 movetur
2906 3009 2978 3065 ab
3009 3009 3357 3077 bonum;sic
3378 3010 3571 3081 pervi-

1917 3097 2067 3152 tium
2088 3102 2209 3152 tota
2231 3097 2482 3153 deterior
2500 3099 2584 3165 fit,
2611 3114 2745 3153 cum
2776 3101 3042 3153 movetur
3071 3097 3142 3153 ad
3175 3096 3421 3153 malum.
3440 3097 3566 3153 Non

180 3189 264 3239 text
286 3192 332 3239 et
359 3187 609 3239 animam
639 3192 692 3239 et
719 3200 910 3255 corpus
935 3185 1161 3256 perdere
1194 3189 1252 3241 in
1271 3187 1576 3258 gehennam
1595 3187 1799 3256 (Matth.
1835 3171 1877 3237 C
1916 3202 2050 3259 ergo
2082 3185 2208 3241 sola
2237 3184 2534 3243 voluntate
2584 3186 2924 3242 melioratur
2952 3203 3022 3242 ex
3048 3185 3283 3258 virtute,
3316 3186 3418 3242 sed
3445 3189 3568 3243 tota

177 3287 224 3336 ι,
247 3274 351 3343 28).
383 3273 452 3329 Et
481 3273 676 3328 sancti
712 3273 911 3329 Patres
959 3261 1224 3330 Ecclesiae
1276 3276 1610 3348 frequenter
1649 3276 1807 3333 inve-

179 3358 394 3416 niuntur
420 3360 701 3418 eumdem
734 3362 928 3435 ignem
960 3367 1338 3431 aeternum,et
1355 3369 1490 3420 ante
1511 3366 1807 3437 judicium

177 3451 365 3521 etpost
386 3450 692 3522 judicium
723 3451 1020 3506 damnatis
1051 3451 1249 3524 impiis
1280 3452 1648 3509 inferendum
1681 3470 1809 3510 sen-

178 3536 319 3593 sisse.
353 3539 464 3595 Sed
509 3539 796 3611 profatus
827 3539 1028 3597 doctor
1056 3545 1281 3596 tantam
1314 3541 1469 3598 intra
1497 3548 1808 3615 utramque

176 3623 596 3684 damnationem
620 3626 916 3702 significat
932 3645 1061 3685 esse
1083 3630 1519 3700 distantiam,ut
1540 3648 1694 3687 nunc
1708 3649 1810 3704 per

178 3717 433 3784 quasdam
464 3716 733 3773 visiones
762 3721 821 3774 et
847 3717 1350 3776 manifestationes
1379 3719 1661 3777 divinitus
1684 3738 1811 3793 pro-

175 3809 378 3861 curatas
408 3805 609 3879 possit
633 3804 754 3861 illic
784 3804 1154 3880 aliquatenus
1185 3806 1284 3862 lux
1314 3808 1413 3863 Dei
1448 3809 1673 3877 sentiri,
1709 3826 1811 3881 per

177 3906 328 3961 quam
348 3893 620 3951 damnati
645 3893 853 3951 saltem
876 3895 945 3950 ad
972 3895 1397 3952 confessionem
1420 3914 1661 3954 suorum
1684 3914 1810 3953 sce-

175 3976 335 4038 lerum
361 3981 817 4056 compellantur,
845 3986 908 4038 ut
927 3983 1069 4039 dum
1090 3983 1310 4055 aliquid
1329 3984 1533 4040 divina:
1556 3985 1705 4042 lucis
1726 3986 1811 4041 in-

177 4072 686 4139 tuentur,habeant
716 4088 785 4128 ex
814 4071 940 4144 ipso
972 4071 1216 4128 indultis
1244 4072 1486 4129 visionis
1518 4080 1809 4147 respectu,

178 4157 250 4212 cui
277 4161 692 4217 confiteantur.
720 4161 884 4216 Tunc
917 4164 1113 4216 autem
1149 4162 1471 4235 majoribus
1490 4163 1618 4233 jam
1651 4169 1709 4219 et
1733 4166 1809 4221 ir-

177 4249 639 4305 remediahilibus
665 4248 925 4304 tenebris
946 4250 1232 4322 oppressi,
1250 4249 1394 4306 nihil
1418 4250 1532 4306 tale
1553 4269 1812 4309 merean-

177 4337 256 4391 tur
280 4339 561 4411 aspicere,
580 4353 683 4410 per
713 4338 867 4409 quod
899 4338 1128 4410 possint
1157 4340 1229 4394 ad
1262 4339 1688 4397 confessionem
1713 4342 1813 4398 ali-

178 4439 329 4494 quam
358 4426 689 4500 provocari,
709 4432 775 4482 ut
791 4427 1092 4483 verissime
1122 4428 1192 4483 de
1220 4429 1306 4484 eis
1337 4428 1622 4501 scriptum
1642 4430 1809 4487 intel-

174 4508 388 4585 ligatur:
413 4517 703 4586 Quoniam
731 4532 843 4571 non
866 4524 941 4571 est
1063 4524 1235 4572 morte
1266 4519 1362 4588 qui
1372 4534 1590 4605 memor
1614 4521 1686 4575 sit
1701 4522 1813 4588 tui;
1845 4541 1889 4605 ι)

172 4600 220 4654 in
248 4604 456 4674 inferno
486 4612 679 4660 autem
707 4606 832 4675 quis
862 4604 1207 4676 conﬁtebitur
1236 4604 1386 4661 tibi?
1413 4607 1587 4674 (Psal.
1622 4623 1699 4675 v1,
1729 4609 1808 4681 6.)

176 4687 310 4746 [Inde
328 4697 381 4748 et
405 4691 702 4767 propheta
732 4692 915 4749 Isaias
944 4692 1095 4748 hanc
1127 4692 1615 4750 irremediahilem
1647 4696 1812 4752 dam-

176 4779 443 4837 nationem
477 4781 831 4855 prmvidens,
857 4785 915 4837 et
935 4781 1364 4854 praevidendam
1388 4787 1561 4854 atque
1592 4800 1813 4855 praeca-

176 4868 395 4924 vendam
446 4870 848 4926 attentissime
897 4886 1297 4939 commonens,
1332 4871 1431 4926 ubi
1461 4873 1579 4943 jam
1613 4872 1815 4929 nullus

177 4955 265 5011 erit
292 4957 452 5023 locus
488 4961 676 5016 Deum
715 4958 1070 5029 inveniendi,
1103 4960 1269 5016 nulla
1296 4960 1483 5033 gratia
1508 4961 1693 5017 Deum
1724 4961 1813 5017 in-

177 5046 391 5101 vocandi
425 5065 439 5102 :
477 5048 745 5116 Quaerite,
773 5047 987 5121 inquit,
1004 5050 1335 5116 Deum,dum
1356 5051 1599 5106 inveniri
1625 5060 1813 5123 potest,

179 5130 394 5191 invocate
423 5152 559 5192 eum
607 5136 741 5192 dum
780 5153 949 5209 prope
998 5144 1084 5193 est
1114 5138 1241 5208 (lsa.
1280 5154 1364 5205 LV,
1397 5138 1474 5206 6).
1510 5137 1816 5194 Manifeste

179 5223 468 5281 ostendens
495 5240 639 5281 eum
671 5243 1048 5298 nequaquam
1071 5226 1130 5280 in
1162 5224 1261 5279 illa
1281 5226 1409 5296 jam
1440 5226 1817 5284 damnatione

1919 3274 2286 3343 melioratur;
2308 3291 2413 3331 nec
2440 3273 2562 3331 sola
2582 3273 2879 3331 voluntate
2908 3275 3296 3331 deterioratur
3315 3292 3384 3331 ex
3404 3274 3563 3342 vitio,

1917 3365 2018 3419 sed
2045 3369 2162 3420 tota
2179 3364 2564 3420 deterioratur
2586 3381 2599 3419 :
2624 3364 2706 3420 ita
2725 3369 2793 3419 ut
2810 3368 2866 3420 et
2885 3381 2988 3436 per
3006 3363 3284 3421 virtutem
3309 3381 3424 3421 non
3440 3363 3566 3421 sola

1916 3452 2207 3521 voluntas,
2242 3454 2341 3509 sed
2375 3458 2497 3508 tota
2525 3452 2653 3525 ipsa
2678 3456 2889 3509 natura
2914 3453 3203 3509 efﬁciatur
3232 3454 3387 3510 bona
3410 3472 3424 3522 ;
3457 3458 3514 3510 et
3533 3471 3564 3511 e

1918 3542 2208 3598 contrario
2225 3559 2327 3614 per
2342 3541 2545 3597 vitium
2569 3559 2684 3597 non
2716 3541 2839 3597 sola
2865 3541 3155 3610 voluntas,
3171 3542 3271 3598 sed
3295 3546 3416 3598 tota
3434 3542 3567 3615 ipsa

1919 3628 2444 3684 naturavefliciatur
2474 3627 2649 3696 mala,
2684 3646 2799 3685 non
2830 3629 3151 3686 amittendo
3182 3631 3400 3687 bonum
3431 3631 3566 3688 sub-

1918 3717 2147 3772 stantia:
2169 3734 2310 3784 suae,
2344 3718 2445 3773 sed
2476 3721 2748 3789 corrupta
2777 3722 2834 3773 et
2863 3718 3178 3790 depravata
3197 3719 3335 3775 vitio
3364 3718 3569 3777 volun~

1918 3804 2057 3861 tatis
2080 3823 2221 3862 suae.
2248 3806 2391 3862 Cum
2413 3823 2519 3878 ego
2546 3812 2757 3863 natura
2784 3807 2906 3863 haec
2932 3812 3085 3864 recte
3115 3808 3256 3882 agit,
3283 3813 3405 3865 tota
3425 3808 3565 3882 agit,

1920 3893 2061 3965 quia
2091 3898 2213 3950 tota
2244 3893 2353 3950 hoc
2382 3893 2526 3950 vult.
2562 3895 2628 3950 Et
2658 3912 2792 3951 cum
2833 3910 3100 3967 perverse
3130 3895 3269 3967 agit,
3302 3894 3573 3951 similiter

1918 3984 2041 4037 tota
2062 3981 2201 4055 agit,
2230 3982 2370 4055 quia
2391 3986 2514 4039 tota
2536 3982 2645 4039 hoc
2665 3982 2807 4039 vult.
2824 3984 2893 4038 Et
2910 3982 3039 4039 ideo
3050 3984 3283 4054 justum
3306 3988 3396 4039 est
3416 3983 3572 4056 apud

1920 4076 2104 4127 Deum
2139 4075 2203 4126 ut
2234 4077 2292 4127 et
2322 4090 2425 4144 pro
2458 4072 2605 4128 bene
2652 4072 2833 4144 gestis
2882 4075 3005 4127 tota
3052 4070 3424 4144 glorificetur,
3458 4076 3514 4128 et
3542 4088 3573 4127 e

1921 4160 2210 4216 contrario
2234 4177 2337 4232 pro
2361 4159 2514 4216 male
2534 4161 2717 4232 gestis
2746 4164 2869 4215 tota
2899 4160 3227 4215 damnetur.
3251 4160 3396 4215 Nam
3430 4160 3479 4215 si
3512 4160 3573 4216 in

1920 4247 2144 4321 angelis
2175 4248 2452 4321 malignis
2486 4252 2542 4303 et
2571 4247 2916 4303 hominibus
2944 4247 3143 4319 impiis
3165 4265 3281 4303 non
3311 4248 3573 4319 peccavit

1922 4342 2151 4404 natura,
2185 4337 2283 4391 sed
2312 4337 2605 4393 voluntas.
2639 4338 2787 4410 Ergo
2819 4342 2877 4393 et
2902 4337 2962 4392 in
3007 4335 3229 4409 angelis
3266 4335 3482 4391 sanctis
3513 4340 3571 4392 et

1920 4426 1981 4481 in
2012 4424 2352 4482 hominibus
2382 4426 2495 4499 piis
2527 4443 2641 4481 non
2674 4425 2898 4498 aliquid
2921 4429 3073 4481 recte
3093 4425 3210 4497 egit
3228 4424 3316 4479 vel
3347 4423 3567 4496 aliquid

1920 4514 2058 4571 boni
2089 4515 2303 4572 meruit
2332 4533 2535 4571 eorum
2569 4519 2799 4581 natura,
2834 4515 2934 4570 sed
2966 4512 3089 4570 sola
3117 4512 3407 4569 voluntas.
3430 4513 3501 4569 Et
3518 4513 3568 4569 si

1920 4604 1981 4659 in
2014 4604 2159 4677 ipsis
2191 4603 2415 4678 angelis
2446 4602 2721 4675 malignis
2751 4607 2811 4658 et
2838 4602 3178 4658 hominibus
3224 4601 3422 4675 impiis
3453 4619 3569 4658 non

1920 4697 2043 4748 tota
2073 4697 2301 4761 natura,
2336 4692 2437 4748 sed
2468 4691 2599 4749 sola
2626 4690 2896 4748 voluntas
2916 4690 3332 4761 damnabitur;
3363 4707 3498 4765 ergo
3515 4694 3572 4747 et

1921 4782 1981 4837 in
2014 4781 2166 4849 istis,
2200 4781 2257 4835 id
2315 4786 2405 4837 est
2462 4779 2681 4837 sanctis
2726 4779 2949 4853 angelis
2980 4784 3037 4836 et
3066 4778 3405 4836 hominibus
3452 4797 3570 4837 non

1923 4875 2045 4928 tota
2075 4874 2305 4937 natura,
2338 4870 2438 4925 sed
2489 4869 2615 4925 sola
2661 4867 2932 4925 voluntas
2985 4868 3425 4942 gloriﬁcabitur.
3459 4869 3571 4926 Sed

1924 4959 2320 5017 certissimum
2352 4963 2460 5027 est,
2495 4962 2551 5014 et
2581 4957 2985 5014 indubitanter
3031 4958 3178 5015 ﬁdes
3224 4961 3401 5027 tenet,
3434 4957 3576 5030 quia

1925 5054 1983 5106 et
2002 5048 2343 5122 angelorum
2367 5051 2703 5103 sanctorum
2728 5051 2850 5102 tota
2873 5050 3084 5102 natura
3096 5047 3223 5119 jam
3247 5047 3576 5103 beatificata

1925 5144 1983 5195 et
2012 5137 2335 5211 gloriﬁcata
2363 5140 2488 5205 est;
2517 5134 2791 5192 similiter
2820 5139 2877 5191 et
2898 5139 3235 5191 sanctorum
3266 5134 3573 5190 hominum

1925 5232 2050 5284 tota
2079 5230 2289 5282 natura
2321 5230 2379 5282 et
2408 5225 2799 5282 beatificanda
2846 5230 2936 5281 est
2972 5229 3029 5281 et
3058 5223 3455 5297 gloriﬁcanda.
3491 5222 3577 5279 Ita

1161 5340 1375 5397 NOTxE
1412 5341 1750 5400 DUVALLII
1790 5342 2144 5401 DOCTORIS
2184 5340 2586 5397 SORBONICI.

238 5437 305 5522 ςᾳ)
330 5437 455 5522 illic
487 5456 682 5522 usque
712 5439 935 5522 emissa
964 5439 1023 5494 in
1055 5456 1168 5522 ms.
1202 5438 1338 5520 Cod.
1374 5439 1604 5522 Thuan.

238 5507 300 5584 (ὁ)
324 5510 458 5584 Agit
479 5507 691 5567 contra
713 5511 1019 5584 Erigonam
1041 5511 1112 5568 ad
1134 5510 1456 5577 hominem,
1480 5511 1581 5584 qui
1606 5510 1811 5568 volun-

180 5576 335 5638 tatem
365 5576 561 5642 s'olam
595 5576 894 5658 peccasset
914 5600 1028 5641 non
1052 5586 1323 5643 naturam
1355 5576 1615 5655 tenebat;
1642 5585 1810 5659 quasi

1919 5440 2190 5519 voluntas
2234 5444 2384 5519 _agat
2441 5439 2662 5519 aliquid
2720 5439 2875 5519 quod
2925 5456 3040 5519 non
3092 5440 3227 5519 agat
3274 5436 3472 5519 homo,
3518 5440 3578 5494 et

1920 5514 1981 5570 in
2013 5512 2122 5644 htoc
2151 5510 2462 5592 Erigénam
2516 5510 2763 5571 delirare
2819 5516 2875 5570 et
2922 5510 3182 5568 insanire
3225 5510 3435 5570 merito
3474 5524 3576 5572 al-

1921 5601 2036 5647 ssri
2069 5628 2083 5647 .
