4024 6180
389 344 508 404 207

1487 344 1717 405 FLORI
1760 339 2076 404 DIACONI
2122 342 2691 405 LUGDUNENSIS.

3670 340 3782 401 208

389 497 525 554 ergo
548 499 578 538 e
609 481 899 538 contrario
926 482 1147 553 absque
1174 479 1295 535 ulla
1324 477 1686 534 dubitatione
1715 475 2032 532 tenendum
2061 482 2117 551 Α
2144 476 2259 544 20).
2293 475 2452 548 Opus
2484 476 2641 532 enim
2672 476 2774 533 Dei
2799 476 3014 552 culpat,
3048 481 3205 552 quod
3255 484 3345 537 est
3387 476 3584 544 homo,
3615 480 3671 534 et
3699 477 3786 532 vi-

390 571 643 644 estquia
674 575 730 626 et
759 570 819 626 in
852 569 1077 643 angelis
1106 568 1380 641 malignis
1410 571 1467 622 et
1493 568 1551 621 in
1574 564 2037 622 hominibusim-

390 661 505 735 piis
525 678 639 717 non
661 661 786 717 sola
803 659 1091 726 voluntas,
1116 659 1217 713 sed
1248 661 1369 712 tota
1398 660 1608 711 natura
1637 654 2033 721 damnabitur,

393 750 533 823 quia
554 757 667 806 tola
687 749 963 822 peccavit.
990 749 1103 803 Iste
1124 752 1338 814 autem,
1355 749 1556 801 contra
1577 760 1811 800 omnem
1837 744 2033 811 ﬁdem,

393 844 449 895 et
469 839 768 895 veritatem
803 838 923 905 Dei,
946 837 1075 892 ideo
1105 836 1219 891 tale
1249 839 1659 907 argumentum
1688 830 2035 898 introduxit,

393 934 459 984 ut
489 929 709 985 scilicet
739 927 994 1000 angelos,
1028 931 1085 981 et
1114 925 1382 981 homines
1426 923 1613 979 malos
1648 923 1704 976 in
1738 921 1861 976 sola
1884 922 2039 976 dicat

390 1018 688 1074 voluntate
719 1015 1102 1084 damnandos,
1127 1019 1192 1069 ut
1210 1014 1421 1069 habeat
1448 1012 1641 1067 locum
1673 1011 1800 1081 ejus
1831 1009 2040 1064 insana

393 1106 638 1174 fallacia,
663 1110 719 1161 et
742 1105 927 1178 possit
949 1104 1160 1171 dicere,
1183 1103 1335 1158 sicut
1353 1100 1625 1173 superius
1640 1101 1766 1171 jam
1789 1099 1955 1166 dixit,
1977 1096 2039 1152 in

393 1198 525 1270 igne
546 1200 756 1251 aeterno
779 1193 1003 1250 nullam
1027 1194 1199 1249 aliam
1222 1192 1479 1247 futuram
1504 1206 1632 1245 esse
1654 1204 1904 1261 poenam,
1926 1186 2038 1243 nisi

394 1286 720 1341 absentiam
753 1283 1136 1339 beatitudinis
1172 1300 1184 1337 :
1218 1287 1285 1336 ut
1315 1285 1371 1335 et
1396 1278 1619 1335 nullam
1670 1278 1749 1332 ibi
1806 1292 2039 1350 pcenam

392 1376 753 1431 extrinsecus
787 1374 1042 1446 patiatur
1086 1375 1294 1427 natura
1338 1366 1599 1441 angelica
1623 1366 1707 1422 vel
1740 1367 2037 1433 humana;

391 1464 550 1535 quia,
577 1465 748 1535 juxta
780 1463 957 1533 hujus
990 1478 1253 1524 sensum,
1288 1477 1401 1514 non
1435 1458 1712 1531 peccavit,
1736 1460 1793 1511 et
1815 1454 2041 1511 solain-

388 1554 679 1610 trinsecus
712 1553 769 1607 in
802 1549 1157 1606 conscientia
1184 1548 1462 1622 puniatur
1484 1547 1772 1613 voluntas,
1799 1544 1956 1617 quia,
1978 1548 2042 1597 ut

390 1642 500 1698 iste
522 1640 820 1706 dicit,sola
851 1638 1136 1711 peccavit;
1156 1642 1212 1694 et
1242 1636 1522 1710 puniatur
1554 1652 1668 1690 non
1704 1632 1899 1705 aliquo
1922 1637 2039 1688 tor-

392 1734 589 1785 mento
620 1747 801 1802 pmnm
833 1727 1154 1795 exterioris,
1189 1727 1290 1782 sed
1324 1726 1447 1781 sola
1478 1722 1745 1780 absentia
1788 1721 2041 1777 beatitu-

391 1819 566 1886 dinis,
583 1835 759 1890 quam
779 1834 893 1873 non
924 1817 1181 1885 habebit,
1205 1820 1261 1871 et
1282 1811 1863 1918 proh‘ibitlionenpravi
1886 1808 2039 1907 desi-
2071 1854 2118 1918 Β

392 1907 536 1963 derii
568 1907 681 1976 sui,
714 1907 869 1978 quod
903 1906 953 1962 ei
984 1906 1214 1978 explere
1258 1921 1369 1958 non
1424 1902 1641 1957 licebit.
1676 1903 1810 1966 Quae
1843 1898 2043 1953 omnia

394 2013 571 2069 quam
595 1996 713 2051 sint
733 1995 1024 2051 contraria
1057 1994 1188 2048 ﬁdei
1220 1998 1277 2048 et
1296 1991 1545 2059 veritati,
1568 1994 1625 2045 et
1653 1990 1942 2061 quantum
1963 1986 2041 2042 fa-

390 2089 563 2141 veant
588 2084 874 2141 voluntati
900 2082 1115 2139 diaboli
1149 2081 1443 2138 adulando
1474 2078 1835 2144 hominibus,
1853 2093 1923 2132 ne
1939 2079 2041 2132 aut

389 2174 672 2231 veraciter
700 2190 761 2229 se
793 2188 1064 2245 peccasse
1094 2174 1532 2245 recognoscant,
1549 2169 1690 2223 dum
1721 2182 1925 2221 eorum
1942 2181 2040 2219 na-

389 2267 524 2318 tura
544 2280 657 2319 non
692 2278 962 2334 peccasse
988 2260 1343 2328 defenditur,
1376 2275 1480 2315 nec
1510 2256 1788 2313 veraciter
1819 2271 1880 2310 se
1911 2270 2038 2310 esse

389 2352 738 2425 puniendos,
768 2353 909 2406 dum
941 2367 1056 2405 non
1086 2366 1289 2405 eorum
1322 2347 1667 2414 natura,sed
1701 2342 2039 2400 solavolun-

388 2445 480 2498 tas
509 2440 723 2496 dicitur
753 2440 1215 2505 condemnanda,
1249 2436 1729 2493 manifestissime
1762 2432 2037 2488 omnibus

388 2534 566 2604 patet,
604 2529 702 2603 qui
732 2528 940 2585 salutis
971 2545 1091 2584 suae
1123 2544 1324 2583 curam
1353 2529 1581 2599 gerunt,
1618 2523 1716 2594 qui
1768 2520 2039 2575 haeretica

389 2620 687 2693 ﬁgmenta,
722 2623 778 2674 et
808 2617 1189 2673 deliramenta
1242 2615 1417 2688 longe
1466 2632 1499 2670 a
1544 2629 1605 2669 se
1656 2611 1950 2683 rejiciunt,
1983 2612 2039 2662 et

389 2708 784 2783 evangelicam
817 2713 992 2779 atque
1021 2706 1404 2780 apostolicam
1436 2702 1739 2759 veritatem
1788 2697 2039 2754 ﬁdeliter

388 2801 738 2870 sequuntur.

460 2888 570 2944 Sed
596 2890 661 2942 ut
682 2886 752 2943 de
774 2885 865 2942 his
885 2902 1012 2957 qua
1034 2889 1237 2941 contra
1256 2884 1384 2955 ejus
1405 2896 1681 2938 vesanam
1704 2882 1761 2935 et
1790 2874 2035 2949 impiam

390 2976 789 3033 deﬁnitionem
819 2975 1097 3041 diximus,
1132 2974 1348 3029 certius
1379 2977 1435 3027 et
1486 2969 1712 3025 ﬁrmius
1757 2967 1858 3041 qui
1914 2966 2036 3020 hazc

387 3066 593 3139 legerit
620 3065 947 3121 instruatur
975 3063 1392 3135 subjungimus
1422 3060 1517 3116 hic
1546 3060 1721 3117 verba
1749 3055 1902 3113 beati
1925 3057 2039 3110 Au-

390 3155 633 3229 gustini,
667 3154 882 3225 quibus
912 3154 982 3207 de
1024 3153 1133 3208 hac
1166 3168 1227 3207 re
1256 3151 1581 3206 clarissime
1612 3152 1667 3204 et
1696 3143 2036 3219 plenissime

2144 566 2293 621 tium
2326 565 2580 622 hominis
2610 566 2829 635 laudat,
2848 569 3003 641 quod
3026 574 3115 625 est
3146 567 3787 643 iniquitas.0mnisita-

2146 670 2257 726 que
2288 660 2518 720 natura,
2540 655 2767 713 etiamsi
2797 657 3007 714 vitiosa
3036 664 3142 725 est,
3174 661 3234 715 in
3264 663 3550 731 quantum
3582 661 3791 713 natura

2146 748 2254 810 est,
2288 745 2440 800 bona
2469 750 2593 812 est;
2628 747 2686 800 in
2719 752 3004 819 quantum
3036 748 3244 805 vitiosa
3270 752 3376 817 est,
3412 746 3567 803 mala
3596 750 3706 802 est.

2218 835 2361 889 Ecce
2391 835 2736 891 venerabilis
2766 837 2965 893 doctor
2986 855 3099 894 non
3124 838 3263 893 dicit
3295 837 3477 893 solam
3509 835 3790 902 vitiatam,

2145 921 2231 978 vel
2264 923 2531 979 vitiosam
2577 924 2933 982 voluntatem
2976 927 3235 983 hominis
3267 926 3480 982 malam
3513 942 3660 993 esse,
3692 925 3791 980 sed

2146 1011 2413 1068 vitiosam
2436 1012 2694 1070 hominis
2714 1020 3006 1083 naturam,
3023 1016 3237 1072 malam
3262 1033 3390 1072 esse
3413 1019 3713 1070 naturam:
3738 1018 3796 1069 et

2150 1117 2271 1155 rem
2302 1119 2429 1174 quas
2462 1103 2619 1158 mala
2647 1108 2736 1159 est
2767 1109 3034 1160 naturam
3069 1123 3195 1161 esse
3221 1106 3561 1171 conﬁrmat;
3585 1108 3644 1159 et
3675 1119 3798 1158 ma-

2148 1188 2273 1245 lum
2303 1190 2600 1247 hominem
2633 1193 2775 1248 dicit
2805 1193 3021 1250 malam
3052 1211 3181 1251 esse
3211 1199 3502 1250 naturam.
3524 1194 3607 1248 Ita
3636 1192 3797 1248 enim

2149 1277 2230 1333 ait
2262 1296 2274 1334 :
2309 1278 2476 1352 [Quid
2511 1285 2600 1337 est
2644 1287 2841 1338 autem
2890 1283 3082 1339 malus
3126 1283 3322 1351 homo,
3358 1282 3469 1338 nisi
3498 1281 3654 1339 mala
3686 1298 3797 1337 na-

2149 1367 2366 1435 tura?]
2398 1367 2521 1423 Non
2556 1370 2697 1424 dixit
2730 1372 2885 1442 quod
2921 1371 3111 1428 malus
3160 1371 3334 1427 homo
3384 1370 3800 1426 tantummodo

2152 1456 2306 1511 mala
2330 1456 2598 1513 voluntas
2631 1460 2728 1525 sit,
2762 1461 2862 1515 sed
2896 1461 3049 1516 mala
3076 1465 3303 1516 natura.
3324 1459 3604 1515 Videlicet
3634 1460 3801 1532 quia,

2149 1561 2284 1599 cum
2319 1545 2510 1602 malus
2545 1552 2635 1603 est
2664 1547 2859 1616 homo,
2894 1567 3009 1604 non
3042 1549 3165 1605 sola
3192 1549 3510 1616 voluntate,
3543 1549 3647 1605 sed
3676 1552 3805 1605 tota

2150 1649 2258 1688 sua
2289 1638 2501 1690 natura
2532 1636 2724 1693 malus
2755 1642 2861 1693 est.
2878 1638 3055 1694 Docet
3086 1643 3279 1694 tamen
3315 1637 3561 1693 ﬁdeliter
3588 1638 3807 1694 discer-

2149 1724 2429 1793 nendum,
2463 1741 2597 1780 cum
2628 1726 2901 1795 dicimus,
2934 1728 3115 1783 malus
3144 1729 3318 1795 homo,
3354 1728 3505 1783 inter
3534 1744 3681 1799 opus
3699 1725 3803 1782 Dei

2150 1814 2207 1865 et
2234 1810 2439 1867 vitium
2471 1812 2657 1884 ipsius
2689 1814 2980 1885 hominis;
3015 1816 3155 1888 quia
3181 1816 3465 1884 videlicet,
3498 1815 3803 1872 hominem

2148 1917 2276 1956 esse
2307 1918 2454 1973 opus
2482 1902 2583 1958 Dei
2632 1906 2741 1970 est,
2774 1903 3045 1976 iniquum
3103 1922 3231 1961 esse
3285 1904 3491 1960 vitium
3541 1903 3803 1960 hominis

2149 1994 2255 2045 est.
2288 1990 2475 2063 Atque
2506 1990 2587 2046 ita
2619 1994 3157 2061 naturam,etiamsi
3180 1992 3387 2049 vitiosa
3417 1994 3597 2063 est,in
3618 2011 3809 2066 quan-

2150 2081 2272 2133 tum
2320 2084 2532 2135 natura
2563 2086 2670 2149 est,
2698 2082 2914 2137 bonam
2963 2099 3092 2138 esse
3127 2100 3139 2138 :
3174 2082 3234 2138 in
3266 2088 3554 2155 quantum
3586 2083 3800 2138 vitiosa.

2148 2171 2255 2237 est,
2276 2168 2493 2224 malam
2524 2170 2749 2226 esse.In
2782 2169 3057 2227 omnibus
3089 2188 3225 2245 ergo
3257 2171 3349 2228 his
3381 2189 3496 2228 non
3517 2171 3802 2241 solam,ut

2146 2254 2255 2312 iste
2285 2257 2514 2326 asserit,
2544 2258 2925 2329 voluntatem,
2959 2261 3060 2316 sed
3116 2261 3303 2334 ipsam
3357 2265 3627 2317 naturam
3659 2260 3803 2317 dicit

2147 2362 2274 2400 esse
2300 2346 2535 2415 bonam,
2573 2347 2631 2402 in
2664 2352 2948 2421 quantum
2982 2353 3193 2405 natura
3221 2354 3344 2419 est;
3377 2350 3564 2423 ipsam
3597 2355 3794 2407 autem

2148 2439 2419 2489 naturam
2447 2435 2585 2490 dicit
2612 2453 2739 2492 esse
2771 2437 3011 2506 malam,
3046 2438 3104 2494 in
3140 2444 3426 2511 quantum
3458 2438 3667 2495 vitiosa
3686 2445 3794 2496 est.

2147 2522 2265 2577 Hoc
2296 2523 2496 2595 itaque
2535 2524 2784 2581 ﬁdeliter
2833 2527 3221 2598 sequendum,
3252 2527 3535 2583 catholice
3566 2527 3799 2600 sapien—

2145 2612 2309 2680 dum,
2366 2613 2704 2670 ﬁrmissime
2761 2615 3133 2671 retinendum
3187 2620 3294 2685 est,
3351 2621 3416 2671 ut
3473 2616 3797 2672 certissime

2146 2717 2570 2773 cognoscamus
2601 2721 2707 2759 nec
2737 2703 2978 2779 maligni
3008 2704 3200 2779 angeli
3230 2723 3334 2762 nec
3365 2704 3507 2761 mali
3536 2706 3793 2762 hominis

2144 2789 2503 2846 voluntatem
2537 2792 2743 2865 solam,
2777 2795 2877 2849 sed
2908 2798 3090 2850 totam
3131 2811 3332 2851 eorum
3364 2800 3634 2851 naturam
3666 2812 3792 2852 ma-

2145 2877 2264 2935 lam
2297 2896 2425 2935 esse
2456 2897 2589 2936 cum
2622 2888 2883 2955 peccant,
2917 2886 2974 2939 et
3017 2887 3202 2939 totam
3258 2901 3460 2941 eorum
3519 2888 3788 2941 naturam

2146 2967 2302 3023 mala
2327 2972 2541 3026 mterna
2570 2987 2979 3043 perpessuram
3010 2989 3139 3029 esse
3171 2989 3304 3027 cum
3328 2974 3787 3030 damnabantur.

2214 3059 2390 3115 Addit
2420 3058 2531 3117 iste
2578 3059 2769 3117 adhuc
2799 3066 2854 3117 et
2885 3060 3060 3117 dicit:
3092 3063 3201 3119 Nec
3251 3065 3305 3117 in
3349 3065 3531 3135 primo
3574 3065 3791 3120 homine

2138 3164 2387 3220 peccasse
2439 3157 2658 3206 natura:
2730 3152 3160 3221 generalitatem,
3219 3151 3310 3207 sed
3366 3155 3791 3227 uniuscujusque

392 3225 578 3312 docet,
614 3242 813 3298 dicens
848 3257 860 3294 :
892 3240 1152 3307 [Nullum
1184 3244 1271 3295 est
1302 3239 1458 3310 quod
1490 3237 1704 3291 dicitur
1732 3232 2032 3300 malum,si
2063 3225 2106 3293 C
2144 3238 2488 3293 individuam
2515 3239 2865 3294 voluntatem.
2898 3238 2960 3295 Si
2986 3257 3049 3296 ea
3077 3248 3279 3296 natura
3307 3225 3792 3313 delinqueret,cum

391 3332 622 3389 nullum
640 3331 715 3386 sit
732 3331 980 3397 bonum;
1002 3330 1099 3384 sed
1114 3330 1333 3383 bonum
1353 3326 1512 3382 omni
1545 3324 1699 3379 malo
1722 3338 1926 3379 carens
1949 3321 2037 3375 in-

391 3426 621 3493 tegrum
654 3419 874 3474 bonum
905 3421 1014 3474 est.
1030 3417 1171 3472 Cum
1190 3433 1322 3472 vero
1344 3416 1499 3471 inest
1517 3412 2036 3480 malum,vitiatum

390 3510 480 3566 vel
504 3509 779 3566 vitiosum
811 3509 1032 3564 bonum
1063 3511 1179 3574 est;
1200 3522 1305 3561 nec
1325 3505 1545 3560 malum
1568 3518 1828 3575 unquam
1846 3502 2039 3573 potest

392 3617 520 3658 esse
550 3598 759 3668 ullum,
793 3597 891 3653 ubi
926 3600 1014 3652 est
1044 3597 1262 3652 bonum
1297 3594 1553 3650 nullum:
1580 3593 1735 3648 unde
1767 3608 1858 3646 res
1888 3589 2039 3644 mira

392 3689 722 3753 conficitur,
754 3690 838 3754 ut,
874 3686 1012 3758 quia
1041 3685 1234 3741 omnis
1264 3688 1495 3751 natura,
1530 3683 1588 3737 in
1622 3685 1907 3754 quantum
1938 3694 2039 3732 na-

390 3782 524 3834 tura
552 3780 661 3842 est,
694 3777 915 3831 bonum
947 3780 1053 3843 est,
1089 3774 1234 3829 nihil
1264 3772 1423 3830 aliud
1455 3772 1567 3827 dici
1591 3771 1875 3837 videatur,
1901 3784 2035 3823 cum

388 3866 601 3922 vitiosa
630 3868 841 3920 natura
870 3863 1025 3919 mala
1044 3880 1171 3919 esse
1197 3868 1409 3918 natura
1438 3856 2035 3928 dicitur,nisimalum

391 3972 519 4011 esse
551 3956 703 4027 quod
736 3954 957 4009 bonum
988 3956 1096 4020 est,
1129 3969 1233 4007 nec
1264 3951 1487 4007 malum
1536 3966 1665 4005 esse
1716 3946 1829 4003 nisi
1880 3945 2033 4019 quod

390 4045 609 4101 bonum
624 4046 730 4109 est,
746 4059 851 4099 nec
866 4060 956 4098 res
969 4041 1167 4114 aliqua
1198 4041 1353 4096 mala
1373 4043 1544 4109 esset,
1569 4040 1617 4094 si
1634 4054 1725 4094 res
1760 4038 1888 4109 ipsa
1909 4052 2034 4108 quas

391 4132 546 4189 mala
576 4136 667 4189 est
695 4135 905 4188 natura
933 4149 1048 4187 non
1087 4134 1281 4196 esset.]
1313 4130 1381 4185 Et
1428 4128 1602 4202 paulo
1659 4130 1791 4200 post
1846 4124 1987 4181 dicit
2019 4141 2033 4179 :

389 4222 718 4280 Cavendum
733 4225 821 4277 est
832 4221 1243 4277 neincidamus
1271 4219 1332 4274 in
1359 4219 1521 4274 illam
1544 4216 1890 4274 sententiam
1904 4231 2034 4287 pro-

388 4312 683 4386 phetieam
718 4311 815 4366 ubi
846 4310 1085 4383 legitur:
1104 4312 1193 4367 Va?
1221 4311 1306 4365 his
1337 4310 1435 4381 qui
1462 4309 1651 4363 dicunt
1676 4306 1815 4379 quod
1837 4308 2038 4361 bonum

388 4411 483 4470 est,
516 4403 746 4469 malum,
778 4408 828 4457 et
874 4400 1014 4473 quod
1070 4401 1282 4454 malum
1326 4408 1423 4466 est,
1459 4401 1702 4462 bonum;
1733 4398 1828 4468 qui
1849 4395 2037 4450 dicunt

388 4492 640 4547 tenebras
669 4490 861 4559 lucem,
893 4497 945 4545 et
976 4491 1152 4544 lucem
1181 4488 1466 4555 tenebras,-
1494 4488 1588 4558 qui
1637 4485 1829 4539 dicunt
1881 4484 2037 4538 dulce

2146 3344 2259 3381 una
2287 3329 2376 3391 sit,
2412 3335 2519 3383 tota
2544 3330 2782 3399 profecto
2807 3331 3032 3401 periret.
3068 3329 3131 3385 In
3163 3329 3254 3385 his
3300 3330 3492 3386 verbis
3542 3331 3790 3403 apertis-

2146 3415 2293 3471 sime
2325 3416 2616 3471 afﬁrmare
2648 3422 2892 3472 conatur
2920 3435 3037 3473 non
3060 3417 3249 3474 solum
3270 3418 3327 3473 in
3357 3420 3580 3475 caeteris
3605 3419 3792 3475 homi-

2146 3503 2321 3560 nibus
2355 3521 2467 3560 non
2497 3522 2734 3577 peccare
2764 3508 3175 3575 naturam,sed
3202 3506 3573 3563 solummodo
3594 3507 3794 3563 volun-

2144 3594 2363 3662 tatem;
2398 3594 2499 3649 sed
2530 3594 2705 3649 etiam
2736 3595 2794 3649 in
2828 3596 3016 3668 primo
3065 3596 3304 3651 homine
3362 3596 3631 3652 similiter
3673 3615 3790 3653 non

2146 3699 2417 3754 peccasse
2448 3688 2742 3749 naturam,
2775 3686 2875 3740 sed
2927 3685 3110 3741 solam
3158 3684 3540 3755 voluntatem,
3574 3691 3629 3742 et
3661 3686 3790 3742 ideo

2146 3787 2259 3825 non
2289 3788 2561 3843 peccasse
2591 3773 2650 3827 in
2679 3790 2745 3829 eo
2775 3773 3124 3846 generaliter
3151 3773 3396 3831 humani
3426 3775 3656 3847 generis
3685 3792 3789 3831 na-

2143 3861 2512 3933 turam,quia
2546 3878 2649 3916 nec
2681 3863 2809 3934 ejus
2841 3863 3099 3935 peccavit
3128 3868 3374 3932 natura;
3399 3865 3497 3919 sed
3518 3880 3791 3936 peccasse

2145 3950 2203 4004 in
2235 3967 2301 4005 eo
2332 3952 2742 4007 tantummodo
2774 3952 3089 4024 specialem
3110 3957 3166 4008 et
3190 3953 3485 4025 propriam
3517 3954 3793 4010 uniuscu~

2136 4040 2355 4111 jusque
2381 4039 2764 4108 voluntatem,
2794 4041 2933 4112 quia
2963 4046 3021 4096 et
3050 4040 3194 4114 ipse,
3218 4041 3387 4113 juxta
3437 4042 3615 4114 hujus
3662 4059 3791 4098 sen-

2144 4145 2297 4197 sum,
2331 4128 2456 4184 sola
2483 4131 2892 4185 tantummodo
2920 4130 3217 4187 voluntate
3249 4130 3524 4204 peccavit.

2213 4219 2282 4273 Et
2311 4218 2566 4274 afﬁrmat
2597 4220 2750 4290 quod
2782 4221 2833 4275 si
2870 4227 2978 4274 tota
3007 4221 3246 4276 hominis
3276 4230 3477 4275 natura
3499 4230 3789 4292 peccasset,

2142 4316 2252 4363 tota
2277 4314 2514 4380 pro/ceto
2541 4310 2763 4379 periret.
2795 4310 2949 4363 Nunc
2974 4317 3155 4365 autem
3199 4311 3332 4380 quia
3378 4311 3494 4366 sola
3542 4311 3792 4367 voluntas

2138 4400 2399 4468 peccavit,
2432 4397 2549 4452 sola
2596 4398 2790 4453 vitiata
2834 4405 2943 4465 est;
2973 4407 3174 4453 natura
3234 4399 3414 4454 illaesa
3459 4402 3788 4470 permansit.

2143 4486 2289 4552 Quid
2320 4503 2454 4558 ergo
2488 4486 2750 4542 dicemus
2776 4486 2848 4541 ad
2865 4486 2987 4542 haec
3004 4491 3123 4543 tam
3142 4486 3430 4559 exquisita
3447 4494 3503 4542 et
3526 4488 3795 4543 inaudita

390 4597 660 4643 amarum,
721 4588 771 4634 et
830 4596 1083 4634 amarum
1139 4578 1295 4633 dulce
1352 4577 1478 4647 (Isa.
1511 4594 1564 4640 v,
1596 4574 1706 4645 20).
1741 4574 1810 4629 Et
1839 4577 2033 4627 tamen
2064 4594 2113 4659 D
2142 4575 2593 4648 phantasmata?
2616 4575 2729 4630 nisi
2760 4579 2824 4630 ut
2853 4593 3219 4649 opponamus
3249 4593 3278 4631 e
3309 4577 3599 4633 contrario
3629 4577 3795 4632 testi-

288 4664 305 4669 ’
390 4667 675 4721 Dominus
705 4667 786 4721 ait
818 4684 830 4721 :
864 4668 1036 4722 Malus
1086 4669 1240 4723 homo
1287 4666 1352 4721 de
1388 4666 1532 4721 malo
1564 4663 1827 4719 thesauro
1858 4662 2036 4717 cordis

387 4757 480 4809 sui
525 4758 733 4826 profert
786 4756 931 4811 mala
978 4756 1183 4829 (Matth.
1217 4774 1315 4823 x11,
1348 4756 1460 4828 35).
1494 4753 1641 4819 Quid
1698 4757 1787 4809 est
1837 4756 2034 4807 autem

387 4844 567 4899 malus
598 4843 772 4909 homo,
806 4844 918 4899 nisi
950 4844 1106 4901 mala
1143 4851 1372 4913 natura,
1407 4845 1545 4918 quia
1602 4844 1776 4899 homo
1825 4845 2036 4897 natura

389 4933 514 4988 est?
543 4932 736 4997 Porro,
760 4932 807 4987 si
841 4932 1013 4988 homo
1046 4934 1280 5006 aliquod
1312 4934 1533 4991 bonum
1564 4937 1653 4989 est
1669 4931 1809 5004 quia
1825 4934 2035 4986 natura

388 5024 495 5087 est,
531 5019 672 5092 quid
705 5025 792 5076 est
821 5023 1000 5077 malus
1026 5024 1201 5092 homo,
1236 5024 1349 5079 nisi
1384 5024 1605 5079 malum
1635 5020 1900 5077 bonum?
1930 5019 2035 5074 Ta-

386 5128 519 5166 men
540 5128 673 5165 eum
707 5112 820 5165 duo
854 5112 965 5167 ista
997 5111 1754 5180 discernimus,invenimus
1777 5126 1881 5165 nec
1904 5109 2033 5164 ideo

387 5199 609 5256 malum
629 5199 766 5272 quia
781 5200 955 5256 homo
974 5207 1079 5268 est,
1097 5220 1199 5258 nec
1223 5203 1349 5256 ideo
1380 5202 1599 5256 bonum
1622 5199 1761 5272 quia
1788 5199 2030 5270 iniquus

386 5293 492 5345 est.
528 5290 638 5345 Sed
672 5289 890 5345 bonum
923 5291 1060 5362 quia
1091 5291 1285 5357 homo,
1321 5290 1540 5344 malum
1589 5288 1726 5359 quia
1769 5286 2028 5359 iniquus.

384 5378 661 5450 Quisquis
691 5395 827 5451 ergo
858 5378 1017 5446 dicit,
1054 5379 1275 5434 malum
1308 5383 1396 5433 est
1421 5376 1717 5431 hominem
1748 5392 1897 5441 esse,
1930 5378 2033 5430 aut

383 5465 606 5521 bonum
636 5471 725 5523 est
754 5468 1024 5540 iniquum
1055 5484 1204 5534 esse,
1239 5470 1361 5539 ipse
1391 5465 1595 5521 incidit
1626 5466 1684 5520 in
1735 5464 2029 5537 propheti-

385 5568 515 5607 cam
545 5553 707 5610 illam
737 5556 1086 5612 sententiam
1121 5573 1133 5610 :
1171 5556 1260 5613 Vae
1288 5556 1373 5610 his
1403 5557 1501 5627 qui
1544 5554 1733 5610 dicunt
1762 5553 1902 5626 quod
1932 5553 2029 5609 b0-

383 5657 520 5703 num
546 5651 625 5704 est
652 5645 882 5717 malum,
914 5653 966 5705 et
1011 5644 1151 5723 quod
1207 5645 1417 5704 malum
1460 5653 1536 5705 est
1575 5646 1773 5702 bonum
1804 5644 1935 5719 (Isa.
1969 5660 2024 5716 v,

2145 4663 2342 4719 monia
2354 4663 2787 4736 Scripturarum
2801 4664 2922 4733 Dei,
2939 4665 3153 4736 quibus
3164 4664 3467 4721 verissime
3478 4682 3794 4738 cognosca-

2143 4758 2374 4822 mus,et
2404 4753 2742 4809 ﬁdelissime
2774 4758 3298 4821 teneamus,totam
3329 4753 3387 4808 in
3420 4753 3519 4810 illo
3551 4754 3793 4810 homine

2143 4847 2415 4899 naturam
2445 4859 2735 4914 peccasse,
2760 4844 2943 4898 totam
2974 4841 3236 4915 periisse,
3268 4847 3451 4899 totam
3484 4844 3553 4899 ad
3594 4848 3792 4916 poste-

2142 4948 2238 4987 ros
2278 4933 2406 5004 ejus
2449 4935 2684 5003 peccato
2716 4935 2772 4986 et
2802 4930 3112 5004 perditioni
3144 4931 3453 4987 obnnxiam
3483 4932 3795 4988 transmis-

2142 5037 2269 5076 sam
2300 5037 2429 5076 esse
2465 5036 2478 5074 :
2513 5018 2665 5075 sicut
2707 5020 3013 5092 Apostolus
3071 5019 3551 5077 manifestissime
3595 5021 3790 5089 docet,

2142 5109 2341 5165 dicens
2376 5125 2388 5163 :
2422 5114 2531 5163 Per
2568 5126 2745 5164 unum
2794 5111 3069 5166 hominem
3118 5118 3399 5182 peccatum
3453 5112 3686 5166 intravit
3732 5127 3793 5166 in

2137 5198 2425 5265 mundum,
2455 5204 2508 5253 et
2534 5215 2634 5270 per
2657 5206 2938 5269 peccatum
2964 5216 3130 5266 mors,
3161 5207 3213 5255 et
3258 5201 3336 5254 ita
3383 5201 3443 5254 in
3482 5215 3662 5254 omnes
3693 5199 3795 5253 ho-

2138 5289 2315 5342 mines
2340 5289 2681 5359 pertransiit,
2707 5289 2767 5342 in
2797 5303 2901 5358 quo
2931 5303 3113 5343 omnes
3142 5297 3497 5360 peccaverunt
3527 5290 3699 5358 (Rom.
3733 5304 3799 5356 v,

2141 5376 2250 5447 12).
2275 5376 2401 5431 Non
2419 5374 2499 5431 ait
2523 5392 2535 5429 :
2563 5376 2670 5431 Per
2704 5375 2880 5432 unius
2913 5375 3171 5433 hominis
3195 5377 3553 5434 voluntatem
3586 5392 3803 5448 pecca-

2139 5469 2265 5521 tum
2297 5465 2534 5521 intravit
2563 5466 2622 5520 in
2656 5466 2965 5532 mundum,
3001 5467 3100 5523 sed
3126 5484 3228 5539 per
3258 5484 3432 5523 unum
3470 5467 3749 5522 hominem
3781 5484 3797 5534 ;

2140 5572 2245 5610 nec
2268 5555 2350 5610 ait
2373 5572 2385 5610 :
2411 5559 2469 5610 et
2488 5553 2570 5610 ita
2596 5554 2654 5609 in
2677 5554 2943 5611 omnium
2963 5555 3290 5614 voluntates
3320 5554 3804 5629 pertransiit,sed

2138 5647 2213 5703 ita
2246 5645 2303 5702 in
2335 5661 2515 5703 omnes
2548 5643 2791 5705 homines
2815 5648 3176 5724 pertransiit,-
3207 5662 3313 5705 nec
3343 5643 3648 5721 subjunxit
3681 5660 3697 5703 :
3733 5644 3804 5704 in
