4024 6180
314 291 448 355 -915

1426 286 1655 349 FLORI
1701 283 2018 345 DlACONI
2064 284 2637 345 LUGDUNENSIS.

3620 282 3738 375 216

398 422 564 491 Quod
593 440 730 499 ergo
760 423 950 498 primo
990 421 1117 481 loco
1149 419 1372 496 posuit:
1407 421 1575 478 Deum
1602 435 1713 476 non
1739 434 1850 475 esse
1879 435 1975 474 au-
2002 416 2057 485 Α
2087 414 2294 486 (Matth.
2326 433 2382 484 x,
2404 416 2496 489 28)
2523 434 2537 485 ;
2569 420 2625 472 et
2656 415 2756 490 qui
2787 416 3052 474 dicturus
3098 423 3186 474 est
3228 415 3289 474 in
3318 415 3444 488 ipso
3466 416 3694 490 judicio
3721 433 3735 472 :
3788 449 3797 457 -

326 523 547 581 ctorem,
569 517 848 587 factorem,
877 513 1381 587 praedestinatorem
1406 511 1820 583 suppliciorum,
1855 525 1979 564 ma-

327 603 535 659 nifeste
567 608 770 660 contra
799 603 973 658 ﬁdem
1004 597 1329 666 dixit,sicut
1358 616 1538 672 supra
1556 600 1684 670 jam
1717 599 1983 669 frequen-

328 698 419 749 ter
445 692 964 750 ostendimus.Non
978 690 1134 746 enim
1155 690 1377 759 injusta
1407 693 1545 745 sunt
1566 686 1667 743 illa
1695 686 1982 759 supplicia

329 798 456 853 quae
490 782 546 836 in
579 784 793 838 zeterna
818 779 1191 835 damnatione
1213 777 1443 834 diabolo
1466 781 1524 833 et
1545 775 1767 849 angelis
1782 777 1908 846 ejus
1925 779 1983 830 et

329 870 606 926 omnibus
630 868 829 940 impiis
858 868 1199 923 hominibus
1230 867 1574 932 inferantur,
1599 865 1736 937 quia
1766 881 1980 919 unum-

331 974 624 1032 quemque
646 974 846 1013 eorum
861 956 960 1029 qui
984 955 1065 1012 ibi
1082 954 1792 1022 damnantur,sccundum
1815 952 1984 1009 meri-

330 1052 459 1103 tum
491 1063 689 1112 suum,
720 1050 778 1101 et
807 1046 1131 1101 secundum
1155 1061 1493 1100 mensuram
1514 1043 1842 1116 iniquitatis
1865 1061 1982 1099 suae

329 1138 603 1208 torquent
623 1138 681 1189 et
709 1134 998 1202 cruciant;
1024 1133 1304 1206 implente
1342 1133 1425 1188 eis
1469 1135 1633 1204 justo
1683 1137 1739 1188 et
1770 1138 1982 1193 aeterno

324 1225 547 1298 judice,
583 1224 738 1296 quod
771 1224 841 1278 de
870 1240 935 1278 eo
977 1222 1034 1276 in
1088 1222 1313 1294 psalmo
1357 1223 1642 1293 scriptum
1687 1226 1808 1277 est:
1845 1222 1984 1289 Quia

330 1314 512 1370 reddet
540 1314 839 1385 unicuique
865 1312 1164 1368 secundum
1194 1328 1358 1383 opera
1394 1328 1497 1367 sua
1527 1312 1695 1383 (Psal.
1730 1328 1839 1366 LXI.
1872 1312 1981 1379 43).

331 1404 417 1459 Ita
446 1406 502 1458 et
524 1419 678 1458 unus
706 1407 795 1457 est
808 1401 961 1474 ignis
978 1400 1341 1473 gehennae,et
1356 1404 1552 1456 tamen
1567 1399 1793 1456 diverso
1812 1401 1984 1456 modo

331 1492 445 1549 sibi
472 1492 720 1547 traditos
751 1490 1008 1546 cruciat:
1042 1489 1196 1546 sicut
1224 1495 1281 1546 et
1311 1507 1465 1546 unus
1513 1496 1604 1546 est
1634 1490 1792 1546 calor
1820 1490 1982 1554 solis,

332 1586 388 1636 et
419 1586 617 1636 tamen
648 1596 763 1634 non
794 1578 1095 1651 aequaliter
1119 1579 1191 1634 ab
1217 1579 1511 1645 omnibus,
1544 1580 1645 1635 sed
1676 1580 1748 1635 ah
1780 1579 1911 1635 aliis
1931 1584 1988 1636 et

333 1670 406 1725 ab
433 1668 565 1725 aliis
594 1668 821 1724 diverso
853 1669 1027 1723 modo
1049 1685 1152 1741 pro
1174 1669 1264 1723 sui
1289 1669 1548 1741 corporis
1566 1669 1986 1741 temperatione

2087 507 2350 563 Discedite
2377 524 2412 562 a
2439 524 2544 572 me,
2576 507 2873 577 maledicti,
2905 509 2964 563 in
3006 509 3188 579 ignem
3230 516 3502 565 aeternum
3532 507 3736 579 (Matth.

2086 613 2216 661 xxv,
2253 595 2361 667 41).
2397 596 2558 659 Quod
2591 596 2640 651 si
2672 595 2773 652 illa
2803 596 3113 669 supplicia,
3146 600 3204 652 et
3233 595 3397 653 locus
3426 601 3743 652 tormento-

2088 702 2220 740 rum
2248 685 2305 739 in
2340 684 2539 757 aliqua
2569 690 2729 757 parte
2760 702 2956 741 rerum
2978 690 3329 752 creatarum,
3353 686 3412 741 id
3443 690 3533 741 est
3561 686 3622 741 in
3642 685 3745 741 ali-

2091 791 2206 846 qua
2233 778 2396 845 parte
2426 775 2632 829 mundi
2663 792 2790 831 esse
2812 775 3102 830 credenda
3122 775 3422 847 sunt,quis
3440 774 3593 830 alius
3615 791 3744 831 esse

2090 863 2282 935 potuit
2310 863 2461 918 facto
2492 868 2581 919 est
2610 864 3001 920 omnium?De
3031 880 3144 936 quo
3176 865 3474 936 Scriptura
3505 864 3744 921 manife-

2091 956 2178 1008 ste
2209 951 2386 1007 dicit:
2420 952 2524 1020 Qui
2550 955 2688 1009 vivit
2723 956 2785 1009 in
2811 962 3102 1021 aeternum,
3132 957 3340 1010 creavit
3367 956 3551 1010 omnia
3574 955 3744 1010 simul

2093 1042 2279 1113 (Eccli.
2312 1059 2471 1106 xvm,
2504 1043 2575 1113 1).
2628 1043 2775 1098 Cum
2822 1043 2979 1098 enim
3016 1060 3152 1099 vere
3207 1048 3474 1099 creatura
3519 1044 3598 1100 sit
3644 1043 3744 1100 ille

2090 1128 2246 1202 ignis
2275 1136 2548 1201 aeternus,
2581 1149 2771 1204 neque
2801 1132 2958 1188 enim
3005 1133 3330 1188 credendus
3360 1138 3449 1188 est
3476 1150 3605 1189 esse
3625 1133 3743 1189 Deo

2093 1224 2412 1276 coaeternus
2433 1224 2510 1288 ;et
2538 1220 2624 1276 sic
2655 1220 2775 1276 haec
2805 1226 3070 1277 creatura
3098 1222 3156 1276 in
3178 1223 3375 1293 justos
3397 1239 3540 1277 usus
3570 1226 3630 1277 et
3652 1239 3743 1278 re-

2093 1313 2217 1364 ctos
2242 1309 2837 1382 condita,quicunque
2865 1310 2952 1367 vel
2984 1310 3143 1366 illam
3178 1311 3265 1366 vel
3286 1310 3464 1367 aliam
3495 1310 3747 1384 quamli-

2094 1398 2191 1454 bet
2220 1402 2547 1453 creaturam
2581 1417 2696 1455 non
2717 1416 2751 1455 a
2770 1400 2886 1455 Deo
2907 1398 3188 1456 dicitesse
3206 1417 3322 1457 uno
3342 1405 3401 1456 et
3421 1400 3543 1457 solo
3563 1401 3746 1457 totius

2095 1491 2370 1543 creaturae
2400 1493 2655 1554 auctore,
2688 1489 2789 1545 sed
2822 1489 2893 1545 ab
2924 1487 3037 1546 alio
3069 1490 3265 1545 nescio
3296 1489 3749 1563 quo,manifeste

2095 1575 2368 1631 haeretica
2396 1576 2715 1648 impietate,
2745 1577 2835 1634 vel
2876 1578 3348 1645 Manichaeorum,
3381 1578 3468 1635 vel
3497 1577 3749 1634 aliorum

2096 1665 2487 1738 pessimorum
2542 1666 2946 1723 haereticorum
2998 1667 3328 1725 involvitur.
3363 1668 3431 1724 Et
3458 1668 3587 1724 ideo
3613 1685 3751 1724 cum

335 1757 742 1814 sentitur.ldeo
774 1761 969 1812 autem
994 1754 1423 1829 suppliciaipsa
1443 1775 1748 1829 nunquam
1770 1758 1986 1813 ﬁniun-
2018 1791 2066 1857 B
2093 1771 2226 1810 vere
2255 1754 2408 1810 inter
2437 1760 2733 1811 creaturas
2755 1755 2908 1829 ignis
2938 1755 3035 1812 ille
3056 1761 3310 1814 aeternus
3333 1775 3754 1816 connumeran‘

334 1850 451 1912 tur,
486 1845 623 1918 quia
646 1846 882 1916 justum
915 1850 1004 1901 est
1034 1847 1190 1918 apud
1221 1846 1428 1916 Deum,
1463 1851 1527 1902 ut
1557 1847 1658 1919 qui
1681 1864 1986 1919 nunquam

336 1935 448 1991 sibi
478 1934 787 1991 voluerunt
815 1951 1028 2007 ponere
1058 1935 1236 1991 ﬁnem
1266 1940 1659 2008 peccatorum,
1684 1954 1989 2009 nunquam

336 2023 512 2078 ﬁnem
543 2022 799 2079 habeant
840 2027 1288 2095 tormentorum,
1321 2029 1378 2080 et
1415 2025 1515 2097 qui
1574 2026 1625 2082 ei
1676 2025 1991 2082 noluerunt

334 2112 554 2169 subditi
576 2128 703 2168 esse
724 2112 1168 2185 pietate,omnes
1191 2113 1244 2168 ei
1273 2113 1602 2169 subdantur
1622 2116 1986 2181 necessitate,

332 2219 406 2258 ne
437 2205 703 2257 creatura
733 2201 853 2257 ulla
883 2219 989 2258 suo
1021 2206 1323 2259 remaneat
1353 2203 1575 2259 auctori
1608 2204 1991 2272 contraria;et

333 2290 671 2363 quicunque
702 2291 795 2346 hic
828 2308 943 2346 non
977 2291 1395 2364 acquieverunt
1423 2293 1777 2361 veritati,sed
1809 2294 1988 2350 credi-

334 2380 550 2435 derunt
577 2378 980 2452 iniquitati,ibi
1014 2379 1253 2436 omnino
1284 2385 1340 2437 et
1373 2381 1444 2436 ab
1485 2381 1793 2453 iniquitate
1823 2399 1986 2438 coer-

330 2472 595 2534 ceantur,
650 2473 707 2524 et
761 2468 1137 2526 manifestam
1185 2469 1490 2525 veritatem
1546 2471 1726 2526 divini
1762 2472 1984 2544 iudicii,

333 2556 539 2612 divinae
571 2558 897 2629 majestatis
928 2562 985 2612 et
1014 2558 1321 2629 potestatis
1370 2558 1492 2623 Dei,
1527 2564 1585 2614 et
1615 2560 1829 2617 Christi
1858 2563 1987 2634 ejus

333 2663 546 2720 negare
576 2663 692 2703 non
723 2646 1066 2720 possint.Ita
1088 2651 1152 2701 ut
1182 2647 1294 2719 ipsi
1315 2647 1609 2721 impii,qui
1640 2648 1813 2705 alieni
1840 2667 1989 2708 sem-

334 2752 439 2809 per
453 2736 801 2792 exstiterunt
812 2752 846 2791 a
862 2735 1023 2792 cultu
1038 2736 1458 2810 Dei,cogantur
1474 2738 1664 2811 ipsam
1684 2740 1985 2797 veritatem

333 2825 522 2891 fateri,
557 2830 614 2880 et
641 2840 770 2881 sero
800 2828 1100 2897 gementes
1122 2841 1187 2881 ac
1204 2826 1550 2897 pcenitentes
1581 2826 1815 2884 dicant:
1848 2831 1986 2902 Ergo

336 2915 649 2970 movimus
679 2931 714 2969 a
741 2915 834 2969 via
861 2916 1131 2982 veritatis,
1164 2923 1216 2971 et
1231 2916 1472 2987 justitim
1502 2917 1683 2972 lumen
1709 2934 1820 2973 non
1841 2919 1988 2976 luxit

335 3002 510 3072 nobis,
541 3011 592 3059 et
619 3003 701 3058 sol
727 3019 838 3059 non
865 3011 945 3059 est
972 3012 1121 3060 ortus
1166 3005 1323 3060 nobis
1363 3004 1511 3077 (Sap.
1544 3022 1598 3073 v,
1630 3007 1707 3075 6).
1742 3006 1904 3064 Unde
1928 3013 1988 3065 et

337 3091 462 3163 ipse
488 3091 859 3163 omnipotens
881 3091 1035 3147 Deus
1064 3108 1199 3147 cum
1225 3109 1325 3164 per
1356 3092 1669 3164 prophetas
1699 3112 1838 3151 suas
1859 3096 1989 3152 hor-

2100 1843 2212 1900 dus
2243 1844 2338 1908 sit,
2371 1843 2567 1917 ipsum
2600 1844 2725 1900 sine
2756 1846 2934 1902 dubio
2965 1845 3144 1902 habet
3166 1851 3460 1904 auctorem
3491 1854 3550 1905 et
3569 1850 3751 1906 facto-

2099 1950 2242 2003 rem,
2276 1950 2450 2005 quem
2480 1938 2537 1989 et
2565 1933 2756 1990 omnis
2781 1939 2985 1990 caetera
3014 1941 3282 1992 creatura
3305 1938 3395 2005 ;de
3425 1955 3540 2011 quo
3571 1940 3750 1996 etiam

2098 2023 2382 2095 scriptum
2414 2027 2504 2079 est
2530 2040 2544 2077 :
2576 2022 2684 2079 Ser
2711 2025 2860 2079 enim
2888 2024 3081 2081 diebus
3125 2027 3258 2098 fecit
3284 2031 3432 2083 Deus
3460 2030 3668 2090 aetum.
3702 2038 3755 2086 et

2098 2119 2320 2180 terram,
2354 2121 2405 2168 et
2429 2129 2601 2179 mare,
2625 2119 2675 2168 et
2702 2115 2888 2168 omnia
2915 2128 3042 2184 quae
3058 2116 3117 2169 in
3134 2116 3215 2170 eis
3232 2124 3435 2181 sunt,et
3455 2118 3753 2189 inseptimo

2096 2201 2185 2257 die
2213 2203 2477 2272 requievit
2510 2201 2698 2274 (Exod.
2731 2219 2824 2269 xx,
2860 2202 2967 2273 1|).
3002 2202 3169 2258 Dicat
3217 2220 3353 2277 ergo
3400 2204 3510 2262 iste
3540 2206 3600 2261 in
3633 2223 3753 2279 qua

2096 2295 2261 2363 parte
2290 2307 2487 2345 rerum
2519 2295 2686 2362 putet
2703 2306 2832 2347 esse
2852 2291 3231 2360 infernum,id
3254 2298 3346 2350 est
3367 2293 3558 2351 locum
3577 2294 3749 2352 illum

2096 2379 2457 2435 mternalium
2510 2384 2959 2450 tormentorum,
3010 2385 3207 2437 utrum
3254 2382 3314 2438 in
3374 2383 3538 2451 caelo,
3570 2401 3644 2440 an
3685 2385 3747 2441 in

2096 2472 2270 2535 terra,
2305 2484 2378 2523 an
2409 2467 2468 2523 in
2503 2469 2671 2534 mari,
2703 2468 2790 2525 vel
2822 2469 2882 2524 in
2931 2470 3155 2527 caeteris
3203 2488 3329 2543 quae
3360 2473 3420 2527 in
3451 2473 3536 2529 eis
3584 2478 3747 2530 sunt.

2096 2556 2436 2628 Ubicunque
2466 2574 2599 2613 eum
2633 2575 2761 2614 esse
2790 2558 3097 2631 putaverit,
3112 2577 3347 2617 necesse
3377 2567 3468 2619 est
3486 2567 3552 2618 ut
3579 2564 3653 2619 ab
3678 2580 3749 2621 eo

2095 2647 2284 2702 factus
2314 2646 2409 2702 sit.
2460 2648 2573 2717 Qui
2617 2649 2746 2719 fecit
2799 2649 3015 2716 caelum,
3048 2658 3101 2705 et
3142 2658 3364 2721 terram,
3397 2661 3449 2709 et
3493 2670 3664 2719 mare,
3699 2664 3751 2712 et

2094 2736 2283 2791 omnia
2310 2750 2437 2807 quae
2463 2737 2524 2791 in
2552 2738 2632 2791 eis
2650 2745 2777 2792 sunt
2808 2737 3016 2809 (lbid.).

2166 2826 2303 2890 Quae
2332 2841 2468 2880 cum
2501 2825 2583 2881 ita
2613 2824 2863 2893 sint,cur
2891 2827 3018 2899 ipse
3047 2828 3418 2902 omnipotens
3448 2832 3621 2903 Deus,
3645 2834 3751 2906 qui

2094 2917 2184 2968 est
2215 2917 2417 2969 auctor
2446 2919 2503 2970 et
2532 2915 2714 2970 factor
2734 2916 3001 2972 omnium
3022 2934 3362 2986 rerum,non
3394 2926 3547 2978 recte
3575 2928 3633 2979 et
3658 2940 3754 2980 ve-

2095 3003 2306 3058 raciter
2331 3002 2838 3076 intelligatur,sive
2869 3007 3139 3062 credatur
3168 3008 3343 3065 etiam
3375 3012 3751 3082 praedestina-

2094 3095 2321 3147 tortam
2344 3093 2635 3163 iustorum
2653 3098 2709 3149 et
2722 3099 2839 3149 tam
2862 3094 3261 3153 ordinatorum
3282 3099 3750 3172 suppliciorum?

332 3162 515 3236 renda
545 3184 601 3235 et
630 3184 843 3235 aeterna
856 3180 1105 3252 supplici
1133 3162 1545 3252 comminatur,
1571 3183 1903 3254 frequenter
1929 3191 1988 3242 et
2016 3162 2059 3228 (ἶ
2096 3180 2250 3235 Licet
2269 3162 2425 3237 enim
2441 3182 2796 3254 patientibus
2816 3190 2873 3239 et
2895 3186 3320 3244 sustinentibus
3340 3162 3440 3244 illa
3458 3190 3751 3263 supplicia

332 3269 448 3325 ﬁne
478 3267 952 3324 comminationis
983 3286 1100 3323 suze
1132 3269 1774 3342 subjungit,dicens:Et
1789 3276 1981 3343 scient,

331 3359 464 3431 quia
493 3374 587 3429 ego
622 3358 888 3413 Dominus
920 3358 1107 3427 (Exod.
1140 3374 1295 3426 xxnx,
1328 3360 1457 3427 46);
1492 3358 1548 3413 id
1595 3363 1684 3415 est
1731 3364 1983 3419 necessi-

330 3450 449 3501 tate
482 3446 693 3514 dicent,
729 3446 799 3501 ad
832 3446 1231 3502 confusionem
1265 3465 1457 3519 suam,
1493 3449 1644 3520 quod
1679 3468 1980 3523 nunquam

332 3535 545 3608 pietate
584 3539 640 3591 et
680 3534 983 3592 devotione
1041 3535 1189 3591 scire
1244 3536 1553 3591 voluerunt
1603 3539 1673 3593 ad
1734 3540 1982 3599 salutem

332 3641 522 3679 suam.
558 3624 685 3696 Ipse
716 3641 949 3696 quoque
979 3623 1165 3696 ipsius
1187 3624 1422 3680 malitiae
1445 3630 1647 3681 auctor
1666 3633 1724 3683 et
1749 3629 1985 3703 instiga-

333 3718 426 3768 tor
453 3711 744 3779 diabolus,
774 3729 910 3768 cum
932 3711 1206 3770 omnibus
1229 3714 1578 3771 satellitibus
1606 3717 1731 3773 suis
1761 3719 1984 3791 angelis

334 3799 659 3856 immundis
690 3804 868 3872 atque
915 3801 1210 3857 damnatis
1237 3800 1317 3858 ibi
1363 3803 1538 3859 finem
1596 3805 1841 3878 accipiet
1864 3825 1982 3863 sua:

334 3889 682 3962 tyrannidis,
718 3906 895 3962 quam
927 3890 1205 3947 adversus
1243 3891 1425 3946 Deum
1475 3895 1531 3948 et
1576 3899 1778 3950 contra
1805 3896 1983 3953 totius

334 3978 575 4034 humani
591 3978 821 4051 generis
833 3978 1085 4035 salutem
1098 3980 1171 4035 ab
1185 3979 1348 4036 initio
1366 3998 1627 4037 exercere
1640 4000 1755 4039 non
1769 3990 1980 4053 cessat,

334 4083 491 4134 cum,
524 4067 677 4124 sicut
705 4069 990 4141 scriptum
1023 4072 1111 4124 est
1135 4070 1468 4125 :Videutibus
1496 4073 1706 4127 cunctis
1721 4076 1981 4146 praecipi-

332 4158 547 4212 tabitur
569 4158 710 4225 (Job.
736 4159 938 4230 XL,28).
969 4157 1209 4230 Propter
1238 4158 1360 4214 haec
1391 4176 1646 4232 namque
1674 4163 1891 4229 omnia,
1925 4168 1984 4220 et

330 4245 446 4302 alia
477 4264 603 4317 quae
633 4244 693 4300 in
725 4247 963 4303 secretis
993 4246 1093 4302 Dei
1125 4246 1391 4312 latent,in
1424 4247 1741 4321 Scripturis
1762 4252 1982 4308 sanctis

329 4333 507 4389 etiam
559 4335 716 4389 utilis
774 4333 1104 4406 appellatur
1161 4336 1444 4405 infernus:
1476 4335 1630 4391 sicut
1688 4336 1850 4393 utilis
1892 4342 1981 4394 est

331 4438 501 4493 poena
529 4422 705 4477 etiam
737 4422 1131 4477 humanarum
1162 4420 1361 4494 legum
1383 4440 1485 4494 per
1506 4440 1682 4495 quam
1704 4425 1855 4481 noxii
1879 4444 1980 4499 pu-

2095 3270 2402 3325 videantur
2430 3288 2558 3327 esse
2591 3271 2923 3344 mala,apud
2947 3272 3113 3331 illum
3135 3279 3333 3333 tamen
3354 3282 3635 3335 aeternum
3649 3281 3749 3353 ju-

2094 3358 2285 3414 dicem
2312 3377 2427 3415 non
2458 3365 2597 3416 sunt
2623 3361 2813 3429 mala;
2847 3362 2987 3434 quia
3037 3366 3221 3436 justa,
3257 3372 3314 3422 et
3344 3367 3745 3440 nihiljustum

2094 3453 2283 3520 potest
2312 3449 2425 3505 dici
2477 3449 2717 3505 malum.
2753 3452 2882 3523 Ipse
2927 3470 3064 3525 ergo
3112 3458 3169 3510 et
3218 3457 3649 3527 praedestinavit
3686 3464 3747 3515 et

2093 3538 2437 3609 praeparavit
2468 3539 2634 3594 illum
2665 3545 2944 3596 mternum
2968 3541 3264 3615 ignem,de
3286 3562 3402 3611 quo
3433 3546 3560 3619 ipsa
3586 3548 3745 3604 Veri-

2092 3630 2183 3681 tas
2212 3626 2327 3681 ait:
2355 3630 2469 3699 Qui
2486 3638 2714 3699 paratus
2725 3637 2803 3685 est
2840 3631 3054 3687 diabolo
3083 3640 3135 3688 et
3157 3636 3369 3702 angelis
3390 3636 3507 3707 ejus
3534 3637 3742 3708 (Matth.

2092 3734 2221 3782 xxv,
2254 3716 2381 3783 lil);
2424 3721 2481 3772 et
2529 3718 2600 3772 de
2644 3734 2761 3789 quo
2820 3719 3092 3777 Salomon
3141 3721 3322 3779 dicit:
3368 3726 3575 3781 Parata
3612 3737 3748 3783 sunt

2091 3805 2427 3861 derisoribus
2447 3807 2682 3878 judicia,
2723 3816 2775 3863 et
2810 3810 3004 3864 mallei
3044 3814 3404 3882 percutientes
3448 3816 3749 3872 stultorum

2090 3896 2404 3967 corporibus
2435 3897 2612 3968 (Prbv.
2662 3914 2778 3963 Xix,
2810 3899 2922 3970 29).
2965 3898 3023 3953 Si
3073 3899 3229 3956 enim
3277 3900 3398 3958 haec
3432 3904 3749 3977 .supplicia

2092 3983 2291 4055 impiis
2321 3989 2379 4039 et
2399 3984 2617 4056 iniquis
2639 3985 3182 4059 aDeojustojudice
3201 3991 3612 4062 praedestinata
3624 4011 3744 4050 non

2090 4078 2249 4137 sunt,
2281 4073 2573 4144 quomodo
2604 4074 2675 4129 de
2705 4074 2788 4129 eis
2828 4076 3020 4131 adhuc
3067 4076 3268 4150 utique
3322 4079 3536 4136 futuris
3565 4086 3746 4155 atque

2088 4161 2349 4217 venturis
2371 4178 2473 4234 per
2484 4162 2722 4218 beatum
2734 4164 3019 4221 Joannem
3033 4164 3091 4221 in
3117 4167 3463 4241 Apocalypsi
3485 4170 3702 4227 dicitur
3724 4191 3740 4230 :

2088 4252 2153 4307 Et
2176 4251 2571 4307 cruciabuntur
2614 4252 2703 4307 die
2747 4270 2812 4308 ac
2858 4262 3010 4310 nocte
3059 4257 3121 4310 in
3165 4258 3375 4314 saecula
3409 4260 3745 4317 sweulorum

2090 4340 2270 4411 (Apoc.
2301 4357 2394 4405 xx,
2430 4340 2551 4411 10);
2583 4345 2642 4395 et
2694 4341 2941 4398 iterum:
3000 4345 3068 4399 Et
3112 4346 3300 4415 fumus
3349 4354 3745 4406 tormentorum

2086 4444 2275 4483 eorum
2293 4429 2539 4484 ascendet
2574 4431 2635 4484 in
2670 4431 2873 4486 saecula
2905 4432 3237 4489 saeculorum
3266 4434 3442 4507 (Apoc.
3475 4454 3594 4504 xxv,
3628 4439 3739 4511 ll).

331 4510 576 4565 niuntur
605 4514 669 4566 ut
697 4511 885 4566 caeteri
916 4510 974 4565 in
1007 4527 1148 4599 pace
1178 4510 1391 4599 vivant.
1422 4510 1517 4566 Ait
1549 4529 1804 4584 namque
1824 4515 1975 4570 Scri-
2008 4529 2054 4594 D
2085 4518 2386 4582 Quomodo
2415 4517 2590 4573 etiam
2626 4519 2829 4575 beatus
2852 4521 3054 4578 Petrus
3077 4523 3147 4578 de
3168 4524 3524 4595 quibusdam
3547 4510 3741 4599 pessi-

330 4602 504 4669 ptura
533 4615 667 4653 cum
700 4600 769 4654 de
798 4598 1001 4672 lingua
1030 4598 1186 4654 mala
1210 4597 1580 4671 loqueretur:
1614 4603 1679 4657 Et
1706 4603 1869 4659 utilis
1882 4621 1978 4676 po-

328 4686 435 4742 tius
458 4687 669 4758 inferus
699 4703 863 4759 quam
882 4688 984 4743 illa
1003 4689 1200 4756 (Eccli.
1233 4705 1427 4756 XXVIII,
1458 4690 1572 4760 25).

400 4777 545 4828 Cum
596 4791 733 4846 ergo
776 4779 898 4830 tam
941 4776 1103 4846 justa
1145 4781 1201 4831 et
1242 4780 1363 4832 tam
1412 4777 1678 4835 ordinata
1727 4780 1849 4837 sint
1878 4781 1978 4838 illa

329 4867 544 4919 aeterna
572 4862 862 4936 supplicia
908 4865 1270 4936 angelorum,
1305 4866 1423 4922 sive
1470 4867 1777 4925 hominum
1811 4871 1977 4927 dam-

328 4955 624 5018 natorum,
658 4968 763 5008 cur
809 4969 923 5007 non
970 4954 1048 5008 sit
1100 4959 1252 5010 Deus
1311 4961 1517 5011 auctor
1565 4958 1811 5013 eorum?
1858 4977 1975 5015 non

326 5039 482 5113 quod
513 5039 638 5113 ipse
668 5039 746 5095 sit
774 5058 953 5098 causa
995 5046 1290 5099 tantorum
1348 5043 1661 5111 malorum,
1688 5047 1788 5102 sed
1819 5050 1974 5119 quod

324 5129 452 5202 ipse
482 5130 559 5186 sit
595 5131 799 5201 justus
845 5130 1143 5187 ordinator
1192 5136 1250 5188 et
1290 5133 1476 5203 judex
1523 5134 1822 5203 justorum
1853 5141 1973 5192 tor-

323 5224 676 5275 mentorum.
732 5220 847 5275 Aut
899 5221 1192 5291 quomodo
1252 5236 1368 5276 non
1447 5225 1538 5276 est
1595 5228 1797 5279 auctor
1851 5224 1973 5281 illo-

322 5324 452 5362 rum
510 5308 957 5380 suppliciorum,
1001 5310 1071 5365 de
1130 5326 1245 5381 quo
1303 5309 1611 5365 manifeste
1666 5312 1725 5366 in
1787 5315 1970 5370 Evan-

317 5394 467 5466 gelio
525 5396 741 5451 dicitur
791 5415 804 5452 :
864 5400 978 5468 Qui
1028 5403 1204 5469 potest
1273 5406 1325 5453 et
1382 5399 1627 5452 animam
1670 5407 1721 5456 et
1776 5418 1971 5475 corpus

312 5484 535 5555 perdere
592 5487 651 5540 in
697 5486 1002 5555 gehennam
1055 5486 1204 5557 (Luc.
1263 5502 1364 5551 xu,
1396 5486 1487 5556 5);
1533 5490 1626 5542 et:
1685 5491 1793 5558 Qui
1824 5501 1969 5563 post-

315 5589 479 5643 quam
508 5574 948 5643 occiderit,habet
975 5582 1286 5646 potestatem
1314 5576 1525 5632 mittere
1564 5577 1621 5632 in
1666 5579 1968 5649 gehennam

2087 4607 2200 4662 mis
2230 4606 2408 4662 dicit:
2442 4607 2658 4679 Quibus
2679 4609 2858 4677 caligo
2886 4612 3229 4667 tenebrarum
3251 4615 3311 4669 in
3347 4622 3619 4671 artemum
3648 4634 3741 4673 re-

2084 4703 2334 4753 servatur
2362 4696 2435 4764 (II
2462 4697 2609 4752 Petr.
2643 4713 2703 4765 ιι,
2736 4698 2845 4768 17).
2880 4699 2949 4753 Et
2991 4699 3198 4756 beatus
3225 4702 3407 4759 Judas
3437 4704 3741 4776 apostolus

2083 4785 2156 4839 de
2183 4783 2402 4840 eisdem
2435 4784 2739 4841 similiter:
2776 4786 2984 4855 Quibus
3006 4789 3742 4864 procella,inquit,tenebra-

2084 4888 2210 4927 rum
2239 4874 2299 4928 in
2327 4880 2596 4928 Meritum
2639 4882 2853 4930 servata
2898 4882 2978 4931 est
3016 4876 3222 4947 (Iudae.
3257 4877 3368 4950 13).
3401 4879 3569 4936 Certe
3613 4898 3740 4937 om-

2083 4977 2187 5017 nes
2216 4965 2604 5017 consonanter
2615 4962 2868 5018 fatemur
2884 4968 3063 5020 Deum
3078 4966 3523 5038 predestinasse
3536 4971 3741 5027 omnia

2083 5066 2210 5121 qua:
2240 5049 2366 5121 ipse
2386 5054 2542 5105 esset
2572 5050 2854 5118 facturus,
2886 5058 2944 5109 et
2972 5054 3172 5125 utique
3203 5059 3323 5111 tam
3358 5074 3589 5131 magna,
3610 5063 3738 5116 tam

2072 5138 2237 5208 justa
2267 5142 2324 5193 et
2353 5139 2807 5210 aeternajudicia
2829 5156 3000 5196 nemo
3020 5147 3226 5214 praeter
3245 5145 3440 5217 ipsum
3472 5146 3741 5204 facturus

2081 5230 2188 5282 est.
2223 5225 2283 5283 Si
2313 5243 2449 5299 ergo
2471 5228 2543 5282 ad
2564 5229 2691 5298 ejus
2703 5244 2880 5299 opera
2900 5231 3212 5301 pertinent,
3235 5249 3339 5289 nec
3368 5234 3441 5290 ab
3472 5233 3585 5290 alio
3608 5236 3736 5292 fieri

2079 5319 2576 5387 possunt,certum
2609 5320 2698 5370 est
2728 5316 2966 5374 omnino
2985 5336 3089 5375 nec
3110 5320 3363 5378 dubitari
3386 5324 3557 5379 debet
3573 5328 3734 5396 quod

2077 5404 2273 5476 ipsum
2322 5404 2538 5460 habent
2586 5405 3145 5476 praedestinatorem,
3196 5426 3372 5481 quem
3432 5416 3735 5472 auctorem

2079 5499 2252 5566 atque
2284 5494 2583 5550 factorem.

2150 5582 2310 5646 Quod
2344 5583 2390 5639 si
2422 5582 2867 5655 istegpropterea
2886 5585 3028 5644 dicit
3046 5603 3162 5643 non
3184 5587 3505 5647 esseDeum
3529 5596 3734 5649 aucto-
