3914 6166
152 330 253 393 229

1099 327 1328 389 LIBER
1371 322 1785 392 ADVERSUS
1828 323 2195 389 JOANNEM
2240 327 2572 392 SCOTUM.

3414 333 3534 398 930

152 465 368 520 mortem
391 476 405 516 :
428 462 495 515 ut
524 475 626 516 eos
655 460 764 515 hoc
794 459 966 515 modo
996 459 1069 514 ab
1100 459 1259 515 omni
1291 460 1529 516 miseria
1557 459 1778 533 suppli-
1803 464 1860 533 Α
1891 477 1999 533 qua
2031 478 2160 534 quos
2178 462 2326 534 juste
2356 479 2467 519 non
2497 464 2706 529 liberet,
2737 463 2808 519 ad
2834 478 2957 519 eam
2986 464 3111 520 illos
3150 464 3535 537 quodammodo

150 552 346 610 ciorum
374 553 430 605 et
458 551 889 605 tormentorum
912 564 1039 620 quae
1056 549 1417 605 extrinsecus
1446 548 1790 615 adhibetur,-

150 646 198 697 et
222 640 285 695 ab
312 637 468 694 omni
489 640 678 693 morte
696 635 940 710 poenalis
969 636 1363 693 damnationis
1384 636 1604 693 alienos
1628 638 1779 693 futu-

151 746 233 785 ros
253 744 373 784 esse
392 726 850 782 contendat.Sed
875 730 1397 807 quantumcunque
1419 727 1529 782 iste
1545 730 1778 783 conten-

148 819 231 874 dat
244 821 295 873 et
312 814 709 871 contradicere
730 819 990 881 conetur,
1024 814 1377 887 exceptailla
1390 820 1573 871 morte
1597 832 1775 888 quam

153 908 421 962 incurrent
446 903 802 960 intrinsecus
833 919 900 958 ex
930 903 1257 977 ignorantia
1278 908 1335 960 et
1355 904 1619 960 absentia
1636 904 1779 960 verio

149 996 574 1052 tatis.Patientur
601 993 779 1050 etiam
811 993 1175 1050 extrinsecus
1206 993 1359 1049 sicut
1399 991 1776 1066 Apocalypsis

151 1084 266 1140 dicit
285 1102 297 1138 :
316 1085 590 1153 Stagnum
619 1085 768 1151 ignis
813 1090 863 1138 et
909 1082 1215 1155 sulphuris,
1247 1081 1387 1154 quod
1416 1090 1494 1138 est
1521 1098 1667 1138 mors
1694 1098 1776 1139 se-

149 1172 298 1229 cunda
322 1176 514 1243 (Apoc.
547 1189 644 1237 xx,
677 1173 764 1237 10,
800 1172 910 1243 ib).
962 1170 1266 1227 Patientur
1311 1187 1443 1227 vere
1490 1175 1773 1227 aeternum

150 1262 583 1325 miseriam,cum
612 1260 788 1327 Deus,
814 1260 996 1331 judex
1016 1260 1220 1331 justus
1250 1263 1308 1316 et
1336 1259 1502 1316 fortis
1533 1259 1684 1316 dabit
1716 1262 1776 1315 in

149 1367 308 1407 carnes
335 1366 531 1405 eorum
560 1351 744 1418 ignem
769 1357 821 1404 et
848 1364 1071 1416 vermes,
1104 1356 1167 1405 ut
1194 1358 1434 1405 urantur
1459 1358 1511 1404 et
1538 1350 1775 1405 sentiant

150 1456 288 1512 usque
315 1441 375 1493 in
404 1439 803 1510 sempiternum
833 1437 1177 1507 (Judith.xv1,
1208 1437 1329 1505 2i);
1364 1454 1594 1509 semper
1614 1455 1776 1493 nam-

150 1544 239 1601 que
257 1527 310 1582 in
335 1530 707 1597 morte,quos
728 1529 786 1581 et
809 1524 1151 1582 immanitas
1173 1524 1597 1599 suppliciorum
1622 1542 1776 1582 com-

147 1614 291 1688 pellet
319 1616 562 1679 mori,et
581 1614 762 1668 divini
787 1613 998 1686 judicii
1020 1615 1296 1671 severitas
1327 1631 1628 1687 nunquam
1652 1632 1777 1688 per-

145 1704 307 1761 mittet
333 1703 659 1777 exstingui.

719 1791 951 1847 CAPUT
990 1792 1183 1847 XVIII.

201 1881 372 1939 Ocavo
404 1880 639 1937 decimo
661 1880 917 1953 capitulo
948 1880 1032 1935 ita
1062 1880 1239 1936 dicit:

199 1973 242 2026 1.
261 1972 521 2027 Errorem
546 1969 1058 2042 pra’destinationis
1086 1986 1157 2025 ex
1184 1970 1609 2042 disciplinarum
1629 1973 1780 2043 igno-

146 2062 320 2127 rantia,
352 2076 498 2132 quas
548 2061 671 2131 ipsa
716 2059 990 2129 sapientia
1035 2075 1162 2115 suas
1208 2061 1444 2127 comites,
1480 2061 1777 2128 investiga-

146 2151 384 2221 tricesque
408 2149 543 2220 ﬁeri
568 2147 769 2217 voluit,
799 2154 850 2203 et
867 2150 1187 2204 Graecarum
1218 2148 1529 2204 litterarum
1557 2149 1780 2204 inscitia

147 2245 313 2294 ονεωπ.

198 2330 231 2382 2
253 2329 385 2383 Esse
414 2327 649 2383 verbum
694 2334 790 2398 ὸρῶ
838 2325 980 2397 quod
1008 2324 1174 2381 video
1209 2332 1262 2381 et
1310 2324 1570 2380 definitio
1599 2333 1651 2381 et
1680 2326 1779 2380 de-

145 2415 272 2472 stino
301 2419 723 2488 interpretatur,
743 2416 1011 2471 similiter
1038 2417 1391 2487 compositum
1413 2425 1617 2487 προωρῶ
1641 2431 1781 2486 prae-

143 2503 302 2573 video,
335 2503 702 2577 praedeﬁnio,
734 2503 1121 2575 praedestino;
1153 2521 1218 2559 ac
1240 2521 1341 2576 per
1369 2504 1468 2561 hoc
1492 2505 1778 2577 praedesti-

140 2596 391 2650 nationem
441 2603 497 2650 et
539 2593 1033 2665 prcedeﬁnitionem
1080 2594 1228 2649 nihil
1273 2593 1428 2649 aliud
1473 2610 1584 2650 esse
1620 2611 1783 2667 quam

137 2685 533 2754 prmisionem.

195 2772 244 2826 3.
272 2774 445 2827 Deum
479 2787 577 2826 nec
602 2771 928 2843 praevidisse
954 2787 1054 2827 nec
1090 2771 1510 2843 prwdestinasse
1560 2780 1782 2829 mortem

138 2866 183 2915 et
201 2876 408 2933 penus,
437 2862 576 2932 quia
606 2860 755 2915 nihil
781 2862 915 2915 sint.

196 2950 244 3004 4.
277 2955 594 3005 Peccatores
647 2951 707 3004 in
749 2965 933 3004 massa
979 2949 1270 3020 originalis
1302 2952 1510 3021 peccati
1537 2950 1779 3021 reliquit,

140 3038 332 3094 relictos
377 3038 639 3104 deservit,
686 3036 917 3093 desertos
965 3038 1174 3095 lumine
1218 3039 1469 3094 tenebras
1515 3046 1780 3110 torquere,

140 3125 351 3183 desertos
382 3128 505 3182 vita
534 3133 760 3181 mortem
789 3127 1123 3182 interimere.

1806 1839 1853 1903 B

1881 559 2178 622 praeparet,
2209 551 2337 607 dum
2367 568 2455 608 eos
2485 552 2555 607 ad
2583 568 2707 608 eum
2734 554 2937 625 seipsos
2964 569 3286 627 pra’parare
3308 556 3534 626 permit-

1885 647 1980 695 tat.

1958 728 2022 784 In
2050 727 2142 783 his
2170 729 2362 786 verbis
2393 747 2527 786 cum
2554 729 2695 786 dicit
2720 748 2733 786 :
2758 731 3009 787 Errarem
3030 732 3539 805 pra'destinationis

1885 832 1956 872 ea:
1985 816 2404 890 disciplinarum
2434 820 2768 889 ignorantia,
2802 837 2937 892 quas
2969 823 3085 893 ipsa
3113 825 3384 895 sapientia
3409 840 3538 879 suas

1885 907 2104 961 comites
2145 908 2674 979 investigatricesque
2716 909 2841 978 ﬁeri
2883 910 3073 977 voluit,
3123 918 3173 966 et
3224 910 3538 968 Graecarum

1888 993 2197 1051 litterarum
2253 998 2473 1052 inscitia
2529 1004 2737 1065 ortum;
2787 998 3081 1054 auditores
3138 1016 3276 1055 suos
3335 1001 3537 1073 utique

1887 1088 2225 1140 commonet
2255 1089 2321 1140 ut
2349 1086 2421 1140 ab
2452 1102 2539 1151 eo,
2573 1090 2851 1158 tanquam
2880 1087 3004 1144 viro
3035 1088 3437 1144 eruditissimo
3482 1093 3539 1146 et

1885 1171 2215 1246 philosophi
2224 1173 2643 1242 co,liberalium
2660 1175 3102 1248 disciplinarum
3117 1176 3345 1232 discant
3358 1178 3539 1233 scien-

1884 1260 2324 1327 tiam,fortassis
2349 1263 2524 1319 etiam
2557 1266 2623 1318 ut
2652 1264 2724 1319 ab
2755 1280 2820 1319 eo
2852 1265 3125 1321 similiter
3144 1266 3370 1322 discant
3390 1270 3536 1321 Gre-

1885 1366 2085 1406 carum
2116 1350 2445 1407 litterarum
2479 1352 2729 1424 peritam
2766 1370 2778 1409 :
2810 1354 3066 1409 affirmat
3096 1371 3349 1427 namque
3380 1356 3535 1428 quod

1884 1438 2013 1510 ipsa
2042 1439 2328 1511 sapientia
2358 1441 2524 1512 quasi
2559 1442 2802 1497 comites
2823 1446 2879 1498 et
2910 1442 3140 1498 sodales
3160 1443 3269 1499 sibi
3293 1446 3535 1516 conjun-

1885 1532 2010 1585 ctas
2040 1528 2251 1585 habeat
2279 1531 2482 1585 eadem
2514 1529 2840 1586 liberalium
2879 1531 3093 1586 artium
3125 1532 3538 1602 doctrinas,ita

1884 1620 1950 1671 ut
1978 1617 2117 1689 quid
2150 1618 2221 1673 ad
2254 1618 2383 1689 ejus
2409 1619 2804 1691 cognitionem
2833 1619 3082 1675 voluerit
3112 1620 3536 1692 pervenire,ne-

1884 1705 2168 1762 cessarias
2200 1707 2438 1762 omnino
2453 1708 2806 1780 babeatipsa
2821 1707 3093 1764 liberales
3107 1708 3540 1782 disciplinas,ut

1885 1811 1989 1867 per
2016 1812 2134 1863 eas,
2168 1796 2325 1867 quod
2354 1813 2556 1851 verum
2587 1800 2696 1863 est,
2721 1796 2907 1869 possit
2937 1796 3379 1870 investigare.Si
3402 1814 3539 1871 ergo

1885 1884 2039 1955 apud
2070 1888 2306 1941 caeteros
2324 1885 2394 1941 de
2422 1884 2659 1941 veritate
2679 1885 2887 1940 divina:
2910 1886 3539 1958 praedestinationiser-

1886 1989 2084 2028 rorum
2117 1973 2251 2029 fecit
2281 1973 2610 2047 ignorantia
2640 1973 3009 2029 saecularium
3040 1973 3537 2048 litterarum,quid

1886 2061 2016 2127 iste,
2050 2061 2149 2133 qui
2182 2078 2384 2117 earum
2419 2078 2479 2117 se
2504 2064 2691 2134 jactat
2721 2062 3076 2134 peritum,de
3103 2062 3211 2118 hac
3237 2081 3297 2119 re
3318 2081 3422 2137 per
3441 2081 3540 2121 eas

1887 2148 2421 2223 investigavit,quid
2455 2151 2716 2206 veritatis
2736 2151 2997 2206 invenit?
3025 2151 3163 2223 quid
3198 2152 3541 2209 firmissima

1887 2238 2111 2293 ratione
2141 2237 2440 2305 fultum,et
2469 2238 2627 2295 omni
2661 2239 2995 2311 acceptione
3022 2240 3294 2312 dignum,
3326 2240 3385 2296 in
3418 2246 3538 2297 tam
3602 2304 3619 2315 _

1887 2326 2108 2400 prolixo
2141 2344 2246 2383 suo
2268 2345 2537 2384 sermone
2555 2327 2915 2401 disputavit?
2945 2328 3049 2383 Ubi
3075 2328 3218 2384 nihil
3249 2328 3545 2386 invenitur

1889 2415 2046 2471 aliud
2078 2416 2189 2471 nisi
2222 2417 2557 2489 superﬂuus
2587 2416 2754 2473 labor
2781 2417 3079 2483 vanitatis,
3113 2422 3170 2474 et
3216 2418 3541 2492 implicatio

1888 2504 2101 2560 infiniti
2132 2506 2365 2574 erroris,
2385 2510 2442 2561 et
2472 2506 2845 2578 apertissima
2864 2505 3232 2579 impugnatio
3260 2508 3539 2577 veritatis,

1890 2595 2032 2649 dum
2065 2594 2397 2667 Scripturas
2426 2595 2686 2651 veritatis
2712 2600 3178 2664 contemnens,et
3205 2596 3364 2669 ipsas
3395 2614 3543 2670 quo-

1892 2701 2004 2755 que
2036 2682 2313 2739 historias
2346 2683 2675 2739 divinorum
2708 2683 3071 2755 eloquiorum
3097 2685 3424 2758 incognitas
3445 2687 3545 2742 ha-

1891 2774 2057 2841 bens,
2093 2790 2207 2827 non
2260 2772 2319 2827 in
2369 2772 2454 2827 eis
2501 2772 2820 2827 meditatur
2868 2773 2961 2829 die
3013 2790 3078 2828 ac
3112 2778 3298 2841 nocte,
3335 2791 3439 2829 nec
3470 2776 3541 2830 ad

1892 2876 2093 2916 earum
2118 2860 2376 2932 regulam
2397 2862 2570 2916 {idem
2586 2878 2751 2916 suam
2768 2861 3075 2932 corrigere,
3099 2862 3347 2934 dirigere
3368 2867 3543 2934 atque

1892 2948 2208 3004 informare
2238 2949 2461 3004 studet:
2482 2949 2581 3004 sed
2613 2949 2737 3004 dies
2762 2952 2817 3004 et
2848 2954 3045 3005 noctes
3066 2950 3125 3003 in
3147 2950 3543 3006 humanarum

1889 3037 2212 3092 vanitatum
2244 3035 2489 3092 lectione
2519 3036 2832 3105 consumit,
2885 3040 2941 3092 et
2985 3054 3275 3110 porcorum
3323 3040 3544 3112 siliquis

1892 3134 2132 3183 ventrem
2161 3143 2324 3181 suum
2353 3125 2595 3198 implere
2624 3124 2785 3198 cupit
2805 3126 2954 3198 (Luc.
2986 3144 3081 3195 xv,
3115 3127 3224 3200 16),
3257 3144 3364 3184 nee
3409 3127 3544 3184 inde

198 3217 246 3270 5.
276 3216 381 3271 Nec
410 3215 559 3288 quod
590 3217 651 3270 in
678 3217 757 3271 eis
785 3217 926 3270 Deus
953 3217 1099 3286 fecit,
1145 3215 1415 3287 relinquit
1455 3215 1539 3271 vel
1582 3214 1786 3271 deserit
1815 3204 1858 3271 C
1896 3215 2155 3287 aliquam
2180 3215 2550 3271 refectionem
2573 3214 2755 3286 capit:
2777 3215 2877 3270 sed
2896 3214 3228 3272 miserrima
3240 3217 3391 3272 fame
3413 3233 3545 3273 con-

144 3305 419 3377 {Alioquin
452 3320 647 3360 eorum
675 3312 879 3360 natura
908 3304 977 3359 ad
1008 3305 1248 3359 nihilum
1267 3304 1469 3360 rediret
1496 3306 1549 3360 si
1574 3321 1788 3360 summa

144 3397 358 3449 essentia
390 3396 458 3449 in
490 3394 569 3448 eis
597 3408 704 3448 non
737 3392 924 3464 esset);
952 3392 1042 3448 sed
1071 3392 1211 3464 quod
1236 3395 1298 3448 in
1325 3395 1404 3449 eis
1430 3409 1539 3449 non
1567 3396 1715 3464 fecit,
1732 3394 1790 3449 id

144 3491 209 3538 est
234 3484 562 3556 superbiam
587 3482 808 3554 sprevit.

203 3572 253 3625 6.
282 3572 459 3628 Deum
490 3572 549 3626 in
578 3586 640 3627 ea
669 3578 874 3626 natura
902 3586 1067 3642 quam
1111 3571 1182 3626 ad
1226 3586 1283 3627 se
1329 3574 1534 3627 creavit
1578 3588 1790 3644 semper

145 3656 395 3717 habitare.

200 3749 251 3804 7.
278 3750 380 3805 Dei
406 3750 748 3821 sapientiam
772 3749 1189 3821 prwdestinasse
1219 3750 1277 3803 in
1306 3750 1423 3804 suis
1454 3748 1788 3817 legibusmo—

138 3833 219 3893 dos
258 3839 413 3893 ultra
464 3852 601 3908 quos
646 3839 943 3908 impiorum
983 3838 1203 3892 malitia
1246 3837 1503 3909 progredi
1529 3855 1638 3893 non
1663 3854 1786 3910 pos-

139 3927 218 3990 sit,
234 3943 332 3981 nec
357 3928 505 3982 sinit
531 3926 771 3996 alicujus
799 3928 1073 3982 malitiam
1098 3928 1159 3981 in
1190 3927 1493 3997 inﬁnitum,
1512 3936 1675 3999 prout
1701 3943 1766 3983 ve

138 4012 211 4081 lit,
240 4015 502 4079 extendi,
531 4014 738 4071 divinis
770 4016 981 4085 legibus
1013 4016 1401 4087 progrediendi
1427 4016 1648 4073 modum
1677 4019 1782 4073 im-

135 4106 477 4171 ponentibus.

197 4192 245 4245 8.
293 4194 569 4263 Nihilque
616 4201 864 4264 appetere
920 4195 1219 4264 impiorum
1265 4195 1530 4262 omnium,
1576 4194 1787 4251 diaboli

135 4283 455 4351 nequitiam,
486 4283 606 4336 nisi
632 4283 700 4336 ab
729 4298 808 4350 eo,
843 4284 942 4354 qui
988 4290 1067 4339 est
1110 4299 1329 4339 summa
1374 4286 1609 4339 essentia
1639 4300 1781 4340 rece-

136 4366 264 4425 dere.
294 4372 358 4426 In
392 4377 636 4437 tantum,
672 4378 734 4426 ut
758 4387 945 4429 eorum
971 4380 1195 4440 natura,
1218 4374 1270 4427 si
1297 4373 1388 4429 lea:
1410 4373 1607 4428 divina
1635 4376 1782 4430 sine-

134 4465 224 4523 ret,
256 4460 319 4513 in
348 4460 605 4514 nihilum
632 4459 851 4515 rediret.
884 4454 995 4517 Sed
1012 4462 1277 4533 quoniam
1304 4463 1359 4517 ei
1384 4461 1687 4533 difﬁcultas
1714 4479 1785 4518 ex

1898 3303 2146 3359 tabescit
2161 3307 2217 3359 et
2236 3303 2388 3377 perit
2407 3302 2769 3375 nequissimo
2782 3302 3044 3375 principe
3057 3303 3166 3358 sibi
3181 3304 3542 3371 dominante,

1899 3394 1997 3464 qui
2013 3394 2165 3447 misit
2189 3408 2315 3446 cum
2344 3393 2401 3446 in
2432 3391 2625 3446 villam
2641 3407 2798 3446 suam
2818 3399 2878 3446 ut
2902 3400 3143 3463 pasceret
3167 3393 3543 3464 poreos(lbid.,

1898 3480 2008 3553 45).
2041 3480 2385 3536 Revertatur
2410 3479 2608 3552 itaque
2655 3479 2714 3535 in
2772 3479 3055 3552 seipsum,
3085 3485 3288 3554 surgat
3344 3486 3401 3538 et
3455 3499 3547 3539 ve-

1898 3569 2022 3625 niat
2051 3570 2123 3624 ad
2155 3572 2402 3641 patrem,
2435 3571 2501 3623 ut
2533 3568 2692 3623 intus
2744 3584 2927 3639 panes
2977 3568 3232 3624 inveniat
3269 3569 3366 3641 qui
3403 3570 3544 3627 foris

1896 3659 2050 3714 fame
2079 3657 2340 3730 peribat;
2373 3656 2452 3711 ibi
2486 3662 2763 3728 pascatur
2792 3654 2981 3729 epulis
3010 3656 3177 3712 vituli
3213 3658 3547 3731 saginati,et

1896 3765 2000 3820 pro
2028 3747 2230 3802 mundi
2249 3745 2766 3814 saluteimmolati;
2801 3746 2880 3801 ibi
2895 3746 3484 3819 audiatsymphoniam
3495 3758 3546 3805 et

1895 3839 2118 3893 chorum
2172 3836 2355 3904 (Ibid,
2406 3837 2519 3904 25),
2596 3834 2652 3890 id
2721 3838 2809 3891 est
2872 3835 3277 3891 admirandam
3338 3854 3545 3894 conso-

1896 3926 2157 3982 nantiam
2190 3923 2513 3980 cmlestium
2534 3922 2965 3996 Scripturarum
2985 3929 3043 3980 et
3059 3924 3287 3981 dulcem
3313 3942 3546 3982 concor-

1895 4018 2053 4073 diam
2083 4013 2474 4086 fidelium,qui
2506 4029 2709 4069 omnes
2738 4012 2894 4069 idem
2926 4014 3302 4085 sapientes,in
3338 4015 3542 4071 eodem

1894 4123 2068 4163 sensu
2101 4108 2275 4176 atque
2304 4102 2596 4158 sententia
2626 4102 3179 4169 ﬁrmati,unanimes
3200 4120 3317 4157 uno
3331 4120 3427 4159 ore
3448 4102 3547 4158 bo-

1894 4195 2199 4251 noriﬁcant
2229 4193 2410 4248 Deum
2431 4196 2487 4247 et
2507 4191 2735 4246 Patrem
2752 4190 2982 4245 Domini
3008 4191 3193 4246 nostri
3223 4191 3362 4246 Jesu
3385 4190 3545 4245 Chri-

1893 4285 1987 4341 sti.
2023 4288 2087 4337 In
2119 4282 2228 4338 hac
2261 4282 2456 4353 itaque
2486 4281 2659 4335 domo
2704 4296 2807 4351 per
2854 4279 2952 4335 Dei
2996 4278 3455 4335 misericordiam
3485 4284 3545 4335 et

1892 4372 2026 4429 ﬁdei
2052 4370 2301 4445 gratiam
2334 4368 2529 4443 positi,
2563 4369 2875 4425 audiamus
2913 4373 2971 4424 et
3016 4372 3320 4424 teneamus
3351 4367 3543 4423 ﬁdeli-

1891 4466 1980 4518 ter
2003 4461 2158 4534 quod
2183 4460 2553 4533 dispensator
2568 4458 2740 4532 panis
2760 4457 3044 4523 zeterni,id
3058 4456 3313 4512 estverbi
3337 4455 3540 4522 divini,

133 4550 344 4602 aeternis
377 4548 597 4616 legibus
627 4549 843 4605 obsistit
866 4566 936 4605 ne
982 4552 1043 4605 in
1091 4557 1308 4606 tantum
1336 4551 1494 4606 cadat
1522 4560 1785 4623 quantum
1816 4573 1863 4639 Β
1894 4552 2064 4608 nobis
2095 4548 2596 4619 insinuat,dicens
2633 4563 2645 4600 :
2678 4547 2740 4602 Si
2768 4548 2891 4618 quis
2919 4545 3133 4601 videtur
3162 4547 3307 4601 inter
3334 4562 3426 4602 vos
3454 4562 3542 4602 sa-

132 4634 303 4703 vellet,
332 4653 410 4692 ea:
439 4652 514 4692 ea
545 4636 874 4707 difﬁcultate
903 4639 1174 4704 laborare,
1207 4638 1503 4695 laborando
1522 4642 1783 4711 torqueri,

128 4724 329 4795 puniri,
362 4728 639 4795 cruciari,
670 4734 721 4781 et
767 4725 896 4783 inde
943 4728 1068 4797 ﬁeri
1113 4729 1377 4783 miseram
1411 4730 1665 4784 inanium
1694 4746 1784 4786 vo-

131 4812 395 4883 luptatum
422 4822 680 4883 egestate.
730 4816 970 4888 Eamque
1014 4816 1414 4889 difﬁcultatem,
1451 4833 1559 4889 qua
1590 4820 1784 4891 prohi-

133 4899 316 4957 bentur
338 4906 640 4975 pervenire
666 4904 737 4960 ad
764 4921 828 4960 ea
853 4920 979 4977 quae
1009 4906 1305 4962 libidinose
1327 4914 1606 4979 appetunt,
1640 4910 1788 4980 efﬁci

129 4991 201 5045 eis
224 4994 507 5062 ptenalem
535 4995 842 5061 interitum,
874 5002 927 5051 et
969 5010 1090 5052 suae
1134 4996 1467 5052 miserrimae
1511 4996 1787 5068 cupidinis

121 5077 494 5146 justissimum
514 5085 842 5139 crueiatum.

190 5167 245 5223 9.
309 5171 609 5245 Utriusque
671 5175 852 5245 partis
906 5173 1362 5246 praedestinatum
1424 5190 1535 5232 esse
1591 5193 1785 5235 nume-

130 5271 268 5312 rum.

190 5346 276 5401 10.
310 5348 527 5406 Invitos
555 5355 667 5407 Deo
689 5353 896 5408 servire
926 5353 1122 5424 impios
1155 5370 1173 5406 :
1203 5368 1313 5409 non
1331 5360 1589 5410 naturam
1620 5371 1785 5427 quam

129 5434 183 5488 ia
209 5439 288 5492 eis
317 5439 479 5510 fecit,
510 5448 560 5495 et
589 5443 650 5495 in
677 5442 758 5496 eis
786 5457 899 5497 non
940 5443 1125 5514 punit,
1168 5442 1261 5497 sed
1301 5442 1507 5498 malam
1534 5446 1783 5501 volunta-

127 5527 244 5592 tem,
277 5542 461 5599 quam
487 5530 547 5582 in
575 5531 656 5585 eis
678 5545 789 5585 non
816 5531 1024 5603 fecit,et
1051 5532 1110 5586 in
1157 5531 1236 5587 eis
1260 5533 1461 5603 punit;
1510 5535 1571 5589 in
1617 5549 1782 5607 eoque

128 5614 260 5689 quod
286 5618 347 5674 ei
376 5617 545 5675 inviti
569 5620 841 5690 serviunt,
864 5620 1066 5696 puniri
1094 5621 1154 5679 in
1181 5622 1375 5698 seipsis
1393 5637 1497 5681 sua
1520 5625 1781 5701 paena.De

1890 4644 2048 4714 piens
2077 4656 2191 4697 esse
2220 4642 2277 4695 in
2308 4641 2406 4695 hoc
2433 4637 2656 4701 saeculo,
2687 4636 2888 4690 stultus
2930 4636 3029 4706 ﬁat
3076 4643 3137 4691 ut
3184 4637 3256 4691 sit
3300 4636 3541 4707 sapiens.

1892 4732 2178 4804 Sapientia
2207 4730 2356 4784 enim
2384 4728 2547 4798 hujus
2576 4723 3029 4789 mundi,stultitia
3054 4732 3131 4781 est
3160 4724 3305 4797 apud
3353 4726 3542 4781 Deum.

1892 4823 2171 4892 Scriptum
2198 4825 2278 4873 est
2302 4819 2451 4872 enim
2481 4835 2499 4870 :
2532 4813 3002 4885 Comprehendant
3028 4816 3296 4886 sapientes
3319 4816 3379 4870 in
3397 4823 3546 4870 astu-

1894 4913 1974 4967 tia
2001 4926 2208 4966 eorum.
2241 4907 2309 4961 Et
2341 4922 2353 4960 :
2386 4905 2645 4960 Dominus
2674 4905 2924 4972 cognovit
2949 4906 3297 4974 cogitationes
3325 4907 3543 4976 sapien-

1894 5003 2054 5068 tium,
2105 4997 2365 5069 quoniam
2413 5007 2573 5050 vanae
2617 5001 2747 5048 sunt
2780 4992 2828 5065 (ι
2874 4993 2994 5050 Cor.
3029 5011 3111 5061 ιιι,
3169 4996 3250 5063 18,
3281 4995 3395 5065 20).
3433 4996 3545 5048 Au-

1894 5090 2127 5145 diamus
2159 5090 2216 5141 et
2243 5082 2410 5138 illum
2435 5080 2942 5155 sapientissimum
2972 5082 3186 5151 virum,
3216 5082 3316 5155 qui
3359 5081 3500 5137 dicit
3528 5098 3541 5136 :

1891 5178 2264 5237 Stultissimus
2288 5189 2410 5229 sum
2449 5174 2773 5239 virorum,et
2803 5174 3080 5245 sapientia
3126 5173 3407 5228 hominum
3434 5185 3546 5224 non

1891 5277 1970 5327 est
1996 5282 2209 5333 meum;
2239 5280 2347 5319 non
2378 5262 2552 5318 didici
2576 5264 2928 5335 sapientiam,
2952 5279 3059 5319 non
3082 5265 3211 5318 novi
3237 5268 3543 5317 sanctorum

1889 5358 2181 5415 scientiam
2211 5353 2390 5427 (Prov.
2423 5370 2555 5419 xxx,
2587 5355 2642 5420 2,
2675 5351 2744 5420 3).

1962 5442 2124 5509 Quod
2158 5457 2274 5496 non
2307 5440 2437 5496 ideo
2468 5436 2723 5495 dicimus
2756 5438 2927 5511 quasi
2962 5437 3107 5493 nihil
3140 5437 3197 5492 in
3229 5434 3347 5489 illis
3368 5431 3545 5489 etiam

1889 5531 2099 5587 litteris
2129 5529 2406 5587 humanis
2435 5527 2766 5584 inveniatur
2793 5526 3186 5594 veritatis,aut
3215 5522 3327 5579 illa:
3359 5521 3545 5578 disci-

1888 5620 2061 5702 plinae
2074 5639 2190 5681 non
2204 5620 2459 5681 habeant
2469 5616 2727 5698 aliquam
2741 5616 3052 5679 utilitatem
3065 5613 3137 5673 ad
3150 5612 3545 5693 indagandum
