3914 6166
172 381 271 442 233

1108 377 1338 437 LIBER
1379 374 1794 437 ADVERSUS
1841 374 2203 439 JOANNEM
2250 377 2586 440 SCOTUM.

3430 380 3553 439 234

233 509 359 566 Host
390 488 527 563 haec
549 506 619 564 ad
653 505 800 563 illud
842 498 1172 563 necessario
1208 508 1621 575 convertimur,
1647 508 1799 580 quod
1830 512 1884 579 Α
1916 508 2069 581 quod
2103 508 2307 581 utique
2338 508 2708 565 manifestius
2758 508 2829 565 ad
2880 508 3243 565 destinatum
3293 509 3546 582 pertinet

173 601 264 656 iste
284 602 341 653 ut
361 595 589 670 aliquid
616 595 792 651 etiam
818 611 884 651 ex
901 595 1108 651 Graecae
1130 595 1346 669 lingua:
1369 597 1577 668 peritia
1593 596 1799 653 docere

173 688 430 751 videatur,
456 684 624 740 addit
664 684 723 739 et
758 682 937 739 dicit:
966 684 1096 739 Ecce
1139 684 1386 742 Gra’cum
1421 685 1645 741 verbum
1678 692 1795 757 ὁρῶ,

174 776 289 850 quod
300 774 488 842 video,
501 781 554 829 et
567 772 802 839 definio,
814 780 865 828 et
880 772 1109 829 destina
1127 773 1800 847 interpretatur,similiter

174 866 503 936 compositum
521 871 715 934 προορῶ
737 859 1039 932 praevideo,
1055 861 1411 933 prmdeﬁnio,
1425 860 1794 937 praedestino.

174 955 233 1010 Ae
249 969 338 1026 per
367 952 472 1007 hoc
494 949 1036 1023 praedestinatin
1063 958 1115 1006 et
1132 950 1625 1022 prwdeﬁnitionem
1652 950 1798 1005 nihil

176 1040 301 1098 aliud
326 1055 446 1097 esse
476 1056 643 1113 quam
666 1039 1072 1110 praviswuem.
1099 1041 1163 1094 In
1196 1039 1411 1111 quibus
1440 1038 1631 1095 verbis
1654 1038 1799 1094 bene

175 1130 381 1203 quidem
435 1129 519 1184 ait
548 1128 702 1201 quod
732 1134 835 1202 ὁρῶν
860 1127 1045 1201 possit
1077 1127 1279 1184 Latine
1328 1128 1441 1183 dici
1488 1128 1661 1194 video,
1694 1127 1796 1183 sed

170 1219 439 1295 quomodo
470 1217 633 1274 istud
654 1217 805 1273 video
834 1215 1080 1290 intelligi
1108 1217 1335 1286 debeat,
1359 1225 1556 1273 utrum
1579 1215 1799 1289 simpli-

173 1308 289 1364 citer
309 1307 746 1374 tantummodo,
770 1305 924 1362 sicut
943 1305 1130 1362 multa
1148 1306 1414 1361 videmus
1433 1304 1589 1361 velut
1609 1309 1800 1361 trans-

172 1401 349 1452 eunter
376 1399 437 1451 et
464 1394 619 1450 ultro
649 1410 710 1451 se
738 1394 957 1451 nostris
981 1394 1317 1467 aspectibus
1346 1393 1699 1467 ingerentia;
1724 1409 1797 1448 an

172 1490 300 1543 certo
329 1483 535 1558 aliquo
565 1488 623 1541 et
651 1484 836 1540 deﬁxo
868 1483 1086 1553 intuiti,
1114 1482 1230 1556 quo
1260 1500 1382 1539 rem
1414 1483 1672 1556 aliquam
1698 1486 1800 1538 aut

170 1574 471 1631 certissime
523 1588 653 1630 esse
690 1587 1133 1647 cognoscamus,
1160 1582 1262 1629 aut
1308 1576 1471 1629 tanta
1517 1570 1656 1628 illuc
1710 1571 1796 1626 in-

169 1662 400 1720 tentione
420 1666 626 1719 noster
649 1662 938 1734 dirigatur
962 1666 1254 1735 aspectus,
1280 1665 1342 1717 ut
1365 1661 1534 1734 quasi
1561 1660 1797 1735 signum

169 1754 227 1809 ad
252 1752 526 1826 sagittam
559 1751 833 1807 eumdem
867 1754 1134 1807 nostrum
1162 1754 1462 1824 aspectum
1495 1750 1645 1806 actio
1668 1765 1799 1804 con-

169 1847 448 1914 sequatur.
465 1840 630 1897 Sicut
661 1843 717 1896 et
745 1839 1048 1912 Scriptura
1079 1840 1220 1895 dicit
1248 1840 1319 1895 de
1363 1840 1526 1909 fabro
1557 1838 1797 1895 ferrario

166 1929 235 1987 vel
257 1930 575 2002 cujuslibet
590 1928 829 1985 alterius
848 1927 1235 2002 metalli,quia
1254 1929 1325 1984 ad
1344 1927 1796 1984 similitudinem

166 2019 295 2074 vasis
323 2018 489 2092 quod
534 2016 873 2086 fabricatur,
907 2020 996 2074 est
1024 2017 1228 2073 oculus
1259 2016 1592 2085 illius,cum
1638 2019 1801 2072 tanta

168 2106 291 2163 illud
318 2107 653 2164 intentione
678 2105 830 2163 oculi
862 2105 1127 2175 attendit,
1153 2110 1217 2161 ut
1246 2106 1405 2163 velut
1438 2106 1509 2162 ad
1536 2104 1797 2179 regulam

166 2196 236 2252 vel
265 2197 329 2253 ad
365 2194 585 2252 lineam
632 2195 724 2251 sui
764 2196 1003 2251 obtutus
1050 2193 1196 2251 nihil
1230 2195 1286 2250 in
1320 2212 1386 2251 eo
1417 2195 1584 2251 aliter
1620 2211 1798 2267 quam

164 2286 267 2358 ipse
304 2285 609 2360 disposuit
656 2301 785 2341 esse
836 2284 1111 2357 patiatur.
1144 2287 1232 2340 Ita
1263 2301 1398 2357 ergo
1456 2285 1647 2357 magis
1702 2282 1799 2340 ille

162 2391 328 2431 sermo
372 2383 494 2447 ὁρῶ,
527 2374 586 2429 id
620 2376 709 2429 est
741 2373 1352 2447 video,intelligendus
1395 2378 1503 2441 est,
1554 2378 1618 2427 ut
1662 2372 1798 2428 talis

161 2464 226 2520 ibi
252 2465 394 2521 visio
422 2463 790 2536 designetur,
805 2479 932 2534 quze
965 2462 1045 2518 ita
1074 2463 1142 2518 ad
1168 2466 1390 2518 certum
1417 2461 1690 2535 dirigitur
1714 2461 1801 2515 in-

160 2554 379 2622 tuitum,
407 2555 479 2608 ut
508 2552 583 2607 ad
613 2550 809 2623 ipsum
840 2550 925 2605 vel
959 2550 1235 2607 incursus
1272 2549 1573 2617 intuentis,
1599 2548 1684 2605 vcl
1710 2551 1799 2621 ja-

160 2640 483 2711 culatio,vel
517 2638 945 2707 fabricatio,vel
970 2639 1126 2696 aliud
1158 2639 1447 2712 ejusmodi
1476 2638 1799 2695 rectissime

157 2738 204 2787 et
232 2727 726 2788 indeclinabiliter
755 2728 1063 2802 dirigatur.

218 2822 293 2876 Ex
321 2821 435 2876 hoc
473 2834 730 2890 namque
758 2819 932 2873 verbo
962 2818 1115 2890 quod
1142 2817 1355 2874 dicitur
1378 2826 1476 2891 ὁρῶ
1508 2817 1802 2874 derivatur

157 2917 329 2982 δρώμα,
349 2908 516 2983 quod
549 2911 639 2963 est
668 2906 875 2962 Latine
909 2909 1069 2963 visio.
1093 2908 1277 2972 Quam
1314 2908 1621 2978 visionem,
1642 2905 1800 2962 verbi

156 2998 346 3072 gratia,
379 2996 626 3063 somnii,
644 2998 748 3052 aut
774 2995 1027 3066 alicujus
1056 2996 1441 3068 revelationis,
1469 2997 1550 3051 ita
1574 2994 1801 3067 antiqui

156 3087 524 3152 deﬁnierunt,
549 3084 689 3158 quia
714 3083 865 3140 visio
908 3087 997 3140 est
1043 3099 1175 3138 cum
1209 3085 1265 3139 id
1297 3085 1429 3156 quis
1460 3083 1614 3140 videt
1644 3083 1801 3155 quod

159 3178 344 3232 eodem
378 3175 563 3232 modo
592 3191 709 3248 quo
736 3175 1086 3247 apparuerat
1105 3174 1343 3229 eveniet.
1362 3174 1520 3232 Unde
1550 3172 1803 3229 maxime

1826 1886 1873 1951 B

1906 598 2068 663 Quod
2091 600 2286 654 autem
2306 598 2663 654 destinatum
2685 597 2794 655 hoc
2814 597 2890 655 sit
2911 598 3330 671 proprie,quod
3351 600 3421 654 ad
3445 616 3563 655 cer-

1906 690 2033 742 tum
2066 686 2343 742 intuitum
2370 687 2491 743 sive
2510 685 2821 743 consilium
2847 688 3139 760 dirigitur,
3165 688 3422 744 ostendit
3450 704 3560 745 no-

1907 774 1999 831 bis
2029 774 2353 848 Scriptura,
2383 792 2508 848 que
2539 776 2683 832 dicit
2715 792 2728 832 :
2755 781 2864 833 Aut
2886 778 3031 832 sicut
3053 778 3257 846 sagitta
3287 779 3347 832 in
3383 777 3561 834 locum

1905 865 2105 921 missa
2161 864 2490 921 destinatum
2543 865 2693 936 (Sap.
2727 882 2781 933 ν,
2813 867 2925 936 12).
2958 852 3028 921 Et
3071 866 3404 937 Apostolus,
3454 867 3556 923 ubi

1908 952 1978 1007 de
2011 969 2073 1009 se
2101 952 2228 1026 ipso
2251 952 2367 1010 ait:
2395 953 2486 1009 Αιί
2508 953 2836 1009 destinatum
2858 969 3172 1025 persequor,
3194 954 3263 1009 ad
3306 955 3556 1011 bravium

1904 1058 2161 1114 supernae
2182 1044 2483 1099 vocationis
2516 1044 2633 1110 Dei,
2657 1045 2765 1098 etc.
2791 1042 2959 1114 (Phil.
2987 1058 3071 1109 nr,
3096 1042 3205 1111 44).
3225 1043 3388 1108 Quod
3419 1044 3555 1100 bea-

1904 1133 2004 1187 tus
2026 1131 2411 1205 Hieronymus
2428 1148 2720 1204 exponens
2738 1131 2819 1187 ait
2835 1129 3029 1203 :[Dicit
3049 1147 3110 1186 se
3132 1132 3379 1187 necdum
3401 1146 3556 1188 com-

1905 1220 2285 1293 prehendisse
2310 1225 2367 1276 et
2395 1236 2766 1293 nequaquam
2798 1235 2926 1277 esse
2956 1219 3298 1292 perfectum,
3328 1220 3429 1276 sed
3459 1220 3554 1275 in-

1906 1314 2030 1367 star
2058 1309 2347 1383 sagittarii
2378 1310 2449 1365 ad
2480 1309 2847 1382 propositum
2881 1313 2939 1365 et
2977 1308 3050 1365 ad
3090 1308 3326 1381 signum
3356 1307 3591 1380 jacula‘

1908 1399 2175 1472 dirigere,
2210 1416 2337 1471 qua:
2379 1398 2778 1471 significanter
2807 1397 2985 1455 Graeci
3016 1405 3199 1455 σκόπον
3229 1397 3554 1467 nominant,

1908 1505 1979 1543 ne
2011 1487 2225 1561 sagitta
2252 1488 2323 1543 ad
2351 1493 2576 1559 partem
2599 1484 2901 1543 declinans
2930 1485 3194 1554 alteram,
3216 1484 3556 1558 imperitum

1907 1576 2179 1633 ostendat
2208 1575 2621 1650 sagittarium.]
2654 1575 2778 1631 Non
2803 1591 2940 1648 ergo
2971 1575 3078 1632 iste
3110 1572 3319 1631 illudat
3346 1576 3559 1631 nostrae

1906 1664 2270 1739 ignorantiae,
2294 1669 2351 1721 et
2371 1665 2585 1721 Graecis
2604 1663 2796 1721 verbis
2819 1664 3035 1737 aliquis
3063 1663 3391 1720 immutans
3412 1678 3560 1720 nova

1904 1752 2399 1827 interpretatione,
2430 1757 2489 1809 et
2530 1769 2732 1809 eorum
2763 1752 2902 1821 vim,
2931 1756 3221 1825 quantum
3252 1751 3312 1807 in
3344 1768 3405 1809 se
3448 1752 3558 1820 est,

1906 1858 2196 1900 evacuans
2220 1859 2233 1896 :
2260 1845 2326 1897 ut
2355 1842 2510 1915 quod
2533 1854 2735 1898 omnes
2758 1841 2986 1914 antiqui
3009 1842 3065 1896 in
3090 1841 3407 1914 Scripturis
3428 1856 3560 1897 san-

1908 1933 2018 1990 ctis
2038 1930 2127 1988 vel
2149 1930 2720 2005 praedestinationem
2746 1930 3108 2004 interpretati
3132 1929 3391 1999 sunt,vel
3418 1938 3559 2004 pret-

1908 2021 2257 2089 ﬁnitionem,
2271 2023 2374 2076 aut
2394 2018 2839 2093 providentiam,
2857 2019 2976 2075 sive
2996 2018 3383 2092 propositum,
3401 2034 3557 2074 nunc

1908 2111 2018 2167 iste
2047 2106 2186 2166 velit
2215 2108 2427 2180 dicere,
2456 2108 2736 2165 inusitato
2766 2112 2823 2164 et
2852 2109 3106 2164 absurdo
3137 2108 3393 2176 nomine,
3419 2123 3557 2180 prae-

1906 2198 2394 2262 videntiam.Qum
2425 2200 2483 2253 et
2502 2196 2650 2269 ipsa,
2665 2196 2934 2268 quamvis
2964 2196 3024 2251 in
3049 2199 3185 2268 Deo,
3201 2194 3352 2251 sicut
3380 2194 3556 2251 etiam

1907 2286 2290 2363 praescientia,
2315 2286 2643 2343 certissima
2666 2285 2761 2354 sit,
2790 2289 2985 2341 tamen
3020 2301 3088 2341 ex
3108 2284 3287 2357 hujus
3307 2283 3557 2340 novitate

1908 2374 2199 2434 sermonis
2231 2374 2568 2430 nullatenus
2598 2373 2857 2446 patimur
2882 2372 3204 2440 extenuari,
3229 2371 3315 2428 vel
3337 2372 3558 2429 destrui

1907 2482 2148 2524 sensum
2195 2462 2742 2537 praedestinationis,
2776 2463 2915 2534 quia
2963 2461 3261 2534 praevideri
3311 2464 3367 2516 et
3413 2477 3557 2533 pras-

1907 2557 2043 2613 sciri
2076 2573 2109 2612 a
2139 2555 2255 2612 Deo
2303 2557 2553 2627 possunt
2602 2553 2778 2609 etiam
2822 2553 2924 2609 illa
2952 2570 3077 2626 qua:
3125 2552 3252 2625 ipse
3299 2552 3560 2608 facturus

1908 2662 2022 2702 non
2055 2648 2173 2713 est;
2208 2643 2610 2716 praedestinari
2640 2647 2837 2698 autem
2869 2643 2943 2698 ab
2973 2659 3039 2698 eo
3065 2658 3181 2699 non
3214 2640 3329 2698 alia
3356 2639 3562 2696 intelli-

1906 2738 2145 2808 guntur,
2169 2732 2283 2788 nisi
2304 2749 2372 2788 ea
2395 2749 2520 2804 quae
2552 2731 2679 2804 ipse
2708 2732 2972 2787 facturus
2992 2729 3199 2803 est,vel
3230 2729 3558 2787 misericor-

1908 2824 2006 2880 dia
2033 2822 2121 2878 vel
2143 2820 2369 2893 judicio
2399 2838 2526 2876 suo.
2550 2823 2628 2877 Ac
2649 2837 2752 2893 per
2771 2820 2881 2876 hoc
2902 2818 3055 2876 absit
3074 2818 3313 2876 omnino
3332 2835 3366 2875 a
3387 2818 3557 2875 nobis

1910 2912 2067 2985 quod
2097 2910 2207 2966 iste
2229 2909 2373 2965 dixit
2391 2913 2449 2965 et
2480 2908 2649 2981 quasi
2680 2907 2960 2976 definivit,
2985 2906 3556 2980 praedestinationem

1909 3006 1965 3058 et
1993 2997 2435 3073 praefinitionem
2468 2996 2570 3053 Dei
2600 2996 2747 3053 nihil
2785 2996 2945 3053 aliud
2987 3013 3116 3053 esse
3145 3013 3323 3070 quam
3354 2993 3555 3069 praevi-

1910 3089 2167 3156 sioncm;
2202 3086 2339 3159 quia
2367 3085 2477 3142 iste
2506 3100 2716 3142 sensus
2761 3084 3068 3142 manifeste
3100 3085 3319 3158 impius
3350 3089 3462 3154 est,
3492 3086 3560 3140 ut

1912 3177 2081 3251 quasi
2112 3176 2485 3232 tantummdo
2534 3174 2861 3246 praeviderit
2914 3172 3069 3231 Deus
3118 3175 3259 3248 quid
3308 3173 3560 3247 quisque

157 3263 209 3320 in
240 3264 566 3339 Scripturis
595 3263 881 3320 visionem
924 3260 1239 3334 cujuslibet
1268 3261 1471 3318 divinas
1502 3260 1803 3318 revelatio-
1835 3252 1878 3322 C
1914 3269 2068 3324 esset
2094 3265 2378 3331 facturus,
2409 3261 2497 3319 vel
2542 3263 2684 3336 quid
2714 3281 2819 3337 pro
2851 3262 3021 3320 factis
3073 3264 3199 3320 suis
3252 3279 3562 3337 passurus,

159 3355 259 3425 nis,
287 3373 421 3428 quas
461 3353 666 3426 utique
709 3353 791 3408 ita
819 3352 1051 3408 videtur
1098 3354 1156 3407 in
1208 3351 1439 3424 spiritu,
1474 3357 1537 3407 ut
1567 3350 1805 3407 omnino

160 3443 317 3501 aliter
343 3442 583 3501 evenire
623 3458 737 3498 non
778 3441 985 3515 possit,
1009 3440 1203 3498 Graece
1235 3440 1294 3495 in
1325 3448 1544 3514 δρώματε
1576 3440 1805 3497 ostendi

160 3533 266 3589 sive
292 3533 487 3590 videri
517 3530 752 3605 legitur.
784 3530 854 3586 Et
882 3529 1013 3587 ideo
1044 3531 1217 3603 juxta
1253 3530 1409 3586 hunc
1448 3528 1810 3586 evidentissi-

160 3638 303 3679 mam
337 3621 634 3680 rationem
665 3635 798 3675 cum
829 3619 940 3677 isto
970 3621 1144 3676 modo
1176 3619 1391 3677 dicitur
1416 3619 1589 3687 video,
1614 3617 1810 3675 certis-

158 3712 293 3767 sime
345 3709 725 3783 intelligitur,
770 3708 991 3780 deﬁnio,
1011 3708 1100 3765 vel
1130 3709 1360 3775 destino,
1397 3709 1549 3765 sicut
1594 3714 1651 3764 et
1698 3708 1808 3763 iste

161 3806 301 3857 recte
330 3799 557 3874 posuit,
584 3802 653 3854 ut
681 3814 816 3855 cum
847 3797 1219 3871 componitur
1254 3797 1352 3855 ille
1389 3813 1579 3854 sermo
1612 3795 1809 3853 addita

159 3888 585 3962 praepositione,
604 3891 663 3943 et
692 3887 908 3942 dicitur
934 3899 1146 3961 προορῶ,
1171 3887 1492 3943 rectissime
1524 3885 1810 3958 intelliga-

161 3982 321 4047 gatur
386 3977 675 4051 prxfatio,
726 3974 818 4031 vel
869 3976 1219 4049 praedestino,
1280 3976 1435 4048 quod
1492 3979 1809 4046 utrumque

161 4067 326 4123 unius
358 4064 820 4140 significationis
859 4069 967 4133 est,
997 4068 1189 4139 potest
1227 4065 1405 4120 etiam
1439 4062 1809 4135 interpretari

158 4156 410 4225 provideo
439 4172 455 4211 :
489 4171 621 4228 qua:
647 4154 1029 4227 providentia,
1058 4170 1192 4210 cum
1223 4155 1296 4210 ad
1327 4153 1508 4210 Deum
1540 4153 1809 4217 refertur,

161 4244 398 4302 omnino
434 4241 767 4301 certissima
794 4246 903 4311 est,
934 4247 991 4299 et
1018 4243 1279 4311 omnino,
1312 4243 1462 4299 sicut
1492 4240 1589 4297 ille
1618 4240 1812 4313 provi-

164 4332 322 4401 derit,
355 4334 648 4390 futurum.
676 4330 840 4388 Unde
868 4336 924 4388 et
951 4349 1020 4388 ex
1048 4332 1156 4388 hoc
1185 4332 1357 4388 verbo
1389 4331 1544 4403 quod
1576 4334 1665 4386 est
1696 4337 1812 4403 δρῶ,

159 4419 406 4479 derivari
438 4422 639 4478 Grece
673 4421 905 4477 videtur
931 4429 1144 4495 ὄρισμος,
1180 4421 1335 4494 quod
1375 4426 1465 4478 est
1501 4422 1814 4489 destinatio,

160 4515 213 4565 et
258 4511 677 4584 praepositione
722 4511 923 4567 addita
950 4518 1261 4585 προορισμός,
1292 4510 1349 4566 id
1399 4514 1488 4566 est
1528 4511 1815 4583 praedesti-

1913 3360 1971 3413 et
2000 3353 2143 3411 nihil
2177 3354 2247 3410 de
2276 3352 2375 3409 illo
2422 3353 2524 3426 qui
2555 3352 2643 3408 vel
2688 3352 2834 3409 bene
2863 3351 2952 3409 vel
3011 3352 3163 3409 male
3220 3356 3346 3409 erat
3401 3357 3566 3408 actu-

1914 3462 2036 3515 rus,
2070 3444 2130 3499 in
2162 3461 2267 3499 suo
2297 3446 2509 3499 aeterno
2546 3442 2772 3514 judicio
2817 3441 3253 3515 praedestinavit
3279 3440 3368 3498 vel
3416 3456 3565 3515 prm-

1914 3533 2154 3589 finierit.

1985 3621 2155 3678 Addit
2185 3620 2295 3677 iste
2324 3619 2516 3677 adhuc
2561 3623 2620 3678 et
2649 3620 2791 3676 dicit
2819 3638 2832 3676 :
2859 3623 3035 3677 Deum
3079 3636 3179 3677 nec
3216 3618 3562 3693 praecidisse,

1915 3728 2012 3768 nec
2027 3709 2443 3784 praedestinasse
2461 3718 2687 3766 mortem
2705 3718 2757 3766 et
2769 3726 2976 3783 plenas,
2990 3712 3088 3783 qui
3101 3710 3248 3766 nihil
3260 3708 3561 3776 sint.Quod

1916 3817 2094 3873 quam
2126 3799 2204 3855 sit
2232 3815 2447 3855 vanum
2480 3803 2538 3855 et
2566 3799 2792 3855 veritati
2822 3798 3201 3868 contrarium,
3221 3800 3349 3873 jam
3380 3815 3563 3873 supra

1916 3890 2080 3958 satis,
2105 3892 2162 3945 et
2191 3894 2492 3961 putamus,
2515 3892 2572 3944 et
2592 3888 2805 3962 sapius
2835 3894 3134 3947 ostensum
3165 3892 3273 3947 est.

1988 3979 2206 4036 Deinde
2238 3978 2367 4050 subj
2380 3978 2545 4050 ungit
2574 3977 2684 4034 iste
2713 3976 2958 4050 loquens
2979 3978 3051 4034 de
3076 3979 3192 4035 Deo
3219 3994 3231 4034 :
3255 3980 3565 4035 Peccatores

1919 4070 1978 4124 in
2006 4084 2190 4124 massa
2219 4066 2513 4136 originalis
2537 4068 2745 4137 peccati
2773 4069 3016 4139 reliquit,
3047 4068 3264 4124 relictos
3292 4066 3567 4133 deseruit,-

1918 4158 2151 4213 desertos
2181 4157 2390 4210 lumine
2437 4154 2682 4211 tenebras
2712 4162 2978 4225 torquere,
3010 4155 3241 4210 desertos
3282 4156 3393 4208 vita
3420 4169 3566 4208 mor-

1920 4254 2025 4303 tem
2054 4246 2388 4301 interimere.
2421 4244 2527 4299 Nec
2556 4243 2697 4315 quod
2744 4243 2805 4297 in
2833 4245 2912 4299 eis
2939 4240 3079 4299 Deus
3124 4243 3274 4314 fecit,
3305 4240 3572 4312 relinquit

1920 4335 2004 4391 vel
2031 4333 2231 4390 deserit
2260 4349 2274 4388 :
2307 4332 2557 4404 alioquin
2584 4331 2791 4387 eorum
2831 4338 3033 4387 natura
3078 4330 3147 4385 ad
3192 4329 3436 4385 nihilum
3481 4343 3573 4384 re-

1922 4424 2082 4491 diret,
2111 4424 2165 4478 si
2189 4438 2406 4478 summa
2447 4422 2679 4477 essentia
2711 4423 2773 4477 in
2802 4421 2881 4477 eis
2930 4436 3041 4477 non
3084 4426 3221 4475 esset
3250 4436 3267 4471 :
3293 4417 3387 4473 sed
3433 4416 3574 4489 quod

1922 4515 1983 4570 in
2013 4515 2090 4570 eis
2116 4529 2229 4569 non
2255 4513 2406 4585 fecit,
2439 4510 2497 4567 id
2536 4519 2613 4567 est
2648 4510 2961 4582 superbiam
2990 4508 3210 4579 sprevit.
3244 4505 3406 4572 Quod
3436 4521 3573 4578 ergo

160 4601 329 4657 natio.
365 4603 506 4666 Quae
539 4600 656 4655 duo
698 4600 875 4657 verba
922 4611 1094 4657 nemo
1126 4616 1390 4673 unquam
1417 4599 1700 4657 visionem
1730 4599 1817 4657 vel
1847 4624 1894 4692 Ι)
1926 4603 2069 4659 dicit
2098 4602 2169 4659 de
2198 4607 2313 4659 Deo
2339 4602 2473 4673 quia
2505 4607 2808 4672 peccatores
2839 4599 2897 4652 in
2926 4613 3110 4651 massa
3138 4596 3431 4666 originalis
3448 4610 3573 4668 pec-

162 4688 571 4759 previsionem
595 4688 964 4762 interpretari
985 4706 1166 4746 ausus
1187 4694 1298 4757 est,
1315 4690 1439 4758 sed,
1458 4694 1522 4746 ut
1540 4690 1817 4763 diximus,
1847 4684 1888 4692 ’
1927 4694 2035 4748 cati
2054 4692 2298 4763 reliquit,
2323 4690 2372 4745 si
2405 4688 2646 4743 dixisset
2676 4686 2953 4758 reprobos
2982 4689 3082 4742 aut
3104 4684 3432 4759 puniendos
3456 4685 3576 4742 sive

162 4776 591 4835 destinationem
620 4783 677 4835 et
700 4778 1259 4851 praedestinationem.

229 4864 523 4924 Similiter
579 4884 650 4923 ex
705 4867 907 4923 eodem
964 4868 1138 4923 verbo
1166 4876 1265 4941 ὁρῶ
1296 4869 1542 4926 derivari
1596 4868 1825 4926 videtur

166 4962 342 5029 ὅρισιν,
376 4956 536 5029 quod
569 4959 660 5013 est
701 4955 1012 5027 destinavit,
1059 4961 1115 5014 et
1165 4957 1571 5031 praepositione
1626 4957 1826 5015 addita

163 5070 449 5121 :poopmv,
482 5048 541 5103 id
575 5051 667 5104 est
688 5047 1127 5120 pra’destinavit.
1162 5046 1355 5104 Potest
1389 5053 1581 5105 autem
1612 5073 1824 5122 προορω,

170 5140 232 5191 ut
279 5150 471 5208 supra
531 5136 812 5205 diximus,
869 5136 1237 5210 interpretari
1294 5137 1470 5194 etiam
1521 5138 1828 5211 praevideo;

166 5223 321 5279 sicut
352 5223 421 5278 in
451 5223 701 5296 psalmo,
734 5224 836 5281 ubi
882 5239 991 5281 nos
1019 5224 1223 5281 Latine
1252 5225 1505 5282 dicimus
1538 5244 1551 5283 :
1578 5226 1830 5284 Provide-

167 5313 291 5367 bam
312 5314 618 5369 Dominum
646 5315 707 5370 in
736 5321 1019 5387 conspectu
1041 5330 1158 5370 meo
1187 5329 1398 5387 semper
1427 5315 1594 5383 (Psal.
1627 5333 1721 5387 xv,
1743 5317 1829 5385 8);

161 5399 221 5457 in
275 5401 488 5458 Graeco
537 5402 771 5477 legitur,
805 5427 1093 5476 προορωμεν
1120 5412 1206 5460 τὸν
1236 5411 1430 5476 Κύριον,
1464 5420 1592 5475 quae
1641 5403 1831 5477 provi-

165 5489 374 5547 dentia
400 5490 603 5565 utique
634 5496 862 5549 certum
895 5491 1139 5564 aliquid,
1165 5497 1221 5547 et
1252 5492 1603 5565 praefinitum
1637 5497 1831 5548 osten-

161 5577 269 5635 dit.
296 5579 477 5647 Quod
509 5580 714 5637 beatus
741 5580 1128 5655 Hieronymus
1146 5580 1207 5636 in
1228 5582 1481 5638 editione
1501 5598 1608 5638 sua
1627 5580 1709 5637 ita
1736 5595 1836 5653 po-

165 5667 293 5727 suit
318 5685 334 5728 :
359 5672 638 5743 Proposui
659 5671 956 5729 Dominum
995 5672 1058 5728 in
1104 5678 1391 5750 conspectu
1418 5686 1538 5730 meo
1578 5684 1787 5745 semper
1813 5686 1833 5725 :

510 5795 772 5861 ΡΑι-ιιοῐ..
821 5799 1031 5864 CXIX.

1929 4780 2316 4845 damnandos,
2341 4777 2594 4850 profecto
2615 4791 2815 4831 verum
2846 4782 3031 4844 esset;
3062 4775 3175 4849 ipsi
3207 4774 3387 4844 enim,
3407 4774 3467 4831 id
3490 4777 3580 4831 est

1932 4866 2183 4941 reprobi,
2217 4864 2523 4940 puniendi,
2569 4866 2745 4936 atque
2797 4864 3115 4922 damnandi
3162 4868 3486 4931 remanent,
3516 4863 3578 4919 in

1934 4974 2131 5015 massa
2149 4955 2250 5012 illa
2268 4971 2336 5011 ex
2358 4953 2537 5009 Adam
2559 4953 2908 5027 generaliter
2928 4954 3282 5025 damnanda,
3303 4954 3441 5028 quia
3462 4969 3578 5009 non

1934 5065 2033 5105 eos
2063 5047 2197 5103 inde
2243 5043 2520 5100 discrevit
2564 5044 2770 5115 ﬁgulus
2807 5043 2904 5102 ille
2935 5045 3325 5119 omnipotens,
3352 5045 3484 5118 quia
3511 5059 3582 5099 ea:

1936 5155 2049 5193 una
2069 5135 2357 5207 eademque
2375 5149 2552 5190 massa
2570 5137 2706 5207 [acit
2732 5135 2889 5192 aliud
2912 5151 3006 5192 vas
3035 5135 3093 5191 in
3123 5135 3400 5203 honorem,
3425 5130 3582 5187 aliud

1936 5242 2063 5282 vera
2093 5226 2152 5280 in
2193 5224 2581 5279 contumeliam
2608 5226 2781 5294 (Rom.
2806 5240 2882 5293 ix,
2908 5225 3022 5293 21).
3050 5224 3216 5280 Nunc
3243 5238 3376 5279 vero
3424 5217 3581 5290 quod

1938 5312 2253 5385 dicit,quod
2271 5313 2409 5370 Deus
2432 5321 2737 5386 peccatores
2768 5315 2825 5369 in
2852 5330 3032 5371 massa
3059 5312 3353 5385 originalis
3376 5308 3586 5381 peccati

1941 5404 2185 5475 reliquit,
2220 5419 2336 5458 non
2366 5401 2606 5459 omnino
2636 5406 2828 5475 potest
2863 5419 2991 5460 esse
3028 5417 3258 5466 uerum,
3291 5396 3433 5471 quia
3464 5395 3585 5453 uti-

1942 5509 2056 5565 que
2085 5495 2417 5565 peccatores
2445 5490 2582 5548 inde
2630 5490 2904 5548 discrevit
2946 5507 3012 5548 ac
3064 5487 3331 5545 liberavit
3357 5485 3455 5545 ille
3485 5486 3589 5561 qui

1941 5563 2130 5639 dicit:
2164 5583 2285 5638 Non
2317 5563 2444 5639 veni
2483 5596 2675 5638 vocare
2701 5582 2896 5654 justos,
2927 5579 3019 5637 sed
3050 5584 3352 5653 peceatores
3383 5577 3589 5655 (Matth.

1943 5687 2006 5744 ιι,
2042 5671 2163 5744 17);
2197 5673 2255 5730 et
2284 5670 2354 5730 de
2398 5685 2514 5748 quo
2542 5668 2857 5745 Apostolus
2904 5667 2985 5726 ait
3016 5684 3029 5725 :
3065 5666 3271 5728 Fidelis
3315 5684 3512 5741 sermo,
3544 5674 3595 5728 et

3239 5797 3278 5870 8
