4024 6180
418 347 533 407 235

1554 345 1783 405 FLOR]
1828 342 2141 404 DIACONI
2188 343 2760 406 LUGDUNENSIS.

3708 342 3818 402 236

417 482 569 538 omni
600 481 906 551 acceptione
943 479 1164 551 dignus,
1199 481 1327 549 quia
1361 479 1606 534 Christus
1644 481 1805 535 Jesus
1836 477 1981 532 venit
2013 479 2072 531 in
2099 477 2155 543 Α
2182 492 2398 531 summa
2424 479 2659 533 essentia
2690 478 2750 531 in
2796 477 2875 532 eis
2916 485 3069 544 esset,
3102 479 3328 532 tantum
3380 475 3465 531 eis
3513 475 3821 533 attribuere

419 570 565 625 hunc
591 568 860 624 mundum
885 578 1186 640 peceatores
1214 569 1388 623 salvos
1414 570 1593 639 facere
1618 568 1667 636 (Ι
1687 568 1820 622 Tim.
1839 564 2071 639 xv).Ve-

419 676 552 716 rum
568 661 785 725 tamen,
802 657 939 730 quia
956 674 1068 713 non
1088 657 1248 723 dixit,
1264 657 1479 712 Omnes
1496 660 1828 729 peccatores
1844 656 1902 710 in
1922 672 2073 711 mas-

421 747 607 805 sailla
628 747 891 819 reliquit;
916 747 1069 818 quod
1103 747 1303 818 utique
1334 746 1704 818 apertissime
1734 744 1947 800 falsum
1979 761 2068 801 es-

422 841 531 905 set,
555 837 654 893 sed
678 836 823 891 dixit
840 835 1162 903 indeﬁnite,
1186 837 1525 891 Peccatoros
1556 835 1614 889 in
1642 851 1841 890 massa
1862 832 1961 888 illa
1983 850 2069 888 re-

422 925 578 998 quit;
602 925 755 997 quod
778 927 971 996 potest
995 922 1239 996 intelligi
1261 928 1318 979 et
1343 941 1409 979 ex
1436 927 1750 995 parte,stet
1774 927 2070 993 utcunque

422 1013 578 1086 quod
604 1012 825 1068 dictum
856 1016 964 1067 est.
989 1012 1150 1076 Quod
1182 1016 1378 1067 autem
1412 1011 1717 1083 subjungit
1746 1012 1818 1066 de
1846 1011 2069 1066 eisdem

420 1100 639 1158 relictis
668 1099 726 1154 in
758 1117 957 1156 massa
993 1101 1216 1172 peccati
1244 1118 1256 1155 :
1286 1102 1511 1157 Bel-ictos
1550 1101 1806 1169 deseruit,
1838 1100 2070 1156 desertos

422 1190 629 1246 lumine
657 1192 906 1246 tenebras
937 1198 1203 1261 torquere,
1227 1189 1457 1246 desertos
1486 1192 1600 1245 vita
1628 1198 1852 1245 mortem
1877 1191 2069 1245 interi-

418 1294 587 1348 mere,
611 1278 693 1334 ita
722 1296 821 1334 eos
849 1277 975 1334 vult
1016 1277 1262 1351 intelligi
1291 1297 1323 1333 a
1352 1279 1467 1334 Deo
1516 1278 1768 1347 relictos,
1792 1281 1849 1333 et
1895 1276 2067 1333 relin-

421 1368 652 1440 quendo
675 1368 955 1435 desertos,
973 1372 1037 1422 ut
1058 1367 1197 1439 quia
1218 1367 1432 1423 deserti
1459 1371 1598 1423 sunt
1618 1385 1651 1423 a
1669 1384 1803 1423 vero
1823 1366 2068 1434 lumine,

417 1457 677 1514 tenebris
699 1456 974 1512 caecitatis
991 1474 1109 1512 suae
1127 1460 1511 1528 torqueantur
1531 1457 1589 1511 in
1614 1461 1807 1512 mente
1826 1473 1839 1512 :
1860 1459 1916 1511 et
1932 1456 2072 1528 quia

420 1544 635 1602 deserti
683 1550 820 1600 sunt
852 1563 886 1601 a
913 1562 1045 1601 vero
1078 1544 1320 1615 lumine,
1349 1546 1605 1602 tenebris
1643 1544 1910 1602 castitatis
1951 1562 2068 1600 suae

419 1637 807 1707 torqueantur
837 1635 895 1689 in
930 1639 1151 1704 mente;
1187 1639 1244 1690 et
1280 1636 1421 1707 quia
1449 1635 1660 1692 deserti
1706 1639 1846 1692 sunt
1876 1651 1909 1689 a
1937 1650 2073 1689 vera

417 1722 556 1791 vita,
587 1726 771 1778 morte
829 1722 1065 1795 speciali
1106 1722 1165 1779 in
1207 1724 1403 1779 anima
1451 1726 1799 1797 primantur.
1832 1724 1903 1779 Et
1949 1722 2070 1778 haec

420 1811 499 1868 sit
528 1813 937 1868 tantummodo
969 1830 1169 1868 eorum
1209 1832 1380 1885 poena
1418 1819 1591 1886 atque
1623 1812 1977 1885 supplicium
2008 1810 2069 1866 in
2101 1849 2148 1913 Β

419 1899 522 1955 illa
551 1904 767 1956 mterna
814 1902 1209 1971 damnatione,
1238 1907 1303 1957 ut
1346 1902 1506 1959 nullo
1561 1902 1920 1959 extrinsecus
1950 1905 2067 1956 tor-

421 1993 617 2045 mento
657 1988 940 2057 adhibito,
975 1989 1099 2045 sola
1141 1991 1354 2046 mentis
1404 1990 1679 2059 caecitate,
1705 1990 1830 2047 sola
1860 1989 2067 2045 animae

421 2083 607 2134 morte
636 2078 978 2151 puniantur,
1010 2079 1161 2134 sicut
1190 2084 1246 2135 et
1276 2098 1455 2153 supra
1487 2079 1891 2152 multipliciter
1910 2096 2068 2135 assc-

420 2183 543 2223 rere
567 2171 810 2223 conatus
833 2172 938 2223 est.
956 2169 1055 2222 Est
1076 2174 1141 2223 ut
1160 2168 1216 2222 in
1246 2169 1344 2223 illa
1366 2170 1739 2225 damnatione
1770 2184 2069 2225 remanere

418 2255 503 2310 eis
525 2255 759 2328 aliquod
784 2272 1067 2332 magnum
1089 2257 1330 2324 bonum,
1353 2259 1654 2314 ostendere
1673 2260 1959 2328 videatur,
1988 2261 2070 2316 di-

421 2343 499 2398 cit
519 2344 712 2400 adhuc
734 2345 805 2399 de
826 2345 972 2416 ipsis
996 2363 1008 2399 :
1033 2346 1138 2400 Nec
1159 2347 1373 2418 quodin
1394 2348 1471 2402 eis
1494 2348 1633 2404 Deus
1650 2351 1782 2420 fecit
1798 2348 2068 2421 relinquit

418 2433 502 2488 vel
521 2432 738 2503 deserit,
764 2434 1013 2506 alioquin
1037 2450 1225 2490 eorum
1247 2444 1450 2492 natura
1477 2437 1548 2492 ad
1575 2437 1818 2492 nihilum
1846 2438 2064 2505 rediret,

415 2522 469 2575 si
494 2537 709 2577 summa
735 2525 969 2577 essentia
1000 2525 1057 2576 in
1087 2525 1165 2579 eis
1192 2540 1302 2579 non
1325 2532 1477 2593 esset,
1502 2525 1591 2580 sed
1616 2526 1756 2597 quod
1778 2529 1833 2582 in
1856 2529 1935 2583 eis
1956 2546 2068 2585 non

415 2611 566 2682 fecit,
600 2610 655 2664 id
684 2618 763 2666 est
791 2613 1109 2682 superbiam
1133 2615 1353 2684 sprevit.
1382 2613 1520 2669 Ecce
1544 2614 1715 2685 quale
1739 2616 1957 2672 bonum
1982 2617 2066 2673 eis

418 2698 692 2770 praedicat
714 2700 1086 2768 remansisse,
1104 2701 1275 2773 quale
1297 2702 1475 2757 etiam
1498 2701 1942 2761 insensibilibus
1958 2706 2069 2763 ele-

418 2786 634 2842 mentis
655 2787 810 2843 Deus
836 2787 1104 2843 exhiberc
1131 2789 1422 2861 dignatur,
1450 2793 1514 2844 ut
1543 2790 1928 2863 omnipotenti
1953 2792 2065 2848 vir-

414 2878 539 2931 tute
559 2876 824 2932 essentia:
848 2894 966 2932 suae
985 2877 1082 2932 det
1100 2876 1184 2933 eis
1203 2894 1330 2933 esse
1354 2881 1410 2934 et
1434 2882 1497 2933 ut
1516 2895 1644 2935 esse
1666 2886 2062 2951 permaneant,

414 2979 521 3021 nec
551 2981 751 3020 eorum
784 2969 995 3020 natura
1016 2965 1086 3020 ad
1120 2964 1370 3021 nihilum
1402 2967 1719 3041 redigatur,
1733 2969 1936 3025 eadem
1958 2971 2067 3025 vir-

414 3055 539 3110 tute
560 3070 628 3109 ea
651 3058 943 3109 sustentat
965 3059 1021 3108 et
1044 3070 1384 3126 permanere
1408 3055 1562 3111 facit.
1588 3057 1700 3112 Sed
1726 3056 1860 3125 ista,
1887 3058 1943 3113 id
1976 3064 2065 3116 est

412 3140 701 3198 elementa
720 3146 797 3211 (α)
824 3142 1050 3211 mundi,
1078 3144 1138 3198 in
1169 3148 1456 3215 quantum
1512 3150 1672 3212 sunt,
1702 3145 1760 3200 in
1810 3148 2059 3203 naturali

2178 566 2408 621 videtur
2429 565 2527 637 qui
2546 570 2719 621 erunt
2740 566 2796 620 in
2821 564 2921 621 illa
2934 565 3259 638 perditione
3274 564 3556 628 damnati,
3571 570 3634 621 ut
3648 566 3817 622 etiam

2178 654 2465 727 templum
2508 654 2609 710 Dei
2657 671 2786 710 esse
2810 654 3119 711 videantur
3140 655 3337 727 (b):Si
3387 656 3543 711 enim
3591 672 3820 710 summa

2178 744 2436 800 essentia
2464 743 2523 799 in
2555 744 2639 800 eis
2670 743 2798 813 erit,
2822 744 2961 816 quia
2987 761 3223 800 summa
3252 745 3507 800 essentia
3536 744 3688 799 Deus
3714 748 3819 815 est,

2180 832 2280 904 qui
2301 833 2371 888 de
2393 833 2584 906 seipso
2607 832 2784 889 dicit:
2807 835 2917 903 Ego
2944 850 3068 889 sum
3096 835 3194 905 qui
3218 850 3341 889 sum
3372 834 3573 901 (Exod.
3601 850 3682 900 ιιι,
3712 834 3818 903 14),

2177 937 2314 994 ergo
2340 922 2494 978 Deus
2516 922 2573 977 in
2599 923 2684 978 eis
2705 923 2832 986 erit,
2848 927 2904 978 et
2924 922 3211 995 templum
3234 922 3337 978 Dei
3358 922 3499 977 dicit
3518 926 3818 994 poterunt:

2177 1009 2260 1066 ita
2289 1015 2352 1066 ut
2382 1011 2452 1066 de
2472 1011 2617 1083 ipsis
2641 1011 2795 1068 dicat
2818 1012 2972 1067 Deus
2996 1029 3009 1066 :
3039 1016 3101 1068 Et
3122 1011 3441 1067 inhabitabo
3465 1013 3523 1066 in
3542 1013 3677 1067 illis.
3702 1012 3822 1068 Imo

2178 1103 2235 1154 et
2250 1099 2505 1172 amplius
2527 1117 2705 1172 quam
2726 1099 3014 1173 templum
3035 1104 3227 1168 erunt,
3244 1100 3294 1157 si
3316 1117 3551 1157 summa
3573 1101 3826 1156 essentia

2178 1186 2237 1242 in
2269 1188 2354 1244 eis
2384 1189 2520 1256 erit;
2545 1193 2611 1245 ut
2635 1191 3068 1261 quodammodo
3108 1189 3404 1246 essentiali
3447 1189 3700 1260 quadam
3732 1205 3825 1244 co-

2177 1277 2475 1349 pulatione
2501 1278 2617 1334 Deo
2648 1279 2801 1333 uniri
2822 1279 3160 1346 videantur;
3193 1278 3347 1351 quod
3378 1279 3448 1333 de
3474 1294 3588 1333 uno
3617 1282 3675 1333 et
3704 1276 3827 1334 solo

2179 1366 2494 1422 Mediatore
2527 1367 2623 1423 Dei
2682 1370 2740 1423 et
2795 1367 3104 1423 hominum
3145 1366 3381 1423 homine
3410 1367 3639 1423 Christo
3685 1367 3828 1423 Jesu

2178 1454 2552 1528 singulariter
2582 1461 2672 1513 est
2701 1457 3077 1522 credendum,
3102 1473 3276 1529 quem
3304 1457 3417 1513 sibi
3441 1457 3697 1512 Verbum
3724 1456 3828 1512 Dei

2177 1548 2234 1599 et
2262 1544 2517 1600 Verbum
2552 1547 2701 1602 Deus
2730 1544 3029 1602 essentiali
3060 1549 3118 1601 et
3142 1543 3395 1600 naturali
3418 1546 3829 1617 conjunctione

2177 1632 2382 1701 univit,
2402 1633 2460 1688 id
2476 1638 2565 1689 cst
2580 1633 2639 1689 in
2660 1634 2942 1689 unitatem
2962 1650 3223 1707 personae
3242 1650 3361 1690 suae
3378 1634 3827 1706 suscepit.Quod

2178 1721 2224 1777 si
2250 1721 2457 1778 dixerit
2477 1723 2631 1794 quod
2655 1739 2890 1778 summa
2915 1723 3247 1779 substantia
3270 1722 3331 1778 in
3361 1722 3446 1780 eis
3467 1723 3829 1790 erit,virtute

2177 1810 2531 1882 operationis
2561 1828 2680 1867 suae
2710 1812 2958 1884 agendo,
2987 1829 3057 1868 ne
3087 1829 3288 1868 eorum
3320 1812 3656 1868 substantia
3686 1813 3830 1868 abo-

2178 1899 2367 1955 leatur
2396 1905 2453 1955 et
2501 1905 2717 1973 pereat,
2748 1918 2863 1956 non
2921 1917 3022 1973 per
3069 1901 3329 1973 aliquam
3362 1898 3832 1957 'inhabitationis

2176 1988 2447 2061 gratiam,
2464 2006 2580 2061 qua
2600 1987 2796 2060 aliquo
2820 1989 2970 2044 bono
2998 1989 3057 2044 in
3090 1988 3189 2045 illo
3227 1995 3285 2045 et
3306 2006 3375 2045 ex
3396 1989 3494 2045 illo
3519 1990 3834 2062 perfruan-

2178 2081 2303 2144 tur;
2338 2081 2526 2132 mutet
2555 2093 2692 2149 ergo
2742 2076 3079 2132 inusitatam
3108 2083 3165 2132 et
3189 2076 3533 2133 insolentem
3582 2077 3835 2133 locutio-

2177 2181 2444 2233 nem,nec
2457 2166 2612 2221 dicat
2626 2165 2687 2220 in
2704 2164 3045 2221 hominibus
3060 2165 3258 2238 impiis
3272 2171 3487 2222 aeterna
3502 2166 3835 2238 perditione

2176 2255 2470 2309 damnatis
2494 2270 2790 2311 summam
2812 2255 3127 2310 essentiam
3150 2272 3299 2323 esse,
3326 2256 3425 2311 sed
3454 2255 3648 2328 potius
3670 2272 3836 2312 sum-

2176 2359 2333 2399 mam
2373 2343 2458 2400 eis
2501 2343 2813 2400 essentiam
2864 2344 3328 2412 adesse,virtute
3367 2344 3685 2417 operantis,
3709 2362 3835 2401 non

2175 2432 2513 2506 dignatione
2544 2431 2950 2487 inhabitantis.
2973 2433 3076 2489 Est
3105 2437 3301 2488 autem
3336 2449 3550 2506 magna
3580 2435 3836 2505 quaestio

2174 2526 2232 2577 et
2252 2520 2409 2577 ﬁdeli
2432 2520 2961 2593 pietate,quantum
2978 2520 3173 2577 divina
3191 2520 3380 2593 gratia
3400 2520 3646 2593 largitur
3667 2521 3840 2578 inda-

2175 2611 2386 2683 ganda,
2413 2608 2706 2681 quomodo
2755 2610 3126 2682 omnipotens
3176 2609 3333 2665 Deus
3381 2610 3709 2666 credendus
3760 2611 3840 2667 sit

2174 2698 2233 2754 in
2280 2698 2657 2754 universitate
2707 2703 2985 2754 creaturae
3032 2715 3264 2771 semper
3310 2699 3529 2771 ubique
3578 2716 3708 2755 esse
3740 2700 3839 2756 vel

2175 2788 2478 2857 adesse,et
2533 2787 2845 2859 aliquando
2890 2786 3065 2843 etiam
3105 2786 3298 2843 inesse
3325 2787 3414 2843 vel
3472 2787 3836 2858 inhabitare,

2174 2893 2353 2948 quam
2385 2881 2579 2932 tamen
2611 2876 2721 2932 hoc
2752 2876 2811 2931 in
2840 2875 2965 2932 loco
3006 2876 3195 2949 magis
3239 2877 3613 2949 quaerendam
3645 2893 3837 2949 quam

2173 2966 2573 3037 exponendam
2605 2965 3010 3038 proponimus,
3037 2969 3102 3021 ut
3131 2983 3165 3020 a
3194 2965 3306 3037 piis
3338 2972 3397 3021 et
3428 2964 3705 3023 ﬁdelibus
3736 2967 3836 3039 pie

2173 3059 2231 3111 et
2261 3054 2506 3111 ﬁdeliter
2525 3054 2704 3126 hujus
2725 3053 2806 3110 rei
2825 3053 3038 3111 veritas
3058 3059 3373 3126 quaeratur,
3399 3058 3464 3111 ut
3481 3056 3691 3112 eodem
3717 3061 3834 3112 Deo

2171 3144 2482 3216 adjuvante
2519 3143 2802 3199 veraciter
2826 3143 3175 3199 inveniatur.

413 3246 521 3287 sua
553 3230 884 3286 substantia
913 3212 1352 3299 conservantur,
1380 3237 1727 3303 permanent
1757 3235 1960 3306 utique
1992 3237 2063 3292 ad
2095 3212 2138 3280 (ἶ
2242 3212 2359 3288 lste
2378 3233 2535 3288 enim
2558 3236 2615 3288 et
2636 3231 3036 3288 ecclesiastica:
3064 3231 3377 3289 locutionis
3399 3238 3456 3289 et
3475 3233 3833 3290 Christiana:

412 3318 645 3373 laudem
669 3318 974 3388 Creatoris,
992 3323 1049 3374 et
1078 3320 1149 3374 ad
1174 3337 1345 3374 usum
1376 3320 1495 3376 sive
1516 3321 1796 3378 honorem
1819 3324 2068 3381 rationa-

409 3405 483 3462 lis
505 3411 781 3463 creatura
806 3424 817 3461 :
847 3407 1082 3464 illorum
1114 3426 1247 3463 vero
1279 3408 1691 3466 damnatorum
1724 3417 1779 3467 et
1807 3413 2061 3484 perdito-

411 3496 543 3551 rum
565 3502 776 3552 natura
797 3501 853 3552 et
883 3497 1266 3569 omnipotenti
1294 3497 1392 3553 Dei
1435 3499 1645 3556 virtute
1685 3506 1949 3557 servatur
1991 3520 2061 3560 ne

408 3588 627 3657 pereat,
660 3589 717 3640 et
757 3586 920 3657 justo
953 3586 1052 3641 Dei
1092 3587 1317 3658 judicio
1349 3589 1420 3642 ad
1451 3605 1681 3660 poenam
1714 3590 1765 3645 ei
1798 3595 2059 3647 tantum-

410 3672 583 3726 modo
614 3674 844 3744 proﬁcit
872 3675 1028 3745 quod
1060 3679 1338 3745 servatur,
1364 3694 1435 3732 ne
1466 3695 1727 3749 unquam
1759 3680 1886 3751 ejus
1918 3698 2055 3754 sup-

408 3758 649 3831 plicium
700 3761 957 3817 ﬁniatur.
994 3763 1150 3818 Licet
1178 3765 1355 3819 etiam
1406 3766 1547 3820 mihi
1599 3767 1929 3824 laudandus
1979 3771 2057 3826 sit

407 3848 662 3915 Greater,
685 3850 786 3921 qui
812 3851 1029 3907 bonum
1054 3857 1294 3919 naturae,
1313 3856 1466 3925 quod
1491 3856 1772 3927 condidit,
1797 3876 1913 3914 non
1935 3876 2054 3915 om-

404 3936 640 3994 nimodo
673 3938 850 3995 deleri
878 3940 1084 3997 voluit.

473 4027 633 4092 Quod
674 4044 806 4084 vero
832 4029 913 4084 ait
936 4048 949 4085 :
974 4031 1230 4103 Alioquin
1260 4049 1450 4089 eorum
1485 4043 1688 4091 natura
1716 4036 1785 4091 ad
1810 4038 2051 4094 nihilum

396 4115 616 4188 rediret,
637 4120 689 4173 si
714 4136 927 4175 summa
949 4123 1181 4178 essentia
1203 4124 1261 4178 in
1281 4125 1362 4179 eis
1380 4140 1489 4180 non
1511 4134 1663 4180 esset.
1688 4125 1745 4180 Si
1768 4125 2009 4183 dixisset
2031 4145 2043 4183 :

392 4205 609 4263 Eorum
638 4214 848 4264 natura
877 4210 949 4265 ad
981 4209 1229 4267 nihilum
1261 4212 1473 4269 rediret
1503 4213 1553 4270 si
1583 4215 1666 4271 eis
1697 4233 1933 4272 summa
1961 4235 2048 4273 es-

389 4294 579 4350 sentia
609 4313 736 4352 esse
766 4314 883 4353 non
923 4300 1284 4366 concederet,
1307 4300 1394 4357 vel
1427 4318 1556 4358 esse
1596 4320 1712 4359 non
1744 4292 2046 4361 conserva-

2173 3321 2407 3393 pietatis
2428 3321 2627 3377 minus
2648 3325 2918 3393 expertus
2942 3321 3035 3393 adj
3043 3322 3211 3394 ungit
3230 3321 3421 3377 adhuc
3444 3327 3685 3395 propter
3705 3340 3837 3379 eos-

2172 3410 2304 3465 dem
2336 3410 2551 3483 impios
2581 3410 2910 3477 damnatos,
2935 3414 2992 3466 et
3012 3410 3152 3466 dicit
3175 3428 3188 3466 :
3215 3415 3388 3467 Deum
3410 3413 3466 3467 in
3496 3428 3559 3467 ea
3593 3420 3832 3479 natura,

2170 3500 2488 3571 quamadse
2502 3501 2707 3555 creavit
2718 3515 2927 3571 semper
2940 3500 3207 3555 habitare.
3222 3500 3283 3555 In
3299 3500 3517 3571 quibus
3534 3501 3834 3557 nimirum

2166 3587 2358 3644 verbis
2382 3593 2653 3644 naturam
2676 3605 2852 3660 quam
2885 3587 3039 3644 Deus
3060 3588 3134 3644 ad
3156 3605 3219 3644 se
3240 3588 3471 3656 creavit,
3493 3588 3832 3646 humanam

2165 3676 2289 3732 vult
2318 3676 2780 3749 intelligi,quam
2804 3676 2863 3731 in
2887 3680 3082 3733 mente
3110 3676 3378 3733 rationali
3401 3678 3473 3733 ad
3498 3678 3831 3750 imaginem

2165 3770 2222 3821 et
2255 3765 2704 3822 similitudinem
2729 3782 2897 3822 suam
2922 3768 3071 3822 Deus
3094 3767 3244 3835 fecit,
3260 3770 3317 3822 et
3337 3767 3479 3823 dicit
3498 3768 3557 3823 in
3581 3768 3695 3823 hac
3718 3786 3831 3824 na-

2163 3859 2297 3910 tura
2327 3856 2542 3911 mentis
2572 3854 2872 3910 rationalis
2894 3873 3123 3928 semper
3152 3856 3337 3912 Deum
3368 3855 3651 3924 habitare,
3680 3862 3743 3913 et
3766 3859 3830 3913 in

2160 3944 2429 4016 prmsenti
2452 3942 2719 4000 videlicet
2747 3942 2980 4011 saeculo,
3001 3949 3059 3999 et
3089 3944 3148 3999 in
3176 3944 3393 4013 futuro,
3415 3949 3472 4000 et
3493 3945 3553 4000 in
3576 3946 3831 4001 creden.

2157 4034 2336 4102 tibus,
2362 4034 2461 4105 qui
2483 4033 2612 4103 ejus
2634 4032 2834 4088 ﬁdeles
2856 4036 3085 4101 sunt,et
3114 4032 3173 4088 in
3203 4032 3522 4090 incredulis
3553 4050 3619 4090 ac
3640 4051 3836 4107 paga-

2158 4121 2387 4195 nis,qui
2420 4123 2548 4195 ipsa
2579 4138 2685 4178 sua
2716 4120 3057 4178 inﬁdelitate
3087 4123 3161 4178 ab
3181 4139 3248 4178 eo
3282 4122 3456 4179 alieni
3486 4128 3648 4189 sunt,
3673 4129 3740 4180 et
3764 4124 3831 4179 in

2155 4211 2374 4278 electis,
2398 4227 2548 4284 quos
2596 4208 2881 4283 templum
2933 4226 3107 4265 suum
3160 4211 3312 4280 fecit,
3336 4216 3392 4268 et
3423 4212 3481 4266 in
3542 4212 3830 4284 reprohis

2154 4318 2301 4375 quos
2323 4304 2537 4355 aeterna
2566 4297 2887 4371 perditione
2908 4298 3236 4355 damnavit:
3255 4301 3407 4372 quod
3441 4300 3648 4373 utique
3670 4318 3829 4358 con-

389 4387 498 4456 ret,
526 4390 683 4441 esset
718 4385 921 4459 utique
968 4405 1169 4443 verum
1202 4406 1215 4444 :
1252 4391 1391 4461 quia
1437 4392 1635 4447 omnia
1682 4411 2044 4467 quaecunque
2151 4389 2399 4446 trarium
2418 4392 2508 4444 est
2538 4387 2669 4443 ﬁdei
2694 4391 2750 4442 et
2768 4385 3026 4455 veritati;
3059 4388 3197 4459 quia
3227 4387 3277 4444 si
3307 4388 3416 4445 hoc
3444 4406 3648 4455 verum
3681 4407 3831 4447 esse

391 4470 611 4529 habent
641 4491 790 4545 esse,
816 4477 888 4531 ab
920 4476 1020 4532 illa
1045 4494 1279 4533 summa
1302 4483 1359 4534 et
1381 4480 1576 4535 divina
1601 4482 1854 4538 essentia
1885 4499 2043 4539 acce-
2151 4478 2551 4553 posset,etiam
2570 4477 2629 4531 in
2649 4474 3074 4532 inﬁdelissimis
3090 4476 3309 4534 Judaiis
3330 4483 3387 4534 et
3404 4477 3828 4551 paganis,qui,

389 4568 604 4632 perunt
645 4568 710 4617 ut
759 4570 973 4621 essent.
1007 4565 1172 4622 Nunc
1227 4570 1422 4623 autem
1480 4585 1614 4624 cum
1673 4570 1901 4638 dixerit,
1928 4574 2044 4629 nisi
2070 4579 2117 4644 ι)
2148 4572 2438 4646 quantum
2484 4566 2555 4621 ad
2606 4569 2878 4621 naturam
2927 4564 3142 4621 bonam
3173 4569 3229 4622 et
3258 4583 3292 4622 a
3339 4567 3454 4623 Deo
3505 4567 3829 4625 conditam

1374 4729 1587 4785 NOT/E
1625 4731 1964 4791 DUVALLII
2002 4730 2359 4794 DOCTORIS
2399 4726 2798 4785 SORBONICI.

416 4843 530 4925 .(a)
567 4846 689 4934 Non
735 4858 1153 4934 consumentur
1201 4855 1488 4934 elementa
1518 4859 1709 4934 quoad
1760 4861 2032 4934 substan-
2143 4856 2557 4934 perfectionem}
2607 4853 2910 4934 mitiorem,
2961 4851 3113 4934 είοὲη
3162 4857 3219 4907 et
3261 4851 3833 4934 ,θῙθΠῙθΡίδηΫδῙοΓθ

384 4917 617 5006 tium‘et
647 4919 960 5002 qualitates
983 4925 1066 5005 eis
1089 4927 1352 5006 proprias
1373 4917 1710 5006 (sunt‘enim
1735 4930 1817 4986 sic
1840 4939 2033 5006 partes
2141 4917 2438 5006 solvenda,
2490 4925 2547 4979 id
2600 4917 3124 5006 est'repurganda.
3150 4956 3216 4965 —
3245 4924 3518 4997 August.,
3569 4922 3672 4978 lib.
3742 4943 3833 4980 xx

384 4988 983 5079 praecipua:
1020 4988 1212 5079 ipsius
1247 4988 1474 5079 mundi,
1500 5000 1600 5079 qui
1648 5004 1789 5056 tunc
1838 4988 2029 5079 potius
2138 4988 2630 5079 delgigilULOQPP-
2658 4996 2774 5079 Siet
2800 4988 2890 5049 18'
2914 4988 2983 5079 vn
3285 5066 3301 5079 .
3336 4988 3369 4997 ν

379 5060 753 5144 perﬁcietur),
805 5060 903 5119 sed
960 5060 1113 5144 quod
1174 5060 1485 5144 qualitates
1518 5060 1641 5144 'eis
1687 5060 2025 5142 pernfistas;
2211 5060 2628 5144 (b)Pert'ectiﬁ_s
2659 5066 2814 5144 Deus
2863 5066 3066 5144 unitur
3103 5082 3236 5144 cum
3265 5065 3564 5144 damnatis
3614 5081 3831 5144 quam

378 5134 519 5211 tunc
551 5132 705 5186 enim
740 5152 885 5205 pura
916 5132 1153 5211 omnino
1174 5132 1505 5211 reddentur
1532 5147 1588 5196 et
1619 5132 1816 5199 futuro
1849 5132 2028 5201 statui
2136 5132 2532 5211 cuin'templis
2555 5137 2924 5211 siactionum
2945 5138 3073 5192 vitae
3097 5138 3244 5211 ratio
3265 5132 3831 5211 habeaturai’iiW’erO

2134 5207 2551 5270 beneﬁciorum
2573 5207 2963 5281 singularium
2982 5225 3109 5281 quae
3131 5208 3470 5281 hominibus
3491 5208 3551 5281 in
3573 5210 3833 5281 templo

2133 5283 2440 5360 orantibus
2469 5280 2870 5360 conferuntur,
2904 5279 3213 5360 magis_est
3249 5279 3305 5334 in
3341 5279 3831 5360 tem_pl.is_qus.m

2133 5356 2194 5411 in
2226 5352 2427 5411 inferis
2459 5368 2562 5408 seu
2589 5367 2725 5424 cum
2756 5350 3073 5424 dampatis.
3100 5351 3223 5424 Non
3246 5356 3420 5424 negat
3442 5350 3831 5410 Trinitatem

2131 5444 2259 5483 esse
2289 5427 2347 5481 in
2374 5420 2692 5494 damnatis,
2719 5421 2858 5493 quia
2887 5421 3041 5477 Deus
3059 5421 3291 5494 iubique
3324 5420 3435 5477 erit
3462 5438 3564 5493 per
3594 5438 3835 5480 essen-

2128 5500 2293 5565 tiam,
2324 5493 2801 5569 praasenti_am__et
2848 5493 3211 5569 potentiam;
3252 5493 3518 5569 ideoque
3554 5497 3831 5552 tantum

2127 5570 2251 5626 vult
2281 5562 2396 5625 non
2428 5581 2557 5623 esse
2588 5563 2645 5619 in
2679 5562 2796 5639 illis
2830 5562 2933 5636 per
2969 5562 3644 5639 gratiambabitantem,
3690 5569 3832 5627 sed

2125 5645 2357 5701 tantum
2390 5654 2495 5715 per
2524 5633 2919 5695 ostensionem
2952 5633 3070 5695 sua:
3094 5633 3361 5713 justitiae.

376 5199 678 5281 beatorum
711 5199 1129 5281 convenientia.
1164 5210 1375 5280 Sicque
1404 5212 1637 5281 quando
1670 5215 1811 5269 dicit
1840 5199 2028 5273 DJPe:

375 5275 526 5347 trus,
553 5274 620 5342 II,
651 5293 776 5347 cap.
807 5296 889 5344 Ill,
914 5279 1090 5335 cmlos
1121 5274 1475 5335 trans-ituros
1497 5299 1623 5337 esse
1654 5290 1709 5339 et
1740 5286 2027 5344 elementa

376 5343 565 5429 calore
595 5343 1029 5429 solfendaLnon
1063 5357 1151 5429 est
1182 5351 1369 5429 primo
1401 5352 1545 5429 illud
1581 5343 2021 5429 intelligendum

375 5413 448 5469 de
476 5418 820 5494 cﬁorporibus
854 5421 969 5494 illis
1000 5413 1336 5477 cmlestibus
1385 5424 1455 5476 ad
1508 5440 1632 5494 qua:
1683 5413 2024 5486 certumest

373 5484 848 5564 conﬂagrationis
896 5492 1093 5563 ignem
1142 5509 1284 5564 non,
1317 5484 1752 5564 perventurum,
1804 5501 1903 5556 sed
1952 5484 2022 5556 de

374 5554 518 5636 εφιρ
549 5554 700 5627 εἴσῃ-ο,
733 5561 842 5618 hoc
868 5554 958 5636 est
984 5567 1103 5618 toto
1136 5554 1333 5636 spatio
1356 5564 1525 5620 aeris.
1556 5554 1774 5623 Deinde
1804 5554 2021 5629 dicitur

371 5622 520 5689 illud
570 5622 696 5690 esse
750 5634 1137 5693 transiturum
1170 5622 1435 5713 ‘propter
1489 5622 2019 5701 renovatione—mist
