4024 6180
399 358 518 420 239

1498 354 1725 417 FLORI
1771 351 2086 415 DIAGONI
2132 352 2709 417 LUGDUNENSIS.

3661 359 3765 420 240

404 491 547 548 dum
580 494 754 562 atque
784 504 1122 546 mensuram
1155 487 1388 543 malitiae
1417 486 1859 559 impiorum,vel
1881 502 2050 559 ange-
2078 488 2133 554 Α
2161 486 2273 543 ista
2302 485 2668 558 praemiserit,
2702 485 3011 559 subjungit
3055 484 3112 540 in
3159 484 3270 541 [ine
3297 489 3354 542 et
3381 486 3534 553 dicit,
3562 490 3689 560 quod
3712 508 3766 548 ea

402 579 616 649 lorum,
647 578 733 636 vel
764 578 1092 647 hominum,
1127 593 1200 633 ne
1243 575 1466 632 scilicet
1494 575 1553 631 in
1586 580 1818 631 tantum
1864 574 2052 648 possit

405 670 716 744 procedere
746 672 804 725 et
833 667 1061 725 extendi
1107 682 1311 722 eorum
1360 664 1588 721 malitia
1617 670 1906 737 quantum
1937 664 2049 736 ipsi

407 758 760 827 desiderant,
794 756 842 813 si
875 756 982 812 sub
1014 754 1254 810 occultis
1283 754 1385 810 Dei
1424 754 1652 826 legibus
1680 759 1857 827 certa
1887 769 2050 809 men-

408 865 546 904 sura
575 851 631 902 et
658 826 926 903 terminis
955 847 1348 910 coerceantur,
1394 826 1705 899 manifeste
1731 859 1933 898 verum
1963 847 2054 898 est

409 935 548 1009 quia
563 939 620 991 et
635 933 903 990 diabolus
931 938 988 989 et
1017 931 1285 988 homines
1314 931 1557 1003 maligni
1588 947 1820 1003 semper
1849 932 2053 1003 utique

404 1025 625 1081 habent
644 1022 796 1079 male
817 1022 1026 1097 agendi
1046 1021 1135 1078 vel
1156 1020 1403 1078 nocendi
1422 1020 1802 1087 voluntatem,
1816 1020 1917 1076 sed
1936 1036 2051 1076 non

406 1129 635 1187 semper
663 1112 880 1168 habent
906 1115 1277 1184 potestatem,
1294 1109 1407 1165 nisi
1430 1113 1719 1181 quantum
1743 1113 1800 1164 et
1819 1110 2053 1181 quando

405 1219 440 1258 a
457 1202 572 1258 Deo
592 1201 1033 1275 permittuntur.
1059 1200 1205 1255 Nam
1230 1203 1287 1255 et
1307 1197 1538 1254 diabolo
1561 1197 1853 1254 malitiose
1873 1202 1930 1254 et
1950 1214 2051 1254 ne-

406 1290 598 1364 quiter
626 1291 794 1346 beato
816 1290 924 1345 Job
943 1304 1151 1344 nocere
1180 1287 1457 1360 cupienti,
1483 1287 1725 1342 modum
1748 1286 2049 1360 imposuit,

407 1396 512 1437 nec
543 1383 832 1452 quantum
862 1377 1062 1444 voluit,
1095 1378 1197 1432 sed
1243 1379 1527 1449 quantum
1573 1376 1899 1448 permissus
1941 1380 2051 1445 est,

406 1485 613 1526 nocere
642 1466 960 1540 praevaluit.
994 1466 1065 1520 Et
1094 1466 1164 1521 de
1196 1465 1395 1538 impiis
1426 1465 1764 1520 hominibus
1795 1465 2056 1537 maligna

409 1562 465 1615 et
492 1574 670 1630 prava
698 1555 1067 1623 conantibus,
1101 1558 1159 1610 et
1188 1559 1406 1621 tamen,
1426 1554 1542 1610 Deo
1573 1555 1812 1610 modum
1837 1555 1921 1611 eis
1949 1553 2056 1610 im-

408 1651 681 1719 ponente,
716 1658 1087 1717 nequaquam
1145 1642 1421 1715 perﬁcere
1473 1642 1824 1711 valentibus,
1858 1648 2056 1716 aperte

409 1734 713 1807 Scriptura
741 1733 883 1789 dicit
914 1750 927 1789 :
961 1733 1346 1801 Cogitaverunt
1391 1733 1626 1788 consilia
1672 1748 1798 1804 quae
1824 1749 1935 1788 non
1958 1748 2055 1803 po-

408 1830 631 1880 tuerunt
673 1824 921 1879 stabilire
968 1823 1136 1895 (Psal.
1187 1838 1279 1891 xx,
1312 1823 1424 1893 l2).
1473 1822 1540 1876 Et
1586 1821 1795 1877 iterum
1832 1838 1845 1876 :
1908 1823 2059 1895 Quia

409 1912 645 1985 dissipat
685 1913 1033 1983 cogitationes
1079 1911 1470 1982 malignorum,
1498 1926 1569 1967 ne
1595 1912 1802 1983 possint
1834 1913 2060 1984 implere

410 2018 609 2058 manus
652 2016 842 2056 eorum
891 2000 1032 2073 quod
1080 2007 1352 2072 asperant
1396 2001 1515 2068 (Job
1541 2017 1599 2068 v,
1634 2000 1742 2072 12).
1794 2000 1863 2055 Et
1909 2001 2065 2073 quod

409 2090 715 2163 subjungit
742 2090 852 2145 iste
883 2094 941 2144 et
971 2088 1111 2144 dicit
1140 2105 1153 2143 :
1186 2089 1339 2143 Nihil
1368 2097 1615 2161 appetere
1644 2090 1921 2144 malitiam
1949 2089 2071 2146 dia-

410 2181 524 2238 boli
547 2186 598 2235 et
623 2180 873 2235 omnium
917 2180 1233 2250 impiorum,
1266 2179 1382 2233 nisi
1411 2185 1473 2234 ut
1492 2178 1766 2250 peccando
1796 2185 1847 2234 et
1875 2180 2070 2250 inique

409 2267 634 2341 agendo,
668 2282 703 2322 a
761 2271 887 2335 Deo,
938 2268 1036 2338 qui
1090 2283 1306 2322 summa
1353 2268 1591 2323 essentia
1646 2275 1747 2335 est,
1788 2268 2062 2335 recedant,

408 2356 721 2412 manifeste
749 2371 952 2410 verum
984 2358 1092 2423 est,
1111 2354 1353 2426 quia,ut
1382 2356 1607 2411 dictum
1637 2359 1745 2425 est,
1770 2357 2064 2429 peccando

410 2444 683 2517 etinique
708 2444 934 2517 agendo
965 2443 1107 2516 quid
1139 2444 1297 2499 aliud
1331 2448 1516 2518 agunt
1548 2444 1660 2500 nisi
1694 2448 1760 2500 ut
1789 2462 1823 2501 a
1856 2447 1965 2501 Deo
1982 2463 2068 2502 re-

410 2534 636 2605 cedant,
670 2536 727 2589 et
753 2532 925 2607 longe
955 2533 1027 2588 ab
1059 2548 1126 2588 eo
1158 2533 1302 2588 fiant
1332 2537 1387 2589 et
1419 2533 1873 2604 pereant?Sicut
1893 2535 1964 2589 de
1981 2534 2065 2591 eis

411 2623 697 2695 scriptum
745 2625 835 2678 est
867 2638 879 2676 :
916 2622 1187 2690 Quoniam
1238 2624 1338 2693 qui
1390 2623 1648 2694 elongant
1684 2639 1741 2678 se
1769 2640 1804 2678 α
1836 2632 1904 2691 te,
1934 2640 2064 2696 per-

410 2712 568 2768 ibunt
594 2712 769 2781 (Psal.
805 2728 975 2776 LXXII,
1007 2711 1120 2781 27).

480 2802 550 2857 Et
570 2801 726 2873 quod
751 2800 1061 2873 subjungit
1090 2800 1200 2856 iste
1231 2800 1421 2855 adhuc
1453 2799 1832 2872 dicens,quod
1852 2803 1913 2857 in
1944 2809 2062 2858 tam

415 2898 527 2947 tum
557 2897 611 2946 et
636 2889 843 2945 diaboli
870 2896 923 2944 et
951 2888 1234 2944 hominum
1264 2890 1560 2961 impiorum
1597 2891 1823 2961 iniquus
1851 2893 2060 2963 appeti-

412 2987 499 3035 tus
520 2994 728 3052 pronus
756 2984 809 3033 et
837 2977 1030 3033 avidus
1058 2980 1133 3034 sit
1160 2977 1229 3032 ad
1256 2978 1485 3045 malum,
1540 2986 1601 3033 ut
1643 2980 1695 3033 si
1732 2994 1819 3035 eos
1859 2979 2062 3035 divina

407 3074 638 3142 potestas
662 3068 1017 3139 permitteret,
1055 3074 1266 3122 tantum
1291 3083 1345 3122 se
1372 3068 1604 3138 peccatis
1650 3069 2055 3137 immergerent,

409 3164 470 3212 ut
489 3158 551 3212 in
578 3158 656 3212 eis
683 3157 851 3211 etiam
880 3158 998 3227 ipsa
1026 3161 1236 3210 natura
1261 3158 1455 3211 merito
1483 3154 1655 3211 deleri
1679 3157 2058 3227 posset,nimis

2157 574 2456 647 difﬁcultas
2472 581 2522 629 et
2548 574 2958 645 impossibilitas
2986 589 3097 644 qua
3125 573 3286 644 impii
3314 574 3492 644 angeli
3516 576 3594 631 vel
3620 576 3768 632 homi-

2159 680 2253 721 nes
2281 664 2385 720 Deo
2414 663 2704 720 obsistente
2750 662 3114 733 prohibentur
3154 663 3435 734 pervenire
3480 664 3546 719 ad
3581 680 3639 719 ea
3663 680 3770 736 quae

2158 754 2351 824 cupide
2379 761 2429 808 et
2454 768 2704 823 perverse
2731 759 3009 824 appetunt,
3042 753 3163 808 hac
3189 753 3266 807 eis
3314 753 3665 808 tantummodo
3690 754 3773 823 ﬁat

2160 843 2223 897 in
2242 842 2345 897 illa
2365 850 2578 898 aeterna
2600 841 2953 897 damnatione
2979 840 3212 912 poenalis
3233 842 3541 897 interituset
3558 842 3774 897 miserri-

2158 945 2270 988 mae
2294 930 2610 1002 cupiditatis
2627 930 2974 1001 justissimus
3002 931 3298 996 cruciatus,
3314 938 3377 984 ut
3403 930 3543 985 hunc
3569 937 3777 985 tantum-

2159 1019 2314 1076 modo
2334 1021 2416 1076 ibi
2429 1022 2719 1091 patiantur
2729 1021 2788 1074 in
2798 1020 2984 1075 animo
2993 1035 3093 1075 suo
3110 1020 3394 1075 interitum
3414 1026 3462 1074 et
3478 1020 3776 1085 cruciatum,

2163 1111 2293 1182 quia
2313 1109 2434 1182 jam
2470 1109 2611 1181 quod
2652 1124 2902 1181 perverse
2949 1108 3413 1173 desideraverant,
3448 1108 3663 1179 implere
3686 1123 3781 1163 non

2160 1200 2437 1263 sinuntur,
2460 1214 2558 1254 nec
2584 1198 2765 1253 ullum
2790 1199 2871 1253 eis
2900 1200 3241 1254 extrinsecus
3258 1213 3328 1252 ea:
3351 1197 3447 1252 illo
3467 1197 3584 1264 igni
3599 1203 3781 1252 aeterno

2164 1287 2486 1343 adhibeatur
2493 1288 2826 1358 supplicium
2836 1294 2888 1343 et
2898 1293 3250 1351 tormentum;
3263 1283 3784 1340 manifestissimum

2164 1375 2533 1431 mendacium
2563 1380 2677 1443 est,
2709 1374 2841 1430 ﬁdei
2874 1392 2940 1430 ac
2970 1374 3200 1430 veritati
3246 1373 3623 1440 contrarium,
3654 1372 3787 1427 sicut

2156 1467 2283 1538 jam
2316 1481 2493 1537 supra
2524 1466 2862 1536 frequenter
2890 1468 3194 1521 ostensum
3226 1468 3337 1520 est.

2235 1556 2321 1609 10.
2349 1554 2483 1609 Post
2497 1554 2619 1610 haec
2649 1553 2961 1626 subjungit
2980 1556 3038 1609 et
3067 1553 3227 1621 dicit,
3264 1554 3463 1608 invitos
3489 1556 3590 1608 Deo
3610 1552 3792 1606 servire

2164 1645 2361 1716 impios
2393 1662 2409 1697 :
2431 1659 2543 1699 non
2569 1650 2835 1698 naturam
2862 1658 3032 1714 quam
3059 1643 3120 1697 in
3148 1644 3229 1698 eis
3251 1644 3403 1714 fecit,
3435 1649 3488 1697 et
3512 1642 3572 1696 in
3601 1641 3671 1695 eis
3695 1656 3794 1693 non

2160 1736 2340 1805 punit,
2370 1733 2459 1789 sed
2487 1733 2694 1787 malam
2712 1732 3065 1800 voluntatem,
3082 1748 3249 1803 quam
3263 1733 3325 1787 in
3349 1733 3429 1787 eis
3451 1746 3560 1786 non
3585 1730 3725 1801 fecit,
3752 1734 3797 1783 et

2167 1824 2227 1877 in
2254 1825 2334 1878 eis
2361 1823 2523 1894 punit
2552 1840 2571 1876 :
2597 1822 2820 1893 ideoque
2848 1821 2991 1892 quod
3017 1823 3071 1877 ei
3102 1822 3267 1877 inviti
3289 1822 3538 1876 serviunt
3553 1819 3733 1890 puniri
3745 1819 3794 1872 in

2175 1913 2370 1984 seipsis
2397 1928 2500 1967 sua
2522 1927 2703 1982 paena,
2735 1909 2800 1966 de
2828 1926 2938 1982 qua
2979 1926 3111 1983 quos
3148 1911 3302 1982 juste
3345 1925 3459 1965 non
3506 1910 3710 1968 liberet.
3738 1905 3797 1960 ad

2175 2017 2298 2058 eam
2351 2001 2473 2057 illos
2527 1999 2917 2072 quodammodo
2967 2006 3264 2072 praeparet,
3295 1999 3430 2054 dum
3473 2013 3560 2053 eos
3602 1995 3670 2051 ad
3693 2010 3799 2051 eam

2174 2091 2377 2162 seipsos
2392 2103 2716 2161 praeparare
2740 2090 3041 2160 permittat.
3066 2087 3292 2144 Similis
3313 2091 3406 2143 est
3425 2091 3482 2143 et
3500 2087 3558 2141 in
3579 2085 3669 2140 his
3686 2098 3801 2140 ver-

2176 2179 2267 2235 bis
2297 2180 2426 2251 ejus
2454 2178 2722 2234 intentio.
2742 2177 2896 2234 Dicit
2918 2193 3175 2249 namque
3206 2177 3370 2250 quod
3402 2189 3604 2233 omnes
3631 2172 3800 2245 impii,

2176 2268 2235 2323 id
2266 2272 2355 2324 est
2384 2271 2441 2325 et
2471 2266 2659 2339 angeli
2689 2269 2746 2322 et
2774 2266 3045 2322 homines
3090 2266 3363 2339 maligni,
3398 2265 3455 2320 in
3487 2263 3586 2320 illa
3627 2262 3803 2332 subje-

2175 2355 2365 2412 ctione
2395 2372 2512 2428 qua
2540 2353 2930 2426 subjicientur
2959 2355 3234 2427 potestati
3288 2359 3348 2410 et
3381 2352 3606 2425 judicio
3634 2349 3728 2406 Dei
3752 2348 3803 2403 in

2174 2448 2458 2501 aeternum
2488 2443 2771 2511 damnati,
2805 2444 2971 2499 inviti
3020 2443 3279 2499 servient
3320 2441 3530 2498 divinae
3579 2437 3807 2511 disposi-

2173 2533 2337 2590 tioni.
2356 2534 2427 2589 Et
2444 2532 2554 2589 hoc
2576 2521 2902 2589 secundum
2924 2533 3053 2605 ejus
3085 2548 3354 2599 sensum,
3377 2535 3447 2587 ut
3462 2528 3722 2586 videlicet
3736 2526 3810 2581 in-

2170 2622 2272 2677 viti
2304 2622 2696 2693 subjiciuntur
2715 2621 2830 2677 Deo
2860 2637 2976 2676 non
3007 2625 3218 2677 natura
3247 2621 3312 2677 in
3341 2621 3433 2677 eis
3463 2618 3633 2676 faciet
3649 2630 3808 2688 quam

2171 2710 2326 2767 Deus
2347 2710 2501 2777 fecit,
2521 2715 2599 2775 et,
2624 2710 2778 2765 sicut
2808 2710 2917 2766 iste
2947 2710 3267 2778 contendit,
3295 2724 3607 2781 nunquam
3636 2704 3807 2779 punit;

2170 2801 2270 2856 sed
2304 2799 2459 2855 mala
2485 2801 2756 2855 voluntas
2799 2815 2978 2871 quam
3007 2798 3070 2855 in
3103 2799 3187 2855 eis
3218 2815 3341 2855 non
3376 2797 3535 2863 fecit,
3565 2800 3622 2852 et
3650 2807 3811 2867 quam

2169 2887 2363 2945 solum
2388 2889 2448 2943 in
2480 2888 2565 2944 eis
2591 2888 2779 2960 punit.
2801 2889 2865 2943 Et
2886 2904 2955 2944 ex
2976 2904 3043 2943 eo
3076 2888 3231 2960 quod
3264 2887 3441 2942 inviti
3475 2885 3721 2941 servient
3739 2880 3813 2935 di-

2167 2978 2299 3033 vino
2323 2977 2568 3049 judicio,
2602 2976 2937 3048 puniendos
2986 2991 3086 3032 eos
3135 2992 3266 3032 esse
3315 2993 3437 3032 non
3469 2972 3812 3031 extrinsecus

2168 3066 2361 3139 aliquo
2393 3070 2680 3123 tormento
2702 3065 2984 3131 adhibito,
3002 3066 3102 3121 sed
3122 3065 3545 3121 tantummodo
3568 3061 3815 3118 intrinse-

2167 3173 2272 3212 cus
2304 3155 2364 3211 in
2394 3155 2523 3228 ipsa
2548 3154 2866 3223 voluntate,
2899 3155 3043 3210 dum
3090 3155 3151 3210 in
3199 3153 3286 3211 eis
3325 3153 3608 3210 voluntas
3632 3151 3694 3205 fit
3722 3163 3816 3205 sua

410 3245 648 3316 quidem
692 3224 987 3306 coactum,
1020 3244 1117 3298 sed
1153 3242 1397 3298 forsitan
1444 3260 1558 3298 non
1600 3224 1813 3299 ex—toto
1844 3224 2056 3302 falsum
2088 3224 2131 3291 (ἶ
2172 3262 2343 3318 pcena
2371 3224 2482 3299 sibi
2512 3242 2661 3317 ipsa,
2696 3244 2837 3299 dum
2868 3246 2926 3299 et
2953 3260 3081 3299 esse
3122 3243 3324 3316 cupiet
3356 3242 3516 3299 male
3546 3240 3742 3304 libera,
3770 3239 3818 3291 et

410 3337 518 3388 est.
544 3331 825 3388 Similiter
846 3332 1002 3403 quod
1030 3331 1318 3405 adjungit,
1337 3334 1469 3403 quia
1488 3348 1557 3387 ex
1576 3348 1639 3387 ea
1659 3333 1990 3404 difﬁcultate
2010 3343 2062 3391 et

409 3421 844 3492 impossibilitate
859 3436 969 3491 qua
989 3422 1046 3475 in
1059 3422 1139 3476 eis
1153 3420 1344 3475 divina
1370 3422 1613 3491 potentia
1640 3429 1692 3476 et
1717 3422 2063 3493 providentia

408 3511 660 3582 imponit,
676 3526 746 3566 ne
767 3512 827 3565 in
856 3499 1069 3565 tantam
1096 3517 1265 3564 ruant
1290 3511 1603 3580 voraginem
1634 3511 1870 3568 maliti?
1890 3528 2064 3583 quan-

411 3607 524 3656 tam
550 3598 881 3666 desiderant,
914 3601 989 3653 sit
1019 3601 1076 3654 in
1110 3599 1296 3654 animo
1343 3615 1550 3665 eorum,
1592 3600 1648 3655 id
1690 3604 1779 3656 est
1805 3605 1861 3657 et
1892 3602 2063 3658 mali-

410 3703 659 3761 gnorum
697 3687 1009 3759 spirituum
1043 3691 1100 3743 et
1130 3687 1439 3743 hominum
1472 3689 1863 3759 pessimorum
1896 3690 2063 3748 labor

411 3776 681 3845 conandi,
713 3780 771 3832 et
800 3775 1097 3832 cruciatus
1128 3776 1530 3849 multipliciter
1561 3778 1875 3851 cogitandi,
1903 3782 2061 3851 quod

409 3864 655 3937 implere
673 3882 788 3920 non
813 3866 1159 3937 possunt.Et
1174 3864 1308 3921 talis
1330 3864 1494 3922 labor
1513 3866 1576 3921 lit
1606 3867 1811 3939 utique
1842 3868 2059 3925 animis

410 3969 611 4009 eorum
643 3956 1022 4021 tormentum,
1057 3953 1305 4027 punitio,
1339 3954 1656 4022 cruciatus,
1688 3960 1755 4010 ut
1792 3956 1919 4029 ipsa
1957 3974 2065 4013 sua

409 4041 668 4115 maligna
695 4041 993 4098 voluntate
1023 4046 1409 4115 torqueantur
1439 4048 1497 4099 et
1526 4044 1866 4116 puniantur.
1899 4045 2062 4109 Quod

406 4148 541 4187 vero
570 4134 704 4204 post
732 4130 853 4186 haec
883 4130 1081 4186 omnia
1111 4131 1423 4204 subjungit
1454 4136 1512 4188 et
1540 4132 1701 4202 dicit,
1728 4133 1980 4189 videlicet
1996 4150 2066 4190 ex

406 4221 504 4278 hoc
533 4223 750 4277 interno
780 4222 1026 4276 cruciatu
1055 4228 1106 4276 et
1129 4223 1421 4292 punitione
1450 4223 1650 4290 animi,
1690 4222 1819 4277 dum
1845 4223 2063 4295 cupidi-

406 4316 540 4365 tates
567 4326 698 4365 suas
718 4311 825 4365 Deo
854 4308 1140 4365 obsistente
1170 4310 1396 4381 implere
1417 4327 1528 4366 non
1552 4319 1747 4383 potest,
1759 4313 1858 4383 ﬁat
1873 4315 2064 4369 anima

402 4400 627 4468 misera,
658 4400 929 4454 sustinens
960 4399 1217 4453 inanium
1245 4398 1585 4470 voluptatum
1603 4416 1835 4456 suarum
1854 4410 2061 4471 egesta-

405 4495 512 4544 tem
532 4507 552 4555 ;
572 4502 773 4543 verum
806 4486 1045 4559 quidem
1076 4491 1187 4554 est,
1230 4488 1385 4559 quod
1426 4487 1549 4543 haec
1580 4505 1852 4560 perversa
1879 4491 2061 4547 animi

2169 3338 2367 3389 tamen
2415 3332 2614 3388 divina
2668 3336 2952 3404 potestate
2998 3332 3071 3388 ab
3102 3331 3203 3387 illa
3241 3347 3527 3404 perversa
3573 3328 3817 3384 libertate

2172 3426 2468 3479 coercetur
2496 3422 2697 3477 invita.
2730 3421 2891 3477 Hanc
2923 3421 3124 3493 itaque
3155 3420 3345 3477 solam
3382 3420 3532 3477 dicit
3558 3435 3688 3476 esse
3715 3430 3820 3488 pm-

2173 3528 2310 3567 nam
2341 3515 2397 3567 et
2426 3509 2767 3583 angelorum
2798 3514 2857 3566 et
2884 3509 3195 3566 hominum
3238 3509 3596 3583 impiorum,
3638 3510 3699 3561 ut
3725 3504 3819 3558 hoc

2173 3601 2346 3655 modo
2361 3598 2645 3671 cupiendo
2656 3599 2869 3655 habere
2882 3615 2987 3654 nec
2997 3598 3243 3655 valendo
3254 3615 3436 3671 asseq
3447 3598 3505 3654 ui
3519 3595 3822 3671 pessimam

2172 3688 2408 3744 malitiae
2442 3687 2795 3754 libertatem,
2814 3688 2873 3742 in
2903 3687 3028 3744 sola
3053 3691 3107 3743 et
3138 3704 3205 3743 ex
3238 3686 3371 3744 sola
3402 3687 3508 3743 tali
3541 3685 3821 3742 voluntate

2172 3776 2524 3832 crucientur.
2557 3777 2778 3832 Natura
2827 3792 2961 3832 vero
3010 3792 3212 3832 eorum
3244 3791 3368 3848 qua
3400 3775 3744 3833 subsistunt
3769 3769 3823 3824 in

2172 3864 2381 3936 spiritu
2414 3865 2498 3921 vel
2531 3881 2789 3937 corpore,
2824 3866 2962 3937 quia
2990 3883 3024 3920 a
3054 3865 3169 3921 Deo
3204 3865 3359 3921 facta
3393 3871 3509 3934 est,
3544 3870 3604 3920 et
3634 3875 3824 3919 secun-

2172 3955 2314 4009 dum
2352 3954 2533 4009 istum
2585 3970 2887 4026 nunquam
2934 3958 3157 4026 peccat,
3186 3970 3508 4027 nunquam
3542 3951 3824 4026 punietur,

2171 4060 2475 4116 nunquam
2508 4043 2709 4115 aliqua
2738 4046 3029 4099 tormenta
3060 4042 3341 4115 patietur.

2241 4133 2322 4189 De
2342 4132 2559 4204 quibus
2579 4132 2854 4187 omnibus
2867 4132 2995 4203 jam
3016 4148 3215 4203 supra,
3231 4137 3415 4204 prout
3438 4131 3730 4188 Dominus
3745 4126 3828 4181 de-

2171 4222 2277 4288 dit,
2309 4221 2452 4277 satis
2504 4236 2851 4292 responsum
2896 4224 3003 4275 est.
3040 4219 3231 4275 Unum
3275 4220 3710 4277 tantummodo
3746 4214 3828 4270 hic

2170 4309 2553 4382 proponimus
2609 4307 2885 4364 omnibus
2941 4307 3469 4375 considerandum,
3500 4309 3625 4365 imo
3665 4305 3831 4362 etiam

2169 4398 2609 4465 exsecrandum,
2643 4397 2934 4468 quomodo
2967 4397 3077 4452 iste
3106 4401 3309 4454 contra
3336 4396 3693 4454 humanum
3712 4410 3835 4451 sen-

2170 4503 2302 4543 sum
2334 4492 2391 4543 et
2419 4490 2621 4542 contra
2649 4484 3030 4558 apostolicam
3058 4484 3367 4541 veritatem
3402 4487 3574 4542 dicat
3602 4501 3717 4541 non
3726 4496 3833 4555 pec-

407 4576 718 4647 cupiditas,
743 4579 800 4631 et
818 4592 953 4632 cum
985 4575 1265 4648 expletur,
1291 4581 1349 4632 et
1367 4592 1502 4631 cum
1534 4578 1753 4649 expleri
1787 4595 1904 4634 non
1931 4596 2061 4651 ρει-ο
2090 4595 2135 4661 D
2165 4591 2292 4633 care
2336 4581 2616 4640 naturam,
2647 4574 2739 4629 sed
2785 4574 2961 4630 solam
3015 4573 3350 4630 voluntatem
3412 4583 3672 4632 naturae.
3708 4569 3839 4637 Quis

408 4663 967 4730 mittitur,miserum
982 4665 1257 4722 eumdem
1270 4665 1536 4720 animum
1559 4666 1718 4723 facit.
1735 4668 1844 4723 Sed
1869 4668 2055 4724 multo

407 4756 496 4809 est
512 4752 814 4809 misericor
835 4753 1228 4822 animus,cum
1252 4755 1324 4810 ad
1348 4754 1488 4811 talia
1509 4756 2057 4829 permittiturquam

408 4856 543 4896 cum
566 4857 600 4895 a
617 4839 837 4896 talibus
857 4840 1052 4897 divina
1072 4847 1356 4915 potestate
1381 4842 1746 4916 prohibetur:
1764 4845 2056 4903 infelicius

407 4945 661 5000 namque
694 4928 849 4985 mala
878 4932 1084 5003 possit,
1119 4948 1297 5003 quam
1323 4933 1461 4988 velit
1490 4934 1917 5001 tantummodo,
1951 4951 2055 4990 nec

408 5018 612 5090 possit.
646 5018 807 5073 Unde
839 5024 895 5073 et
925 5020 1219 5076 saecularis
1276 5021 1609 5093 philosophi
1658 5039 1794 5078 vera
1837 5026 1925 5078 est
1953 5023 2056 5080 illa

405 5106 694 5163 sententia
715 5109 785 5163 de
806 5110 1059 5180 quodam
1089 5127 1100 5165 :
1129 5111 1167 5166 0
1190 5112 1451 5164 miserum
1466 5113 1560 5165 cui
1576 5127 1800 5182 peccare
1823 5110 2051 5169 licebat!

400 5194 618 5252 Verum
650 5212 905 5268 namque
936 5198 1081 5252 dixit
1110 5198 1210 5269 qui
1242 5198 1349 5252 hoc
1382 5196 1544 5264 dixit,
1566 5198 1705 5269 quia
1721 5200 1768 5255 si
1788 5199 2054 5273 prohibe-

400 5288 564 5340 retur
591 5300 829 5356 peccarc
863 5284 958 5340 ille
986 5287 1058 5341 de
1087 5303 1202 5357 quo
1262 5285 1371 5340 hoc
1429 5286 1653 5340 dictum
1709 5293 1817 5356 est,
1853 5288 2050 5346 minus

399 5372 602 5445 utique
634 5375 813 5429 miser
842 5379 1015 5440 esset,
1049 5373 1173 5429 sola
1215 5372 1512 5428 voluntate
1557 5377 1834 5445 peccandi
1866 5393 1880 5434 :
1913 5395 2048 5434 cum

398 5465 595 5519 autem
617 5464 666 5519 ei
687 5459 1581 5535 peccarelicebat,inl‘elicissima
1600 5462 2047 5534 licentia,multo

400 5549 669 5608 miserior
687 5555 813 5609 erat
833 5554 890 5607 et
909 5549 1174 5625 appetitu
1201 5548 1366 5606 malae
1397 5549 1714 5608 voluntatis
1735 5558 1791 5610 et
1811 5556 2043 5612 affectu.

472 5638 635 5710 Quod
672 5657 805 5701 vero
850 5641 959 5701 iste
1010 5638 1278 5717 aperiens
1302 5644 1359 5700 et
1388 5657 1681 5719 exponens
1713 5658 1818 5702 cur
1848 5645 2046 5704 omnia

2164 4665 2321 4723 enim
2351 4680 2613 4736 unquam
2644 4662 2951 4719 hominum
2983 4662 3093 4717 fuit
3123 4665 3226 4718 aut
3249 4663 3473 4735 estqui
3505 4663 3675 4719 dicat
3689 4657 3836 4733 quod

2164 4771 2300 4812 cum
2339 4753 2555 4826 aliquis
2611 4751 2988 4819 adulterium,
3024 4753 3127 4807 aut
3184 4752 3729 4816 comessationem,
3757 4744 3842 4804 vel

2162 4843 2502 4901 ebrietatem
2534 4844 2843 4914 perpetrat,
2878 4839 3003 4897 sola
3033 4840 3092 4896 in
3132 4839 3232 4895 illo
3279 4845 3494 4912 peccet
3542 4840 3837 4901 voluntas,

2163 4938 2221 4988 et
2248 4931 2393 4988 nihil
2449 4930 2529 4986 ibi
2588 4934 2788 5003 peccet
2840 4929 3058 4997 anima,
3116 4928 3262 4984 nihil
3309 4934 3529 5001 peccet
3579 4923 3843 5002 corpus?

2162 5036 2296 5075 cum
2326 5037 2357 5076 e
2384 5019 2695 5087 contrario,
2730 5019 3057 5076 secundum
3117 5017 3251 5073 fidei
3309 5017 3638 5075 catholicae
3696 5013 3844 5071 veri-

2159 5112 2359 5177 tatem,
2412 5112 2718 5181 propterea
2772 5108 3132 5164 adducendae
3190 5105 3308 5163 sint
3355 5122 3582 5163 omnes
3632 5104 3844 5163 animae

2160 5213 2295 5253 cum
2327 5196 2669 5269 corporibus
2690 5196 2815 5252 suis
2831 5196 2905 5252 ad
2930 5195 3226 5268 judicium
3249 5194 3704 5268 omnipotentis
3722 5192 3843 5257 Dei,

2159 5289 2225 5341 ut
2248 5286 2400 5342 sicut
2420 5286 2480 5340 in
2503 5289 2752 5357 utroque
2773 5289 2829 5341 et
2847 5301 2916 5341 ex
2938 5289 3185 5357 utroque
3207 5288 3642 5358 peccaverunt,
3671 5285 3761 5340 ita
3786 5280 3848 5336 in

2157 5379 2406 5447 utroque
2423 5374 2769 5446 judicentur
2797 5378 2974 5446 atque
3002 5374 3342 5448 puniantur.
3360 5372 3522 5429 Nam
3552 5375 3610 5429 si
3633 5377 3851 5429 natura

2156 5463 2416 5535 corporis
2445 5462 2761 5534 impiorum
2790 5462 3032 5519 omnino
3065 5463 3351 5519 immunis
3379 5464 3479 5516 est
3498 5478 3537 5516 a
3555 5460 3847 5535 peccatis,

2155 5553 2298 5628 quid
2316 5567 2552 5609 necesse
2567 5556 2658 5609 est
2682 5555 2747 5608 ut
2764 5556 3053 5625 resurgat,
3079 5568 3207 5626 quas
3228 5549 3460 5608 nullam
3499 5549 3856 5607 damnatio-

2154 5659 2287 5703 nem
2322 5640 2625 5700 mcretur?
2657 5645 2759 5702 aut
2787 5642 3084 5719 quomodo
3114 5641 3275 5715 juste
3306 5652 3444 5699 cum
3482 5638 3714 5697 anima
3742 5650 3854 5696 sua
