4024 6180
357 306 475 378 2.47

1458 304 1688 367 FLOR]
1732 303 2051 366 DIACONI
2100 302 2668 367 LUGDUNENSIS.

3624 310 3728 373 248

360 457 454 509 ces
485 436 693 496 animai
725 435 1030 512 utriusque
1058 440 1335 495 creaturae
1356 437 1627 512 angelicae
1661 441 1718 495 et
1736 438 2008 495 humanm
2040 439 2093 523 Α,
2119 454 2338 511 serpens
2352 439 2519 494 Evam
2537 437 2756 499 seduxit
2776 437 2980 495 astutia
2993 436 3199 504 sua,ita
3215 449 3616 513 corrumpantur
3626 460 3730 500 sen-

368 528 686 604 aliquando
718 528 835 586 illis
866 527 1171 601 suppliciis
1201 531 1375 585 erunt
1403 530 1630 600 ereptae,
1653 530 1711 583 et
1741 527 2015 586 omnibus

366 623 589 676 natura:
620 617 809 683 bonis,
830 617 984 675 sicut
1010 616 1136 689 ipse
1164 617 1324 685 dicit,
1352 616 1678 684 refulsurze,
1701 617 1750 672 si
1773 634 1876 690 per
1897 616 2014 672 vim

370 707 531 765 illius
558 706 710 783 ignis
741 706 1083 780 corporibus
1117 706 1242 762 suis
1271 704 1455 763 aereis
1487 706 1758 762 atrociter
1787 705 2016 761 inﬂam-

375 796 551 856 matis
578 800 824 853 aaternas
847 796 1142 868 patientur
1166 794 1496 851 aerumnas?
1517 795 1576 851 Si
1609 794 1764 852 enim
1803 794 2018 852 libera-

375 886 600 941 buntur
630 884 747 942 illis
776 883 1387 956 suppliciis,carebunt
1409 883 1611 955 utique
1642 883 1949 950 aerumnis;
1971 883 2020 939 si

377 978 572 1031 autem
632 973 692 1028 in
740 971 1115 1044 sempiternis
1164 976 1333 1029 erunt
1389 972 1686 1042 aerumnis,
1718 989 2021 1045 nunquam

378 1061 782 1119 liberationem
814 1062 1215 1119 merebuntur.

448 1151 559 1208 Sed
590 1166 885 1223 exponens
909 1149 1019 1206 iste
1045 1151 1237 1206 adhuc
1287 1151 1528 1206 modum
1577 1150 1830 1224 qualiter
1877 1150 2024 1207 illud

376 1244 497 1297 tam
520 1239 721 1295 fictum
739 1244 797 1295 et
819 1243 980 1295 tanto
1002 1238 1199 1295 labore
1210 1239 1623 1296 concinnatum
1648 1241 1908 1296 futurum
1927 1257 2028 1311 pu-

377 1332 460 1385 tet
477 1344 606 1385 esse
628 1345 693 1384 su
703 1327 1283 1401 pplicium,adiungit
1302 1332 1359 1384 et
1378 1326 1518 1385 dicit
1541 1346 1553 1385 :
1574 1334 1665 1386 Ita
1679 1330 1950 1391 videlicet
1967 1335 2031 1384 ut

378 1417 540 1476 idem
571 1416 692 1491 ipse
723 1417 876 1488 ignis
903 1418 1168 1475 omnibus
1198 1419 1540 1487 corporibus
1554 1417 1663 1489 ﬁat
1689 1418 2033 1492 gloriamw

381 1496 739 1575 damnandis
755 1507 1055 1565 animabus
1070 1508 1421 1565 intrinsecus
1436 1508 1752 1581 iniquitate
1763 1510 2031 1581 pra/irin,

380 1597 737 1657 extrinsecus
755 1597 1359 1670 cumulabiturpaena.
1378 1598 1440 1654 In
1465 1597 1679 1670 quibus
1712 1597 1905 1655 verbis
1925 1598 2036 1654 hoc

382 1683 613 1742 videtur
643 1701 904 1743 asserere
932 1687 1086 1759 quod
1119 1686 1271 1744 idem
1309 1686 1433 1760 ipse
1483 1687 1637 1761 ignis
1682 1692 1933 1745 aeternus
1984 1690 2041 1743 et

2123 544 2216 589 sus
2232 530 2473 596 vestri,et
2502 527 2760 587 excidant
2778 545 2812 585 a
2840 528 3213 600 simplicitate,
3230 543 3351 601 quae
3375 537 3450 589 est
3468 531 3525 585 in
3544 531 3732 590 Christo

2129 617 2200 689 (II
2216 617 2336 674 Cor.
2364 616 2736 688 xr,23).Unde
2758 620 2814 673 et
2843 616 2982 672 alibi
3007 617 3279 674 admonet
3309 616 3499 675 dicens
3517 635 3530 673 ε
3548 621 3740 693 lneptas

2127 713 2310 763 autem
2335 714 2387 761 et
2416 706 2590 762 aniles
2616 706 2834 778 fabulas
2863 705 3039 763 devita
3070 707 3116 778 (l
3152 707 3283 761 Tim.
3335 724 3408 775 ιν,
3440 710 3513 777 7).
3547 709 3612 765 Et
3656 710 3744 765 ite-

2129 811 2261 849 rum
2287 812 2300 849 :
2334 794 2575 865 Profana
2610 803 2792 851 autem
2818 802 2870 851 et
2898 795 3241 867 inaniloquia
3288 794 3463 851 devita
3494 813 3506 850 :
3538 796 3746 853 multum

2129 884 2277 938 enim
2303 885 2600 957 proﬁciunt
2631 883 2702 939 ad
2732 885 3148 957 impietatem,et
3170 900 3342 943 sermo
3361 900 3543 940 eorum
3569 893 3624 940 ut
3642 902 3753 942 can-

2130 990 2220 1029 cer
2263 975 2430 1044 serpit
2461 973 2532 1046 (H
2565 974 2698 1029 Tim.
2742 991 2804 1045 ιι,
2839 974 2947 1042 17).
2979 972 3143 1029 Unde
3200 977 3257 1030 et
3313 973 3516 1031 beatus
3569 974 3755 1032 Petrus

2133 1061 2435 1134 apostolus
2459 1063 2662 1118 eadem
2693 1061 3135 1134 pietate,eadem
3170 1060 3555 1119 sollicitudine
3578 1062 3756 1123 ﬁdeles

2136 1151 2432 1219 admonet,
2486 1150 2727 1207 dicens:
2765 1152 2859 1209 Vos
2918 1152 3110 1223 igitur,
3161 1154 3381 1223 fratres,
3434 1153 3760 1224 prmscientes

2136 1241 2397 1297 custodite
2426 1242 2789 1313 vosmetipsos,
2822 1257 2890 1297 ne
2919 1240 3302 1314 insipientium
3322 1256 3504 1297 errore
3526 1240 3761 1309 traducti,

2137 1330 2403 1386 excidatis
2418 1347 2453 1384 a
2470 1331 2702 1403 propria
2726 1331 3002 1401 ﬁrmitate.
3033 1329 3260 1390 Crescite
3290 1345 3411 1389 vero
3443 1331 3502 1385 in
3523 1331 3697 1399 gratia
3720 1336 3765 1385 et

2139 1419 2447 1488 cognitione
2476 1420 2696 1475 Domini
2721 1419 2895 1475 nostri
2921 1419 3047 1476 .lesu
3078 1418 3283 1476 Christi
3309 1426 3361 1477 et
3394 1417 3682 1475 Satvatoris
3705 1417 3768 1489 (II

2148 1513 2259 1565 Pet.
2293 1525 2375 1575 III,
2404 1509 2488 1576 17,
2526 1509 2633 1576 18).

2216 1597 2341 1653 Non
2374 1598 2541 1654 nobis
2571 1597 2899 1655 efﬁciantur
2925 1596 3041 1653 ista
3067 1596 3224 1655 velut
3244 1597 3450 1670 jocosa
3476 1599 3533 1651 et
3558 1594 3686 1657 ludo
3704 1594 3770 1650 si-

2148 1684 2329 1754 milia,
2348 1686 2487 1758 quia
2515 1690 2573 1743 et
2601 1685 2808 1743 ludum
2831 1685 3096 1745 Ismaelis
3117 1703 3252 1743 cum
3270 1686 3433 1746 Isaac.
3449 1683 3773 1758 persecutio-

384 1774 697 1833 animabus
716 1774 1072 1833 intrinsecus
1089 1792 1157 1833 ex
1177 1777 1536 1834 conscientia
1557 1795 1664 1834 sua
1679 1777 1914 1851 propria
1930 1777 2043 1835 ini-
2068 1813 2114 1878 Β
2150 1791 2284 1830 nem
2312 1779 2476 1832 vocat
2496 1775 2829 1848 Apostolus.
2845 1777 2914 1833 Et
2943 1775 3071 1833 ideo
3094 1775 3430 1847 ubicunque
3450 1773 3585 1835 talia
3613 1789 3771 1847 agno-

386 1865 606 1939 quitate
627 1864 1005 1932 damnatis,et
1034 1864 1286 1923 exterius
1316 1883 1518 1923 earum
1550 1884 1793 1939 corpora
1811 1866 2037 1925 inﬂam-

383 1954 597 2011 mando
620 1956 677 2009 et
692 1952 1112 2011 fervefaciendo
1132 1954 1462 2013 accumulet
1479 1959 1804 2028 pcnnam,ut
1816 1956 2035 2015 scilicet

384 2061 503 2100 non
550 2042 744 2099 solum
791 2043 1042 2100 interius
1088 2048 1474 2117 torqueantur
1520 2044 1898 2113 conscientia,
1932 2048 2036 2104 sed

383 2133 558 2190 etiam
581 2132 833 2189 exterius
853 2132 1192 2207 affligantur
1210 2151 1382 2205 pcena
1403 2134 1586 2207 ignita
1609 2152 1622 2191 :
1642 2139 1699 2191 et
1720 2139 1919 2193 tamen
1941 2153 2035 2193 co-

382 2239 515 2279 rum
539 2221 881 2296 corporibus
903 2222 1053 2278 aeris
1076 2222 1231 2279 idem
1254 2221 1407 2295 ignis
1428 2225 1748 2297 quamdam
1788 2225 2036 2299 gloriam

386 2311 664 2368 conferat.
700 2311 983 2368 Putamus
1014 2311 1154 2384 quia
1184 2312 1339 2368 sicut
1356 2312 1467 2369 iste
1496 2311 1650 2387 ignis
1676 2314 1777 2386 qui
1802 2313 1955 2372 lucet
1976 2316 2036 2371 in

390 2399 704 2467 sideribus,
723 2399 1035 2457 obscuram
1056 2403 1113 2456 et
1141 2398 1524 2472 caliginosum
1548 2399 1727 2472 hujus
1749 2401 1901 2458 aeris
1928 2419 2037 2458 na-

389 2492 584 2546 turam
615 2506 726 2544 sua
748 2487 1040 2544 infusione
1070 2487 1386 2558 illuminat,
1401 2505 1507 2544 suo
1539 2488 1762 2563 fulgore
1782 2489 2037 2548 lucidam

389 2578 599 2645 reddit,
628 2578 726 2650 qui
757 2581 847 2633 est
882 2577 1086 2649 utique
1135 2576 1480 2634 naturaliter
1527 2578 1893 2646 tenebrosus,
1923 2580 2037 2636 nisi

394 2667 579 2725 autin
611 2667 703 2724 die
733 2665 913 2722 radiis
944 2665 1086 2723 solis
1115 2669 1219 2722 aut
1262 2666 1319 2721 in
1366 2670 1533 2722 nocte
1579 2666 1760 2725 radiis
1797 2667 1950 2724 lunas
1983 2673 2042 2725 et

394 2756 654 2814 siderum
674 2755 1001 2813 illustretur
1021 2772 1034 2811 :
1062 2756 1141 2811 ita
1169 2755 1279 2812 iste
1312 2756 1607 2813 existimat
1627 2755 1728 2813 illa
1743 2775 1911 2817 aerea
1930 2759 2040 2814 da:-

394 2863 635 2905 monum
662 2850 719 2903 et
746 2845 1053 2903 hominum
1076 2861 1320 2917 corpora
1338 2850 1553 2905 acterna
1573 2845 1731 2903 illius
1758 2846 1911 2921 ignis
1934 2847 2042 2903 ful-

391 2952 529 3009 gore
558 2935 909 2992 illustranda
939 2939 995 2990 et
1022 2933 1577 3006 clarificanda,sicut
1605 2935 1780 2991 etiam
1800 2934 2039 3009 nigredo

392 3024 528 3082 ferri
557 3024 748 3081 calore
769 3024 1023 3080 fornacis
1044 3023 1102 3079 in
1123 3023 1381 3080 lucidam
1405 3025 1653 3080 vertitur
1672 3024 2036 3097 qualitatem.

391 3115 690 3179 Quomodo
733 3129 869 3187 ergo
918 3112 1188 3185 superius
1218 3112 1364 3169 dixit
1396 3129 1408 3166 :
1446 3112 1811 3187 Angelorum
1855 3116 2038 3173 homi-

2144 1864 2385 1932 scimus,
2406 1864 2526 1925 zelo
2550 1863 2683 1925 fidei
2714 1868 2917 1923 contra
2943 1864 3066 1921 haec
3087 1863 3327 1925 excitari
3345 1863 3623 1922 debemus
3648 1879 3660 1919 :
3686 1861 3774 1918 illo

2144 1972 2250 2013 nos
2281 1954 2634 2011 informante
2663 1957 2720 2011 et
2747 1954 3060 2027 adjuvante
3090 1953 3192 2026 qui
3234 1953 3298 2009 in
3346 1952 3573 2027 psalmo
3603 1949 3731 2008 dicit
3761 1967 3772 2005 :

2143 2046 2314 2101 Zelus
2342 2044 2531 2101 domus
2560 2052 2674 2102 tuae
2703 2043 2931 2100 comedit
2973 2059 3059 2101 me
3086 2044 3261 2114 (Psal.
3317 2060 3508 2107 uvm,
3546 2042 3660 2114 10);
3689 2038 3779 2113 qui

2144 2134 2320 2190 etiam
2348 2132 2574 2206 ﬂagello
2623 2133 2694 2191 de
2724 2131 3000 2189 funiculis
3031 2132 3202 2202 facto,
3231 2131 3543 2189 violatores
3591 2130 3782 2187 domus

2146 2223 2247 2279 Dei
2278 2239 2413 2280 cum
2444 2223 2570 2280 suis
2601 2221 2896 2280 mercibus
2922 2222 3195 2295 ejecit,eo
3219 2223 3381 2296 quod
3411 2221 3676 2279 eamdem
3697 2219 3785 2279 do-

2146 2329 2312 2369 mum
2335 2316 2637 2386 paternam
2670 2312 2913 2369 fecerint
2933 2310 3277 2385 speluncam
3298 2311 3596 2375 latronum
3616 2312 3780 2380 (Joan.

2147 2420 2206 2472 ιι,
2234 2402 2341 2474 15),
2365 2402 2512 2459 Vere
2543 2402 2698 2459 enim
2732 2402 2973 2459 domum
3006 2400 3258 2469 Domini,
3294 2417 3422 2474 quae
3448 2409 3528 2458 est
3568 2400 3789 2457 Ecclesia

2145 2493 2244 2549 Dei
2271 2493 2405 2561 vivi,
2418 2491 2671 2550 columna
2700 2500 2752 2547 et
2779 2492 3185 2562 ﬁrmamentum
3212 2492 3465 2549 veritatis
3496 2492 3545 2557 (1
3567 2491 3694 2546 Tim.
3710 2504 3785 2553 ιιι,

2147 2583 2235 2651 15)
2255 2581 2315 2637 in
2348 2579 2692 2654 speluncam
2717 2579 3016 2637 latronum
3046 2583 3371 2650 vertunt,et
3398 2595 3531 2636 vere
3549 2576 3790 2634 latrones

2147 2674 2306 2739 sunt,
2340 2669 2442 2742 qui
2474 2669 2580 2724 sub
2612 2672 2891 2741 praetextu
2923 2666 3241 2724 Christiani
3275 2666 3540 2725 nominis
3560 2665 3712 2723 velut
3738 2664 3790 2719 in

2145 2758 2405 2816 Ecclesia
2432 2756 3166 2824 constituti,infidelitatem
3197 2772 3376 2815 suam
3398 2754 3687 2815 occultare
3713 2768 3792 2808 co-

2148 2851 2446 2916 nantur,et
2475 2845 2779 2903 insidiosis
2803 2845 2978 2905 etiam
3001 2862 3067 2903 ac
3110 2843 3429 2903 malitiosis
3459 2842 3794 2916 disputatio-

2148 2937 2324 2995 nibus
2345 2936 2470 2992 vitae
2504 2935 2764 2993 Iidelium
2798 2934 3169 2991 insidiantur.
3200 2934 3273 2991 Et
3308 2934 3453 3007 quia
3483 2933 3613 3001 iste,
3641 2930 3795 3002 cujus

2146 3026 2359 3092 verbis,
2393 3023 2710 3085 auxiliante
2741 3022 3005 3090 Domino,
3043 3026 3346 3096 utcunque
3379 3020 3799 3094 respondimus,

2147 3114 2209 3169 in
2234 3112 2652 3187 philosophicis
2674 3110 2891 3185 regulis
2930 3116 2989 3167 et
3018 3109 3403 3185 syllogisticis
3439 3111 3797 3182 argumenta-

390 3219 639 3276 numque
669 3180 952 3271 corporea
982 3180 1166 3258 aerea
1187 3200 1498 3271 supplicia
1519 3180 1674 3275 ipnis
1694 3205 1895 3260 aeterni
1912 3220 2038 3274 per-
2069 3180 2112 3247 (ἶ
2149 3180 2410 3259 tionibus
2432 3180 3069 3274 gloriatumaudiamus
3084 3201 3142 3255 in
3170 3180 3293 3256 fine
3328 3180 3586 3256 fideliter
3603 3200 3659 3254 et
3686 3196 3806 3252 obe-

389 3291 673 3361 pessura?
702 3289 761 3346 Si
816 3288 973 3346 enim
1023 3288 1378 3362 supplicium
1438 3289 1523 3346 eis
1579 3290 1690 3346 erit
1740 3289 1837 3346 ille
1886 3293 2040 3366 ignis

390 3385 661 3451 aeternus,
681 3395 798 3435 non
829 3378 940 3435 erit
970 3378 1172 3451 utique
1200 3377 1418 3451 gloria;
1452 3378 1502 3434 si
1534 3382 1727 3436 autem
1752 3379 1937 3455 gloria
1954 3382 2040 3440 eis

392 3469 585 3536 fuerit,
621 3486 734 3524 non
755 3468 865 3525 erit
895 3485 1084 3540 poena.

458 3558 773 3632 Abigentes
793 3557 990 3629 itaque
1019 3560 1076 3612 et
1096 3554 1295 3629 procul
1329 3556 1677 3629 repellentes
1699 3557 2038 3630 bujusmodi

389 3650 683 3703 tortuosas
703 3649 761 3702 et
778 3645 1041 3718 vipereas
1063 3644 1358 3718 ambages,
1374 3649 1431 3701 et
1461 3647 1759 3704 anfractus
1790 3647 2036 3705 laborio-

390 3734 660 3791 sissimos
691 3751 758 3790 ac
787 3733 1168 3806 perniciosos,
1190 3737 1493 3791 teneamus
1522 3735 1658 3792 ﬁdei
1695 3736 2038 3809 simplicita-

389 3827 511 3879 tem
545 3839 556 3879 ε
588 3839 724 3879 vera
753 3823 1163 3879 damnatorum
1210 3821 1518 3879 hominum
1568 3841 1829 3897 corpora,
1861 3826 1917 3880 id
1949 3830 2039 3882 est

387 3913 639 3978 terrena,
663 3910 985 3974 credentes,
1003 3913 1059 3965 et
1078 3910 1136 3965 in
1159 3910 1245 3965 eis
1264 3927 1400 3966 vera
1416 3914 1473 3967 et
1491 3914 1707 3967 eterna
1726 3911 2034 3984 supplicia,

389 3998 490 4072 qui
509 3997 571 4055 in
591 3997 919 4056 illafuerint
937 3997 1313 4055 damnatione
1333 4015 1638 4071 passuros:
1656 4000 1797 4072 quia
1809 4001 2037 4058 verissi-

391 4105 526 4144 mus
543 4093 632 4145 est
650 4104 841 4144 sermo
856 4087 1128 4144 Veritatis
1152 4104 1278 4159 quae
1292 4087 1350 4142 in
1368 4087 1677 4161 Evangelio
1695 4087 1862 4145 dicit:
1877 4092 2036 4161 Quia

388 4179 576 4237 ueniet
601 4177 750 4234 hora
764 4177 1001 4251 quando
1027 4192 1223 4231 omnes
1262 4176 1360 4248 qui
1390 4176 1457 4231 in‘
1495 4179 1876 4235 monumentis
1903 4170 2035 4235 sunt

388 4267 638 4325 audient
660 4283 847 4323 vocem
866 4265 1015 4324 Filii
1032 4265 1134 4321 Dei
1152 4282 1165 4320 :
1189 4274 1245 4321 et
1265 4264 1581 4335 procedant
1600 4267 1702 4338 qui
1721 4268 1869 4325 bona
1888 4268 2036 4342 fece-

388 4363 525 4415 runt
546 4357 607 4413 in
627 4357 1108 4414 resurrectionem
1128 4357 1294 4422 vitae;
1313 4355 1414 4429 qui
1431 4371 1564 4410 vero
1586 4356 1746 4412 mala
1766 4364 2033 4430 egerunt,

388 4447 451 4505 in
480 4448 962 4503 resurrectionem
975 4443 1207 4516 judicii
1236 4442 1421 4514 (Joan.
1444 4460 1499 4509 ν,
1518 4444 1606 4510 28,
1629 4442 1840 4512 29).Ad
1872 4444 2033 4503 illam

2150 3292 2378 3353 dienter
2397 3289 2805 3349 beatissimum
2831 3288 3043 3347 Christi
3067 3288 3399 3346 antistitem
3434 3293 3491 3345 et
3522 3286 3803 3343 confesso-

2149 3398 2272 3438 rem
2286 3378 2683 3445 Hilarium,ita
2700 3378 3031 3437 istiusmodi
3057 3377 3334 3435 homines
3356 3378 3801 3449 redarguentem

2150 3474 2323 3542 atque
2371 3469 2661 3526 dicentem
2696 3486 2709 3523 :
2747 3468 3115 3540 [Oportuerat
3152 3466 3432 3525 homines
3480 3464 3803 3539 religiosam

2148 3559 2480 3615 divinarum
2514 3574 2708 3613 rerum
2741 3556 3045 3615 scientiam
3076 3555 3482 3627 praeferentes,
3519 3552 3622 3612 ubi
3650 3567 3806 3610 evan-

2147 3647 2341 3720 gelicaa
2365 3651 2538 3719 atque
2569 3645 2899 3721 apostolica:
2922 3643 3354 3718 praedicationis
3374 3644 3598 3701 veritas
3622 3639 3806 3715 praefe-

2147 3734 2552 3804 rebat,callide
2582 3734 2964 3807 philosophia:
2995 3738 3291 3793 tortuosus
3318 3732 3691 3806 quaestiones
3721 3728 3809 3784 ab-

2138 3825 2413 3897 jicere,et
2443 3823 2649 3880 sectari
2682 3823 2875 3896 potius
2907 3823 3248 3895 ﬁdem,quae
3275 3821 3339 3876 in
3375 3822 3493 3878 Deo
3521 3825 3651 3879 est:
3677 3815 3809 3890 quia

2144 3931 2385 3972 sensum
2403 3912 2703 3969 inﬁrmum
2731 3910 2894 3968 facile
2911 3909 3044 3967 fidei
3063 3928 3182 3968 suae
3205 3910 3490 3984 pracdisio
3512 3907 3808 3982 sophisma

2145 4002 2513 4077 syllogisticaa
2564 3999 3036 4074 interrogationis
3081 4002 3334 4067 exueret,
3377 4016 3524 4056 cum
3558 3997 3811 4071 captiosa

2145 4091 2465 4164 propositio
2496 4091 2935 4161 responsionem
2970 4088 3318 4161 simplicem,
3348 4087 3596 4161 sibique
3619 4100 3810 4144 secun-

2144 4181 2287 4237 dum
2309 4179 2822 4253 interrogationem
2845 4194 3039 4233 rerum
3053 4175 3677 4246 obsecundantem,ad
3693 4172 3816 4230 ulti-

2146 4285 2310 4325 mum
2332 4269 2459 4341 jam
2492 4284 2702 4323 sensus
2735 4268 2825 4322 sui
2871 4264 3323 4337 interrogatione
3382 4264 3678 4337 spoliaret
3707 4280 3721 4318 :
3754 4264 3812 4317 ut

2144 4358 2298 4429 quod
2332 4356 2693 4431 professione
2723 4354 3040 4421 amisisset,
3066 4354 3123 4410 id
3147 4354 3273 4426 jam
3295 4352 3682 4413 conscientia
3701 4367 3813 4408 non

2143 4447 2406 4517 teneret].
2438 4447 2580 4501 Item
2614 4445 2766 4502 idem
2796 4441 3086 4519 gloriosus
3115 4441 3423 4499 confessor
3466 4459 3613 4499 cum
3642 4440 3813 4498 verba

389 4551 642 4607 namque
667 4551 865 4591 vocem
897 4531 1022 4589 Filii
1057 4531 1153 4588 Dei
1196 4548 1401 4588 omnes
1440 4531 1540 4603 qui
1568 4531 1627 4587 in
1659 4536 2037 4591 monumentis
2070 4552 2112 4616 D
2142 4533 2401 4607 Apostoli
2433 4536 2743 4606 exponeret
2773 4530 3020 4588 dicentis
3048 4530 3076 4587 ?
3104 4531 3253 4588 Videt
3280 4547 3351 4587 ne
3380 4533 3517 4605 quis
3550 4547 3645 4589 vos
3692 4544 3814 4603 spo-

384 4628 517 4680 sunt
543 4623 849 4691 precedent
879 4643 898 4677 .-
931 4620 1071 4694 quia
1099 4621 1301 4677 eadem
1333 4637 1575 4693 corpora
1595 4636 1722 4694 quae
1745 4622 1804 4677 in
1833 4640 2035 4681 monu-

387 4709 601 4767 mentis
630 4713 796 4766 erant
824 4709 1013 4783 posita
1042 4709 1342 4783 recipient,
1375 4714 1432 4766 et
1462 4709 1518 4764 in
1569 4708 1790 4767 eisdem
1840 4729 2036 4770 resur-

384 4801 542 4872 gent,
573 4796 634 4852 in
659 4797 879 4854 eisdem
910 4797 1168 4855 habituri
1210 4797 1299 4854 vel
1348 4799 1831 4856 resurrectionem
1880 4800 2031 4874 vitia,

384 4885 473 4942 vel
488 4885 974 4945 resurrectionem
990 4886 1120 4957 judi
1129 4886 1200 4942 cii
1217 4904 1230 4954 ;
1249 4890 1313 4943 ut
1329 4892 1431 4944 aut
1451 4886 1509 4943 in
1533 4886 1678 4959 ipsis
1695 4888 2034 4960 possideant

381 4974 563 5033 vitam
585 4977 880 5044 aeternam,
906 4980 1006 5030 aut
1030 4974 1088 5031 in
1112 4975 1254 5047 ipsis
1277 4980 1524 5033 mortem
1549 4975 1844 5047 patiantur
1862 4982 2030 5035 aeter-

382 5079 541 5127 nam.
559 5064 777 5119 Bonum
809 5067 900 5119 est
928 5064 1178 5129 nobis,et
1201 5064 1438 5120 omnino
1461 5062 1639 5120 saluti
1662 5068 1869 5121 nostrae
1894 5072 2028 5125 ante

379 5152 578 5217 omnia
608 5152 1107 5221 necessarium,ut
1136 5152 1193 5208 in
1227 5152 1360 5207 ﬁdei
1384 5151 1627 5211 veritate
1647 5157 1705 5209 et
1742 5154 2025 5229 simplici-

378 5245 493 5298 tate
511 5240 1124 5309 fundanti,timcamus
1141 5239 1467 5309 et,Domino
1490 5240 2029 5310 auxiliante,cavea-

376 5347 510 5391 mus
539 5329 685 5393 illud
718 5329 941 5387 malum
972 5331 1127 5402 quod
1148 5326 1461 5403 Apostolus
1490 5329 1757 5386 Ecclesiae
1796 5331 2024 5391 Christo

373 5418 735 5489 desponsatas
755 5422 813 5475 et
831 5423 994 5476 casta
1015 5417 1150 5473 ﬁdei
1174 5416 1505 5489 virginitate
1527 5418 1780 5489 praedite
1820 5421 2024 5480 timere

374 5522 437 5560 se
453 5505 987 5573 dcnuntiat,dicens
1012 5521 1025 5559 :
1042 5504 1345 5576 Despondi
1361 5503 1513 5559 enim
1534 5521 1632 5560 vos
1651 5508 1758 5563 uni
1776 5508 1900 5563 viro
1914 5510 2023 5566 vir-

373 5593 561 5666 ginem
580 5600 805 5653 caslam
826 5595 1103 5651 exhibere
1115 5592 1363 5651 Christo.
1378 5593 1571 5649 Timeo
1584 5601 1779 5651 autem
1794 5613 1862 5651 ne
1873 5598 2022 5655 sicut

2144 4624 2241 4680 liet
2259 4640 2366 4697 per
2392 4623 2798 4696 philosOphiam
2825 4630 2875 4678 et
2905 4623 3129 4679 inanem
3155 4621 3479 4692 fallaciam,
3511 4618 3813 4681 secundum

2142 4712 2493 4769 traditionem
2524 4711 2832 4778 hominum,
2857 4709 3155 4769 secundum
3183 4710 3458 4767 elementa
3508 4709 3736 4775 mundi,
3767 4714 3816 4765 et

2140 4818 2252 4859 non
2279 4800 2580 4858 secundum
2612 4799 2905 4857 Christum.
2940 4795 3578 4872 [Cavendum,inquit,
3612 4799 3817 4853 adver-

2142 4908 2243 4946 sus
2274 4888 2708 4962 philosophiam
2740 4892 2846 4956 est,
2880 4891 2938 4943 et
2966 4886 3362 4943 humanarum
3406 4886 3818 4943 traditionum

2141 4996 2256 5039 non
2288 4983 2409 5034 tam
2437 4977 2707 5035 evitanda
2736 4980 2875 5033 sunt
2905 4975 3101 5033 studia
3132 4991 3309 5046 quam
3333 4974 3690 5033 refutanda.
3710 4976 3819 5035 Ne-

2139 5084 2252 5140 que
2285 5067 2443 5123 cnim
2472 5065 2565 5122 his
2596 5066 2678 5122 ita
2719 5064 3155 5121 concedendum
3204 5067 3293 5119 est
3341 5063 3528 5135 quasi
3575 5064 3822 5121 vincant

2137 5156 2333 5230 potius
2363 5172 2538 5228 quam
2565 5153 2787 5211 fallant.
2813 5153 2959 5220 Quia
2979 5170 3086 5210 nos
3108 5153 3385 5209 Christum
3406 5155 3526 5209 Dei
3554 5154 3825 5223 virtutem

2134 5255 2184 5303 et
2216 5247 2318 5302 Dei
2343 5245 2675 5316 sapientiam
2694 5243 3071 5316 praedicantes
3101 5258 3334 5317 aequum
3367 5245 3465 5297 est
3510 5241 3822 5299 humanas

2134 5333 2430 5391 doctrinas
2460 5349 2576 5395 non
2607 5336 2726 5388 tam
2755 5333 3028 5405 defugere
3058 5348 3237 5404 quam
3265 5328 3648 5398 refcllere,et
3672 5330 3825 5387 sim-

2133 5421 2401 5496 pliciores
2452 5438 2524 5476 ne
2574 5422 2645 5477 ab
2691 5420 2784 5477 bis
2825 5419 3150 5492 spolientur
3188 5424 3245 5475 et
3275 5418 3603 5475 obstruere
3630 5423 3695 5474 et
3729 5419 3825 5473 in-

2131 5517 2375 5568 struere.
2409 5511 2556 5567 Nam
2586 5526 2720 5566 cum
2752 5509 2940 5583 possit
2968 5509 3184 5578 omnia,
3219 5512 3277 5565 et
3304 5524 3372 5565 ea
3412 5502 3568 5579 ipsa
3614 5504 3831 5563 omnia

2131 5602 2286 5658 Deus
2319 5601 2505 5674 possit
2535 5598 2848 5673 sapienter,
2883 5604 2941 5656 et
2970 5615 3074 5657 nec
3105 5597 3303 5655 virtuti
3334 5597 3471 5668 ejus
3509 5597 3677 5653 ratio
3715 5611 3825 5652 nec
