4024 6180
370 366 484 433 251

1475 370 1707 434 FLORI
1750 370 2067 434 DIACONI
2110 371 2680 435 LUGDUNENSIS.

3660 372 3772 436 252

371 502 647 579 Princeps
677 520 832 562 unus
858 502 1260 578 erat,popu1us
1283 520 1512 578 quoque
1543 504 1816 562 subditus
1837 522 2012 562 unus.
2044 506 2099 573 Α
2126 505 2205 560 Ac
2233 504 2433 561 stellas
2462 504 2689 561 radiare
2721 503 2852 578 polo
2885 504 3034 561 miro
3066 502 3260 561 omine
3288 503 3441 561 fecit.

373 594 489 650 Lex
515 593 692 650 simul
723 598 779 650 et
799 595 981 667 judex
1009 598 1162 651 totas
1191 599 1497 651 ornaverat
1521 596 1717 663 urbes,

374 682 491 739 Pax
516 683 667 739 cives
696 684 901 752 tenuit,
932 684 1120 739 virtus
1152 683 1434 739 exterruit
1462 684 1682 753 hostes,

372 771 541 828 Alma
569 773 934 828 sacerdotum
965 773 1226 829 certatim
1252 789 1393 828 cura
1420 774 1653 845 vigebat

375 860 646 917 Conciliis
676 862 915 927 crebris,
939 861 1170 934 populis
1193 862 1289 934 pia
1310 863 1448 932 jura
1477 862 1841 918 ministrans.

375 949 520 1005 Hinc
550 950 731 1005 sacris
762 949 953 1016 cleris,
986 950 1121 1006 hinc
1153 950 1421 1021 plebibus
1453 950 1802 1023 eximiisque

375 1038 741 1111 Principibus
769 1038 882 1094 late
916 1040 1226 1095 resonabat
1256 1056 1446 1096 sermo
1479 1040 1707 1097 salutis.

374 1125 686 1183 Discebant
706 1129 952 1199 juvenes
983 1129 1179 1185 divina
1207 1128 1508 1184 volumina
1538 1129 1779 1201 passim.

376 1213 658 1271 Littereas
688 1221 841 1274 artes
872 1235 1185 1289 puerorum
1221 1218 1394 1273 corda
1418 1218 1715 1274 bibebant.

374 1302 633 1360 Crimina
661 1309 812 1362 tetra
838 1306 975 1380 vigil
998 1308 1198 1362 crebro
1228 1324 1474 1363 censura
1506 1308 1746 1380 fugabat
1776 1325 1790 1365 :

373 1393 489 1449 Hos
519 1393 714 1461 timor,
749 1395 854 1449 hos
883 1400 939 1449 et
970 1413 1134 1451 amor
1163 1396 1233 1451 ad
1269 1397 1483 1453 fmdera
1505 1398 1673 1469 justa
1703 1398 1962 1453 vocabat.

338 1508 347 1525 ι
445 1482 593 1547 Quin
614 1483 789 1539 etiam
819 1490 1085 1541 externas
1114 1486 1247 1541 fidei
1282 1487 1633 1559 conjungere
1659 1491 1862 1559 gentes

372 1570 525 1626 Cura
555 1575 763 1639 erat,et
794 1572 1031 1629 domitis
1058 1573 1357 1646 imponere
1387 1576 1550 1630 frena
1578 1574 1827 1637 salutis.,

374 1659 520 1715 Hinc
547 1676 777 1733 pagana
806 1678 1021 1718 manus
1037 1664 1183 1735 juga
1212 1663 1507 1737 religionis
1537 1663 1724 1720 inibat
1754 1681 1766 1718 :

375 1748 598 1820 (a)Hinc
615 1749 854 1806 haeresis
876 1752 1399 1824 surgens,pedibus
1416 1753 1713 1809 substrata
1731 1754 2018 1826 gemebat.

374 1836 595 1893 Claruit
622 1838 760 1893 hinc
790 1840 1041 1895 nimium
1072 1845 1190 1897 toto
1222 1858 1364 1914 gens
1398 1844 1673 1899 Francica
1704 1844 1963 1900 mundo:

375 1926 669 1999 Famaque
699 1927 982 1984 virtutum
1004 1930 1152 1985 ﬁnes
1178 1931 1501 2002 penetravit
1532 1932 1602 1986 ad
1635 1931 1804 1988 imos.

377 2015 622 2088 Legatos
654 2016 790 2072 hinc
820 2034 958 2074 suos
988 2018 1187 2091 procul
1221 2025 1417 2076 extera
1446 2036 1644 2093 regna,

374 2104 649 2172 Barbara,
683 2105 898 2175 Graca,
932 2106 1110 2162 simul
1143 2108 1375 2163 Latium
1408 2109 1621 2165 misere
1652 2109 1930 2165 tribunal.

373 2192 518 2248 Huic
549 2193 762 2248 etenim
794 2195 971 2250 cessit
998 2196 1173 2251 etiam
1205 2213 1350 2270 gens
1377 2197 1625 2254 Romula
1653 2198 1832 2271 genti,

374 2282 827 2355 Regnorumque
857 2283 1032 2339 simul
1064 2290 1250 2342 mater
1282 2287 1460 2342 Roma
1497 2286 1698 2343 inclita
1726 2287 1922 2343 cessit.

376 2372 562 2444 Hujus
591 2371 670 2426 ibi
701 2372 971 2446 princeps
1003 2375 1164 2447 regni
1189 2375 1523 2431 diademata
1552 2376 1810 2449 sumpsit

375 2461 615 2517 Munere
645 2461 984 2534 apostolico,
1018 2462 1231 2519 Christi
1265 2464 1590 2521 munimine
1619 2465 1821 2521 fretus.

444 2550 489 2605 Ο
520 2551 906 2618 fortunatum,
940 2556 1141 2608 nosset
1169 2570 1278 2608 sua
1307 2553 1357 2608 si
1387 2553 1559 2622 bona,
1594 2571 1864 2627 regnum,

374 2637 554 2711 Cujus
587 2640 772 2695 Roma
800 2656 902 2695 arx
932 2644 1040 2706 est,
1072 2645 1130 2697 et
1160 2640 1287 2697 cali
1316 2642 1566 2715 claviger
1594 2646 1815 2710 auctor,

373 2727 558 2782 Tutor
587 2731 643 2783 et
672 2730 925 2785 aternus
955 2728 1234 2787 calorum
1264 2730 1324 2785 in
1354 2731 1569 2786 sacula
1597 2736 1804 2800 rector,

374 2815 480 2883 Qui
512 2819 784 2873 terrestre
813 2817 966 2875 valet
995 2818 1054 2874 in
1085 2819 1294 2876 calum
1326 2819 1529 2877 tollere
1559 2837 1804 2894 regnum

442 2906 515 2960 At
545 2922 701 2962 nunc
732 2909 932 2963 tantus
962 2925 1108 2981 apex
1134 2913 1296 2965 tanto
1323 2910 1394 2965 de
1426 2909 1681 2966 culmine
1710 2909 1913 2984 lapsus

375 2993 578 3052 Florea
609 3012 714 3052 ceu
746 2998 1043 3069 quondam
1075 2998 1249 3071 capiti
1281 2999 1504 3072 dejecta
1534 3016 1768 3071 corona,

374 3085 559 3150 Quam
590 3083 790 3141 varius
818 3086 963 3141 texit
990 3087 1269 3143 redolenti
1301 3090 1566 3160 gramine
1596 3089 1804 3162 fulgor,

373 3172 728 3230 Cunctorum
756 3174 965 3245 teritur
992 3176 1241 3246 pedibus
1275 3192 1288 3230 :
1323 3176 1652 3232 diademate
1684 3178 1880 3233 nudus

375 3261 633 3317 Perdidit
652 3261 880 3335 imperii
911 3262 1129 3334 pariter
1158 3280 1488 3336 nomenque
1516 3266 1831 3337 decusque,

373 3350 445 3405 Et
473 3365 719 3421 regnum
750 3349 985 3405 unitum
1010 3352 1266 3407 concidit
1294 3357 1448 3409 sorte
1478 3352 1749 3409 triformi.

374 3437 759 3509 Induperator
787 3437 867 3494 ibi
898 3456 1107 3511 prorsu
1130 3441 1257 3511 jam
1291 3458 1461 3498 nemo
1491 3446 1749 3514 putatur.

375 3526 483 3582 Pro
513 3543 647 3600 rege
676 3531 766 3583 est
793 3528 1052 3602 regulus,
1087 3546 1190 3601 pro
1220 3546 1398 3602 regno
1426 3531 1716 3604 fragmina
1746 3533 1928 3605 regni.

375 3614 645 3672 Consiliis
676 3617 896 3673 crebris
927 3623 1269 3689 quaeruntur
1299 3619 1454 3675 furta
1483 3621 1729 3677 nocendi
1761 3639 1776 3677 :

373 3707 670 3761 Conventu
691 3704 927 3761 assiduo
959 3706 1315 3779 populantur
1334 3709 1474 3780 jura
1504 3709 1732 3766 salutis.

373 3785 649 3848 Cassatur
676 3793 946 3865 generale
974 3795 1215 3865 bonum,
1248 3814 1357 3853 sua
1385 3797 1635 3871 quisque
1666 3802 1884 3855 tuetur.

375 3879 585 3937 Omnia
614 3884 752 3938 sunt
781 3898 932 3938 cura
969 3901 981 3938 :
1015 3883 1169 3941 Deus
1200 3890 1293 3965 est
1318 3885 1531 3943 oblivio
1561 3888 1743 3943 solus.

375 3969 641 4027 Pastores
670 3970 902 4027 Domini
933 3972 1088 4029 soliti
1117 3990 1462 4032 concurrere
1490 3977 1547 4031 in
1581 3994 1796 4045 unum;

375 4058 631 4115 Dissidio
664 4076 879 4128 rerum,
914 4062 1218 4134 synodalia
1247 4064 1408 4120 nulla
1437 4066 1830 4138 frequentant.

375 4147 639 4204 Concicio
661 4148 787 4221 jam
819 4149 1017 4222 populi
1047 4151 1209 4208 nulla
1237 4157 1346 4214 est.
1370 4154 1472 4225 jus
1503 4172 1675 4211 omne
1724 4155 1982 4212 recessit.

375 4237 611 4293 Frustra
641 4236 755 4293 huc
784 4237 1033 4313 legatus,
1065 4240 1199 4297 aula
1227 4246 1316 4298 est
1339 4243 1440 4299 ubi
1472 4243 1652 4312 nulla,
1687 4249 1965 4301 recurrat.

374 4324 521 4389 Quid
556 4325 771 4383 faciant
798 4327 1020 4400 populi,
1053 4345 1200 4400 quos
1231 4330 1439 4403 ingens
1468 4330 1634 4387 alluit
1662 4331 1874 4398 Hister,

373 4415 530 4480 Quos
563 4415 824 4473 Rhemus
854 4416 1287 4490 Rhedanusque
1318 4419 1529 4492 rigant,
1573 4421 1882 4494 Ligerisve,
1916 4422 2021 4476 Pa-

1710 4511 1912 4576 [dusve
1924 4509 1952 4565 ?

375 4592 531 4655 Quos
561 4609 764 4649 omnes
794 4594 1017 4650 dudum
1048 4595 1238 4651 tenuit
1267 4597 1577 4653 concordia
1606 4616 1804 4666 nexos,

375 4679 609 4735 Fcedere
639 4697 794 4736 nunc
822 4686 993 4754 rupto
1024 4683 1270 4740 divortia
1298 4689 1509 4742 masta
1537 4686 1805 4761 fatigant.

447 4768 609 4840 Sape
640 4767 862 4824 malum
892 4770 999 4827 hoc
1029 4772 1198 4829 nobis
1228 4772 1484 4830 coelestia
1513 4775 1685 4848 signa
1714 4775 2020 4843 canebant,

376 4854 521 4911 Cum
551 4855 767 4913 totiens
799 4858 992 4931 ignita
1023 4861 1197 4929 acies,
1230 4879 1334 4919 ceu
1366 4862 1514 4931 luce,
1548 4864 1844 4936 pavenda,

379 4944 483 5000 Per
514 4945 709 5002 media
739 4947 927 5004 noctis
956 4949 1150 5006 dirum
1182 4951 1395 5009 fulsere
1425 4953 1715 5020 tenebras,

376 5033 648 5090 Partibus
677 5039 735 5091 et
763 5036 939 5094 variis
968 5040 1301 5096 micuerunt
1328 5041 1462 5113 igne
1493 5041 1753 5098 sinistro.

377 5125 521 5179 Cum
554 5124 851 5181 mediante
879 5126 971 5183 die
1001 5129 1232 5201 populis
1255 5129 1486 5201 jejunia
1512 5130 1660 5185 festa

377 5212 741 5286 Devotasque
766 5231 964 5286 preces
995 5234 1098 5289 per
1124 5217 1345 5290 templa
1375 5218 1733 5291 agitantibus
1765 5218 1952 5288 alma;

378 5301 475 5357 Sol
509 5300 762 5357 nitidum
794 5303 944 5360 tristi
978 5305 1128 5385 texit,
1150 5306 1440 5379 ferrugine
1469 5305 1718 5375 vultum,

449 5445 527 5514 (α)
560 5443 655 5498 Sic
686 5443 1075 5519 Prudentibus
1107 5448 1164 5500 in
1199 5445 1533 5519 praefatione
1563 5447 1631 5502 ad
1667 5447 2025 5506 Cathemeri-

381 5520 737 5601 non.Pugnet
764 5526 950 5601 contra
979 5517 1561 5601 haeresesdld‘ultaalia
1589 5524 1792 5601 peccat
1814 5520 2026 5601 Florus

382 5587 438 5641 in
463 5589 778 5662 poetarum
809 5587 966 5662 leges
999 5593 1105 5662 :at
1134 5588 1557 5662 indulgendum
1585 5587 1669 5645 illi
1698 5592 1872 5647 atati.

474 5601 778 5711 poetarum
809 5601 966 5671 leges
999 5604 1013 5645 :
1043 5601 1105 5644 at
1134 5601 1557 5673 indulgendum
1585 5601 1669 5645 un
1698 5601 1872 5647 atati.

451 5659 472 5727 (
510 5657 535 5731 )
567 5660 786 5730 Nempe
815 5675 987 5716 8.111118
1016 5659 1123 5715 837
1151 5664 1207 5717 et
1237 5666 1505 5733 sequenti
1534 5664 1641 5718 840
1671 5666 1730 5719 et
1755 5663 1880 5719 342.

2052 1877 2100 1942 Β

2130 592 2292 656 Quod
2326 596 2655 650 monstrum
2679 593 2901 651 scimus
2925 592 3144 650 bellum
3177 593 3353 650 ferale
3383 597 3669 662 secutum,

2131 684 2253 748 Quo
2284 699 2347 739 se
2378 682 2730 740 Christicolae
2762 684 2881 739 fero
2911 684 3129 756 petiere
3159 684 3429 752 nefando,

2129 772 2200 826 Et
2227 771 2704 845 consanguineus
2735 772 2893 844 rupit
2921 772 3018 845 pia
3042 773 3256 828 fmdera
3278 788 3480 828 mucro
3514 789 3527 827 :

2129 862 2317 934 Atque
2347 862 2500 929 fera,
2531 861 2917 935 volucresque
2968 860 3143 917 simul
3191 860 3287 933 pia
3325 861 3590 916 membra
3618 878 3776 916 vora-

3514 950 3705 1021 [runt;

2132 1040 2208 1111 (b)
2240 1039 2387 1096 Cum
2418 1039 2528 1095 diri
2561 1040 2703 1097 calo
2733 1040 2949 1097 totiens
2982 1056 3175 1096 arsere
3207 1042 3464 1107 cometa,

2130 1129 2397 1185 Humano
2428 1129 2652 1186 cladem
2684 1131 2880 1203 generi
2908 1129 3319 1201 excidiumque
3347 1128 3660 1184 minantes.

2131 1218 2286 1274 Inter
2316 1236 2463 1291 quos
2489 1236 2649 1296 unus
2680 1218 3007 1275 ﬂammanti
3040 1220 3198 1274 crine
3227 1233 3505 1274 coruscus

2130 1306 2329 1363 Mense
2363 1308 2479 1364 fere
2508 1311 2629 1364 toto
2657 1307 2988 1363 truculento
3018 1306 3242 1363 lumine
3272 1305 3458 1361 fulsit.

2129 1396 2310 1459 Quem
2338 1395 2640 1469 regionum
2673 1401 2833 1453 atrox
2862 1396 3131 1463 vastatio,
3165 1394 3342 1451 motio
3375 1411 3598 1467 regum,

2128 1485 2199 1540 Et
2228 1483 2417 1541 rabies
2448 1484 2606 1554 belli,
2629 1491 2684 1541 et
2716 1486 2874 1559 regni
2909 1486 3171 1541 scissura
3202 1489 3424 1555 secuta,

2129 1573 2432 1629 Continuis
2460 1574 2742 1630 miserum
2774 1574 3047 1647 quatiunt
3075 1572 3397 1629 terroribus
3427 1572 3651 1628 orbem.

2199 1662 2339 1727 Quis
2367 1664 2524 1732 ﬁnis,
2558 1680 2756 1735 quave
2786 1663 2873 1719 ira
2901 1664 3000 1719 Dei
3033 1662 3191 1718 mala
3217 1666 3381 1718 tanta
3409 1658 3730 1733 sequatur?

2128 1754 2263 1820 Qua
2288 1753 2413 1823 jam
2439 1753 2533 1808 vix
2560 1752 2775 1824 aliquis
2807 1752 3087 1824 pavitanti
3119 1752 3292 1808 corde
3318 1750 3560 1817 volutat,

2128 1841 2238 1897 Vix
2265 1841 2485 1909 recolit,
2516 1842 2610 1897 vix
2640 1841 2775 1897 inde
2808 1840 3012 1897 dolens
3043 1839 3300 1913 suspiria
3330 1839 3542 1895 fundit.

2131 1932 2428 1987 Gaudetur
2455 1931 2593 1987 fessi
2625 1947 2775 1986 sava
2803 1928 2955 1986 inter
2981 1928 3225 1986 vulnera
3254 1929 3418 2002 regni
3454 1944 3468 1983 :

2128 2021 2199 2076 Et
2228 2036 2431 2093 pacem
2460 2019 2737 2086 vocitant,
2770 2017 2931 2075 nulla
2956 2023 3047 2075 est
3077 2018 3177 2074 ubi
3209 2018 3399 2091 gratia
3423 2016 3605 2090 pacis,

2130 2108 2259 2165 Stat
2288 2108 2478 2181 paries
2503 2107 2762 2164 subitam
2793 2107 3077 2164 minitans
3105 2105 3480 2178 validamque
3527 2103 3790 2172 ruinam,

2129 2197 2263 2253 Jam
2291 2198 2517 2253 dudum
2547 2196 2823 2266 inclinus,
2849 2194 3124 2253 scissuris
3153 2194 3417 2267 undique
3448 2193 3683 2267 plenus.

2132 2288 2200 2358 (θ)
2234 2286 2603 2359 Illiniturque
2634 2286 2757 2343 luto
2784 2285 2985 2351 ﬂuido,
3018 2285 3307 2357 citiusque
3339 2300 3569 2339 casuro.

2130 2376 2378 2431 Mistura
2408 2375 2502 2432 hic
2533 2375 2711 2448 palea
2735 2374 2895 2431 nulla
2915 2374 3296 2441 est,membra
3324 2370 3522 2428 omnia
3550 2373 3788 2426 nutant.

2199 2466 2331 2522 Jam
2360 2466 2512 2520 vatis
2543 2465 2729 2520 sancti
2763 2464 3142 2519 metuendum
3170 2461 3465 2517 cernimus
3495 2462 3680 2515 Amos

2128 2554 2418 2627 Compleri
2448 2554 2508 2609 in
2539 2553 2709 2610 nobis
2741 2553 3006 2610 deﬂendo
3037 2567 3109 2619 ex
3137 2550 3338 2607 ordine
3366 2550 3581 2606 visum.

2126 2645 2257 2700 Jam
2290 2643 2574 2699 Dominus
2604 2659 2841 2698 murum
2873 2639 3109 2713 linquit,
3141 2640 3428 2712 deponere
3449 2636 3695 2693 trullam

2126 2733 2258 2788 Jam
2289 2736 2476 2804 parat,
2510 2735 2568 2787 et
2597 2730 2824 2787 nullam
2852 2730 3039 2786 iratus
3069 2728 3193 2786 vult
3218 2729 3365 2784 ferre
3394 2727 3655 2783 lituram.

2126 2822 2377 2894 Jamque
2406 2820 2583 2876 etiam
2612 2820 2895 2876 uncinum
2927 2834 3237 2892 pomorum
3268 2814 3553 2889 conspicit
3582 2814 3710 2883 ille,

2128 2911 2250 2975 Quo
2280 2913 2403 2966 tota
2431 2908 2645 2967 evulsis
2677 2908 2932 2965 nudetur
2963 2906 3252 2962 fructibus
3284 2905 3475 2962 arbor.

2127 2999 2259 3055 Jam
2288 3002 2551 3055 remanet
2580 3014 2831 3070 quercus
2862 2994 3133 3052 foliorum
3166 2994 3423 3067 tegmine
3454 2992 3614 3048 nuda
3646 3008 3661 3046 :

2127 3088 2259 3144 Jam
2290 3088 2515 3144 domini
2544 3086 2813 3161 egregius
2836 3085 3005 3140 flavet
3033 3084 3159 3140 sine
3189 3082 3451 3138 fontibus
3480 3081 3717 3137 hortus.

2130 3178 2214 3232 En
2245 3176 2374 3233 sitis
2402 3180 2577 3249 atque
2608 3176 2811 3241 fames,
2846 3172 3056 3230 cecinit
3084 3188 3262 3245 quam
3293 3168 3574 3243 praescius
3593 3168 3783 3237 idem,

2050 3241 2093 3308 C
2131 3265 2359 3321 Judicie
2389 3264 2622 3321 Domini
2652 3264 2823 3320 terris
2854 3261 3124 3318 immissa
3147 3263 3437 3334 perurget.

2126 3353 2389 3410 Caelestis
2415 3352 2573 3409 verbi
2604 3353 2818 3409 desunt
2839 3352 2963 3422 jam
2995 3348 3213 3424 pabula
3241 3353 3298 3404 et
3326 3347 3567 3403 imbres.

2126 3444 2243 3499 Hoc
2276 3443 2480 3499 Oriens
2506 3443 2832 3514 Boreasque
2865 3439 3109 3508 malum,
3142 3438 3252 3495 hoc
3302 3436 3490 3492 maria
3518 3435 3791 3508 undique

3407 3524 3713 3580 rclamant.

3407 3528 3713 3595 [clamant.

2126 3621 2341 3677 Vocem
2369 3618 2764 3692 evangelicam
2795 3616 2989 3674 divino
3020 3634 3089 3672 ex
3115 3631 3212 3671 ore
3243 3617 3559 3670 tonantem.

2198 3709 2337 3776 Quis
2370 3725 2486 3765 non
2507 3709 2635 3780 jam
2665 3707 2859 3762 videat
2887 3705 3193 3777 doleatque
3221 3703 3442 3759 instare
3469 3701 3753 3775 piorum?

2129 3798 2309 3854 Filius
2338 3815 2411 3853 en
2441 3796 2700 3853 hominis
2728 3795 2967 3852 veniens
2997 3811 3067 3849 ex
3098 3809 3229 3849 arce
3258 3791 3547 3864 polorum,

2129 3886 2481 3951 Invenietne,
2515 3888 2711 3958 putas,
2735 3883 2868 3941 ﬁdei
2898 3881 3143 3956 vestigia
3171 3880 3388 3937 terris?

2129 3972 2414 4032 Cordibus
2445 3973 2722 4030 humanis
2750 3972 3043 4028 latebrosa
3073 3969 3361 4027 foramina
3387 3967 3593 4041 vulpes

2130 4064 2450 4121 Immunda
2481 4065 2538 4119 et
2567 4061 2695 4119 cali
2727 4062 2897 4117 nidos
2928 4061 3112 4117 fecere
3139 4058 3423 4116 volucres.

2130 4154 2313 4210 Fraus
2343 4153 2466 4209 hac
2496 4155 2669 4224 atque
2698 4155 2895 4207 tumor
2923 4148 3035 4205 diri
3064 4148 3182 4204 late
3211 4145 3433 4204 obtinet
3470 4145 3660 4202 hostis
3699 4161 3716 4202 :

2128 4242 2246 4299 Nec
2275 4242 2439 4299 locus
2469 4244 2559 4297 est
2583 4239 2832 4307 Christo,
2865 4255 2981 4311 quo
3010 4237 3097 4294 vel
3130 4241 3305 4309 caput
3333 4234 3431 4292 ille
3460 4233 3708 4291 melinet

2202 4332 2331 4387 Hac
2360 4331 2513 4386 inter
2538 4332 2738 4402 gemat
2766 4332 2826 4384 et
2848 4327 2992 4382 ﬁdat
3019 4342 3158 4400 grex
3194 4324 3290 4381 ille
3323 4322 3593 4397 pusillus,

2131 4420 2235 4477 Cui
2267 4421 2436 4476 Pater
2461 4416 2658 4475 aterni
2688 4420 2992 4473 conservat
3023 4414 3238 4488 gaudia
3267 4414 3453 4486 regni,

2133 4509 2508 4580 Deducatque
2536 4505 2720 4563 oculis
2749 4505 3036 4578 lacrymas
3061 4506 3357 4574 noctuque
3387 4500 3616 4572 dieque,

2050 4608 2096 4672 Ι)
2125 4603 2204 4658 Ac
2235 4599 2507 4673 precibus
2535 4597 2662 4653 vita
2693 4594 2938 4669 pulsans
2967 4595 3039 4651 ad
3068 4593 3279 4650 limina
3308 4595 3547 4665 perstet.

2124 4692 2412 4762 Exposcat
2435 4702 2601 4743 veros
2629 4683 2882 4741 inhianti
2913 4685 3142 4755 pectore
3171 4697 3354 4754 panes

2132 4780 2296 4845 Tres,
2328 4773 2645 4848 evangelici
2673 4774 2960 4828 memorat
2985 4786 3133 4843 quos
3164 4768 3380 4841 pagina
3406 4766 3588 4823 verbi.

2128 4867 2280 4924 Vera
2308 4867 2454 4924 ﬁdes
2476 4863 2745 4920 confessa
2771 4862 2956 4917 Deum
2986 4877 3089 4932 per
3118 4856 3331 4916 sacula
3360 4856 3604 4924 trinum,

2131 4958 2237 5013 Hts
2266 4955 2482 5011 fruitur
2511 4951 2782 5024 dapibus,
2813 4949 2908 5005 his
2938 4949 3122 5004 fidum
3151 4947 3341 5020 pascit
3366 4945 3646 5002 amicum.

2131 5046 2257 5101 Non
2289 5042 2543 5115 lapidem
2574 5043 2785 5106 sumet,
2819 5038 2868 5094 si
2900 5053 3115 5110 panem
3146 5034 3403 5109 postulet
3434 5048 3700 5105 unquam
3734 5049 3751 5086 :

2134 5134 2250 5189 Nec
2278 5148 2381 5203 pro
2413 5129 2572 5201 pisce
2603 5131 2779 5200 caput
2804 5125 2980 5180 virosi
3014 5125 3268 5181 sentinet
3297 5122 3467 5197 hydri
3502 5138 3516 5176 :

2135 5222 2249 5277 Nec
2280 5236 2382 5292 pro
2413 5234 2517 5274 ovo
2549 5215 2724 5272 fallax
2753 5213 2961 5269 illudet
2981 5212 3247 5286 scorpius
3270 5211 3391 5280 olli,

2136 5311 2348 5366 Fronte
2376 5305 2535 5362 velut
2563 5303 2747 5371 mitis,
2781 5302 2883 5358 sed
2916 5302 3114 5358 cauda
3143 5300 3384 5357 vulnere
3411 5314 3620 5355 savus.

2207 5452 2277 5525 (ο)
2299 5452 2415 5506 Hoc
2445 5465 2513 5525 ex
2539 5445 2867 5525 imitatione
2895 5442 3215 5525 Ezechielis
3244 5442 3303 5525 i_n
3345 5458 3471 5525 cap.
3504 5455 3793 5525 x.1_11,vers.

2136 5513 2291 5580 12‘et
2320 5537 2442 5593 seq.
2476 5519 2639 5583 Quod
2673 5516 3047 5593 subditurde
3076 5514 3275 5571 Amosi
3304 5513 3795 5586 prophetia,peti-

2134 5599 2232 5651 tur
2260 5611 2328 5650 ex
2357 5588 2484 5664 cap.
2517 5607 2638 5654 vm,
2669 5605 2820 5645 vers.
2852 5588 2875 5643 Ι
2912 5590 2970 5643 et
2997 5590 3052 5643 2.
