3914 6166
326 271 444 334 235
1423 283 1657 347 FLORI
1703 282 2015 346 DlACONI
2061 282 2643 346 LUGDUNENSIS.
3582 289 3684 352 256

397 406 522 464 Non
555 407 676 466 haec
704 414 895 469 rostra
924 412 1030 470 tibi
1064 419 1262 481 nostra
1292 417 1479 489 ﬁgura
1509 417 1688 474 dedit.
2006 418 2054 483 Α
2089 415 2395 472 Infremuit
2425 414 2631 470 mundi
2665 413 2893 472 Christo
2925 413 3183 471 veniente
3212 419 3500 488 potestas,

328 497 533 554 Tunde
564 499 748 572 igitur
771 507 983 559 tetrum
1011 506 1182 560 rostri
1213 506 1567 563 damnabilis
1601 526 1816 564 uncum
1853 527 1865 564 :
2160 504 2446 560 Gentilem
2479 509 2543 560 ut
2567 504 2797 577 plebem
2825 509 3075 560 necteret
3107 505 3197 577 ipe
3227 505 3356 570 sibi.

396 587 469 642 Et
500 588 634 661 fuge
664 607 944 662 germana
971 593 1159 650 vivere
1191 613 1360 651 carne
1395 597 1570 653 ferox.
2086 594 2390 649 Infremuit
2420 599 2636 649 terrore
2666 594 2844 665 gravi,
2880 592 3153 666 legesque
3183 594 3394 650 feroces

329 675 500 733 Utere
531 679 898 752 simplicibus
933 683 1238 738 nobiseum
1273 685 1524 741 dulciter
1552 686 1722 754 escis,
2157 683 2372 749 Edidit,
2409 699 2474 737 ac
2505 687 2622 738 toto
2657 683 2860 737 terruit
2892 682 3026 737 orbe
3054 681 3201 753 pios.

399 768 468 822 Et
498 768 623 822 miti
657 769 855 824 mitem
890 776 1120 841 pectore
1139 789 1330 844 quaere
1364 776 1581 830 cibum.
2087 772 2149 828 In
2183 771 2364 827 servis
2396 775 2588 826 tamen
2619 770 2714 826 ille
2745 772 2870 826 suis
2899 771 3111 826 virtute
3143 772 3378 842 potenti,

329 854 476 910 Sunt
506 857 600 928 pia
624 858 760 928 jura
793 859 1133 931 ducum;pia
1166 867 1305 917 sunt
1325 870 1609 937 praecepta
1638 870 1973 938 parentum:
2159 863 2309 917 Dum
2342 865 2578 932 superat
2608 861 2918 924 mundum,
2953 860 3159 914 robora
3189 860 3314 914 dira
3343 865 3516 916 necat.

399 945 538 1009 Quis
570 963 674 1017 ego
707 948 779 1001 ab
814 948 977 1003 initio
1003 951 1239 1006 munior
1267 957 1445 1024 atque
1476 971 1660 1026 regor.
2087 951 2160 1006 Ut
2186 949 2337 1005 male
2367 951 2521 1022 quod
2555 949 2719 1016 vixit,
2752 949 3074 1017 moriatur;
3110 955 3336 1004 mortua
3362 966 3518 1021 porro

329 1033 476 1098 Quid
508 1036 777 1091 tenebras
809 1036 946 1102 luci,
981 1040 1120 1109 quid
1157 1040 1312 1095 melli
1345 1042 1643 1099 absinthia
1675 1043 1924 1100 misces?
2159 1039 2438 1111 Impietas
2469 1038 2700 1093 dulcem
2733 1042 2962 1110 promat
2991 1038 3062 1093 ab
3094 1055 3189 1093 0P8
3222 1038 3392 1093 ﬁdem
3424 1055 3435 1092 ε

399 1122 516 1177 Ista
544 1123 649 1178 tibi
683 1141 912 1198 semper
942 1128 1258 1185 dissociata
1289 1136 1548 1186 manent.
2087 1128 2366 1200 Quodque
2398 1127 2535 1182 olim
2569 1127 2771 1182 rabido
2803 1127 3040 1182 fremitu
3071 1126 3290 1182 laniare
3325 1128 3569 1198 parabat,

327 1211 407 1266 Ex
433 1229 546 1283 quo
578 1215 929 1286 conspicuus
959 1217 1174 1272 Christi
1207 1236 1308 1289 per
1338 1221 1548 1276 saecula
1573 1221 1764 1277 cultus
2160 1219 2275 1273 Hoc
2307 1219 2478 1273 modo
2501 1219 2627 1288 jam
2659 1216 2815 1272 dulci
2850 1215 3119 1288 praedicet
3151 1233 3247 1270 ore
3280 1215 3454 1270 melos
3483 1233 3493 1269 :

400 1302 603 1362 Fulsit.
638 1307 693 1357 et
728 1304 938 1358 idolica
967 1306 1119 1377 fugit
1151 1307 1222 1362 ab
1253 1309 1395 1364 urbe
1425 1309 1552 1366 lues
1589 1328 1601 1365 :
2087 1308 2335 1379 Jamque
2366 1307 2567 1362 haedus
2598 1305 2836 1372 Christi,
2862 1306 2959 1376 qui
2991 1310 3130 1360 tunc
3163 1304 3250 1359 leo
3283 1308 3473 1360 torvus
3502 1304 3689 1374 abibat,

329 1389 642 1463 Nunquam
675 1393 869 1464 prisca
901 1411 1064 1450 meos
1091 1400 1529 1470 vexaruntjura
1561 1400 1886 1468 ministros,
2157 1397 2430 1452 Peccator
2457 1395 2688 1451 veniam
2719 1393 2977 1467 postulet
3007 1394 3132 1465 ipse
3163 1394 3296 1448 sibi.

397 1480 654 1536 Pondere
685 1498 790 1536 nec
821 1483 972 1537 saecli
1009 1500 1100 1538 res
1127 1492 1364 1542 onerata
1388 1505 1554 1544 sacra
1583 1494 1690 1546 est.
2088 1485 2180 1541 Sic
2215 1486 2518 1540 mundana
2545 1483 2654 1539 sibi
2689 1483 2937 1553 subjecit
2966 1482 3227 1538 culmina
3255 1481 3526 1550 Christus,

329 1569 571 1641 Semper
597 1569 913 1626 distinctus
942 1573 1018 1644 (η)
1044 1575 1258 1647 duplex
1288 1576 1383 1632 hic
1414 1578 1554 1633 ordo
1581 1581 1889 1649 cubum-it”
2159 1575 2383 1629 Cuncta
2411 1579 2466 1629 et
2496 1573 2556 1628 in
2587 1573 2935 1644 obsequium
2970 1572 3146 1627 traxit
3177 1572 3389 1643 ubique
3418 1589 3594 1626 suum.

400 1656 825 1729 Judicibusque
858 1661 981 1717 suis
1009 1667 1254 1736 utraque
1287 1683 1422 1736 pars
1453 1668 1656 1740 viguit.
2087 1666 2158 1719 At
2188 1669 2250 1719 tu
2282 1663 2331 1717 si
2362 1669 2623 1718 veterum
2658 1662 2849 1718 nescis
2884 1661 2977 1733 pia
2999 1662 3141 1732 jura
3173 1660 3419 1732 piorum,

330 1745 645 1802 Ordinibus
677 1748 858 1805 sacris
889 1752 1206 1808 reverentia
1234 1755 1428 1811 debita
1458 1757 1633 1812 cessit
1666 1775 1680 1812 :
2003 1784 2050 1849 B
2157 1752 2364 1808 Desine
2395 1752 2549 1824 quod
2583 1751 2773 1807 nescis
2807 1749 3090 1805 dilaniare
3123 1751 3363 1805 bonum.

401 1833 662 1890 Plebeios
693 1837 839 1892 rexit
866 1838 956 1895 lex
979 1857 1086 1896 sua
1117 1859 1410 1916 quemque
1441 1846 1615 1902 viros.
2003 1833 2050 1849 υ
2080 1843 2148 1897 Et
2177 1859 2319 1913 cape
2349 1839 2722 1912 tranquillus,
2756 1838 2989 1895 brevius
3023 1838 3177 1910 quod
3213 1837 3422 1910 pagina
3450 1838 3619 1894 verbis

331 1920 476 1986 Quid
511 1923 656 1980 mihi
688 1943 844 1982 nunc
873 1933 1123 1986 veterem
1150 1936 1214 1987 tu
1248 1934 1333 1988 vis
1366 1936 1697 1993 subvertere
1728 1952 1924 2010 sepem
1946 1939 1975 1994 Ἰ
2151 1932 2220 2003 (e)
2251 1930 2445 1987 Altera
2475 1929 2714 2002 pacifico
2747 1928 3010 2002 suggerit
3040 1943 3114 1982 en
3138 1927 3328 1983 studio
3358 1944 3371 1981 :

400 2011 546 2077 Quid
580 2014 723 2070 mihi
751 2019 1064 2075 maceriam
1095 2021 1282 2078 diruis
1312 2026 1640 2096 oppositam
1662 2026 1690 2081 ‘2
2078 2020 2340 2092 Cumque
2373 2022 2637 2074 serenato
2669 2016 2982 2090 perlegeris
3013 2017 3214 2072 omnia
3245 2015 3428 2082 vultu,

329 2097 444 2154 Cur
471 2105 693 2159 veteres
719 2105 867 2162 ﬁnes
898 2113 1096 2164 nostro
1121 2111 1440 2169 convellere
1472 2115 1653 2170 fundo
2152 2110 2217 2164 Et
2248 2125 2424 2180 quam
2456 2125 2569 2162 non
2604 2123 2777 2162 noras
2807 2104 3020 2161 videris
3052 2105 3181 2177 ipse
3206 2105 3378 2170 viam,

397 2189 634 2257 Niteris,
668 2197 723 2248 et
754 2196 982 2253 cunctis
1011 2199 1207 2269 pervia
1237 2218 1374 2256 rura
1406 2202 1590 2257 facis?
2081 2198 2200 2254 Sub
2235 2196 2447 2252 Christi
2478 2200 2694 2252 terrore
2725 2198 3002 2259 tremens,
3037 2193 3255 2266 pietate
3288 2192 3439 2250 fideli

327 2277 476 2333 Audi
504 2280 755 2337 veridico
789 2283 1062 2342 Salomon
1095 2288 1234 2358 quid
1269 2294 1540 2360 personet
1567 2308 1685 2357 ore,
2149 2286 2381 2359 Corrige
2411 2287 2566 2358 quod
2595 2301 2837 2358 pravum
2867 2283 3154 2356 perspicis
3186 2282 3310 2356 ipse
3339 2287 3519 2338 tuum.

399 2366 468 2421 Et
497 2384 775 2426 mucrone
809 2373 948 2429 time
975 2378 1031 2429 te
1054 2376 1338 2452 jugulare.
1359 2382 1479 2432 tuo.
2079 2376 2296 2448 Nempe
2329 2375 2506 2431 etiam
2537 2374 2585 2428 si
2619 2372 2738 2428 ulla
2768 2389 3022 2444 usquam
3056 2372 3180 2428 haec
3203 2373 3340 2444 jura
3368 2374 3609 2426 vetarent

326 2456 568 2512 Eversor
598 2459 752 2532 scpis
785 2461 1024 2520 colubro
1057 2467 1354 2522 mordente
1385 2468 1616 2539 peribit,
2150 2465 2302 2520 Num
2333 2464 2585 2537 gessisse
2618 2463 2781 2517 decet
2811 2461 2950 2516 talia
2981 2459 3361 2533 pontificem?

399 2546 588 2619 Seque
610 2565 715 2605 suo
747 2550 846 2622 qui
883 2552 989 2607 fert
1020 2570 1160 2609 saxa
1187 2554 1382 2612 labore
1408 2561 1648 2628 premet.
2081 2554 2221 2609 Rem
2249 2554 2392 2609 bene
2424 2555 2818 2607 constructam
2846 2554 3007 2604 tanto
3039 2550 3276 2616 sudore,
3302 2553 3383 2604 tot
3413 2548 3570 2603 annis

329 2635 408 2690 Te
436 2652 656 2708 preme,
688 2642 742 2695 te
774 2641 995 2712 perime
1027 2659 1039 2696 :
1076 2661 1210 2699 nam
1243 2661 1334 2700 me
1367 2645 1615 2717 spoliare
1642 2647 1932 2720 nequibis,
2151 2643 2464 2709 Subruere,
2497 2645 2552 2696 et
2578 2638 2782 2695 sceleri
2814 2639 3069 2710 pandere
3101 2641 3307 2710 sponte
3332 2637 3477 2692 viam
3498 2638 3523 2690 ?

399 2724 644 2781 Auxiliis
677 2727 882 2785 fultam
915 2748 1148 2804 semper
1175 2733 1391 2805 ubique
1422 2735 1541 2790 Dei.
2079 2731 2302 2797 Dicere,
2335 2728 2535 2785 nullus
2566 2729 2753 2784 honos
2783 2728 3030 2783 debetur
3061 2726 3324 2796 (credite)
3355 2723 3526 2782 sacris

327 2813 464 2868 Post
493 2817 854 2890 evangelicos
887 2819 1138 2894 clypeos,
1173 2828 1307 2895 post
1336 2823 1453 2880 tela
1481 2842 1724 2882 corusca
2151 2818 2467 2875 Ordinibus
2503 2835 2514 2872 ε
2544 2822 2784 2873 cunctos
2816 2816 3010 2888 PUISBL
3040 2817 3263 2888 ubique
3297 2817 3496 2870 ἶοτυῐῖι-

398 2901 528 2957 Oris
557 2907 879 2976 apostolici,
911 2915 1042 2981 post
1073 2910 1170 2982 pia
1200 2911 1330 2982 jura
1359 2912 1483 2984 Dei,
2081 2908 2154 2980 (ἁ)
2187 2908 2334 2963 Nam
2362 2907 2473 2962 nisi
2502 2907 2828 2962 coenobium
2862 2910 3046 2960 mater
3069 2903 3354 2960 muliebre
3369 2903 3686 2976 gubernans,

328 2990 416 3045 Me
448 2991 868 3053 Constantinus
897 3001 1206 3056 reverendo
1238 3003 1430 3057 munit
1459 3005 1530 3058 ab
1561 3021 1658 3059 ore
1693 3021 1706 3058 :
2151 2999 2218 3052 Et
2247 3013 2410 3052 sacer
2441 2996 2706 3062 antistes,
2739 2999 2944 3049 ϐδεῖ-θτᾶ
2975 2993 3170 3066 ΡιιῙνίε
3196 2998 3385 3048 erunt-

399 3079 489 3135 ΜΘ
519 3098 752 3155 quoque
779 3087 855 3157 (b)
887 3087 1252 3145 Theodosius
1283 3092 1533 3164 protegit
1563 3109 1660 3148 ore
1693 3093 1808 3165 pio.
2005 3153 2040 3165 Α
2081 3086 2141 3142 Si
2174 3091 2338 3160 pater
2367 3103 2428 3141 es
2460 3085 2618 3151 cleri,
2650 3083 2770 3140 noli
2802 3088 3176 3139 contemnere
3209 3082 3423 3138 clerum
3459 3098 3470 3134 :
3499 3081 3504 3083 ’

325 3168 569 3225 Arcadio
601 3172 758 3227 dulci
784 3177 1077 3245 perdulcis
1111 3179 1399 3233 Honorius
1431 3153 1654 3236 hvmrens
1693 3153 1714 3165 ⁵
1999 3153 2041 3218 C
2151 3176 2265 3230 Nec
2297 3180 2351 3230 te
2383 3175 2466 3230 sic.
2499 3178 2563 3229 ut
2591 3191 2689 3229 eos
2721 3173 2875 3246 erige
2909 3172 3150 3228 deicias.

399 3257 489 3312 Me
519 3258 685 3331 dulci.
705 3260 933 3332 eloquio
962 3263 1181 3332 laudat,
1203 3266 1468 3334 honorat,
1504 3271 1681 3323 amat.
2077 3265 2210 3321 Haec
2239 3264 2517 3336 quoniam
2548 3281 2664 3318 non
2698 3267 2936 3318 sanctus
2963 3278 3150 3333 amor,
3176 3262 3278 3318 sed
3309 3260 3564 3333 turgidus
3583 3260 3684 3312 atro

325 3345 471 3407 Quid
504 3351 776 3403 veterana
806 3349 1014 3422 loquar
1035 3352 1062 3407 ?
1092 3359 1289 3410 nostro
1322 3373 1475 3411 nunc
1505 3374 1634 3413 ecce
1667 3358 1777 3413 sub
1808 3376 1923 3414 sevo
2150 3352 2507 3409 Fumifluum
2539 3351 2772 3423 spirans
2805 3354 2994 3406 ructat
3025 3352 3097 3406 ab
3129 3368 3226 3406 ore
3257 3351 3418 3406 furor
3450 3367 3462 3404 :

394 3435 518 3500 Qua
545 3435 810 3507 placidus
841 3441 1110 3514 princeps
1140 3459 1231 3498 me
1262 3445 1471 3515 pietate
1503 3446 1685 3502 colit?
2077 3443 2207 3497 HCEC
2235 3441 2284 3497 si
2317 3447 2508 3496 mente
2538 3441 2636 3512 pia
2657 3439 2900 3512 relegas,
2936 3438 2985 3494 si
3017 3443 3251 3510 pectore
3282 3455 3422 3510 puro

324 3522 431 3578 Pro
463 3539 557 3579 me
587 3526 848 3584 conciliis
881 3531 1111 3586 sudavit
1135 3549 1286 3604 saepe
1314 3535 1600 3602 verendis,
2147 3529 2432 3602 Accipias,
2466 3529 2704 3602 prodest
2735 3528 2892 3600 potio
2927 3544 3095 3582 sacra
3124 3527 3254 3583 tibi.

394 3613 463 3666 Et
491 3613 679 3670 valido
709 3617 923 3687 pressit
953 3619 1099 3675 colla
1129 3623 1557 3696 superbajugo.
2078 3619 2174 3674 Est
2200 3621 2515 3675 subamara
2543 3618 2781 3689 quidem
2815 3633 2827 3670 :
2863 3617 2961 3672 sed
2999 3616 3046 3672 si
3081 3616 3324 3688 patiare,
3360 3611 3612 3670 salubris.

325 3701 576 3773 Legibus
607 3705 866 3776 antiquis
897 3708 1085 3764 edicta
1115 3710 1370 3766 recentia
1390 3712 1609 3782 junxit,
2147 3709 2356 3765 Insunt
2383 3707 2615 3780 gallinae
2640 3705 2800 3762 zelus
2831 3721 3114 3778 amorque
3146 3703 3344 3760 simul.

394 3792 463 3846 Et
485 3792 635 3848 bona
657 3793 850 3865 prisca
880 3797 1042 3852 novis
1075 3799 1235 3854 auxit
1263 3800 1480 3872 ubique
1513 3802 1683 3857 bonis
1720 3819 1731 3856 :
2073 3798 2338 3864 jEstimo,
2367 3797 2455 3850 vir
2483 3794 2764 3868 prudens,
2797 3791 2958 3848 nullo
2991 3796 3045 3847 te
3077 3792 3209 3848 felle
3240 3790 3473 3856 moveri,

321 3879 402 3934 Ne
431 3896 524 3935 mc
555 3898 658 3952 per
680 3882 891 3956 plagus
922 3888 1146 3954 mundi,
1181 3906 1283 3960 per
1311 3891 1549 3946 turbida
1578 3908 1717 3946 saxa
2145 3886 2290 3942 Cum
2320 3885 2516 3940 videas
2548 3883 2782 3938 Florum
2813 3886 2868 3937 te
2899 3883 2983 3937 sic
3015 3898 3212 3937 amare
3245 3886 3430 3936 tuum.

393 3969 674 4026 Obrueret
705 3972 896 4028 subito
932 3993 1042 4030 nox
1073 3978 1194 4032 fera
1225 3979 1550 4052 naufragio.
1859 3969 1875 3985 ’
2074 3977 2220 4032 Nam
2252 3974 2496 4029 meliora
2526 3971 2606 4044 pii
2640 3976 2778 4027 sunt
2808 3970 3051 4026 vulnera
3081 3986 3316 4042 semper
3343 3966 3567 4036 amoris,

320 4057 464 4114 Vere
497 4059 655 4116 clara
685 4061 905 4118 micant
932 4065 1081 4120 sacri
1115 4067 1394 4139 mysteria
1425 4068 1658 4135 Christi,
2146 4062 2406 4120 Subdola
2439 4079 2617 4134 quam
2648 4061 2800 4116 ﬁctis
2832 4059 3032 4116 oscula
3065 4075 3270 4130 pressa
3300 4057 3491 4114 labris.

389 4148 522 4214 Quae
552 4155 814 4207 veterum
845 4152 1080 4226 signant
1110 4161 1273 4228 gesta
1293 4157 1463 4214 beata
1488 4159 1748 4214 Patrum.
2074 4155 2142 4208 Et
2173 4154 2320 4208 bene
2351 4169 2467 4206 non
2501 4154 2695 4214 notus,
2729 4148 2880 4204 male
2912 4148 2959 4204 si
2992 4147 3422 4203 inscrebescere
3451 4140 3650 4200 cunctis

315 4237 447 4292 Jam
476 4238 735 4297 validum
767 4243 1036 4310 Samson,
1071 4245 1211 4301 dum
1243 4246 1365 4301 vult
1397 4249 1702 4320 peregrina
1731 4247 1929 4304 subire
2145 4241 2423 4315 Cmperis,
2458 4239 2695 4294 infamis
2727 4236 2926 4294 fabula
2958 4253 3191 4309 semper
3219 4236 3352 4292 eris.

357 4320 707 4397 'Connubia,
742 4331 993 4405 impetiit
1022 4333 1326 4391 horrisono
1358 4353 1456 4392 ore
1481 4338 1591 4393 leo.

316 4419 519 4488 Quem,
548 4419 722 4476 veluti
759 4425 1022 4478 tenerum
1059 4423 1351 4480 frustatim
1384 4430 1642 4498 carperet
1672 4425 1926 4491 haadum,

385 4506 483 4563 Ille
513 4526 748 4575 necans,
783 4511 983 4568 dulces
1014 4515 1268 4585 sumpsit
1297 4515 1368 4570 ab
1398 4532 1495 4570 ore
1527 4515 1706 4570 favos.

316 4593 580 4666 Sumpsit
611 4599 680 4652 ab
711 4617 809 4655 ore
841 4601 998 4658 favos
1030 4607 1088 4658 et
1118 4603 1313 4659 dulcia
1344 4603 1518 4658 mella
1548 4604 1754 4673 leonis,
2070 4597 2314 4656 Joannis
2342 4595 2624 4669 Paulique
2655 4595 2810 4650 diem
2843 4592 2930 4650 sol
2961 4592 3159 4649 attulit
3191 4591 3336 4659 orbi,

386 4683 492 4747 Qui
525 4683 760 4741 fremuit
785 4690 1031 4761 pridem,
1065 4692 1312 4749 dulciter
1341 4709 1469 4749 esse
1497 4693 1670 4766 sapit.
2141 4688 2246 4756 Qui
2278 4687 2456 4742 rubra
2481 4684 2743 4757 martyrii
2776 4687 2930 4739 serta
2960 4698 3163 4738 cruore
3193 4685 3423 4754 gerunt.

1989 4521 2035 4585 Β
2073 4478 2144 4545 (e)
2185 4489 2421 4528 smnus
2448 4489 2502 4527 NI
2534 4487 2748 4526 NATALE
2786 4485 3128 4525 SANCTORUM
3160 4481 3400 4524 JOANNIS
3437 4472 3681 4520 armum.

387 4808 462 4878 (α)
494 4807 1104 4891 C‘imjicorumscilicet
1141 4822 1196 4891 et
1241 4816 1557 4891 laieorum,
1583 4819 1680 4891 qui
1716 4835 1962 4891 semper
2069 4815 2142 4870 ab
2173 4813 2265 4869 his
2294 4811 2558 4867 versibus
2592 4825 2605 4863 :

314 4878 502 4986 5TH?
516 4879 1804 4986 οξξιηδνξπλϐἷῖρέῖῗξὲἓ[ἓξὲξ.ρηθῖῗῗῗὲξὲξιῗῗφμηθ
1836 4907 1959 4945 ω⁰’
2195 4928 2370 4986 Solve,
2401 4928 2569 4983 Pater,
2603 4925 2834 4986 profluas
2864 4923 3018 4972 hilari
3041 4923 3105 4972 de
3130 4925 3344 4986 pectore
3374 4921 3558 4983 grates,

314 4949 701 5048 ηεξοξμηεξῖυξίιξιξ
733 4953 1050 5048 ξτξξςᾷψις,
1064 4962 1308 5048 grypas
1337 4962 1766 5048 soptinglzatuc-
1829 5033 1838 5042 ,
2195 4949 2852 5048 δυὸἷιῖζάτῗὲἔξὲτξέυὲἴοῖῗ)
2864 4949 3433 5048 ’ἶὲἕῖηέιυιῗεὲῗὲιέΐῗιιῖἶ

386 5021 459 5100 (ᾦ)
483 5021 704 5100 Quippe
737 5023 989 5100 Ecclesia
1011 5021 1306 5100 Gallicana
1327 5032 1523 5086 codice
1553 5032 1959 5088 Theodosiano
2256 5021 2405 5100 νέω
2435 5021 2667 5100 ‘fwuw
2693 5021 2852 5100 Τίν’-ν
2883 5021 3032 5100 "mni
3059 5021 3433 5100 "Virili":
3480 5087 3492 5100 ,
3540 5084 3550 5095 ,

312 5087 612 5176 utebatur,
636 5087 692 5150 et
721 5097 847 5176 ejus
875 5095 1114 5153 libertas
1145 5099 1578 5176 acjmmunitas
1610 5087 1960 5176 legibusim-
2065 5098 2281 5176 _Verum
2312 5099 2433 5176 tota
2462 5092 2862 5176 hrccuepistola
2900 5110 2966 5149 eo
3016 5092 3221 5176 tendit,
3257 5095 3322 5145 ut
3371 5087 3676 5145 Moduinum

313 5168 668 5233 peratorum,
704 5163 841 5221 olim
896 5185 1160 5237 suorum,
1213 5171 1608 5228 Romanorum
1657 5163 1952 5230 utebatur.
2065 5170 2329 5225 hortetur
2361 5168 2431 5222 ad
2463 5163 2727 5222 studium
2759 5181 3060 5237 saeiarum
3094 5163 3438 5237 lit_terarum.

381 5227 719 5303 (c)Alteram
753 5239 859 5292 hac
885 5239 955 5294 de
989 5257 1046 5295 re
1077 5227 1384 5312 epistolam
1406 5243 1522 5298 sive
1545 5227 1954 5301 carme'n‘ali'ud
2156 5241 2209 5306 d)
2240 5239 2430 5294 Verba
2461 5243 2599 5293 sunt
2629 5236 2905 5304 Modoini,
2942 5252 3115 5362 qlpem
3142 5233 3344 5314 Florus
3375 5227 3673 5302 loquentem

381 5308 585 5366 Jduino
619 5309 931 5367 scripserat
954 5311 1379 5367 Florus.forsan
1414 5313 1553 5367 illud
1587 5315 1779 5367 ipsum
1800 5318 1953 5367 αι]οᾶ
2065 5242 2292 5367 inducit
2319 5311 2379 5364 in
2409 5309 2565 5364 hunc
2598 5309 2876 5364 modum:
2907 5331 2934 5357 ‹‹
3015 5311 3179 5362 rester
3209 5316 3504 5367 episcopos
3533 5291 3673 5351 etab-

311 5291 585 5397 ltiodiiino
619 5309 931 5397 scripserat
954 5291 1379 5394 Florurs,forsan
1406 5291 1553 5368 illud
2063 5291 2292 5397 inducit
2319 5311 2379 5364 in
2409 5309 2565 5390 hum;
2598 5309 2839 5364 modum
2864 5291 2934 5397 2‘,“
2959 5291 3179 5397 ῗΡςὸεξεῑ·
3209 5291 3676 5397 θρξειῖορβῆηεξξξέξ

311 5384 496 5454 exstat
526 5382 580 5435 in
615 5368 810 5438 codice
838 5368 1276 5454 Petaviano,'qui
1309 5401 1464 5439 nunc
1495 5389 1582 5439 est
2063 5383 2336 5448 batissas,
2371 5381 2556 5436 caeteri
2589 5397 2792 5435 omnes
2840 5378 3030 5434 clerici
3059 5383 3116 5434 et
3143 5368 3459 5449 presbyteri
3488 5368 3673 5426 laicum

311 5453 700 5528 serenissima
726 5455 943 5510 Suecias
977 5453 1497 5528 regianHabctur
1524 5457 1760 5528 quidem
1795 5459 1950 5513 aliud
2063 5456 2273 5528 forum‘
2289 5455 2625 5528 agnoscant.
2663 5474 2689 5498 ››

310 5525 450 5611 item
483 5525 552 5578 ad
573 5525 811 5611 ltloduin
822 5528 992 5611 umin
1009 5509 1343 5611 collectione
1355 5509 1956 5611 variofumiepigiifamﬁ-
2107 5530 2203 5608 .(e)
2221 5509 2357 5611 ⁸Ηρὶί
2379 5522 2643 5611 carmine
2656 5537 2771 5611 seu
2789 5522 3005 5611 hxmno
3016 5521 3173 5576 Actis
3191 5521 3515 5578 sanctorum
3527 5509 3672 5566 Joan-

313 5598 534 5650 matum
569 5596 722 5666 typis
754 5597 1088 5655 Morelianis
1118 5597 1272 5655 edita
1299 5615 1452 5654 anno
1485 5601 1642 5664 1550,
1666 5592 1952 5672 incipiens
2062 5592 2153 5653 nis
2183 5592 2239 5654 et
2269 5593 2432 5652 Pauli
2463 5592 2807 5650 conciliatur
2831 5592 2995 5648 fides.
