3914 6166
174 274 276 334 257

182 406 376 464 Unicus
404 404 513 461 hos
543 405 786 480 sanguis
806 421 1094 481 germano
1125 409 1338 467 {cedere
1359 412 1578 483 junxit,

239 494 413 551 Unica
442 510 577 550 mox
606 495 815 552 fratres
845 514 1121 571 morsque
1154 499 1415 574 fidesque
1443 502 1616 574 parit.

189 583 320 641 Olim
351 583 616 640 Romulei
651 589 949 642 servantes
980 587 1196 645 muenia
1227 590 1389 662 regni

246 672 574 729 Barbaricas
607 678 866 730 strarant
896 692 1047 750 sape
1076 694 1352 735 mucrone
1381 679 1585 753 globos
1618 697 1631 735 :

190 763 334 819 Nunc
360 761 551 819 ovium
582 762 803 819 Christi
836 764 1156 837 purissima
1186 772 1353 840 septa
1384 773 1632 837 tuentes,

249 851 598 906 Demonicas
630 857 829 907 arcent
857 853 912 908 vi
942 855 1332 929 precibusque
1362 858 1574 915 minas.

191 940 290 995 Hos
314 939 478 994 morti
512 940 738 994 addixit
767 958 933 997 sacra
964 959 1067 1015 pro
1098 943 1223 1018 lege
1255 950 1539 1016 tyrannus

250 1027 609 1100 Contemptor
637 1028 853 1086 Christi
882 1030 1153 1088 Julianus
1184 1034 1424 1090 rabidus
1458 1053 1470 1091 :

191 1117 352 1174 Unius
376 1116 473 1173 ille
506 1117 602 1172 Dei
633 1116 858 1174 cultum
891 1119 1054 1192 prius
1086 1137 1183 1177 ore
1216 1122 1453 1191 ferebat,

250 1206 425 1261 Donec
454 1206 524 1261 ad
556 1204 791 1263 culmen
822 1209 1127 1266 scanderet
1156 1210 1408 1284 imperii.

187 1296 279 1350 Ast
298 1294 388 1349 ubi
418 1293 713 1351 convaluit
742 1296 957 1353 misero
988 1302 1217 1355 terrena
1245 1305 1525 1374 potestas,

252 1382 457 1438 Idolum
489 1399 623 1439 vero
655 1385 910 1457 praetulit
940 1386 1037 1443 ille
1069 1388 1207 1444 Deo.

190 1474 322 1528 Tum
351 1471 599 1529 famulos
648 1473 861 1532 Christi
908 1474 1156 1546 lanians,
1192 1482 1248 1533 et
1279 1480 1566 1553 sanguine
1607 1489 1812 1554 pastus

254 1562 507 1631 Innocuo,
541 1561 852 1619 horrendis
879 1564 1042 1621 saevit
1066 1566 1281 1640 ubique
1313 1569 1526 1624 modis.

190 1650 382 1705 Verum
414 1651 511 1706 ubi
545 1651 764 1707 caelesti
796 1655 1095 1726 prospexit
1125 1654 1392 1713 Christus
1423 1659 1495 1714 ab
1527 1676 1679 1727 arce,

249 1739 583 1812 Audivitque
612 1740 693 1813 pii
721 1742 1029 1815 sanguinis
1057 1743 1156 1800 ille
1186 1762 1419 1818 preces;

189 1827 481 1883 Confestim
515 1830 729 1885 misero
760 1830 986 1888 cladem
1015 1833 1329 1892 exitiabilis
1361 1837 1515 1892 horae

247 1916 519 1985 Destinat,
554 1917 753 1974 hostili
788 1919 975 1976 hostis
1006 1925 1072 1976 ut
1100 1939 1238 1979 ense
1270 1930 1420 1981 ruat.

188 2005 407 2061 Vastata
433 2005 693 2062 Ecclesia
726 2008 926 2064 Persas
958 2010 1017 2065 in
1049 2010 1203 2067 bella
1229 2019 1483 2083 vocarat,

245 2098 320 2150 Ac
350 2094 548 2152 multis
579 2102 782 2170 septus
812 2098 1073 2156 millibus
1103 2100 1226 2156 ibat
1256 2107 1421 2159 atrox
1454 2122 1466 2160 :

190 2184 317 2239 Cum
349 2183 534 2241 subito
566 2190 800 2243 arentes
822 2187 1031 2243 deserti
1064 2190 1218 2246 ruris
1249 2191 1307 2247 in
1339 2207 1511 2265 agros

247 2272 495 2341 Devenit,
530 2277 589 2329 et
617 2291 834 2330 cuneos
864 2276 1056 2348 perdit
1086 2278 1303 2352 ubique
1334 2296 1493 2337 suos.

188 2361 293 2426 Qua
323 2377 506 2433 neque
534 2362 723 2419 victus
754 2368 895 2433 erat,
913 2382 1017 2421 nec
1042 2367 1191 2433 fons,
1211 2384 1317 2424 nec
1348 2370 1607 2426 ﬂuminis
1632 2372 1808 2437 unda,

243 2449 511 2507 Caumate
542 2452 645 2508 sed
673 2453 857 2509 nimio
890 2458 1010 2509 tota
1031 2457 1269 2527 jacebat
1300 2458 1538 2515 humus.

187 2537 431 2611 Dumque
472 2540 729 2596 fremens
777 2547 1026 2610 montes,
1057 2545 1257 2613 valles,
1292 2564 1649 2621 camposque
1682 2567 1812 2623 per—

244 2626 433 2683 Sicubi
464 2628 550 2684 vel
583 2630 810 2686 modico
842 2631 996 2687 stilla
1026 2632 1249 2706 liquore
1282 2635 1423 2691 fluat
1451 2654 1464 2704 ;
1588 2641 1809 2712 [agrat;

189 2714 377 2771 Incidit
403 2717 678 2773 adversas
709 2720 999 2794 condigno
1030 2739 1222 2779 errore
1253 2724 1597 2799 phalanges,

246 2804 655 2879 Perfossusque
687 2811 815 2863 atra
843 2808 1081 2882 cuspide
1114 2816 1318 2883 pectus
1350 2813 1490 2869 obit.

188 2892 282 2947 Sed
316 2894 551 2950 rabidus
582 2911 832 2969 semper,
866 2902 923 2953 et
946 2898 1009 2954 in
1039 2898 1167 2972 ipsa
1197 2904 1383 2958 morte
1413 2902 1667 2970 rebellis,

245 2981 518 3051 Infremit,
553 2988 611 3039 et
639 3001 942 3042 summum
969 2986 1080 3044 hac
1106 3006 1245 3046 voce
1287 2989 1524 3047 lacessit
1552 2991 1760 3048 herum
1796 3010 1809 3049 :

188 3070 346 3127 Ebibe
360 3089 516 3128 nunc
528 3077 794 3130 nostrum
820 3092 991 3148 quem
1010 3078 1242 3150 quaeris,
1258 3079 1505 3150 Christe,
1521 3098 1783 3137 cruorem
1795 3126 1808 3151 ,

246 3160 418 3233 Atque
446 3160 653 3218 avidus
682 3164 797 3219 leto
821 3165 948 3237 jam
979 3167 1193 3223 satiare
1223 3184 1373 3225 meo.

188 3245 274 3302 llle
303 3249 537 3321 quidem
571 3250 716 3308 tales
738 3252 902 3324 justo
933 3256 1043 3310 sub
1067 3256 1269 3328 judice
1301 3276 1505 3330 pcenas

244 3337 507 3408 Exsolvit,
540 3344 674 3413 post
702 3341 823 3397 haec
854 3346 1075 3400 tartara
1104 3362 1255 3402 caeca
1284 3353 1512 3419 petens.

183 3426 243 3481 At
267 3426 491 3484 Domini
521 3433 702 3486 testes
733 3436 960 3489 sacrato
993 3435 1279 3507 sanguine
1305 3436 1431 3505 loti,

242 3514 459 3574 Vertiee
490 3516 784 3592 laurigero
815 3520 1006 3577 sidera
1036 3523 1192 3579 celsa
1224 3530 1432 3596 petunt
1466 3543 1479 3582 :

185 3601 316 3665 Quos
344 3611 479 3680 toga
508 3608 749 3680 pacifieo
779 3611 948 3665 vestit
978 3612 1322 3686 prmfulgida
1353 3614 1537 3682 cultu,

245 3693 553 3769 Regalique
586 3698 770 3754 ambit
798 3715 1060 3772 purpura
1089 3701 1245 3758 clara
1277 3703 1465 3776 peplo.

185 3778 285 3837 Hos
310 3801 410 3840 ceu
444 3785 776 3842 fructiferas
802 3788 1014 3845 florens
1044 3792 1354 3862 paradisus
1387 3793 1591 3867 olivas,

245 3870 455 3946 Irriguo
487 3875 617 3930 vitae
639 3876 861 3948 jugiter
890 3895 1062 3933 amne
1096 3879 1262 3953 rigat.

186 3955 243 4011 Hi
270 3967 401 4017 sunt
430 3966 647 4018 εἰρινηο
675 3965 1026 4022 candelabra
1056 3968 1280 4042 fulgida
1308 3971 1549 4045 templo,

245 4048 544 4124 Progenies
577 4050 746 4121 lueis,
781 4057 837 4109 et
863 4054 1096 4127 pietatis
1128 4057 1337 4116 honos.

189 4134 399 4196 Sidereo
430 4140 550 4215 regi
588 4141 826 4199 sublimi
858 4161 1092 4218 semper
1119 4146 1179 4202 in
1212 4148 1347 4204 aula

244 4228 547 4287 Adstantes
578 4231 813 4303 populis
845 4231 945 4305 qui
976 4234 1073 4306 pia
1102 4240 1237 4291 vota
1266 4236 1480 4294 ferunt.

187 4309 420 4374 Quorum
450 4318 742 4392 propitius
770 4321 1042 4393 precibus
1066 4340 1173 4381 nos
1205 4325 1445 4399 respice,
1478 4327 1723 4397 Christe,

245 4404 308 4459 Et
329 4423 515 4482 purga
544 4408 865 4466 obscenum
899 4411 1183 4485 quidquid
1216 4413 1407 4472 inesse
1437 4416 1620 4474 vides.

950 4581 1043 4638 IV.

186 4680 491 4748 (a)'rrruws
515 4702 732 4742 LIBELLI
756 4705 827 4743 AD
848 4706 1063 4745 ALTABE
1081 4707 1271 4748 SANCTI
1297 4709 1573 4749 STEPHANI
1594 4711 1812 4762 OBLATI,

246 4768 605 4813 SANCTISSIMO
634 4776 702 4813 ET
722 4775 1161 4818 GLORIOSISSIMO
1192 4781 1430 4820 ALUMNO
1459 4783 1528 4820 AC
1562 4783 1814 4822 PATBONO

246 4840 449 4884 NOSTIIO
481 4845 659 4885 ΒΕΑΤο
689 4847 977 4888 ΒΤΕΡΠΛΝΟ
1007 4849 1439 4892 PROTOMARTYBI
1483 4854 1811 4894 DEDICATUS.

187 4986 332 5049 Hunc
358 4996 484 5067 tibi,
519 4997 708 5072 prime
738 4999 819 5072 pii
846 5002 1015 5059 testis
1042 5002 1357 5060 fortissime
1386 5005 1616 5072 Christi,

187 5075 477 5142 Oﬂerimus
507 5087 667 5145 vario
698 5088 1040 5147 rutilantem
1072 5091 1212 5148 ﬂore
1242 5093 1528 5150 libellum.

186 5164 276 5224 Hic
304 5175 401 5230 tua
422 5175 613 5248 prima
642 5178 824 5235 micat
850 5184 984 5253 post
1013 5181 1199 5237 indita
1228 5181 1382 5239 bella
1410 5200 1623 5241 corona
1656 5203 1669 5241 :

246 5346 577 5444 (935mm?
601 5359 691 5444 est
719 5355 915 5444 libelli.
935 5358 1007 5441 ad
1040 5357 1290 5444 altat-es.
1308 5360 1589 5444 Stephani
1613 5363 1812 5444 oblati,

188 5425 445 5502 uempein
457 5425 777 5485 cathedrali
798 5428 1048 5486 ecclesia
1077 5425 1475 5513 Lugdunensi,
1492 5450 1617 5515 quae
1635 5425 1815 5491 beatae

186 5480 362 5563 {danae
394 5498 450 5550 et
476 5499 700 5555 sanctis
731 5500 1026 5563 Stephano
1056 5508 1113 5558 et
1140 5503 1355 5560 Joanm
1405 5504 1673 5562 dedicata
1702 5512 1811 5563 est.

186 5519 362 5548 ηιαιίᾱῖ
394 5519 450 5550 ει
476 5519 700 5555 δαηοιιε
731 5519 1026 5573 btepnano
1056 5519 1113 5558 et
1140 5519 1355 5560 Joannl
1405 5519 1673 5562 αθαιοαιθ,
1702 5519 1811 5563 εει.

185 5553 240 5616 In
266 5568 571 5642 exemplari
603 5570 930 5645 Petaviano,
964 5591 1032 5633 ex
1060 5590 1176 5649 quo
1222 5575 1332 5634 hos
1379 5592 1585 5636 versus
1615 5581 1817 5638 noster

1531 279 1885 342 CARMINA
1929 282 2197 346 VARIA.

1846 4534 1893 4600 D

3450 280 3570 375 εδδ

1838 422 1895 488 Α
1925 415 2130 490 Fulget
2146 418 2330 475 bonos
2351 437 2680 495 nomenque
2698 429 2865 485 tuum
2883 447 2896 497 ;
2912 433 3014 486 tua
3031 436 3276 505 praemia
3293 437 3566 499 clamant.

1924 505 2248 563 Gamalihel
2278 525 2444 565 sacer
2472 509 2567 568 ille
2598 530 2774 571 senex
2804 520 2907 574 tua
2936 520 3167 581 coalitus
3197 542 3332 583 ossa

1923 592 2073 684 Olim
2103 593 2303 667 ignota
2331 599 2457 654 orbi
2489 605 2800 660 reverendo
2832 608 3093 679 publicat
3118 630 3216 671 ore
3241 633 3254 684 ;

1920 683 1998 737 Ac
2025 687 2125 738 tua
2155 687 2438 753 membra,
2472 693 2654 760 pater,
2689 694 2939 752 radianti
2971 699 3168 773 signat
3198 704 3256 760 in
3287 723 3451 777 auro,

1925 771 2267 844 Martyrium
2298 774 2508 832 illustri
2541 778 2803 855 depingit
2834 785 2972 843 ﬂore
3003 771 3290 849 rosarum.

1924 860 1996 955 .Se
2028 878 2261 955 quoque
2290 863 2629 955 Nichodemi
2658 873 3020 946 conjungens
3046 885 3201 937 sorte
3233 885 3457 955 nepotis
3483 905 3497 955 ;

1923 948 1987 1004 In
2017 950 2268 1023 geminis
2301 954 2426 1008 auri
2459 955 2705 1015 calathis
2732 959 3063 1023 albentibus
3095 969 3286 1027 almus

1924 1037 2120 1094 Prodit
2148 1039 2255 1096 rite
2282 1042 2431 1099 rosis
2462 1046 2621 1101 tenui
2652 1047 2745 1103 vix
2774 1052 3058 1126 sanguine
3088 1057 3287 1116 tinctis
3323 1079 3336 1120 :

1921 1126 2345 1202 Virgineosque
2375 1136 2536 1189 artus
2566 1136 2696 1207 puri
2729 1137 2985 1212 fulgente
3015 1146 3268 1205 canistro

1922 1218 2163 1290 Argenti
2194 1224 2251 1274 et
2280 1222 2461 1276 crocei
2493 1228 2864 1284 commendat
2895 1231 3054 1290 floris
3085 1236 3279 1297 odore.

2066 1324 2195 1380 Haec
2242 1329 2344 1383 tua
2392 1326 2521 1385 laus
2571 1333 2860 1404 sequitur,
2894 1341 3160 1411 sequitur
3208 1348 3312 1402 tua
3364 1349 3572 1408 ﬂorida

1922 1412 1984 1467 In
2006 1412 2219 1470 Christi
2242 1416 2451 1473 virtute
2472 1424 2677 1490 potens
2707 1424 2920 1495 pietate
2944 1430 3297 1503 redundans,
3340 1436 3568 1511 [virtus,

1923 1501 2151 1557 Gaudia
2178 1504 2325 1561 dans
2357 1508 2603 1579 maestis,
2638 1511 2888 1571 inﬁrmis
2918 1518 3128 1575 robora
3158 1501 3424 1596 reddens,

1922 1589 1990 1644 Et
2018 1590 2166 1646 dura
2195 1594 2305 1649 sub
2338 1601 2522 1652 morte
2554 1598 2696 1656 sitos
2728 1619 2794 1658 ac
2821 1621 2968 1676 pene
2998 1610 3259 1682 sepultos

1922 1679 2261 1738 Restituens
2289 1683 2439 1750 vitae,
2472 1687 2600 1741 vitae
2631 1689 2769 1761 quia
2799 1696 2964 1751 testis
2995 1679 3247 1758 haberis.

1922 1768 2008 1822 Tu
2042 1768 2269 1841 primus
2298 1772 2510 1829 Christi
2542 1777 2762 1836 calcata
2791 1789 2976 1841 morte
3005 1791 3279 1860 perennis

1920 1856 2209 1914 Vexillum
2238 1861 2491 1917 sublime
2523 1864 2734 1937 ferens,
2769 1856 3226 1937 hostilia‘castra

1923 1945 2243 2004 Fulmineis
2272 1948 2485 2024 linguae
2517 1954 2648 2012 telis
2678 1957 2982 2033 signisque
3012 1970 3272 2027 coruscis

1922 2036 2211 2103 Stravisti,
2246 2043 2303 2093 et
2330 2039 2578 2110 pulchra
2605 2044 2861 2117 palmam
2892 2052 2963 2107 de
2988 2061 3174 2113 morte
3202 2059 3411 2117 tulisti.

2065 2142 2143 2197 Te
2162 2144 2428 2215 sequitur
2454 2153 2767 2209 reverenda
2788 2155 2996 2215 cohors
3017 2177 3121 2232 pro
3152 2166 3389 2224 nomine
3404 2185 3568 2229 sacro

1923 2229 2080 2329 Mille
2114 2232 2331 2329 afﬂicta
2358 2236 2570 2303 modis,
2603 2239 2765 2297 mille
2795 2229 3088 2306 illustra‘ta
3117 2253 3457 2329 triumphis.

1923 2318 2276 2391 Martyribus
2304 2329 2527 2413 martyr
2555 2331 2618 2383 tu
2652 2346 2856 2387 norma
2886 2340 2943 2391 et
2973 2340 3175 2411 regula
3204 2318 3452 2413 cunctis,

1923 2407 2252 2478 Purpureos
2284 2412 2451 2469 ducis
2477 2431 2692 2474 cuneos
2724 2407 3326 2499 roseasque—catervas
3357 2453 3370 2492 :

1922 2497 2179 2561 Quorum
2210 2515 2540 2573 purpureus
2572 2507 2642 2563 de
2673 2497 2958 2584 sanguine
2989 2520 3287 2589 prmmieat
3316 2524 3495 2596 orbis,

1921 2585 2181 2649 Quorum
2214 2588 2497 2662 florigeris
2521 2597 2869 2672 praefulgent
2899 2585 3058 2661 astra
3087 2611 3339 2679 coronis,

1921 2675 2179 2772 Quorum
2210 2684 2370 2735 casta
2396 2680 2495 2736 Dei
2526 2684 2875 2745 decorantur
2902 2695 3121 2767 templa
3150 2675 3456 2772 sepulcris,

1921 2762 2180 2825 Quorum
2212 2771 2334 2823 tota
2365 2770 2582 2827 micant
2613 2774 2869 2850 insignia
2897 2762 3162 2855 tempora
3193 2762 3378 2859 festis,

1922 2852 2179 2917 Quorum
2210 2861 2419 2911 cuncta
2447 2862 2631 2917 sacris
2663 2866 2878 2920 cedunt
2908 2852 3280 2930 incommoda
3308 2852 3479 2935 votis.

2063 2959 2180 3014 Hos
2210 2977 2374 3016 sacer
2402 2962 2496 3019 ille
2528 2965 2683 3023 videt
2713 2969 2839 3025 coeli
2872 2972 2930 3027 in
2962 2976 3197 3048 regione
3226 2980 3482 3041 Joannes

1922 3046 2246 3140 Tantorum
2278 3049 2539 3109 illustres
2570 3059 2701 3127 post
2731 3059 2928 3130 praelia
2958 3046 3104 3120 dura
3134 3065 3424 3140 laborum,

1873 3164 1887 3229 1
1926 3135 2036 3190 Dat
2064 3135 2278 3229 quibus
2310 3144 2555 3229 aeternas
2587 3143 2723 3201 felix
2748 3148 2991 3207 victoria
3014 3154 3263 3226 palmas,

1924 3225 2111 3312 atque
2142 3223 2506 3285 immortales
2538 3231 2686 3288 stola
2716 3236 2964 3295 candida
2984 3223 3199 3312 praebet
3228 3223 3498 3308 amictus.

1926 3311 2052 3367 Non
2080 3312 2172 3368 his
2201 3314 2322 3369 ulla
2355 3322 2528 3391 negat
2558 3336 2664 3376 sua
2711 3322 2969 3384 clemens
2998 3311 3253 3390 munera
3282 3336 3570 3412 Christus,

1927 3402 2079 3466 Quos
2112 3402 2237 3475 ipse
2268 3421 2301 3459 a
2333 3407 2537 3463 mundi
2569 3408 2816 3470 selectos
2848 3420 3001 3473 sorte
3032 3419 3286 3493 diremit,

1925 3488 2326 3564 Plantavitque
2357 3494 2472 3551 Deo
2506 3513 2519 3552 :
2552 3514 2667 3570 quo
2698 3517 2931 3576 semper
2961 3508 3165 3566 robore
3195 3488 3324 3570 laeto

1926 3578 2247 3635 Crescendo
2276 3581 2333 3637 in
2368 3584 2579 3642 coelum
2609 3589 2900 3661 exsiliant,
2928 3595 3269 3673 fructusque
3291 3620 3574 3677 perennes

1927 3666 2170 3724 Pollenti
2203 3670 2417 3728 virtute
2445 3674 2651 3746 ferant,
2687 3682 2745 3734 et
2774 3682 3059 3756 quidquid
3089 3666 3311 3748 ab-alto

1925 3756 2163 3813 Oratum
2199 3761 2458 3831 genitore
2488 3764 2688 3836 velint,
2722 3786 2855 3826 mox
2886 3776 3129 3833 numine
3159 3796 3342 3851 prono

1924 3845 2247 3943 accipiant,
2279 3850 2658 3926 tribuantque
2688 3856 2801 3930 piis
2836 3877 2848 3915 :
2884 3879 3032 3935 quos
3061 3845 3216 3923 inter
3245 3886 3467 3943 egenus

1925 3932 2160 3990 Censeri
2193 3938 2453 4011 cupiens,
2489 3947 2545 3998 et
2575 3946 2767 4003 cordis
2798 3932 3039 4008 vulnera
3070 3932 3310 4026 deflens:

1924 4021 2042 4078 Ista
2071 4028 2329 4082 tremens
2359 4030 2540 4087 cecini
2574 4034 2872 4094 submisso
2899 4047 3154 4112 pectore,
3187 4044 3410 4117 Florus,

1928 4112 1995 4168 Ut
2024 4114 2251 4171 meritis
2280 4119 2427 4174 tanti
2458 4136 2562 4193 per
2590 4122 2885 4182 Christum
2919 4130 3106 4187 salver
3130 4133 3374 4208 alumni,

1924 4200 1993 4255 Et
2016 4219 2321 4274 procerum
2353 4208 2502 4263 votis
2534 4211 2793 4268 absolvat
2821 4232 3269 4289 purpureorum.

1924 4379 2272 4438 Sanctorum
2304 4384 2534 4444 eximiis
2564 4390 2790 4448 meritis
2817 4395 3206 4470 precibusque
3233 4399 3440 4462 beatis.

1924 4467 2180 4564 Quorum
2211 4478 2524 4546 perpetuos
2557 4486 2842 4538 memorat
2875 4482 3023 4541 liber
3060 4467 3171 4543 iste
3217 4489 3570 4564 triumphos,

1923 4556 2027 4625 Da,
2044 4559 2212 4617 Pater
2231 4565 2622 4638 omnipotens,
2635 4570 2886 4639 veniam,
2900 4573 2994 4640 da,
3009 4556 3571 4646 Christe,medellam

1923 4647 2025 4704 His
2057 4650 2158 4722 qui
2183 4653 2553 4726 supplicibus
2579 4657 2730 4715 votis
2760 4676 2827 4716 ac
2859 4669 3053 4720 mente
3083 4665 3240 4722 ﬁdeli

1923 4735 2311 4796 Committunt
2341 4758 2468 4799 sese
2498 4745 2675 4802 tantis
2706 4764 2808 4820 per
2838 4750 3008 4808 saecla
3038 4757 3323 4827 patronis,

1924 4825 2033 4892 Qui
2064 4827 2270 4884 zabulo
2299 4830 2449 4887 victo
2480 4832 2672 4890 rutilis
2704 4854 2882 4911 super
2911 4825 3069 4899 astra
3098 4847 3348 4916 coronis,

1925 4913 2257 4988 Conspicui,
2291 4918 2360 4973 de
2390 4923 2445 4975 te
2476 4922 2761 4997 quidquid
2794 4928 3010 5000 petiere
3037 4913 3355 4995 merentur.

1925 5093 2170 5162 Christe,
2202 5112 2407 5167 precor
2433 5101 2663 5160 veniam
2695 5107 2858 5180 segni
2886 5110 2988 5167 des
3018 5112 3180 5170 mitis
3211 5114 3470 5174 alumno.

1996 5184 2224 5240 Tardus
2254 5202 2409 5256 sum,
2443 5191 2606 5248 tarde
2636 5195 2738 5251 sed
2766 5195 2871 5253 tibi
2905 5216 3074 5258 nemo
3099 5204 3272 5259 venit.

1922 5361 2206 5451 acherius
2236 5370 2533 5451 quondam
2566 5372 2815 5431 describi
2847 5380 3087 5451 curavit,
3121 5382 3347 5437 exstant
3374 5382 3571 5443 hiatus

1925 5449 2027 5487 seu
2057 5437 2457 5529 spatia—vacua
2483 5443 2752 5529 duo,‘non
2775 5448 3008 5522 quidem
3039 5437 3144 5526 piro
3170 5437 3569 5529 versibus:sed

1922 5520 2027 5577 pro
2057 5508 2243 5567 titulis
2272 5508 2708 5576 interserendis.
