3914 6166
400 312 517 372 259
1508 290 1739 352 FLOR]
1784 284 2095 345 DlACONl
2140 274 2718 343 LUGDUNENSIS.
3639 269 3735 326 260

400 447 642 519 Longus
674 438 984 516 praeteritis
1014 432 1202 491 tenuit
1231 445 1337 485 nos
1366 441 1527 483 error
1556 422 1627 479 ab
1654 419 1847 485 annis,

475 510 743 596 sufficiat
772 526 999 588 meritis
1030 524 1152 579 haec
1184 534 1322 591 rogo
1351 530 1523 589 pcsna
1546 510 1713 567 meis.

400 629 535 685 Vita
564 623 755 683 brevis
784 619 1071 692 superest,
1104 612 1165 667 in
1196 610 1444 664 mortem
1474 606 1531 657 et
1555 597 1791 673 pronior
1816 601 1954 653 aetas
1988 612 2001 649 :

475 718 608 775 Jam
638 690 877 787 peccare
906 720 1080 763 senex
1109 712 1354 770 nequeo,
1389 690 1524 749 nolo
1553 696 1713 745 tuus.

1198 816 1267 868 ν.

901 911 979 984 (a)
1016 918 1235 963 VERSUS
1282 914 1551 958 musnsu.

515 1019 614 1076 Ubi
636 1031 755 1072 ossa
784 1013 839 1068 S.
861 1004 1127 1081 Cypriani
1156 998 1408 1073 Lugduni
1436 993 1652 1051 condita
1681 989 1948 1046 habentur

404 1127 521 1183 Hac
551 1119 809 1193 locuples
839 1111 1057 1172 Christi
1088 1110 1402 1166 thesaurus
1433 1098 1706 1157 conditur
1735 1111 1888 1162 arca,

404 1213 608 1271 Purior
630 1211 888 1283 argento,
923 1202 1078 1259 fulvo
1110 1193 1416 1271 pretiosior
1446 1204 1609 1255 auro,

403 1302 620 1359 Clarior
647 1275 943 1356 etvcuncta
973 1300 1341 1364 gemmarum
1371 1280 1499 1335 luce
1529 1275 1873 1334 micantum.

402 1392 507 1449 Hic
537 1404 747 1460 nempe
777 1379 997 1455 insigni
1027 1379 1227 1435 doctor
1255 1367 1645 1428 suavissimus
1676 1379 1794 1430 ore,

403 1452 931 1548 Eximius-praesul,
965 1471 1189 1536 martyr
1216 1456 1630 1518 celeberrimus
1660 1452 1839 1518 idem,

404 1568 543 1627 Luci
555 1569 637 1623 fer
665 1541 732 1620 u-t
762 1560 984 1618 nitidus
1013 1569 1225 1626 magna
1255 1545 1603 1629 Carthagine
1636 1541 1859 1598 missus

403 1657 650 1725 Emicat,
682 1657 743 1708 et
771 1647 1017 1724 pulchra
1045 1642 1369 1716 Cyprianus
1400 1638 1557 1725 sorte
1588 1630 1855 1706 quiescit.

402 1719 652 1802 Additur
681 1719 817 1796 huic
846 1734 1148 1810 geminum
1180 1726 1430 1785 radianti
1459 1722 1684 1779 lumine
1714 1719 1899 1785 sidus,

405 1835 686 1906 Speratus
718 1830 937 1899 martyr
964 1839 1097 1879 cum
1132 1822 1383 1891 martyre
1418 1810 1787 1874 Pantaleone,

404 1923 584 1994 Cujus
614 1935 748 1975 cum
780 1895 969 1988 capite
998 1910 1092 1967 hic
1117 1906 1336 1981 pollent
1365 1918 1531 1960 saera
1559 1915 1695 1955 ossa
1722 1895 2005 1969 priorum.

2081 416 2137 484 Α
2168 413 2298 470 Haec
2328 413 2501 467 canat
2530 405 2724 463 almus
2752 417 2937 471 amor,
2970 399 3091 455 haec
3120 394 3271 453 dulci
3295 412 3422 453 voce
3446 399 3668 453 resultet.

2235 497 2579 557 Nasciturin
2597 492 2892 551 Bethleem
2920 490 3122 545 sancta
3148 486 3218 541 de
3244 484 3464 558 Virgine
3489 484 3735 559 Christus,

2162 591 2461 647 Advenero
2490 584 2644 659 Magi
2677 580 2894 639 caelesti
2922 577 3109 634 sidere
3139 574 3313 630 ducti.

2161 679 2379 753 Joseph
2411 693 2548 733 cum
2580 688 2757 747 puero
2787 671 3094 743 Egyptum
3126 664 3366 736 migrare
3387 662 3622 735 jubetur.

2234 752 2549 824 Caiduntur
2574 761 2737 836 pueri
2769 758 2924 833 regis
2952 755 3127 811 livore
3158 752 3395 809 cruenti.

2161 856 2333 913 Jesus
2364 854 2436 910 ab
2462 854 2705 924 [Egypto
2735 844 3021 904 Nazareth
3053 844 3343 901 revocatur
3371 840 3428 894 in
3458 841 3653 896 urbem.

2160 946 2415 1002 Joannes
2444 939 2690 1015 populos
2720 936 2895 1009 tingit
2922 930 3195 991 Jordanis
3223 931 3284 987 in
3308 928 3490 985 undis.

2233 1030 2490 1105 Suscipit
2519 1035 2576 1085 et
2604 1027 2872 1085 Christus
2904 1020 3145 1079 humilis
3176 1017 3456 1091 baptisma
3479 1016 3703 1074 Joannis.

2162 1123 2301 1180 Inde
2325 1125 2535 1194 quater
2563 1117 2729 1174 denis
2751 1115 3033 1187 jejunans
3062 1110 3187 1182 ipse
3217 1107 3433 1163 diebus.

2162 1213 2443 1269 Tentatus
2474 1206 2686 1265 zabulli
2716 1202 2898 1261 vincit
2927 1198 3234 1257 molimina
3262 1194 3388 1251 diri.

2234 1299 2531 1356 Piscantes
2588 1298 2850 1361 Petrum,
2899 1289 3227 1354 Andraeam,
3288 1282 3556 1341 Jacobum
3604 1285 3748 1353 atque

3486 1370 3747 1445 [Joannem

2163 1478 2392 1534 Evocat.
2428 1474 2517 1531 Illi
2549 1472 2722 1530 almis
2753 1471 2959 1544 parent
2988 1483 3123 1522 mox
3151 1461 3348 1520 sedule
3369 1459 3541 1533 jussis
3567 1475 3579 1512 :

2164 1566 2410 1623 Retibus
2442 1562 2706 1635 abjectis,
2739 1564 2796 1616 et
2820 1557 2951 1613 navi
2982 1561 3039 1612 et
3068 1558 3230 1627 patre
3259 1549 3486 1607 relictis.

2234 1655 2336 1711 His
2367 1653 2465 1709 ille
2496 1648 2820 1722 assumptis
2841 1644 3139 1701 Galilaeam
3170 1639 3372 1698 circuit
3398 1653 3629 1703 omnem,

2162 1746 2241 1800 Ac
2272 1744 2462 1798 varios
2493 1739 2798 1796 hominum
2830 1735 3142 1807 languores
3173 1733 3335 1786 curat
3362 1726 3582 1798 ubique,

2165 1830 2492 1905 Discipulos
2523 1828 2801 1885 mandata
2830 1825 3020 1891 docet,
3054 1822 3157 1878 dat
3175 1820 3313 1891 jura
3334 1815 3528 1872 beatis.

2233 1904 2552 1993 Sanguinis
2582 1914 2751 1974 effusi
2780 1912 3079 1970 vitandam
3108 1909 3380 1965 admonet
3407 1904 3563 1959 iram.

405 2012 561 2076 Quos
593 2006 807 2081 pariter
838 2001 1040 2060 Carolo
1085 2000 1436 2055 Francorum
1465 1986 1747 2081 principe
1792 1983 2053 2057 gaudens
2164 1983 2407 2068 Munera
2436 2011 2602 2081 grata
2633 2006 2768 2072 Deo,
2804 2004 3123 2057 fraternam
3156 1996 3393 2052 reddere
3422 2006 3623 2066 pacem,

405 2078 900 2166 Callia—suscepit,
931 2088 1160 2162 Libycis
1192 2085 1377 2140 ditata
1401 2078 1660 2135 talentis.

404 2190 521 2245 Hos
550 2187 733 2260 igitur
763 2181 931 2238 nobis
961 2176 1145 2235 oratio
1176 2173 1295 2229 ﬁda
1325 2175 1601 2243 patronos

406 2276 652 2343 Efficiat,
682 2272 911 2328 Christo
945 2273 1007 2323 ut
1036 2263 1197 2321 cmlis
1225 2260 1491 2316 veniente
1522 2252 1802 2321 coruscis,

406 2363 878 2436 Martyribusque
906 2357 1033 2413 suis
1060 2352 1393 2408 diademata
1422 2345 1579 2402 clara
1608 2344 1845 2408 ferente,

408 2435 675 2526 Ipsorum
709 2447 931 2505 meritis
960 2445 1062 2501 lux
1090 2456 1198 2497 nos
1228 2444 1444 2494 aeterna
1471 2435 1741 2504 receptet.

913 2660 991 2730 (ὁ)
1027 2562 1278 2712 TITULYJIS.
1304 2664 1543 2706 ABSIDE.

406 2770 760 2846 Martyribus
789 2767 990 2824 subter
1018 2756 1369 2819 venerabilis
1398 2754 1610 2812 emicat
1639 2749 1776 2808 aula
1808 2766 1820 2803 :

406 2839 761 2935 Martyribus
790 2872 971 2929 supra
999 2851 1264 2908 Christus
1289 2862 1387 2902 rex
1417 2842 1688 2917 praesidet
1718 2839 1891 2895 altus.

403 2950 800 3008 Circumstant
828 2943 995 3003 miris
1027 2937 1308 2998 animalia
1336 2933 1585 3007 mystica
1616 2929 1842 2994 formis,

402 3041 581 3097 Nocte
611 3037 820 3109 dieque
848 3031 1086 3107 hymnis
1116 3029 1333 3084 trinum
1386 3019 1768 3078 inclamantia
1812 3031 2052 3072 numen.

401 3130 604 3186 Adstat
633 3123 990 3199 apostolicus
1022 3119 1236 3192 pariter
1265 3115 1479 3170 chorus
1509 3127 1606 3166 ore
1637 3123 1898 3172 corusco,

402 3221 548 3275 Cum
579 3196 806 3272 Christo
836 3209 1104 3271 adveniet
1128 3210 1284 3262 certo
1315 3202 1413 3275 qui
1448 3206 1706 3271 tempore
1729 3196 1932 3267 judex.

400 3306 661 3377 Vivaque
690 3296 1045 3365 Hierusales,
1076 3311 1226 3368 agno
1256 3291 1588 3346 illustrante
1618 3285 1934 3357 refulgens,

405 3396 666 3460 Quatuor
695 3407 810 3445 uno
841 3387 1024 3460 agitat
1052 3380 1305 3457 paradisi
1341 3378 1587 3435 flumina
1616 3377 1793 3430 fonte.

406 3481 755 3555 Pignoribus
786 3476 970 3534 sacris
998 3473 1191 3529 clerus
1218 3469 1479 3542 Baptista
1507 3465 1762 3522 Joannes

403 3570 598 3627 Altare
629 3568 906 3634 illustrat,
934 3560 1235 3637 poscentia
1266 3560 1498 3630 pectora
1529 3557 1757 3627 purgat.

802 3705 1186 3771 MARTENII
1233 3699 1667 3764 ADMONITIO

1194 3817 1273 3860 DE

491 3913 976 3978 CARMINIBUS
1005 3868 1361 3968 PltOXIME
1406 3896 1972 3974 SEQUEN'l‘lBUS.

485 4041 620 4109 Qum
662 4039 751 4093 hic
796 4033 985 4091 damus
1031 4031 1283 4109 carmina
1328 4043 1398 4109 ex
1418 4032 1721 4109 pervetusto
1753 4022 1933 4109 codice
1962 4022 2082 4077 Bi-l

408 4097 627 4185 galia-n0
652 4110 919 4185 eruimus,
950 4104 1108 4185 cujus
1137 4097 1433 4158 character
1454 4097 1525 4153 ad
1553 4097 1798 4179 auctoris
1843 4100 2060 4177 atatem

380 4166 657 4241 accedere
684 4166 916 4236 videtur:
951 4166 1076 4232 Haec
1119 4182 1300 4229 autem
1346 4170 1562 4225 tametsi
1604 4168 1746 4223 tanti
1789 4182 1899 4221 non
1945 4166 2060 4241 sint

406 4238 687 4319 montana,
716 4251 947 4306 minimc
1001 4255 1177 4319 tamen
1228 4251 1358 4319 sunt
1412 4245 1736 4319 spernenda,
1781 4238 2059 4319 praecipue

408 4309 593 4384 autem
614 4309 954 4396 epigramma
983 4320 1044 4373 in
1075 4318 1284 4372 librum
1312 4309 1681 4370 [familiarum
1709 4311 1870 4396 totius
1897 4309 2056 4374 anni,

407 4382 610 4471 cumquo
633 4382 924 4471 didicimus
953 4405 1119 4462 quam
1142 4393 1463 4471 pauca‘tum
1492 4389 1798 4471 δατιειρειιξη
1820 4382 1959 4452 festa
1979 4394 2060 4433 cc-

967 4453 1278 4533 proprium_
1312 4458 1574 4533 haberent
1618 4453 1883 4533 ofﬁcium.
1906 4455 2057 4533 .Nam

405 4523 612 4613 praeter
637 4523 775 4610 festa
801 4535 908 4613 SS._
933 4523 1214 4613 S'tcpiiuni,
1245 4528 1472 4613 laciniis.
1501 4523 2062 4613 ev‘angeiisiwLInno-

410 4593 678 4676 %¢i&im',’
700 4607 935 4665 Joannis
991 4593 1269 4676 ὑαριὶςςιέκι,
1320 4599 1472 4676 Petri
1506 4603 1569 4676 et
1614 4593 1802 4676 Pauli,
1832 4593 2059 4676 Maelia-

415 4664 1006 4743 baeorum'ctAndrew,
1040 4664 1138 4746 q‘ui
1168 4664 1345 4746 locum
1391 4672 1448 4726 in
1497 4667 1862 4723 Homiiiurum
1920 4664 2061 4746 libro

412 4736 701 4813 habebant,
722 4750 773 4803 si
802 4764 909 4819 qua
937 4736 1075 4818 forte
1102 4744 1473 4819 occurrebant,
1504 4746 1661 4796 extra
1690 4736 2063 4794 communium

411 4470 776 4533 lcbfarcntur,
826 4470 922 4519 aut

413 4822 642 4878 classem
666 4818 908 4891 ofﬁcium
936 4834 1047 4874 non
1074 4818 1361 4872 habebunt.

844 5049 901 5088 IN
940 5045 1302 5086 EVANGELIUM
1355 5044 1634 5083 ΜΑΤΤΗίει.

491 5142 721 5201 Primus
751 5136 1068 5210 evangelici
1099 5134 1334 5207 scripsit
1363 5133 1642 5207 mysteria
1670 5130 1833 5205 regni

416 5232 726 5292 Matthaeus
757 5246 827 5285 ex
854 5224 1069 5285 telonio
1100 5225 1173 5280 ad
1207 5221 1335 5278 cceli
1364 5221 1527 5277 lucra
1554 5224 1811 5276 vocatus.

489 5360 563 5431 (a)
586 5358 666 5413 De
684 5350 1068 5431 translatione
1098 5347 1481 5431 reliquiarum
1511 5343 1697 5431 sancti
1723 5340 1991 5431 Cypriani
2010 5345 2067 5431 et

419 5412 667 5487 aliorum
686 5430 743 5484 in
767 5422 1067 5483 ecclesiam
1103 5412 1557 5493 Lugdunensem
1588 5412 1849 5493 tempore
1867 5412 2066 5493 Caroli

419 5485 613 5574 Magni
624 5544 637 5567 ,
652 5498 882 5574 legendi
898 5510 1101 5574 versus
1117 5485 1405 5574 Agobardi
1439 5485 1704 5569 praesulis
1717 5485 2071 5558 Lugdunen-

420 5558 550 5641 sis,”
557 5577 614 5627 et
626 5558 970 5641 'Ch‘ronicon
996 5558 1216 5641 Adonis
1238 5558 1595 5641 _Viennensis

492 5627 566 5726 (bl
588 5641 691 5702 Ηίο
712 5638 1064 5703 describitur
1084 5634 1286 5697 altaris
1306 5631 1538 5711 priscas
1566 5632 1884 5705 apparatus
1905 5627 1966 5687 in
1983 5643 2069 5689 ee-

2164 2098 2470 2156 Moechiam
2502 2094 2693 2151 cordis
2730 2089 3064 2164 fugiendam
3096 2091 3328 2158 pectore
3356 2086 3527 2138 casto.

2231 2184 2517 2245 Scandala
2546 2185 2594 2240 si
2626 2184 2903 2256 gemerent
2932 2176 3105 2233 oculu
3137 2174 3241 2248 qui
3274 2186 3428 2228 more
3452 2166 3688 2224 coluntur

2160 2279 2290 2333 Sive
2321 2291 2533 2331 manus
2564 2274 2777 2328 dextrae
2809 2266 2961 2342 pulsi
2992 2263 3197 2338 procul
3229 2264 3311 2317 ire
3333 2259 3614 2332 jubentur,

2164 2368 2406 2438 Semper
2434 2380 2581 2419 nexa
2607 2361 2728 2416 viro
2758 2357 2871 2413 nisi
2901 2358 3127 2412 constet
3159 2350 3421 2408 adultera
3447 2346 3653 2416 conjux.

2232 2437 2577 2515 Juramenta
2603 2452 2777 2514 vetat,
2812 2445 2951 2518 quia
2981 2445 3122 2500 sunt
3153 2437 3614 2513 perjuriajuxta:

2164 2546 2265 2601 Est
2289 2548 2347 2599 et
2373 2542 2498 2598 Non
2530 2536 2737 2596 statuit
2753 2534 2942 2591 veraci
2971 2548 3109 2588 voce
3131 2528 3468 2586 tenendum.

2161 2633 2357 2689 Altera
2385 2628 2627 2686 candenti
2652 2628 2824 2683 detur
2853 2620 3093 2678 maxilla
3121 2619 3393 2675 libenter.

2233 2722 2305 2778 Et
2335 2719 2467 2793 pius
2498 2724 2691 2774 almus
2719 2730 2884 2770 amor
2910 2708 3186 2766 inimicos
3212 2705 3417 2779 diligat
3442 2701 3607 2775 ipsos,

2165 2810 2238 2866 Ut
2264 2792 2497 2882 pietatis
2528 2821 2676 2877 opus
2706 2802 2833 2857 sine
2862 2800 3003 2855 laava
3032 2799 3273 2853 dextera
3303 2792 3520 2857 reddat,

2165 2880 2355 2970 thue
2384 2895 2610 2969 placere
2645 2889 2796 2947 Patri
2827 2888 3029 2961 cupiat
3057 2884 3243 2941 oratio
3276 2880 3405 2938 soli.

2235 2966 2308 3044 Iit
2340 2966 2505 3041 mens
2536 2981 2758 3038 munda
2786 2975 3142 3049 Deojejunia
3172 2974 3305 3028 laeta
3338 2966 3654 3040 frequentet,

2164 3078 2281 3133 Nec
2312 3074 2456 3131 facie
2486 3072 2637 3129 tristi
2672 3068 2907 3125 laudem
2937 3068 3097 3137 petat
3125 3060 3231 3117 illa
3254 3060 3546 3122 caducam,

2081 3153 2125 3219 C
2164 3168 2533 3224 Thesaurum
2565 3158 2708 3216 coelo
2739 3155 3109 3213 condendum
3142 3153 3241 3207 fur
3270 3148 3371 3205 ubi
3402 3143 3604 3202 nullus.

2233 3252 2503 3326 Corporis
2533 3254 2622 3306 est
2645 3246 2851 3304 oculus
2880 3242 3073 3316 operis
3103 3238 3356 3296 intentio
3386 3232 3632 3306 simplex.

2162 3345 2292 3400 Hzec
2321 3342 2370 3399 si
2401 3357 2548 3414 pura
2566 3337 2742 3411 viget,
2776 3338 2928 3390 totos
2954 3328 3255 3386 illuminat
3285 3330 3466 3392 artus,

2163 3434 2279 3490 Nec
2308 3411 2615 3487 tenebrosa
2645 3427 2807 3493 ﬁent,
2841 3438 2967 3495 quae
2994 3419 3145 3476 lucis
3177 3431 3375 3475 amore
3405 3411 3677 3487 geruntur.

2234 3518 2474 3577 Nullum
2506 3532 2677 3590 posse
2705 3528 2869 3585 teque
2898 3507 3156 3566 dominis
3189 3504 3404 3562 servire
3433 3499 3660 3559 duobus,

2163 3612 2279 3667 Nec
2310 3589 2596 3664 mamonae
2628 3607 2804 3675 atque
2836 3601 2951 3657 Deo
2982 3596 3171 3654 divisa
3201 3598 3399 3651 mente
3425 3589 3664 3665 placere;

2166 3698 2468 3756 Pellendas
2499 3693 2694 3751 animo
2722 3706 2894 3748 curas
2923 3692 2981 3743 et
3005 3686 3186 3743 vestis
3217 3690 3275 3741 et
3303 3699 3467 3740 escae.

2236 3788 2295 3844 Si
2325 3785 2588 3843 volucres
2619 3780 2748 3838 οωΙί
2780 3778 2968 3852 pascit
2998 3773 3303 3848 opulentia
3332 3768 3534 3835 Patris,

2166 3874 2480 3946 Molliaque
2504 3869 2729 3927 auleolo
2759 3864 3022 3940 depingit
3049 3862 3176 3918 lilia
3203 3863 3366 3930 flore,

2166 3938 2407 4031 Quando
2438 3960 2562 4018 suis
2596 3938 2857 4031 unquam
2887 3938 3043 4009 natis
3073 3951 3173 4024 pia
3202 3951 3360 4006 dona
3389 3938 3646 4018 negabit?

2237 4055 2598 4125 Quapropter
2627 4064 2735 4104 sua
2764 4044 2974 4117 cuique
3005 4041 3153 4099 satis
3186 4039 3265 4095 sit
3293 4054 3435 4094 cura
3461 4032 3587 4099 diei,

2166 4142 2432 4200 Crastina
2458 4156 2572 4194 non
2605 4136 2887 4200 crucient,
2920 4130 3059 4204 quia
3088 4133 3235 4185 sunt
3259 4128 3478 4182 incerta
3505 4114 3726 4177 caducis.

2166 4231 2407 4289 Justitia
2436 4233 2525 4285 est
2562 4223 2876 4299 quaerenda
2904 4220 3026 4289 Dei,
3061 4218 3292 4290 reliqua
3323 4215 3474 4272 ultro
3503 4209 3766 4267 dabuntur.

2239 4319 2478 4378 Occulta
2507 4315 2749 4372 alterius
2774 4313 3013 4368 damnet
3043 4325 3105 4365 se
3128 4307 3335 4378 judice
3366 4317 3551 4368 nemo,

2166 4413 2249 4467 Ex
2277 4408 2444 4466 oculo
2477 4405 2671 4462 fratris
2700 4403 2987 4459 festucam
3019 4398 3269 4455 educere
3302 4406 3583 4468 quaerens,

2091 4520 2139 4584 D
2171 4503 2301 4573 Ipse
2332 4497 2495 4571 prius
2525 4493 2758 4568 proprio
2791 4489 2969 4564 pellat
2999 4488 3070 4543 de
3100 4486 3329 4542 lumine
3360 4484 3599 4554 tignum.

2242 4589 2333 4644 Ira
2355 4590 2587 4642 vetusta
2613 4581 2814 4650 trahit,
2844 4578 3023 4636 levior
3045 4576 3272 4632 festuca
3302 4575 3551 4629 notatur.

2172 4679 2385 4750 Purget
2415 4675 2488 4730 ab
2517 4674 2604 4729 ira
2634 4671 2899 4727 animum
2931 4666 3031 4740 qui
3051 4664 3175 4721 vult
3205 4664 3420 4737 pietate
3449 4650 3668 4750 mederi.

2170 4768 2389 4837 Nempe
2421 4764 2553 4820 odio
2583 4760 2907 4817 exstinctus
2939 4738 3020 4812 nil
3051 4760 3280 4811 rectum
3313 4748 3499 4808 cernit
3524 4738 3732 4802 ocellus.

2242 4856 2324 4912 Ne
2354 4851 2733 4925 margaritam
2765 4846 3104 4904 calcandam
3137 4857 3427 4915 exponere
3455 4832 3634 4911 porcis

2173 4945 2315 5012 Quis
2330 4942 2485 5011 velit,
2502 4944 2605 4996 aut
2634 4940 2905 4995 sanctum
2927 4934 3173 4991 canibus
3196 4932 3339 4988 dare
3362 4916 3773 4985 dilacerandum.

2175 5033 2415 5090 Mitibus
2445 5034 2501 5087 et
2532 5027 2771 5085 mundis
2802 5027 3048 5099 prosunt
3078 5020 3360 5094 mysteria
3388 5015 3562 5090 pacis.

2247 5119 2506 5178 Postulet
2537 5117 2693 5175 alma
2721 5116 2885 5183 fides,
2918 5117 2984 5169 ut
3011 5108 3201 5185 possit
3226 5121 3463 5166 sumere
3491 5104 3648 5161 dona.

2174 5214 2403 5279 Quaerat
2432 5225 2597 5265 amor
2627 5205 2852 5271 sitiens,
2886 5206 2952 5259 ut
2973 5217 3109 5258 mox
3135 5202 3339 5272 optata
3358 5195 3616 5267 reportet,

2176 5337 2363 5394 clesiaa
2395 5333 2601 5390 absida
2629 5329 2950 5396 existentis,
2983 5328 3066 5382 ita
3096 5329 3160 5381 ut
3190 5326 3520 5394 martyrum
3561 5303 3777 5396 ωιξίίαξξ

2176 5409 2287 5466 sub
2318 5407 2498 5463 altare
2538 5381 2994 5466 collocarentur,
3014 5381 3228 5453 Christi
3258 5412 3290 5450 e
3321 5381 3489 5466 cruce
3518 5381 3779 5466 pendegtts

2176 5446 2287 5466 ειμι
2318 5446 2498 5463 ww...
2538 5446 2954 5459 νυ..υν...ν..---
3021 5446 3227 5453 πη---
3264 5446 3286 5450 _
3328 5446 3371 5448 η
3395 5446 3421 5448 _,

2175 5480 2367 5552 efﬁgie
2404 5475 2697 5552 superius
2739 5446 3272 5552 erecta,,pende_nte
3322 5446 3649 5546 in.vas‘culo

2177 5534 2509 5620 cba‘i'istize,‘
2540 5550 2879 5605 sanctorum
2932 5534 3298 5616 imaginibus
3363 5535 3578 5594 circum
3630 5534 3781 5598 appo-

2176 5622 2330 5685 sitis.
