4024 6180
227 228 328 289 261

1582 224 1933 287 CABMINA
1979 223 2238 287 VARIA.

3492 232 3610 292 262

227 358 411 416 Pulset
438 373 582 428 opus
601 355 981 428 studiumque
999 357 1317 428 pium,tum
1336 357 1536 413 clausa
1553 357 1854 429 patebunt.
1885 361 1940 427 Α
1972 357 2108 413 Esse
2139 357 2251 412 sibi
2285 363 2523 424 matres,
2559 358 2642 413 vel
2675 359 2903 425 fratres,
2937 363 3112 430 atque
3141 375 3388 428 sorores,

291 463 516 519 Vitandi
548 480 778 536 semper
807 463 938 520 falsi
962 464 1416 536 exsecrandique
1447 465 1763 538 prophetaz,

232 557 371 621 Quos
400 554 506 608 sub
531 552 680 624 pelle
709 553 903 608 ovium
936 553 1129 609 rabies
1157 554 1278 626 agit
1305 559 1435 610 atra
1473 554 1747 626 luporum
1771 572 1784 620 ;

232 644 589 699 Sacramenta
619 641 813 696 ferunt
844 641 1107 710 fidei,sed
1141 643 1340 698 funere
1370 642 1590 698 vivunt.

293 747 646 811 z‘Ediﬁcanda
671 747 882 802 domus
914 763 1058 801 verae
1090 747 1431 803 fundamine
1462 752 1635 820 petrae
1665 765 1677 802 :

234 839 366 894 Dum
398 835 598 909 procul
630 836 821 891 omnis
853 836 1074 891 humus
1107 836 1289 892 fundo
1316 843 1604 910 purgatur
1625 838 1695 893 ab
1720 837 1859 905 imo,

231 931 299 983 Ac
326 927 534 999 pietate
565 927 748 998 proba
779 925 993 981 Christi
1025 926 1302 981 mandata
1334 932 1636 997 geruntur,

292 1033 598 1088 Vitandum
630 1049 871 1104 prorsus
904 1033 1068 1086 fluxa}
1103 1033 1420 1089 fundamen
1453 1051 1664 1101 arena},

233 1124 302 1179 Ne
330 1121 528 1178 leviter
558 1122 808 1194 positam
840 1127 950 1176 sub
984 1122 1144 1177 intus
1178 1127 1309 1177 ruat
1353 1123 1608 1194 impetus
1659 1123 1861 1191 aedem,

235 1212 314 1266 Sic
339 1210 585 1266 immota
615 1210 850 1277 imbres,
883 1216 1107 1278 ventos,
1140 1215 1196 1264 et
1227 1211 1473 1266 ﬂumina
1503 1216 1742 1267 temnet.

293 1326 534 1398 Caligosi
570 1326 786 1381 imbres
817 1343 1081 1380 errorum
1114 1327 1267 1382 nube
1297 1326 1604 1398 pluuntur,

235 1414 381 1469 Venti
412 1413 775 1469 alternantes
806 1415 1048 1469 adversa
1080 1418 1135 1470 et
1165 1431 1443 1487 prospera
1475 1416 1702 1470 mundi.

237 1503 382 1576 Repit
405 1503 592 1559 humo
623 1506 687 1558 ut
717 1502 928 1559 fluvius
960 1503 1153 1560 carnis
1185 1503 1478 1559 lutulenta
1503 1505 1792 1576 voluptas.

292 1611 452 1665 Jesus
485 1609 627 1665 item
661 1611 908 1665 mundat
938 1610 1296 1668 descendens
1327 1616 1523 1668 monte
1547 1611 1864 1684 leprosum,

236 1700 283 1755 Si
310 1700 406 1764 vis,
441 1697 543 1753 ille
577 1699 790 1770 inquit,
820 1704 985 1769 potes
1016 1703 1070 1754 ct
1103 1699 1243 1754 mihi
1281 1701 1426 1756 ferre
1457 1701 1765 1757 medelam.

236 1787 489 1858 llle,volo,
526 1792 589 1842 ut
619 1787 784 1854 dixit,
819 1787 966 1860 fugit
997 1787 1147 1843 illico
1177 1789 1366 1844 lurida
1398 1791 1598 1862 pestis.

294 1903 543 1976 Paralysi
571 1904 812 1968 fessum,
832 1920 1078 1975 puerum
1112 1921 1343 1976 quoque
1377 1905 1758 1973 centurionis,

234 1991 292 2046 Et
318 2009 551 2046 socrum
583 1992 731 2047 Petri
764 1991 965 2046 lethali
1001 1993 1159 2048 febre
1182 1995 1500 2064 jacentem,

234 2082 396 2152 Atque
427 2079 582 2136 alios
613 2079 810 2152 plures
840 2080 1024 2135 salvat
1053 2081 1266 2136 virtute
1299 2083 1539 2152 potenti.

297 2185 579 2241 l‘allacem
615 2187 864 2241 scribam
899 2187 1191 2259 reprobat,
1226 2205 1329 2242 nec
1369 2205 1610 2259 prorsus
1662 2190 1871 2245 habere

235 2277 340 2340 Quo
369 2279 552 2346 ponat
584 2274 798 2330 recline
828 2281 1003 2347 caput
1031 2292 1158 2331 sese
1190 2277 1398 2331 asserit
1429 2295 1698 2349 usquam.

235 2361 507 2435 Vulpibus
542 2363 697 2418 hunc
730 2363 793 2434 [Γ.
829 2363 984 2433 hinc]
1021 2365 1238 2420 foveam
1273 2366 1474 2421 dicens
1508 2368 1696 2438 magis
1745 2384 1874 2422 esse

295 2471 389 2523 Ast
418 2468 609 2523 alium
643 2469 824 2524 functi
849 2469 1111 2541 neglecto
1133 2486 1370 2542 corpore
1391 2471 1572 2544 patris
1613 2473 1870 2542 [(lolosis.

235 2557 484 2627 Sejubet
520 2559 648 2629 ipse
679 2557 870 2629 sequi,
901 2563 959 2613 et
988 2559 1288 2616 morituris
1319 2566 1551 2616 mortua
1581 2561 1786 2634 linqui.

235 2646 524 2718 Imperitat
557 2648 939 2718 ventis,jussu
977 2649 1157 2703 maris
1191 2667 1427 2721 mquora
1457 2651 1642 2706 sedat.

297 2751 689 2810 Daemonicam
723 2753 982 2810 humano
1013 2753 1299 2826 legionem
1333 2773 1571 2828 corpore
1603 2757 1785 2829 pellit,

235 2840 294 2895 Et
325 2841 501 2897 maris
537 2841 688 2897 hanc
715 2846 897 2898 tetras
928 2860 1060 2898 cum
1095 2844 1285 2916 porcis
1317 2846 1530 2918 mergit
1560 2847 1619 2901 in
1662 2848 1870 2904 undas.

237 2928 472 3003 Paralysi
509 2935 780 3002 ereptum
813 2933 1057 2987 mandat
1087 2932 1194 2987 sibi
1229 2934 1377 2989 ferre
1397 2935 1730 3007 grabatum.

301 3019 643 3075 Matthzeum
672 3024 920 3090 vocat,et
950 3021 1153 3076 mundi
1188 3022 1287 3078 dat
1316 3040 1587 3095 spernere
1619 3024 1802 3093 lucra,

235 3108 301 3161 Ac
329 3110 579 3182 propria
611 3109 863 3182 dignans
893 3110 1236 3182 publicanos
1258 3112 1508 3185 jungere
1536 3130 1774 3184 menses,

235 3197 479 3269 [Egrotos
506 3199 739 3254 medico
768 3199 964 3270 potius
995 3203 1244 3255 testatur
1273 3217 1460 3273 egere.

293 3286 504 3357 Jejunii
541 3287 663 3342 veri
695 3289 1118 3344 commendans
1152 3291 1396 3361 mystice
1426 3290 1678 3359 culmen,

234 3371 538 3448 Discipulis
574 3377 724 3431 sacri
756 3376 1084 3432 zelantibus
1115 3394 1246 3434 ecce
1276 3379 1521 3434 Joannis

235 3461 564 3521 Parabolam
600 3464 800 3536 panni,
832 3465 1434 3539 vinique,utriumque
1466 3469 1712 3541 reponit.

295 3553 461 3609 Fessa
485 3571 698 3609 cruore
730 3553 829 3608 diu
854 3553 1065 3609 mulier
1096 3556 1223 3611 sine
1252 3555 1377 3627 lege
1410 3557 1613 3612 fluenti

232 3640 445 3697 Attactu
477 3659 664 3699 sacra:
692 3643 870 3699 vestis
902 3648 1150 3716 purgata
1183 3645 1418 3701 recedit.

237 3728 501 3786 Redditur
533 3737 593 3786 et
621 3731 748 3786 vitae
772 3732 898 3802 jam
932 3732 1131 3787 funere
1154 3733 1364 3802 juncta
1389 3733 1604 3805 puella.

296 3818 417 3874 Mox
449 3819 680 3874 amissa
711 3819 811 3873 diu
843 3820 1169 3875 redduntur
1198 3820 1426 3876 lumina
1456 3823 1640 3878 caecis.

236 3904 585 3963 Dae‘nonium
621 3914 852 3962 mutum
886 3909 1250 3980 surdumque
1279 3910 1515 3982 expellit
1543 3913 1736 3967 Jesus.

234 3993 428 4051 Lumen
459 3997 850 4069 apostolicum
887 3996 1120 4069 populis
1146 3999 1313 4070 jubet
1344 3999 1424 4054 ire
1455 4001 1757 4057 docendis.

299 4084 492 4140 Petrus
526 4090 583 4139 et
614 4086 1169 4149 Andrzeas,Jacobus
1191 4087 1570 4160 simul,atque
1593 4090 1872 4157 Joannes,

238 4169 703 4242 Bartholommus,
737 4174 1014 4242 Thomas,
1048 4175 1723 4250 ltlatthazus,pariterque
1753 4179 1880 4234 Phi-

1633 4267 1874 4342 [prus,

236 4346 375 4404 ΑΠ’δεί
407 4351 1258 4420 Jacobus,Thadda3us,Simon
1289 4357 1346 4408 et
1374 4353 1697 4411 lscariotes.

296 4438 356 4492 lli
390 4447 530 4496 sunt
563 4458 712 4512 quos
743 4441 906 4497 misit
935 4443 1177 4498 verbum
1210 4443 1447 4498 reboare
1469 4444 1695 4514 salutis,

237 4523 429 4584 Curare
461 4530 816 4598 inﬁrmos,et
847 4529 1059 4602 pellere
1090 4532 1382 4588 daemones
1417 4538 1592 4589 atros.

238 4612 295 4668 Et
321 4622 510 4674 tamen
547 4634 616 4674 ex
644 4618 788 4690 ipsis
818 4619 1155 4692 periit,quia
1185 4620 1642 4692 prodidit,unus.

297 4703 500 4779 Dirigit
521 4707 593 4761 ad
629 4707 927 4762 Christum
955 4708 1218 4764 Joannes
1251 4726 1477 4765 carcere
1510 4710 1770 4781 clausus,

237 4789 486 4867 Increpat
519 4795 617 4851 ille
650 4797 978 4869 urbes,quaa
1012 4802 1095 4852 tot
1124 4799 1395 4854 miranda
1422 4799 1704 4869 videntes,

239 4877 446 4939 Duritia
477 4884 726 4942 immani
758 4903 872 4941 non
907 4887 1228 4958 pmnituere
1260 4887 1540 4944 dolentes.

300 4971 606 5030 Exsultans
636 4975 812 5031 Jesus
844 4974 1030 5031 Patris
1061 4975 1339 5048 mysteria
1367 4975 1590 5042 laudat,

237 5057 404 5130 Atque
437 5081 614 5118 suum
648 5063 776 5119 lene
806 5081 934 5120 esse
955 5065 1169 5136 jugum
1202 5064 1551 5121 clementius
1583 5065 1728 5122 iniit.

239 5146 502 5220 Discipuli
536 5152 729 5224 spicas
763 5152 1052 5208 solventes
1084 5153 1330 5208 sabbata
1359 5152 1599 5209 vellunt.

295 5237 564 5295 Arentem
599 5242 866 5297 dextram
897 5259 1174 5298 concesso
1206 5243 1412 5298 robore
1443 5248 1632 5300 sanat.

234 5319 516 5383 Daemonio
548 5330 750 5400 ejecto,
786 5347 998 5386 caecum
1037 5336 1384 5404 mutumque
1416 5333 1682 5390 resalvaf.

237 5409 384 5474 Quod
417 5423 654 5475 satanas
690 5426 939 5492 nequeat
968 5426 1233 5477 satanam
1257 5421 1544 5494 depellere
1567 5429 1870 5484 monstrat.

299 5503 564 5562 Tentanti
597 5510 780 5566 turbae
813 5511 1050 5587 signum
1083 5510 1371 5587 promittit
1403 5511 1574 5571 Ionas.

1968 447 2082 502 Hos
2115 451 2342 502 tantum
2375 447 2660 520 agnoscit,
2692 447 2788 518 qui
2821 446 3006 503 Patris
3037 449 3211 519 jussa
3261 457 3608 522 sequuntur.

2040 537 2350 592 Parabolas
2379 537 2573 609 plures
2603 536 2758 592 vario
2791 554 3059 592 sermone
3089 539 3371 609 profatur,

1969 626 2200 681 Secreta
2231 631 2504 682 eructans
2537 627 2823 682 absconsa
2853 627 2924 682 ab
2952 626 3176 698 arigine
3207 628 3436 699 mundi,

1966 713 2130 769 Vatis
2161 718 2217 769 et
2247 715 2473 786 antiqui
2503 714 2802 786 complens
2833 732 2996 770 sacro
3028 715 3227 770 ordine
3262 717 3434 772 dicta.

2039 802 2366 876 Agricolam
2401 804 2564 875 ponit
2596 803 2806 876 triplici
2840 803 2939 875 qui
2975 805 3136 876 fruge
3167 806 3525 873 redundans,

1970 892 2281 948 Tricenum
2313 910 2379 948 ex
2408 892 2582 948 cultis
2613 894 2867 948 fructum
2901 893 3159 964 percepit
3189 895 3262 948 ab
3292 895 3469 967 agris.

1971 981 2268 1055 Sexageno
2300 981 2474 1037 etiam
2507 985 2817 1037 centenum
2843 998 3167 1038 accrescere
3197 985 3480 1055 gaudens.

2043 1071 2122 1125 De
2155 1070 2291 1126 lolio
2325 1073 2556 1126 mundae
2590 1071 2770 1143 segeti
2803 1071 2957 1142 quod
2992 1077 3288 1143 sparserat
3319 1072 3526 1141 hostis,

1973 1164 2051 1214 De
2083 1177 2262 1232 grano
2291 1159 2520 1214 minimi
2550 1159 2663 1215 late
2693 1165 2985 1216 crescente
3018 1159 3259 1231 sinapis,

1975 1249 2053 1303 De
2081 1250 2364 1304 fermento
2396 1250 2571 1304 etiam
2605 1266 2721 1320 quo
2750 1250 2867 1304 vim
2903 1249 3081 1304 trahit
3110 1249 3368 1321 undique
3401 1267 3616 1306 massa.

2046 1337 2361 1410 Discipulis
2391 1337 2508 1393 lolii
2543 1338 2873 1410 segetisque
2904 1337 3213 1409 aenigmata
3243 1338 3429 1402 solvit,

1975 1425 2317 1482 Parabolam
2349 1427 2549 1482 subdit
2579 1426 2969 1482 thesaurisare
3001 1426 3256 1493 latentis,

1978 1515 2302 1587 Margarita:
2333 1514 2507 1570 etiam
2542 1515 2796 1587 pretiosa
2825 1514 2951 1570 luce
2983 1514 3273 1570 micantis.

2050 1605 2115 1658 Et
2147 1604 2312 1660 missi
2345 1604 2401 1658 in
2434 1603 2676 1676 pelagus
2707 1603 2847 1658 retis
2878 1620 3064 1676 genus
3097 1621 3268 1659 omne
3316 1609 3622 1661 natantum

1897 1736 1943 1800 Β
1979 1693 2140 1758 Quod
2175 1693 2350 1747 trahit
2383 1694 2454 1747 ad
2486 1693 2780 1761 littus,ubi
2816 1694 2880 1747 ﬁt
2911 1692 3181 1791 discretio
3215 1693 3417 1758 solers,

1980 1781 2131 1836 Vasa
2163 1782 2346 1836 bonos
2378 1782 2638 1853 capiunt,
2675 1780 2934 1836 diversos
2969 1779 3198 1852 projicit
3229 1799 3391 1837 usus.

2050 1870 2302 1924 Caeditur
2332 1870 2576 1924 Herodis
2599 1870 2775 1940 jussu
2807 1869 3070 1940 Baptista
3099 1870 3376 1940 Joannes,

1981 1960 2048 2013 Et
2081 1963 2254 2029 caput
2287 1959 2344 2012 in
2379 1958 2538 2013 disco
2571 1957 2853 2013 scelerata
2882 1958 2953 2011 ad
2984 1952 3198 2030 gaudia
3230 1959 3428 2014 fertur.

1981 2046 2262 2118 Discipuli
2291 2047 2893 2106 adveniunt.condunt
2921 2047 3014 2118 pia
3044 2047 3307 2102 membra
3336 2048 3623 2120 sepulcro.

2053 2136 2233 2190 Millia
2265 2136 2525 2207 quinque
2559 2136 2747 2190 virum
2780 2136 2849 2189 (lc
2881 2153 3099 2206 panum
3134 2136 3391 2208 quinque
3422 2142 3626 2208 paratu

1982 2224 2246 2278 Piscibus
2278 2229 2334 2279 et
2357 2223 2849 2296 geminis,Christi
2881 2224 3090 2278 virtute
3123 2224 3438 2295 replentur.

1984 2311 2078 2367 Bis
2109 2313 2328 2367 colinos
2354 2312 2528 2367 etiam
2563 2311 2939 2366 cumularunt
2966 2313 3254 2384 fragmina
3284 2330 3475 2370 senos.

2054 2402 2226 2457 Jesus
2259 2419 2360 2473 per
2391 2403 2603 2456 ﬂuctus
2634 2401 2918 2473 graditur,
2953 2402 3133 2456 maris
3163 2420 3395 2474 (equore
3419 2402 3630 2468 calent,

1985 2490 2340 2562 Mergentem
2373 2492 2605 2545 Petrum
2637 2489 2867 2562 placida
2896 2491 2994 2545 dat
3017 2491 3221 2546 sistere
3251 2492 3471 2547 dextra.

1986 2581 2282 2634 Cennesar
2310 2580 2369 2634 in
2402 2579 2634 2651 populis
2665 2579 2982 2635 multorum
3026 2580 3398 2636 incommoda
3445 2585 3628 2636 curat.

2057 2668 2136 2722 De
2169 2685 2452 2724 manuum
2487 2667 2712 2723 lavacro
2739 2667 3064 2739 pharisaeus
3095 2675 3425 2724 murmurat
3449 2686 3627 2725 error.

1988 2755 2086 2811 Ille
2117 2757 2285 2812 docet
2307 2756 2498 2811 cordis
2528 2774 2729 2812 verum
2760 2756 3125 2828 interiusque
3155 2757 3474 2813 lavacrum.

1986 2844 2252 2900 Obtinuit
2282 2850 2427 2900 nata:
2461 2844 2670 2900 mulier
2700 2845 2984 2900 Cananaea
3017 2845 3288 2901 salutem.

2057 2934 2251 2988 Monte
2283 2933 2526 2989 Galilaae
2561 2933 2907 2988 miserorum
2936 2933 3203 2989 examina
3231 2939 3416 2989 curat.

1987 3025 2247 3088 Quatuor
2277 3039 2344 3076 ex
2375 3027 2598 3092 septem
2631 3038 2764 3076 mox
2796 3020 2980 3076 millia
3008 3022 3261 3094 panibus
3301 3021 3523 3094 implet.

1906 3103 1948 3168 C
1989 3112 2378 3177 Fermentum,
2408 3109 2716 3176 Pharisme,
2743 3114 2908 3165 tuum
2931 3111 3097 3165 docet
3129 3127 3256 3166 esse
3287 3113 3629 3167 cavendum.

2061 3198 2349 3254 Clarilicat
2382 3197 2678 3253 Christum
2713 3197 2848 3253 felix
2879 3199 3168 3254 confessio
3202 3199 3374 3267 Petri,

1985 3287 2210 3359 Accipit
2241 3292 2294 3343 et
2325 3285 2513 3342 claves
2544 3287 2707 3358 regni
2738 3287 2990 3343 cmlestis
3023 3288 3094 3342 ab
3128 3288 3276 3359 ipso.

1988 3376 2252 3448 Praecipit
2283 3375 2378 3432 ille
2403 3392 2634 3430 crucem
2660 3377 2951 3448 prepriam
2972 3376 3180 3449 cuique
3201 3376 3296 3433 ille
3313 3378 3632 3435 ferendam.

2057 3461 2328 3522 Testatur
2358 3465 2646 3537 quosdam
2679 3466 2885 3520 duram
2920 3484 3034 3521 non
3064 3483 3298 3522 cernere
3331 3471 3599 3534 mortem,

1990 3555 2178 3610 Donec
2208 3555 2265 3608 in
2299 3553 2533 3626 proprio
2565 3554 2863 3610 Christum
2899 3554 3216 3627 fulgescere
3246 3571 3422 3627 regno

1990 3643 2162 3699 Felici
2194 3643 2409 3698 intuitu
2442 3642 2943 3715 videant,ccelique
2977 3647 3306 3715 pavescant.

2059 3731 2373 3804 Discipulis
2403 3732 2461 3787 in
2494 3737 2691 3788 monte
2724 3731 2911 3788 tribus
2943 3749 3004 3788 se
3033 3731 3298 3803 protinus
3328 3731 3453 3804 ipse

1988 3821 2244 3876 Coelestis
2277 3821 2472 3876 formae
2502 3820 2778 3876 vestitum
2812 3819 3032 3876 lumine
3063 3826 3351 3876 monstrat
3385 3839 3397 3875 :

1989 3909 2092 3965 Cui
2125 3909 2301 3964 simul
2335 3908 2556 3964 Heliam
2592 3909 2946 3981 Moysenque
2979 3910 3251 3965 assistere
3283 3915 3547 3965 cernunt.

2063 3999 2381 4053 Confestim
2415 3998 2671 4070 trepidos
2700 3997 3025 4053 circumdat
3055 3999 3250 4054 lucida
3281 3999 3487 4067 nubes,

1991 4088 2058 4142 Et
2086 4105 2193 4143 vox
2225 4086 2384 4142 clara
2413 4087 2603 4142 Patris
2634 4087 2904 4142 testantis
2934 4087 3004 4140 ab
3032 4087 3243 4142 aethere
3274 4088 3432 4142 venit
3465 4106 3477 4143 :

1989 4176 2170 4232 Filius
2201 4177 2292 4230 hic
2326 4193 2492 4231 meus
2524 4175 2819 4245 est,hujus
2851 4180 3138 4246 przecepta
3166 4181 3376 4230 tenete.

2062 4266 2163 4320 His
2196 4265 2372 4320 etiam
2405 4263 2630 4320 Heliam
2664 4269 2797 4335 post
2827 4263 2947 4318 haec
2989 4264 3045 4317 in
3097 4267 3314 4329 monte,
3348 4270 3640 4322 revertens

1989 4355 2120 4410 Jam
2151 4355 2378 4409 venisse
2404 4354 2582 4419 canit,
2608 4370 2712 4408 nec
2742 4353 2897 4408 hunc
2932 4357 3125 4408 tamen
3159 4369 3285 4408 esse
3318 4359 3638 4426 receptum,

1911 4473 1958 4537 Β
1992 4444 2092 4499 His
2125 4443 2205 4498 illi
2240 4443 2297 4497 in
2329 4442 2522 4498 verbis
2545 4444 2779 4514 justum
2809 4459 3040 4498 sensere
3071 4441 3379 4497 Joannem.

2065 4533 2195 4587 Mox
2226 4549 2472 4605 puerum
2507 4530 2846 4603 curat,fugit
2877 4531 3010 4585 hinc
3042 4529 3301 4584 lunatica
3331 4529 3531 4601 pestis.

1991 4621 2258 4678 Vivacem
2289 4622 2461 4676 ﬁdem
2490 4619 2744 4676 similem
2776 4619 2898 4674 vult
2928 4635 3055 4674 esse
3087 4617 3301 4690 sinapi.

1993 4711 2172 4767 Solvit
2200 4726 2529 4766 czesarzeum
2564 4708 2742 4780 piscis
2773 4724 2840 4763 ex
2872 4724 2968 4763 ore
2998 4706 3306 4763 tributum.

2062 4801 2142 4857 Ad
2175 4800 2341 4871 pueri
2372 4799 2618 4852 formam
2651 4796 2906 4852 humiles
2928 4797 3100 4867 jubet
3130 4814 3258 4853 esse
3288 4797 3512 4854 ﬁdeles.

1986 4888 2486 4945 Scandalizantem
2519 4884 2753 4941 oculum
2786 4886 3021 4958 propria
3049 4885 3173 4941 vult
3203 4887 3340 4942 sede
3390 4886 3604 4943 revelli.

1988 4979 2048 5034 Id
2083 4978 2247 5051 pedis
2280 4981 2454 5048 atque
2489 4992 2701 5030 manus
2727 4975 2902 5030 etiam
2948 4975 3288 5032 discrimine
3338 4981 3645 5032 monstrat.

2061 5069 2174 5123 Nec
2209 5066 2483 5121 minimos
2516 5081 2777 5137 unquam
2811 5066 3155 5121 temnendos
3186 5081 3312 5121 esse
3346 5065 3576 5132 ﬁdeles,

1993 5159 2099 5212 Pro
2133 5156 2350 5228 quibus
2382 5154 2656 5229 angelica:
2690 5153 2955 5227 invigilat
2985 5154 3252 5210 custodia
3280 5172 3455 5210 curae.

1989 5247 2135 5301 Nam
2161 5262 2298 5301 saxo
2331 5261 2649 5316 oppressus
2679 5243 2894 5298 laedens
2926 5243 3212 5316 mergitur
3237 5245 3468 5316 abysso.

2061 5335 2487 5406 Ignoscendum
2522 5333 2680 5388 omni
2714 5331 2984 5388 clementi
3013 5337 3244 5404 pectore
3283 5331 3468 5398 fratri,

1991 5423 2064 5482 Ut
2094 5425 2250 5480 Deus
2282 5423 2566 5496 ignoscat,
2603 5439 2705 5477 nec
2735 5421 2898 5477 duris
2932 5423 3080 5476 dura
3122 5419 3418 5492 rependat.

1990 5512 2258 5591 Conjugii
2285 5511 2542 5570 vinclum
2574 5510 2924 5568 servandum
2948 5509 3094 5582 jure.
3113 5504 3291 5567 fideli.
