4024 6180
411 264 530 338 963

487 407 840 464 lleunuchos
869 404 1199 478 laudat,qui
1231 403 1357 461 coeli
1395 409 1596 476 regnat
1627 405 1954 477 requirnnt,

412 498 616 569 Diligit
647 495 931 552 innocuos
965 493 1494 567 pueros,benedicit
1522 493 1767 561 eisdem,

415 588 702 643 Divitibus
735 586 878 641 dure
907 582 1150 640 reserari
1180 582 1385 638 limina
1413 582 1562 638 vitae.

486 691 882 764 Ccntuplicem
914 690 1166 744 fructum
1200 689 1428 760 capient
1478 687 1576 760 qui
1625 691 1835 743 cuncta
1886 687 2060 743 relin-

416 782 755 840 Parabolam
787 779 1004 851 profert
1035 778 1189 833 varie
1218 778 1411 832 vineta
1442 777 1756 844 colentum,
1838 781 2058 848 [quent.

413 875 536 940 Qua
565 873 730 926 docet
759 872 1044 924 extremos
1072 866 1192 921 ﬁeri
1225 865 1568 938 plerumque
1595 864 1836 938 priores.

486 975 725 1032 Zebedei
759 974 914 1029 natis
947 972 1132 1029 avidis
1164 973 1235 1028 ad
1269 972 1500 1027 culmen
1530 971 1768 1028 honoris

410 1069 555 1122 Ante
585 1064 732 1120 calix
762 1061 945 1118 tristis
975 1061 1319 1134 proponitur
1348 1078 1476 1116 esse
1506 1061 1813 1116 bibendus.

414 1152 751 1210 Pra-zteriens
781 1150 1067 1206 Dominus
1097 1149 1347 1222 geminis
1379 1149 1479 1204 dat
1507 1149 1733 1204 lumina
1763 1149 1948 1204 caecis.

482 1258 725 1315 Ducitur
752 1258 821 1312 ad
854 1260 1056 1313 Jesum
1087 1253 1284 1326 pullus
1317 1271 1448 1309 cum
1485 1259 1670 1310 matre
1708 1255 2024 1324 sedendus,

409 1352 729 1404 Mercantes
755 1345 972 1416 templo
1004 1343 1377 1416 pellit,Patris
1404 1343 1595 1415 expiat
1625 1342 1842 1399 aulam.

411 1438 741 1494 Gaudentes
774 1433 936 1505 pueri
971 1433 1062 1504 pie
1092 1431 1321 1488 Christo
1343 1431 1576 1488 Osanna
1607 1432 1913 1488 resultant.

485 1543 840 1598 Frondosam
868 1539 1265 1606 ﬁcum,fructu
1300 1538 1438 1610 quia
1468 1539 1612 1594 forte
1645 1539 1899 1608 carebat,

408 1633 680 1697 Jussit,et
707 1628 991 1700 extemplo
1024 1629 1302 1682 damnata
1329 1629 1557 1683 exaruit
1586 1628 1757 1684 arbor
1791 1647 1803 1683 :

413 1721 763 1777 Fructiferos
794 1719 933 1789 quia
963 1717 1226 1771 Christus
1258 1717 1568 1786 amat,sine
1601 1717 1890 1772 fructibus
1911 1717 2052 1773 odit.

481 1809 789 1866 Pontiﬁces
821 1806 1074 1880 rogitant
1105 1807 1256 1862 unde
1286 1806 1370 1861 illi
1400 1811 1562 1862 tanta
1591 1810 1868 1878 potestas,

411 1898 524 1953 Sed
556 1896 781 1953 confusi
816 1897 1031 1951 abeunt
1063 1897 1334 1951 testantis
1364 1913 1500 1951 voce
1531 1896 1796 1962 Joannis,

411 1988 524 2043 Nec
555 2003 754 2042 verum
788 1985 916 2041 falsi
950 2001 1054 2040 nec
1080 2002 1214 2040 vera
1243 1985 1445 2040 audire
1475 1990 1786 2041 merentes.

481 2075 822 2131 Parabolam
855 2074 1054 2130 subdit
1086 2078 1357 2130 natorum
1390 2076 1535 2130 forte
1566 2075 1838 2141 duorum,

409 2166 512 2232 Qui
548 2164 728 2238 patris
761 2163 1020 2236 imperiis
1050 2164 1281 2218 diversa
1310 2169 1464 2219 sorte
1495 2164 1794 2220 resistunt.

407 2261 487 2310 Ac
518 2254 726 2309 scribis
755 2253 982 2326 przefert
1012 2253 1348 2308 meretrices
1370 2254 1504 2324 jure
1530 2252 1818 2325 superbis.

479 2343 717 2398 Tradita
746 2340 1013 2397 ruricolis
1046 2359 1281 2396 rursum
1310 2342 1504 2397 vineta
1541 2342 1823 2409 feruntur,

407 2429 514 2498 Qui
541 2431 610 2485 ad
643 2447 770 2486 sese
803 2430 1014 2486 missos
1045 2430 1260 2486 crudeli
1293 2435 1479 2486 morte
1510 2436 1810 2495 necarunt,

408 2521 706 2576 Postremo
735 2524 790 2575 et
823 2519 1048 2574 Domini
1080 2519 1434 2591 perimentes
1467 2519 1643 2591 impie
1675 2524 1900 2575 natum.

479 2608 761 2664 Parabola
791 2607 1046 2663 invitans
1077 2609 1149 2663 ad
1183 2607 1336 2679 regis
1368 2609 1612 2680 prandia
1643 2608 1859 2680 plures,

407 2699 560 2762 Quos
593 2697 731 2770 quia
762 2700 1298 2769 tempserunt,mox
1327 2696 1472 2753 ultio
1504 2697 1683 2771 digna
1713 2702 1914 2753 secuta
1943 2702 2049 2753 est.

404 2787 575 2842 Veste
603 2803 807 2841 carens
834 2785 1012 2858 digna
1046 2790 1337 2842 mersatur
1369 2789 1426 2841 et
1449 2786 1573 2858 ipse
1597 2786 1870 2842 tenebris.

477 2875 550 2931 Ut
571 2874 767 2929 divina
802 2875 913 2930 Deo
945 2875 1450 2947 reddantur,regia
1482 2875 1621 2948 regi,

405 2965 566 3028 Quod
599 2972 838 3019 venturo
869 2981 985 3018 aevo
1016 2964 1209 3019 carnis
1239 2964 1532 3020 connubia
1561 2968 1809 3032 cessent,

362 3088 373 3105 .
406 3054 564 3118 Quod
599 3053 865 3109 Christus
898 3052 1070 3108 David
1099 3053 1382 3109 Dominus
1411 3057 1467 3109 et
1501 3052 1682 3109 Filius
1714 3056 1917 3109 exstet.

478 3144 543 3198 In
571 3141 848 3197 cathedra
874 3142 1040 3196 Moisi
1075 3141 1218 3215 legis
1251 3143 1502 3198 residere
1533 3143 1769 3214 peritos,

408 3232 625 3286 Horum
658 3231 814 3285 dicta
843 3229 1200 3301 sequi,vitari
1232 3231 1497 3303 exempla
1517 3232 1819 3301 jubentur.

409 3321 671 3391 Increpat
702 3319 809 3374 hos
840 3318 1290 3389 Christus,quod
1323 3320 1570 3392 perdant
1589 3321 1806 3391 quique
1828 3320 2054 3376 lucran-

1912 3411 2050 3480 [tum

479 3497 636 3562 Quod
648 3496 1073 3568 jusjurandum
1091 3495 1486 3568 violent,quod
1506 3497 1758 3553 maxime
1783 3503 2051 3554 sanctum

1922 3589 2050 3658 [est

407 3675 569 3741 Quod
602 3673 838 3729 calicem
873 3673 1153 3739 excolent,
1188 3675 1462 3730 studeant
1495 3675 1707 3748 glutire
1740 3675 2050 3731 camelum.

407 3765 708 3820 Sectantes
742 3763 1004 3830 minima,
1039 3767 1366 3820 temnentes
1397 3764 1652 3819 maxima
1681 3764 1846 3837 legis.

479 3852 640 3918 Quod
666 3850 904 3906 calicem
929 3855 984 3907 et
1014 3852 1287 3925 cyathum
1319 3855 1570 3910 exterius
1593 3855 1876 3910 mundare
1895 3854 2054 3910 labo-

1886 3949 2052 4011 [rent,

409 4030 524 4085 Nec
553 4028 745 4084 labem
777 4028 1026 4085 interius
1057 4029 1386 4086 latitantem
1415 4037 1708 4105 extergere
1740 4037 1962 4101 curent,

410 4119 554 4174 Cum
582 4119 721 4174 foris
752 4122 927 4190 atque
959 4119 1120 4174 intus
1151 4118 1406 4174 hominis
1439 4121 1517 4175 sit
1549 4121 1814 4176 conditor
1841 4140 2015 4178 unus.

481 4206 732 4280 Ingemit
762 4207 868 4262 hos
898 4206 1123 4262 similes
1155 4207 1365 4264 albatis
1394 4208 1550 4265 calce
1581 4210 1886 4282 sepulcris,

409 4299 542 4362 Quae
571 4297 836 4369 speciosa
866 4297 1028 4368 foris,
1062 4296 1351 4353 horrenda
1381 4297 1733 4355 intrinsecus
1777 4307 2006 4357 exstant
2040 4319 2052 4359 :

409 4385 566 4442 Sana
597 4386 786 4441 nitent
817 4384 1168 4452 oculis,sunt
1197 4386 1396 4441 omnia
1425 4392 1574 4443 tetra
1604 4387 1864 4445 latebris.

481 4473 799 4548 Splendida
832 4474 930 4547 qui
964 4475 1183 4530 sanctis
1212 4475 1472 4530 condunt
1515 4484 1893 4534 monumenta
1923 4497 2054 4553 pro-

1821 4567 2053 4640 [phetis.

410 4650 685 4721 Nihilque
715 4667 782 4706 ex
809 4650 916 4706 hoc
948 4650 1106 4706 aliud
1129 4650 1239 4706 nisi
1263 4652 1569 4726 sanguinis
1591 4669 1718 4709 esse
1741 4656 2057 4726 probentur

411 4739 677 4795 Haeredes
709 4744 926 4807 vatum,
947 4741 1003 4794 in
1035 4740 1349 4796 Dominum
1383 4741 1520 4814 quia
1550 4743 1782 4800 credere
1812 4744 2053 4802 nollent.

481 4826 808 4883 Jerusalem
842 4827 1085 4900 plangit,
1117 4830 1403 4902 templum
1437 4847 1499 4887 se
1530 4831 1792 4904 linquere
1823 4833 1981 4905 dicit,

410 4915 622 4971 Omnia
652 4921 706 4971 et
739 4917 798 4970 in
831 4916 1056 4972 cineres
1089 4918 1282 4974 subito
1312 4919 1551 4992 lapsura
1581 4921 1858 4990 minatur,

412 5003 629 5076 Hisque
658 5021 796 5060 suos
824 5005 1020 5060 vultus
1051 5012 1183 5078 post
1214 5008 1320 5063 hac
1352 5013 1523 5081 negat
1554 5026 1681 5066 esse
1718 5011 2017 5068 videndos.

481 5103 782 5158 Extremas
814 5121 940 5176 qua:
975 5104 1143 5178 signa
1175 5106 1298 5162 dies
1329 5125 1683 5178 praeurrere
1717 5113 1941 5165 constet

412 5191 964 5263 Exsequitur,falsos
991 5194 1260 5249 meminit
1289 5211 1598 5266 exsurgere
1628 5196 1888 5253 Christos

411 5280 478 5336 Et
509 5279 688 5336 falsos
721 5285 898 5349 vates,
933 5281 1228 5337 erroribus
1257 5281 1456 5336 omnia
1476 5281 1665 5353 plena.

479 5377 773 5433 Adventus
805 5378 1022 5450 proprii
1054 5382 1334 5434 terrorem
1367 5382 1423 5433 et
1453 5383 1716 5451 tempora
1747 5384 1970 5454 pandit,

411 5465 684 5521 Decidere
715 5466 1065 5533 stellas,tota
1097 5471 1255 5522 astra
1286 5465 1612 5538 nigrescere
1643 5469 1790 5525 caeli.

411 5554 700 5631 Exemplis
727 5554 968 5630 vigilare
999 5555 1527 5632 monet,furemque
1553 5559 1896 5620 cavendum.

1511 273 1741 334 FLORI
1788 264 2103 334 DlACONl
2149 274 2724 338 LUGDUNENSIS.

3702 276 3816 337 264

2253 406 2500 462 Lumina
2530 406 2804 481 virgineis
2836 424 2906 464 ne
2937 408 3056 464 sint
3086 409 3374 466 maccntia
3402 410 3578 466 vasis.

2175 495 2284 550 Sed
2316 497 2514 568 potius
2546 496 2751 569 pingui
2779 513 3011 570 semper
3041 499 3344 554 foveantur
3373 498 3522 554 olivo
3558 515 3570 554 :

2174 585 2421 656 Sumpta
2449 585 2666 641 talenta
2696 587 2808 659 piis
2839 587 3037 643 usuris
3066 603 3325 643 crescere
3357 588 3620 643 mandat.

2241 674 2454 730 Judicii
2486 675 2544 730 in
2573 675 2716 732 solio
2745 693 2880 732 cum
2907 677 3123 732 sederit
3152 675 3248 732 ille
3277 678 3602 743 tremendo,

2170 764 2216 818 A
2247 763 2466 820 dextris
2496 768 2651 821 stare
2680 765 2811 820 inﬁt
2841 765 3319 838 oves,haedosque
3351 766 3611 822 sinistris
3643 783 3656 821 :

2171 856 2287 908 Hos
2317 853 2399 909 ire
2428 853 2488 908 in
2519 854 2948 920 ﬂammas,illos
2980 856 3052 911 ad
3082 871 3300 926 pascua
3329 855 3474 910 vitae.

2242 942 2550 999 Pontiﬁces
2581 943 2892 1000 Dominum
2919 947 3187 1016 quaarunt
3215 944 3477 1000 occidere
3498 943 3826 1014 Christum,

2173 1029 2477 1103 Unguento
2512 1031 2646 1087 felix
2674 1032 2886 1088 mulier
2915 1033 3212 1104 perfundit
3233 1033 3458 1089 Jesum.

2171 1118 2244 1174 Ut
2273 1119 2568 1176 Christum
2602 1121 2809 1193 prodat
2836 1121 3020 1178 Judas
3051 1122 3202 1176 dona
3227 1120 3391 1176 irrita
3417 1121 3647 1192 quaerit.

2242 1209 2408 1264 Hunc
2439 1209 2724 1265 Dominus
2755 1228 2990 1266 cmnans
3021 1211 3288 1284 designat
3311 1227 3446 1266 voce
3471 1210 3737 1283 gementi

2170 1296 2438 1370 Corporis
2470 1299 2594 1370 ipse
2623 1300 2714 1354 sui
2748 1300 2971 1355 sanctis
3000 1299 3279 1370 mysteria
3306 1298 3503 1354 tradit.

2168 1387 2435 1442 Praedicit
2462 1387 2626 1443 Petro
2655 1389 2809 1460 quod
2841 1406 2903 1444 se
2935 1393 3019 1442 ter
3050 1393 3216 1444 nocte
3247 1391 3503 1462 negaret.

2240 1475 2378 1530 Orat
2407 1480 2472 1530 ut
2501 1476 2775 1532 instantis
2807 1475 3004 1532 calicis
3034 1480 3398 1548 pertranseat
3428 1475 3570 1532 hora
3608 1493 3621 1530 :

2165 1565 2272 1619 Sed
2302 1565 2490 1637 magis
2524 1569 2588 1620 ut
2619 1565 2808 1621 Patris
2838 1565 2939 1621 fiat
2969 1566 3202 1637 praefixa
3231 1565 3519 1621 voluntas.

2168 1653 2380 1709 Oscula
2405 1655 2505 1709 dat
2534 1655 2716 1709 Judas
2750 1655 3016 1709 tradendi
3047 1655 3219 1726 signa
3243 1653 3530 1727 magistri.

2239 1742 2494 1798 Consilio
2525 1743 2734 1798 insano
2763 1741 2940 1799 falsos
2973 1743 3290 1815 producere
3322 1747 3496 1798 testes

2168 1831 2230 1886 In
2262 1831 2558 1886 Christum
2593 1832 2843 1903 placuit;
2878 1832 3128 1887 mendax
3149 1832 3259 1887 sibi
3282 1830 3483 1904 lingua
3505 1834 3832 1904 repugnat.

2166 1925 2488 1977 Damnatus
2514 1921 2742 1993 probris
2773 1920 3040 1976 illuditur
3067 1921 3326 1992 undique
3355 1921 3546 1978 Jesus.

2235 2009 2498 2082 Abnegat
2514 2010 2668 2064 hunc
2688 2008 3191 2081 Petrus,lacrymis
3210 2024 3342 2065 mox
3359 2007 3586 2081 plangit
3599 2008 3832 2065 amaris

2163 2098 2407 2153 Vinctus
2439 2098 2618 2154 Pilato
2640 2098 3018 2170 perimendus
3050 2098 3301 2153 traditur
3330 2098 3474 2170 ipse.

2163 2187 2444 2242 Emerunt
2469 2185 2633 2259 figuli
2665 2187 2849 2258 pretio
2881 2187 2950 2242 de
2981 2186 3288 2259 sanguinis
3319 2202 3544 2258 agrum.

2237 2275 2458 2332 Pilatus
2489 2276 2703 2348 populo
2734 2275 3018 2348 permittit
3047 2277 3287 2348 perdere
3316 2275 3653 2343 Christum;

2165 2365 2362 2420 Passio
2393 2382 2558 2420 sacra
2587 2365 2667 2437 pii
2699 2364 3022 2436 completur
3048 2365 3110 2420 in
3140 2364 3341 2421 ordine
3370 2365 3531 2420 Jesu.

2165 2455 2295 2510 Mox
2319 2453 2605 2510 elementa
2634 2458 2911 2518 tremunt,
2938 2454 3151 2509 scindit
3180 2471 3289 2509 sua
3319 2452 3495 2527 pallia
3525 2453 3834 2526 templum

2237 2542 2334 2598 Ille
2367 2543 2526 2598 subit
2553 2546 2835 2610 mortem;
2872 2541 3205 2612 Procul,ait,
3238 2545 3489 2610 tartare;
3522 2541 3723 2597 victor

2163 2633 2203 2686 E
2235 2631 2462 2686 tumulo
2497 2631 2719 2703 surgit;
2753 2629 2910 2686 clara
2939 2631 3152 2686 virtute
3184 2629 3449 2703 refulget.

2163 2720 2478 2792 Discipulis
2508 2720 2785 2775 mandata
2815 2720 2995 2791 dedit,
3029 2720 3324 2792 baptisma
3351 2719 3622 2775 sacravit.

2233 2810 2337 2865 Cui
2370 2809 2499 2864 laus
2530 2813 2586 2864 et
2604 2809 2813 2877 virtus,
2842 2809 2936 2864 cui
2969 2809 3153 2882 gloria
3182 2823 3415 2865 summa
3444 2825 3547 2881 per
3587 2823 3799 2865 aevum

2163 2898 2250 2954 Sit
2279 2915 2413 2954 cum
2439 2900 2606 2954 Patre
2637 2899 2752 2954 Deo
2783 2897 3002 2954 cmlesti
3035 2899 3093 2952 in
3123 2898 3259 2954 sede
3292 2899 3479 2965 beato,

2159 2987 2398 3060 Spiritui
2431 2991 2630 3043 sancto
2663 3003 2922 3056 consors,
2956 2991 3013 3042 et
3033 2987 3223 3043 sidera
3252 2986 3524 3045 clament.

2302 3079 2505 3132 Amen.

2956 3165 3026 3219 ΙΙ.

2633 3271 2807 3308 ΟΕ8ΤΑ
2845 3268 3069 3309 CHRISTI
3111 3269 3335 3308 DOMINI.

2235 3341 2473 3398 Innocui
2505 3341 2693 3414 pueri,
2723 3341 2953 3396 Christo
2985 3341 3311 3396 benedicite
3337 3339 3496 3407 Regi.

2163 3432 2250 3487 Sit
2285 3429 2511 3487 Domini
2541 3429 2763 3485 celsum
2796 3430 3168 3485 benedictum
3201 3429 3262 3485 in
3294 3428 3506 3486 saecula
3537 3444 3795 3484 nomen.

2163 3519 2314 3576 Solis
2339 3520 2410 3575 ad
2444 3535 2716 3574 occasum
2748 3517 2935 3574 dulcis
2966 3522 3132 3574 sonet
3162 3517 3414 3591 hymnus
3444 3517 3515 3572 ab
3549 3521 3713 3572 ortu.

2234 3610 2548 3664 Cantemus
2581 3607 3070 3680 Domino,magna
3100 3612 3188 3663 est
3218 3608 3308 3662 cui
3342 3606 3528 3680 gloria
3557 3606 3834 3675 Christo,

2162 3698 2270 3762 Qui
2296 3697 2458 3752 solus
2489 3698 2698 3752 virtute
2732 3713 2840 3752 sua
2871 3695 3117 3752 sessoris
3148 3695 3333 3767 iniqui

2164 3787 2379 3843 Stravit
2401 3803 2641 3857 equum,
2672 3785 2976 3857 victosque
3009 3784 3184 3841 simul
3218 3783 3538 3840 submersit
3578 3785 3833 3856 abysso.

2233 3877 2377 3931 Ecce
2405 3875 2556 3930 Deus
2588 3874 2736 3930 mira
2761 3874 3024 3930 Salvator
3050 3873 3178 3929 luce
3209 3879 3493 3942 coruscat,

2164 3965 2292 4036 lpse
2325 3963 2484 4020 salus
2515 3962 2837 4035 nobis,ipse
2869 3968 2957 4019 est
2987 3962 3044 4017 in
3080 3963 3294 4018 saecula
3321 3963 3526 4017 virtus.

2164 4053 2432 4109 Confidat
2462 4054 2665 4108 devota
2697 4052 3045 4117 ﬁdes,timor
3074 4052 3264 4107 omnis
3298 4052 3515 4107 abesto.

2236 4141 2513 4197 Libemus
2547 4141 2745 4197 dulces
2769 4141 2909 4197 Jesu
2941 4141 3010 4196 de
3043 4141 3304 4196 fontibus
3333 4141 3542 4206 undas,

2166 4232 2457 4302 Gestaque
2490 4228 2786 4302 magniﬁci
2820 4229 3127 4284 reboemus
3160 4229 3218 4283 in
3243 4228 3442 4284 ordine
3468 4227 3712 4285 Christi.

2165 4321 2294 4377 Haec
2325 4319 2514 4392 polus,
2547 4319 2668 4374 haec
2699 4317 2894 4383 tellus,
2928 4317 3047 4372 haec
3079 4318 3237 4390 ponti
3277 4321 3548 4390 personet
3594 4334 3832 4389 aequor.

2236 4411 2496 4475 Quatuor
2522 4407 2643 4462 hac
2672 4423 2788 4462 uno
2821 4406 3157 4462 cecinerunt
3187 4422 3284 4461 ore
3314 4405 3488 4462 beati.

2088 4519 2133 4583 Ι)
2166 4499 2425 4564 Quatuor
2451 4500 2775 4568 exsurgunt
2807 4495 3063 4566 paradisi
3093 4493 3336 4550 ﬂumina
3369 4495 3543 4561 fonte,

2168 4590 2301 4652 Quae
2333 4589 2611 4642 cunctum
2642 4584 2802 4657 largo
2833 4584 3149 4640 fecundant
3175 4583 3403 4657 gurgite
3434 4581 3755 4640 mundum.

2237 4675 2340 4731 Hic
2370 4675 2549 4748 igitur
2576 4673 2888 4746 paradisus
2920 4672 3207 4740 adest,hic
3240 4673 3443 4729 arbore
3471 4669 3598 4727 vitae

2163 4767 2352 4820 Aurea
2381 4768 2702 4835 carpuntur
2733 4761 2959 4817 ﬂorenti
2986 4761 3200 4817 vertice
3227 4761 3400 4818 mala.

2165 4853 2338 4909 Dirus
2369 4854 2534 4908 abest
2564 4849 3080 4923 anguis,exuberat
3111 4850 3268 4906 alma
3291 4850 3604 4923 voluptas.’

2234 4941 2522 4997 Zachariae
2558 4944 2759 4996 sancto
2791 4939 2974 4995 sacris
3001 4939 3240 4996 incensa
3271 4939 3475 4996 ferenti

2162 5030 2419 5103 Angelus
2451 5028 2991 5102 assistit,promittit
3022 5029 3237 5102 gaudia
3268 5029 3410 5095 nati,

2170 5119 2276 5185 Qui
2307 5118 2552 5174 Domino
2585 5117 2815 5173 Christo
2847 5116 3203 5190 populorum
3237 5118 3413 5174 corda
3436 5122 3693 5191 pararet.

2240 5207 2491 5262 Mittitur
2519 5207 2590 5262 ad
2621 5207 2866 5262 Mariam
2898 5205 3126 5262 Gabriel
3158 5223 3321 5263 sacer
3353 5224 3449 5263 ore
3480 5223 3754 5264 corusco.

2170 5295 2412 5352 Nuntiat
2440 5295 2661 5351 intacta
2688 5300 2999 5350 venturum
3032 5295 3267 5365 Virgine
3297 5294 3619 5365 Christum,

2168 5383 2270 5441 Cui
2299 5400 2542 5457 regnum
2577 5385 2983 5452 aeternum,cui
3014 5383 3200 5457 gloria
3232 5384 3415 5457 fulget
3443 5384 3503 5440 in
3534 5402 3752 5443 avum.

2238 5472 2525 5529 Zachariae
2558 5488 2796 5528 uxorem
2827 5473 3001 5547 Virgo
3032 5473 3360 5529 veneranda
3381 5473 3622 5532 salutat.

2171 5564 2439 5623 Protinus
2471 5561 2722 5621 exsultat
2751 5565 3013 5621 materno
3044 5561 3103 5620 in
3132 5567 3330 5623 ventre
3359 5563 3638 5635 Joannes,
