4024 6180
221 375 323 435 265
1561 373 1914 435 CARMINA
1965 375 2220 435 VAltIA.
3468 377 3588 437 266

223 509 282 565 Et
307 522 468 579 quem
489 521 623 561 voce
654 504 878 576 nequit,
893 504 1109 576 promit
1140 519 1243 576 per
1270 503 1486 576 gaudia
1513 504 1829 562 Christum.
1863 507 1918 574 Α
1949 505 2132 562 Millia
2162 509 2526 562 momentum
2559 507 2788 563 modico
2820 510 2984 582 fugat
3013 507 3108 564 ille
3139 508 3386 581 flagello.

284 597 400 652 Mox
428 595 596 663 eliam
629 599 876 650 matrem
900 594 1210 666 complevit
1230 593 1482 665 Spiritus
1515 592 1726 649 almus.
1943 595 2230 650 Mirantur
2249 595 2468 668 pepuli,
2497 596 2818 652 multorum
2849 605 3080 670 pectora
3111 598 3375 653 credunt.

221 684 484 742 Exclamat
501 683 735 738 Domini
762 688 1106 754 praesentem
1139 682 1412 740 assistere
1444 685 1692 738 matrem
2013 683 2279 740 Praedicit
2308 686 2554 757 propriae
2585 685 2778 741 carnis
2805 685 3136 742 venerabile
3163 684 3452 758 templum

221 775 308 832 Illa
332 774 423 830 Dei
453 772 657 828 laudes
687 771 1032 844 pudibunda
1061 771 1312 827 concinit
1343 788 1460 826 ore.
1944 770 2295 828 Solvendum
2329 775 2602 829 manibus
2635 774 2987 846 susceptain
3020 779 3208 831 morte
3239 774 3522 846 cruentis,

274 864 508 920 Joannes
538 862 744 928 oritur,
777 860 1058 934 genitoris
1091 859 1294 932 lingua
1325 860 1604 932 profatur.
1943 861 2132 933 Seque
2163 860 2307 918 illud
2339 862 2510 918 trinis
2541 864 2788 935 spondet
2817 880 3088 936 reparare
3113 863 3343 919 diebus.

217 956 323 1026 Ipse
350 951 516 1008 etiam
547 951 608 1006 in
640 950 801 1006 silvis
832 951 1010 1005 vitam
1042 966 1186 1021 puer
1214 948 1390 1020 exigit
1414 947 1652 1005 almam.
2015 949 2258 1022 Mystica
2287 950 2600 1006 Nicodemo
2631 951 2912 1024 baptismi
2946 967 3191 1007 munera
3220 951 3448 1024 pandit,

217 1045 377 1100 Donec
406 1042 473 1096 ad
504 1039 679 1096 lsrael
711 1046 864 1095 certo
891 1056 952 1095 se
987 1044 1245 1112 tempore
1269 1042 1572 1093 monstret.
1941 1038 2292 1095 Credentum
2324 1039 2570 1112 populos
2602 1041 2834 1112 proprio
2865 1041 3217 1113 baptismate
3245 1040 3480 1113 tinguit.

273 1132 522 1187 Nascitur
551 1129 609 1184 in
645 1129 940 1185 Bethleem
973 1134 1178 1184 sancta
1199 1128 1269 1184 de
1285 1127 1521 1199 Virgine
1543 1127 1827 1184 Christus.
1940 1126 2208 1200 Undique
2239 1132 2612 1196 concurrunt,
2644 1129 2845 1184 vitalia
2872 1129 3026 1184 dona
3052 1129 3443 1201 frequentant.

216 1223 446 1278 Pastores
478 1218 743 1293 vigilant,
776 1219 987 1274 affatur
1013 1221 1070 1272 et
1094 1215 1339 1289 angelus
1367 1215 1520 1282 illos,
2010 1215 2274 1272 Exsultat
2300 1217 2563 1289 Baptista
2593 1234 2756 1273 sacer
2783 1235 2849 1274 ac
2878 1222 3151 1290 provocat
3179 1233 3404 1273 omnes.

212 1317 276 1366 Ac
305 1327 484 1383 regem
517 1314 721 1364 natum
754 1308 882 1363 coeli
909 1307 1166 1363 cecinere
1197 1310 1456 1362 catervae.
1937 1306 2086 1360 Nam
2117 1304 2415 1361 Christum
2447 1323 2754 1378 sponsum,
2787 1323 2850 1362 se
2895 1307 3098 1379 sponsi
3144 1307 3285 1362 dicit
3328 1307 3583 1362 amicum

267 1399 508 1471 Suscipit
533 1398 659 1470 ipse
687 1396 931 1454 humilis
959 1395 1169 1453 veteris
1201 1393 1476 1467 mysteria
1506 1392 1672 1466 legis,
1940 1391 2108 1449 Illum
2144 1410 2422 1461 crescere,
2451 1412 2513 1451 se
2544 1395 2731 1450 minui
2763 1395 2972 1452 debere
3001 1395 3236 1452 fatetur.

181 1474 628 1558 'Sanctificatque
661 1486 825 1559 pium
859 1490 1092 1557 patrum
1125 1483 1220 1556 pio
1251 1488 1510 1555 tempore
1541 1481 1742 1548 ritum,
2011 1482 2192 1538 Filius
2223 1482 2320 1540 ille
2348 1483 2450 1540 Dei
2485 1489 2592 1551 est,
2625 1483 2836 1556 inquit,
2873 1485 2972 1557 qui
3006 1484 3192 1541 credit
3220 1485 3280 1539 iu
3319 1483 3510 1553 illum,

212 1579 286 1634 Sic
312 1577 512 1651 priscis
542 1577 721 1632 finem
754 1573 978 1640 statuit,
1003 1588 1150 1630 nova
1179 1588 1414 1645 surgere
1445 1570 1598 1628 fecit.
1935 1571 2200 1628 Possidet
2226 1575 2500 1629 aeternam
2534 1572 2669 1629 felix
2699 1590 2804 1646 per
2831 1573 3046 1629 saecula
3071 1573 3272 1629 vitam.

264 1666 470 1738 Accipit
504 1665 662 1720 hunc
695 1664 841 1720 laetis
872 1663 1110 1718 Simeou
1142 1659 1553 1718 sanctissimus
1574 1659 1752 1728 ulnis,
1935 1659 2041 1723 Qui
2076 1665 2266 1734 negat,
2300 1661 2387 1718 ira
2421 1663 2517 1718 Dei
2541 1679 2718 1734 super
2746 1663 2943 1735 ipsum
2974 1667 3178 1736 regnat
3207 1663 3268 1718 in
3294 1680 3499 1719 aevum.

209 1757 438 1827 Dumque
468 1755 590 1810 Deo
621 1755 882 1819 offertur,
914 1752 1058 1807 dum
1090 1751 1191 1806 dat
1219 1751 1315 1822 pia
1342 1765 1587 1804 munera
1607 1748 1824 1820 templo
2005 1749 2229 1805 Interea
2260 1751 2542 1807 Herodem
2575 1751 2868 1808 connubia
2895 1753 3047 1808 fceda
3075 1756 3369 1825 petentem

209 1846 344 1901 Hunc
365 1845 684 1944 Dominum
712 1841 1054 1944 lucis,'hunc
1085 1841 1194 1944 fert
1225 1854 1420 1944 regem
1443 1854 1571 1944 esse
1593 1837 1820 1893 salutis.
1857 1880 1900 1944 Β
2271 1846 2636 1944 mortemque
2666 1842 2785 1914 pati
2816 1858 2995 1914 quam
3025 1858 3160 1942 vera
3189 1841 3360 1897 silere

258 1938 405 1989 Anna
431 1933 614 1990 etiam
647 1933 852 1988 devota
881 1929 1017 1998 Deo,
1051 1929 1286 1984 viduata
1319 1927 1548 1982 marito.
1857 1925 1900 1944 ”
1934 1925 2128 1999 Eligit,
2161 1927 2298 1984 hinc
2327 1946 2476 1984 ceco
2507 1931 2826 1986 damnatur
2853 1946 3082 1987 carcere
3103 1930 3327 2001 justus.

205 2025 310 2080 Iam
335 2024 595 2097 longaeva
623 2037 815 2088 annis,
837 2021 964 2092 jam
998 2017 1276 2090 religione
1307 2021 1553 2086 vetusta,
2003 2015 2152 2071 Tum
2179 2016 2548 2074 Galilaorum
2581 2019 2640 2074 in
2674 2024 2870 2092 partes
2895 2020 3114 2086 secedit
3142 2021 3327 2076 Iesus.

204 2115 460 2188 Agnoscit,
501 2116 816 2185 gratesque
847 2108 1040 2174 refert,
1077 2105 1426 2179 populisque
1459 2103 1781 2177 prophetat.
1931 2103 2190 2160 Absolvit
2218 2105 2404 2178 reguli
2439 2108 2643 2164 mortis
2673 2109 2744 2164 de
2773 2107 2976 2163 limine
3002 2106 3246 2181 prolem,

260 2205 380 2258 Ecce
407 2201 562 2274 Magi
587 2198 905 2256 adveniunt
934 2197 1070 2254 imis
1099 2193 1351 2258 Orientis
1374 2193 1444 2249 ab
1468 2192 1604 2249 oris.
1929 2192 2116 2264 Atque
2146 2192 2512 2265 Capharnzeze
2542 2200 2807 2252 versatur
2837 2196 3130 2253 moenibus
3161 2196 3344 2252 urbis.

204 2295 261 2348 Se
281 2292 496 2348 stellam
529 2290 747 2346 vidisse
778 2288 991 2354 ferunt,
1012 2302 1138 2357 quae
1172 2283 1380 2338 nuntia
1415 2282 1590 2353 Regis
2002 2281 2301 2352 IEquoreis
2335 2284 2508 2339 undis
2540 2284 2831 2356 piscantia
2859 2284 2979 2340 lina
3010 2286 3259 2341 ferentes

202 2381 410 2448 Clarcat,
443 2386 506 2436 et
536 2379 834 2435 Christum
859 2376 1065 2447 jubeat
1097 2372 1421 2430 venerarier
1450 2375 1642 2425 ortum
1929 2371 2234 2428 Audrteam
2270 2372 2620 2447 Petrumque
2649 2378 2833 2442 vocat,
2867 2374 3152 2430 Jacobum
3183 2380 3356 2446 atque
3396 2374 3576 2430 Joan-

254 2471 491 2543 Pergunt
515 2469 744 2524 sidereo
764 2465 876 2522 ἰξεῐὶ
911 2464 1173 2521 radiante
1202 2462 1440 2525 ducatu,
3400 2469 3575 2530 (nam.

203 2559 472 2614 lnveniunt
505 2572 783 2630 puerum,
815 2553 984 2626 proni
1016 2555 1342 2607 reverenter
1370 2550 1636 2613 adorant,
1928 2549 2144 2605 Omnia
2170 2566 2304 2606 mox
2333 2550 2628 2624 linquunt,
2662 2551 2894 2608 Domini
2917 2553 3199 2626 piajussa
3232 2556 3578 2626 sequuntur.

197 2648 402 2706 Munera
415 2649 568 2704 dant
581 2641 1126 2714 alacres,Christum
1145 2639 1299 2693 hunc
1312 2638 1524 2710 pietate
1536 2636 1812 2692 fatentur.

248 2737 505 2810 Angelico
539 2735 766 2792 monitu
796 2733 1106 2805 [Egyptum
1135 2727 1485 2783 transfertur
1513 2725 1695 2782 Iesus.

193 2825 471 2882 Ceduntur
506 2824 676 2898 pueri
709 2822 865 2894 regis
894 2820 1073 2876 livore
1101 2816 1348 2874 cruenti.

2373 2801 2431 2839 IN
2470 2800 2827 2842 EVANGELIUM
2865 2802 3123 2842 JOANNIS.

192 2914 427 2972 Protinus
457 2915 628 2970 hunc
656 2912 796 2968 dirae
827 2909 1092 2980 sequitur
1117 2923 1244 2962 sors
1275 2905 1472 2960 debita
1510 2904 1737 2960 mortis.
1989 2907 2156 2963 Dulci
2188 2908 2565 2981 Evangelium
2598 2913 2902 2965 cantemus
2929 2923 3068 2965 voce
3094 2909 3358 2977 Joannis,

248 3003 454 3060 Rursus
485 3003 564 3059 ab
596 3003 836 3074 {Egypto
861 2996 1143 3054 Nazareth
1174 2994 1429 3050 defertur
1458 2993 1640 3059 Iesus,
1919 2995 1988 3054 Et
2015 2996 2246 3052 Domini
2279 2996 2436 3052 clara
2459 2995 2792 3052 moduletur
2818 2997 2878 3051 in
2909 2996 3112 3052 ordine
3140 3001 3322 3068 gesta.

191 3092 326 3149 Unde
353 3092 609 3149 Nazarei
636 3088 891 3161 sumpsit
919 3101 1240 3158 cognomen
1260 3082 1320 3137 in
1351 3089 1559 3147 aevum,
1918 3084 2005 3140 Sit
2035 3085 2202 3140 nobis
2226 3085 2526 3157 jucundus
2559 3101 2742 3153 amor,
2774 3085 2896 3141 sint
2923 3086 3140 3159 gaudia
3169 3091 3371 3143 sancta

191 3181 247 3236 Ut
271 3183 482 3254 pridem
518 3185 774 3237 veterem
803 3176 1016 3234 cecinit
1046 3191 1151 3230 vox
1179 3189 1437 3229 consona
1466 3174 1685 3225 vatum.
1852 3250 1882 3254 ῌ
1986 3173 2242 3228 Verbum
2272 3173 2646 3246 Unigenitum
2670 3190 2900 3246 semper
2919 3191 3053 3230 cum
3082 3175 3248 3231 Patre
3270 3177 3564 3234 manebat.

247 3250 480 3328 Pravius
510 3271 672 3326 hunc
705 3282 938 3339 magno,
972 3264 1218 3320 reboans
1249 3262 1503 3317 clamore
1531 3259 1808 3328 Joannes,
1841 3250 1884 3317 C
1925 3261 2026 3316 Hic
2055 3261 2175 3330 lux,
2208 3261 2291 3317 sic
2314 3262 2521 3329 virtus,
2554 3263 2650 3318 hic
2679 3268 2768 3318 est
2797 3263 3085 3336 sapientia
3112 3265 3320 3331 Patris,

191 3363 440 3417 Austerus
467 3360 654 3422 victu,
687 3360 919 3413 suetoso
952 3353 1217 3408 hirsutus
1248 3349 1489 3414 amictu,
1926 3349 2052 3406 Vita
2067 3349 3566 3425 hominum,angelicislucenssupertetheraturmis,

192 3450 398 3523 Gurgite
427 3447 712 3506 Jordanis
739 3444 1079 3500 credentum
1111 3439 1374 3496 membra
1405 3437 1651 3492 lavabat.
1994 3441 2098 3495 Per
2127 3439 2282 3496 hunc
2314 3439 2437 3512 ipse
2469 3441 2637 3496 Pater
2665 3444 2722 3496 et
2752 3443 3043 3497 mundum
3075 3448 3132 3498 et
3169 3443 3383 3510 saecula
3413 3444 3568 3514 fecit,

239 3539 406 3595 Judaei
437 3552 715 3611 proceres
743 3532 1038 3590 Christum
1070 3529 1228 3585 hunc
1257 3545 1386 3584 esse
1416 3530 1711 3598 putantes,
1921 3529 2131 3586 Omnia
2157 3529 2463 3586 constituit
2489 3546 2615 3600 quae
2649 3534 2788 3585 sunt
2816 3547 2850 3586 a
2876 3530 3088 3586 vertice
3118 3533 3248 3587 casti

187 3629 388 3683 Attoniti
418 3620 692 3690 veniunt,
724 3639 898 3696 quem
931 3637 994 3676 se
1023 3618 1162 3673 velit
1192 3615 1290 3672 ille
1319 3615 1646 3687 requirunt.
1920 3618 2115 3690 Usque
2144 3618 2254 3674 sub
2287 3622 2612 3674 extremum
2645 3618 2894 3674 fundum
2927 3619 3222 3692 nigrantis
3251 3621 3468 3694 abyssi.

185 3715 479 3773 Praeconem
514 3713 734 3770 Christi
763 3729 825 3768 se
856 3707 1119 3782 supplice
1147 3723 1284 3762 voce
1317 3706 1550 3760 fatetur.
1991 3705 2214 3762 Clarior
2241 3706 2336 3761 hic
2367 3705 2574 3774 stellis,
2608 3705 2730 3762 sole
2759 3711 2848 3762 est
2877 3707 3194 3779 speciosior
3225 3709 3373 3781 ipso,

236 3807 451 3878 Agnum
475 3805 640 3860 hunc
657 3817 784 3858 esse
804 3798 1092 3866 Dei,hunc
1114 3793 1362 3851 crimina
1382 3792 1584 3850 tollere
1606 3791 1811 3848 mundi
1921 3794 2089 3851 Omni
2120 3795 2248 3851 luce
2278 3794 2452 3867 prior,
2477 3812 2657 3866 quam
2687 3812 2802 3852 nox
2832 3797 3079 3853 offuscat
3106 3802 3163 3853 et
3194 3800 3422 3855 umbra.

185 3891 446 3960 Clamitat,
476 3893 643 3948 hunc
669 3905 852 3962 prona
876 3884 1105 3942 cunctis
1138 3883 1352 3956 pietate
1373 3881 1740 3953 sequendum
1923 3883 2022 3940 [lic
2052 3884 2324 3940 tenebras
2350 3883 2549 3951 vincit,
2592 3885 2919 3958 mediisque
2949 3886 3196 3960 refulget
3229 3887 3286 3943 in
3318 3887 3565 3946 umbris.

184 3982 454 4045 Praedicat,
469 3987 530 4038 et
561 3979 746 4052 digito
776 3978 1121 4050 praesentem
1155 3971 1432 4027 assistere
1465 3971 1771 4026 monstrat.
1987 3972 2158 4028 Venit
2186 3973 2361 4030 homo
2391 3973 2640 4030 eximius
2669 3973 2829 4030 clara
2857 3975 3072 4031 virtute
3099 3977 3377 4046 Joannes,

241 4070 355 4142 Ipse
383 4072 569 4128 etiam
603 4083 770 4124 sacro
801 4065 1078 4137 dignatus
1110 4060 1351 4116 flumine
1380 4059 1569 4132 tingui
1918 4061 2174 4128 leitus,
2209 4067 2273 4116 ut
2300 4062 2466 4119 testis
2492 4063 2655 4119 fieret
2683 4064 2754 4120 de
2781 4063 3024 4133 lumine,
3058 4065 3298 4122 missus.

183 4157 329 4215 Iesus
358 4161 547 4224 adest,
572 4154 976 4225 humilemque
1004 4150 1158 4206 viam
1190 4150 1275 4205 sic
1307 4148 1534 4204 dedicat
1564 4147 1737 4204 altus.
1919 4149 2043 4206 Non
2075 4150 2175 4205 lux
2206 4150 2300 4206 ille
2329 4150 2460 4216 fuit,
2493 4152 2594 4208 sed
2628 4151 2774 4207 lucis
2805 4170 2991 4224 praeco
3023 4153 3273 4212 refulsit.

183 4248 491 4306 Sauctificat
521 4247 752 4308 latices.
781 4239 1114 4314 exemplum
1145 4240 1446 4294 consecrat
1475 4235 1700 4309 ingens.
1993 4239 2116 4293 Lux
2136 4237 2380 4294 veraille
2398 4238 3052 4313 aderat,hominumque
3079 4258 3313 4314 pectora
3333 4243 3566 4301 lustrat.

243 4337 579 4393 Panduntur
602 4333 751 4400 caeli,
785 4348 921 4388 mox
948 4328 1203 4402 Spiritus
1227 4342 1324 4381 ore
1353 4323 1635 4380 columbae
1921 4327 2025 4382 Illa
2054 4327 2190 4382 inde
2221 4342 2453 4382 aversos
2483 4327 2710 4383 animos
2741 4344 3085 4401 mersosque
3115 4331 3370 4387 tenebris

183 4425 414 4492 Devolat,
446 4431 508 4482 et
539 4423 767 4498 placido
797 4419 958 4476 mitis
989 4414 1300 4489 requiescit
1332 4414 1514 4470 Iesus.
1925 4417 2143 4488 Sponte
2174 4432 2281 4471 sua
2312 4415 2572 4484 irradiat,
2607 4417 2845 4489 dignata
2870 4418 3117 4475 invisere
3147 4422 3459 4478 mundum.

186 4512 293 4584 Ipse
321 4515 489 4570 Pater
517 4529 722 4570 carum
752 4508 1079 4566 conclamat
1107 4505 1180 4562 ab
1201 4503 1413 4559 aethere
1435 4503 1668 4557 Natum.
1994 4506 2122 4578 Ipse
2152 4505 2210 4560 in
2244 4505 2464 4561 mundo
2495 4505 2716 4574 aderat,
2749 4511 2804 4562 et
2835 4509 3124 4564 mundum
3146 4509 3364 4565 fecerat
3395 4510 3519 4582 ipse
3553 4527 3567 4566 :

185 4601 427 4661 Protinus
456 4603 622 4658 hunc
643 4598 822 4657 eremi
854 4596 1006 4669 rapit
1033 4595 1093 4650 in
1126 4597 1347 4650 secreta
1377 4591 1665 4664 benignus
1847 4620 1895 4684 Β
1924 4594 2038 4650 Nec
2068 4599 2265 4650 tamen
2286 4594 2443 4651 hunc
2473 4611 2622 4651 caeco
2652 4596 2919 4668 cognovit
2947 4601 3177 4668 pectore
3211 4599 3488 4654 mundus.

187 4690 436 4761 Spiritus,
468 4697 528 4748 et
560 4687 754 4746 zabuli
788 4685 1134 4742 tentandum
1167 4680 1441 4736 affatibus
1471 4681 1654 4735 offert.
1847 4680 1884 4684 ”
1928 4683 1989 4738 In
2022 4685 2255 4757 propria
2281 4685 2460 4750 venit,
2487 4684 2704 4756 proprii
2736 4683 2892 4740 hunc
2918 4701 3182 4757 sprevere
3211 4688 3448 4760 superbi
3483 4706 3496 4747 :

185 4777 350 4835 Vincit
377 4779 740 4838 vincendum
773 4791 941 4849 prece
961 4771 1301 4845 jejunisque
1325 4773 1658 4842 tyrannum.
1995 4773 2219 4844 Quique
2247 4778 2443 4828 autem
2474 4773 2633 4829 illius
2663 4775 2965 4831 credentes
2988 4777 3224 4834 nomine
3256 4794 3421 4834 sacro

241 4867 329 4924 Ille
359 4870 618 4942 superba
640 4882 906 4932 monens,
939 4863 996 4918 in
1028 4877 1210 4934 panes
1238 4863 1460 4915 vertere
1489 4875 1630 4913 saxa
1925 4863 2116 4918 Mente
2148 4866 2490 4934 receperunt
2523 4861 2730 4917 humili
2764 4867 2820 4918 et
2851 4865 3063 4936 pietate
3095 4866 3273 4934 ﬁdeli,

181 4957 449 5031 Suggerit,
484 4973 721 5014 summo
747 4954 1052 5025 delapsum
1080 4949 1337 5007 culmine
1367 4947 1662 5003 Christum
1925 4953 2040 5008 Hos
2072 4951 2230 5008 dedit
2258 4968 2384 5008 esse
2405 4951 2521 5006 Deo
2551 4950 2737 5007 claros
2768 4951 2826 5008 in
2858 4954 3070 5010 sarcula
3098 4959 3286 5025 natos,

180 5047 470 5118 Angelicas
503 5061 741 5119 sperare
771 5059 1005 5109 manus,
1037 5058 1140 5097 seu
1173 5055 1352 5111 regna
1371 5041 1585 5093 tenere.
1995 5043 2148 5105 Quos
2176 5058 2290 5096 non
2325 5039 2716 5114 sanguinibus
2747 5042 3117 5114 genitos,non
3149 5059 3322 5102 carne
3349 5053 3575 5106 creatos

242 5134 333 5190 Ille
362 5136 490 5192 suis
521 5133 810 5191 humilem
842 5134 1179 5187 monstrans
1209 5126 1478 5195 insistere
1503 5125 1728 5193 callem,
1925 5131 2038 5186 Nec
2073 5147 2312 5203 prorsus
2343 5129 2464 5186 ulla
2496 5129 2766 5186 illecebra
2796 5138 3109 5202 generante
3137 5135 3289 5191 virili

184 5221 473 5296 Przeceptis
502 5223 738 5280 obedire
767 5220 870 5278 Dei
903 5235 1081 5291 super
1110 5216 1312 5272 omnia
1346 5214 1593 5287 praefert.
1656 5217 1670 5229 '
1931 5219 2198 5275 Divinam
2229 5218 2290 5274 in
2314 5219 2532 5292 prolem
2567 5219 2801 5276 divinus
2831 5222 3084 5293 Spiritus
3114 5225 3252 5280 edit.

188 5309 268 5366 Sic
295 5313 480 5369 victor
510 5310 702 5369 zabuli
728 5308 1009 5382 angelicis
1041 5307 1142 5362 dat
1163 5306 1336 5376 jussa
1366 5302 1671 5358 ministris.
2004 5307 2258 5362 Verbum
2279 5308 2454 5363 etiam
2469 5308 2654 5365 Patris
2677 5326 2809 5365 caro
2833 5311 3051 5367 factum
3075 5312 3354 5370 habitavit
3372 5315 3431 5369 in
3453 5312 3578 5383 illo,

250 5400 571 5473 Regressus
600 5400 753 5456 mira
781 5399 842 5456 in
874 5394 1108 5470 pepulis
1138 5393 1352 5448 virtute
1381 5396 1668 5447 coruscat.
1934 5397 2166 5451 Naturae
2198 5400 2406 5452 nostrae
2438 5398 2670 5453 mortali
2701 5415 2941 5472 corpore
2971 5401 3247 5473 clemens,

194 5485 361 5543 Vertit
389 5505 578 5561 aquas
606 5489 763 5556 vino,
797 5484 1003 5559 pandit
1033 5480 1277 5538 Deitatis
1309 5480 1609 5535 honorem.
1936 5484 2008 5541 Ut
2036 5501 2143 5540 nos
2164 5485 2235 5541 ad
2263 5485 2444 5540 vitam
2475 5491 2674 5558 posset
2703 5505 2969 5546 revocare
2999 5506 3335 5563 perennem.

196 5572 458 5650 Discipuli
489 5577 756 5646 credunt,
786 5571 1221 5643 Dominamque
1244 5568 1545 5640 Deumque
1575 5583 1829 5642 sequun-
2008 5571 2152 5628 Hinc
2183 5573 2366 5630 oculis
2397 5575 2612 5632 mentis
2645 5593 2794 5634 nova
2821 5578 2920 5635 lux
2940 5583 3136 5635 exorta
3165 5579 3394 5637 refulsit
3419 5597 3433 5639 :

257 5663 554 5724 Paschalis
582 5665 712 5723 festi
744 5665 1006 5720 latenter
1035 5657 1252 5735 gaudia
1280 5655 1499 5730 templo
1689 5656 1824 5733 [tur.
1936 5661 2155 5722 claruit
2183 5661 2320 5722 hinc
2343 5663 2471 5738 ejus
2502 5664 2772 5724 sublimis
2802 5667 2986 5743 gloria
3017 5667 3206 5736 nobis,

496 5795 760 5860 Pareat.
806 5787 1006 5852 CXIX.
3210 5801 3248 5872 υ
