4024 6180
395 317 512 376 267

396 448 470 506 Ut
501 447 686 505 Patris
717 448 1037 522 unigenum
1067 463 1374 522 possemus
1405 462 1641 503 noscere
1672 448 1895 500 natum.

467 539 575 606 Qui
626 537 836 610 plenus
867 537 1107 594 veritate
1136 536 1295 603 cluit,
1323 535 1416 592 cui
1448 535 1636 609 gratia
1664 551 1898 591 summa
1929 538 2035 590 est.

393 629 542 685 Nam
571 646 745 685 verus
774 645 908 684 cum
936 627 1102 683 Patre
1133 631 1283 682 Deus
1314 625 1587 681 mortalia
1614 627 1812 681 nostra

395 718 716 790 Dignanter
744 716 1018 789 sumpsit,
1052 733 1157 772 nec
1186 715 1422 788 propria
1444 715 1707 786 linquere
1738 713 1915 770 novit.

467 807 634 863 Hunc
664 807 831 863 testis
858 822 1030 862 verax
1057 804 1290 861 clamat.
1323 804 1582 876 dixitque
1611 804 1866 860 Joannes
1900 819 1913 857 :

398 900 537 953 Post
565 912 658 952 me
677 895 766 969 vir
792 894 1001 962 veniet,
1037 910 1213 966 quem
1247 910 1340 949 me
1367 893 1591 964 majora
1621 892 1932 958 docebunt,

399 986 491 1043 Me
520 984 677 1058 prior
703 983 800 1039 ille
832 983 960 1050 fuit,
995 982 1139 1038 mihi
1171 983 1248 1039 sit
1278 981 1552 1054 praelatus
1583 985 1824 1054 oportet.

469 1073 630 1131 Illius
660 1077 872 1129 aeterno
897 1071 1091 1128 cuncti
1120 1072 1190 1127 de
1221 1071 1379 1128 fonte
1405 1072 1685 1144 rigamur.

398 1165 504 1222 Per
532 1162 768 1235 Moysen
799 1165 1024 1216 terrens
1055 1160 1360 1233 praemissa
1382 1164 1471 1215 est
1494 1159 1688 1216 littera
1714 1157 1882 1232 legis,

399 1252 505 1308 Per
521 1250 819 1306 Christum
851 1248 1162 1322 indulgens
1193 1247 1377 1304 aderit
1398 1249 1570 1304 modo
1592 1247 1790 1304 Gratia
1816 1247 2040 1303 Jesum.

470 1340 651 1396 Nemo
679 1339 781 1396 Dei
810 1338 1017 1394 faciem
1049 1338 1312 1394 mortalis
1341 1336 1623 1410 conspicit
1652 1352 1936 1409 unquam.

400 1429 620 1488 Unicus
649 1429 806 1484 hunc
837 1426 1000 1484 solus
1032 1427 1188 1483 novit
1219 1427 1320 1500 qui
1352 1431 1652 1498 permanet
1681 1425 1798 1482 alto

401 1520 466 1578 In
496 1517 718 1592 gremio
750 1516 956 1572 Patris.
994 1516 1095 1571 Hic
1127 1517 1322 1589 dignis
1353 1516 1530 1588 digna
1555 1514 1787 1570 revelat.

473 1608 537 1664 In
567 1608 726 1663 hunc
757 1606 994 1661 sidereae
1021 1605 1184 1661 vultu
1213 1605 1472 1661 radiante
1504 1604 1786 1660 columba:

402 1694 654 1768 Spiritus
685 1694 997 1750 adveniens
1022 1697 1234 1749 aeterna
1262 1694 1399 1750 sede
1427 1693 1646 1765 quievit
1678 1711 1690 1747 :

408 1784 589 1843 Filius
619 1783 728 1839 iste
757 1783 854 1839 Dei
886 1787 993 1851 est,
1018 1783 1196 1853 hujus
1228 1782 1370 1838 mihi
1403 1782 1588 1854 gloria
1617 1782 1815 1838 claret.

476 1871 641 1930 Talia
666 1873 808 1927 dum
839 1871 1071 1944 populis
1101 1871 1376 1943 loquitur,
1401 1872 1540 1926 dum
1574 1870 1715 1927 talia
1746 1871 1980 1935 clamat,

407 1961 550 2018 Ecce
581 1961 913 2018 sacerdotes
944 1960 1197 2033 Solymis
1221 1977 1426 2017 venere
1461 1965 1750 2033 rogantes,

406 2052 488 2106 An
519 2049 815 2106 Christum
847 2066 974 2106 sese
1005 2050 1160 2106 credi
1186 2050 1324 2106 velit
1355 2049 1480 2122 ipse
1508 2050 1784 2106 Joannes.

478 2139 750 2195 Protinus
780 2137 878 2195 ille
905 2155 1126 2212 negans
1160 2155 1172 2193 :
1207 2139 1331 2196 Non
1355 2138 1487 2194 sum
1512 2155 1685 2211 quem
1709 2137 2054 2203 creditis,in-

1814 2226 1980 2300 [quit.

403 2317 526 2375 Vox
553 2333 658 2391 ego
688 2317 1020 2386 clamantis,
1053 2321 1398 2389 praesentem
1424 2317 1641 2373 nuntio.
1659 2317 1982 2385 Christum,

404 2407 584 2479 Cujus
616 2424 721 2480 ego
754 2424 869 2463 non
901 2424 1033 2463 sum
1065 2405 1314 2479 caligam
1346 2406 1680 2479 contingere
1711 2406 1943 2479 dignus.

472 2496 632 2552 Vidit
654 2498 792 2552 item
825 2495 1121 2552 Christum
1155 2513 1350 2552 coram
1379 2495 1628 2551 transire
1653 2495 1930 2561 Joannes,

404 2588 624 2659 Agnus,
658 2586 756 2653 ait,
782 2601 912 2641 ecce
944 2585 1045 2640 Dei
1077 2584 1176 2656 qui
1205 2584 1357 2640 tollit
1375 2584 1623 2640 crimina
1649 2584 1873 2639 mundi.

407 2675 687 2747 Discipuli
719 2675 988 2731 astabant
1017 2673 1254 2747 gemini,
1279 2673 1601 2745 Jesumque
1635 2677 1980 2746 sequuntur.

478 2765 561 2821 Ex
590 2764 683 2820 his
711 2764 972 2820 Andreas
1004 2763 1180 2818 frater
1211 2763 1358 2819 Petri
1389 2763 1608 2818 exstitit
1630 2779 1803 2820 unus.

409 2852 685 2927 Repperit
713 2852 807 2908 hic
838 2853 1096 2919 fratrem,
1132 2851 1405 2908 Messiam
1455 2852 1806 2921 invenimus,
1843 2853 2051 2925 inquit.

410 2943 496 2999 Ad
528 2942 824 3000 Christum
854 2943 1114 3009 veniunt,
1131 2958 1264 2997 mox
1292 2940 1503 2996 Christi
1533 2942 1687 2998 dona
1734 2946 2052 3015 reportant.

482 3031 657 3105 Eligit
684 3031 808 3104 ipse
832 3031 987 3086 viros
1017 3031 1244 3103 dignos,
1275 3035 1440 3086 vocat
1469 3032 1591 3102 ipse
1611 3030 1969 3105 Philippum,

411 3121 653 3178 Nuntiat
680 3119 777 3176 ille
806 3119 900 3191 pio
934 3136 1066 3174 mox
1095 3120 1357 3190 gaudens
1387 3119 1727 3175 Nathanaeli

411 3212 593 3277 Quem
618 3209 733 3265 Lex
761 3212 818 3263 et
846 3207 996 3263 sacri
1027 3207 1325 3263 Christum
1352 3208 1609 3263 cecinere
1633 3208 1945 3280 prophetae.

479 3295 802 3354 Nathanael
835 3301 1125 3368 properat,
1157 3295 1255 3350 ille
1305 3295 1462 3350 hunc
1511 3296 1610 3351 ubi
1658 3296 1801 3352 vidit
1830 3299 2053 3367 adesse,

411 3385 670 3442 Israelita
699 3401 829 3441 ecce
849 3401 1020 3440 verus
1050 3384 1164 3439 huc
1189 3383 1439 3451 advenit,
1474 3383 1686 3457 inquit,

408 3473 512 3532 Cui
546 3471 765 3540 nullus,
796 3475 906 3530 sub
937 3473 1108 3530 corde
1138 3472 1331 3540 dolus,
1359 3474 1451 3528 cui
1484 3478 1717 3546 pectora
1745 3492 1911 3548 pura.

481 3565 647 3621 Hunc
675 3563 878 3636 procul
910 3563 1214 3618 absentem
1243 3561 1388 3618 ficus
1418 3563 1528 3618 sub
1561 3564 1816 3637 tegmine
1844 3565 1979 3624 vidi.

408 3658 552 3710 Cum
583 3669 761 3725 super
789 3651 1014 3724 positus
1044 3651 1318 3706 frondosa
1349 3655 1529 3707 staret
1559 3652 1614 3706 in
1646 3654 1875 3709 umbra.

411 3741 672 3797 Necdum
703 3739 945 3795 illifidus
974 3739 1214 3794 dederat
1234 3738 1330 3811 pia
1355 3740 1529 3794 verba
1554 3739 1875 3813 Philippus,

484 3829 584 3886 Ille
614 3827 940 3884 admiratus
969 3826 1107 3884 celsi
1136 3827 1421 3900 praesagia
1449 3827 1658 3884 Christi
1684 3848 1696 3885 :

411 3919 575 3986 Vere,
609 3918 709 3987 ait,
741 3933 871 3973 ecce
891 3917 990 3972 Dei
1025 3916 1296 3972 sublimis
1326 3915 1506 3972 Filius
1536 3917 1630 3974 hic
1661 3923 1768 3975 est.

412 4009 524 4066 Iste
544 4006 780 4065 Israelis
811 4007 928 4062 Rex
958 4010 1046 4062 est
1074 4023 1178 4078 per
1205 4005 1416 4062 saecula
1444 4023 1635 4063 verus.

482 4097 750 4155 Credenti
779 4095 1044 4152 Christus
1073 4096 1322 4168 spondet
1350 4096 1572 4167 majora
1599 4095 1866 4153 videnda.

411 4186 693 4258 Cernetis,
724 4185 934 4258 inquit,
967 4185 1212 4241 reserari
1241 4183 1499 4240 culmina
1530 4185 1678 4250 cmli,

407 4276 712 4350 Angelicos
742 4275 950 4331 choros
982 4273 1251 4329 famulari
1283 4273 1343 4328 in
1375 4274 1587 4330 saecula
1615 4275 1866 4332 Christo.

481 4365 800 4438 Cujusdam
818 4364 891 4419 ad
908 4361 1198 4419 thalamos
1220 4367 1423 4418 sancta
1443 4379 1576 4417 cum
1601 4367 1784 4418 matre
1795 4369 2054 4432 vocatus,

411 4454 474 4510 In
503 4454 702 4509 vinum
735 4452 928 4509 subito
960 4455 1234 4507 naturam
1265 4451 1434 4506 vertit
1463 4467 1770 4522 aquarum.

409 4543 689 4614 Discipuli
721 4543 983 4608 credunt,
1017 4540 1213 4595 divina
1240 4544 1299 4595 et
1330 4540 1480 4594 facta
1509 4544 1828 4611 pavescunt

480 4629 651 4700 Ejicit
681 4647 748 4685 ex
779 4646 943 4685 sacro
975 4631 1342 4684 mercantum
1375 4626 1562 4683 millia
1584 4627 1820 4700 templo.

410 4715 756 4774 Solvendam
785 4717 1027 4790 propria
1057 4717 1250 4773 carnis
1283 4716 1588 4773 denuntiat
1613 4717 1830 4788 aulam,

410 4806 639 4865 Caelesti
669 4807 835 4878 signo
867 4808 925 4861 in
957 4807 1150 4862 triduo
1181 4823 1357 4878 quam
1387 4806 1630 4862 suscitet
1658 4807 1800 4878 ipse.

482 4895 724 4967 Mystica
752 4895 1065 4950 Nicodemo
1095 4895 1370 4966 baptismi
1403 4912 1646 4951 munera
1667 4896 1889 4967 pandit,

408 4983 606 5040 Abluit
634 4983 758 5056 ipse
789 5001 894 5039 suo
925 4983 1198 5055 tinguens
1228 4985 1579 5055 baptismate
1611 4985 1834 5040 turbas.

408 5074 775 5132 Concurrunt
801 5072 1040 5139 alacres,
1075 5073 1312 5145 capiunt
1341 5073 1437 5143 pia
1467 5073 1619 5127 dona
1645 5073 1870 5128 salutis.

478 5164 608 5220 Haec
630 5163 727 5218 ubi
757 5162 1045 5235 cognovit,
1077 5166 1313 5218 sanctus
1346 5161 1605 5231 Baptista
1633 5160 1906 5230 Joannes,

405 5252 651 5325 Impleta
679 5251 967 5308 declamat
998 5269 1104 5307 sua
1134 5249 1367 5322 gaudia,
1401 5252 1673 5318 provocat
1704 5266 1907 5306 omnes
1943 5268 1955 5306 :

404 5343 476 5399 Se
508 5341 693 5398 minui
717 5342 951 5413 gaudet,
986 5340 1153 5394 illum
1185 5352 1548 5393 succrescere
1578 5337 1777 5407 gessit.

473 5431 744 5487 Samariaa
775 5431 849 5486 ad
877 5434 1119 5501 puteum
1151 5424 1382 5481 mulieri
1414 5423 1660 5494 mystica
1689 5425 1865 5480 fatur.

401 5518 610 5575 Pandit
637 5535 852 5593 aquam
882 5517 1032 5584 vitae,
1065 5515 1360 5570 Christum
1392 5527 1519 5567 sese
1549 5527 1677 5568 esse
1697 5512 1932 5572 fatetur.

397 5608 738 5687 Agnoscunt
765 5607 918 5668 cives
950 5602 1153 5664 mundi
1183 5600 1487 5662 advenisse
1517 5597 1789 5660 salutem.

1592 311 1822 374 FLORI
1867 310 2182 373 DlACONI
2226 311 2610 374 MONACHI.

3676 317 3793 378 268

2223 445 2285 500 In
2317 445 2504 516 patria
2524 446 2758 518 propria
2787 447 2930 503 dicit
2958 448 3084 504 sine
3114 447 3332 506 honore
3359 449 3718 522 prophetam,

2147 535 2218 589 Et
2250 533 2437 607 reguli
2468 535 2689 607 prolem
2722 536 2926 593 mortis
2957 554 3026 593 ex
3059 538 3222 594 fauce
3249 538 3492 594 reducit.

2148 626 2425 678 Sermone
2454 625 2757 680 absentem
2788 626 2919 682 vita:
2949 628 3021 682 de
3054 627 3255 683 funere
3276 629 3544 684 reddens.

2221 712 2480 785 Paralysi
2511 715 2754 786 antiqua
2776 716 2903 786 jam
2937 733 3082 788 pene
3112 717 3171 772 in
3203 721 3389 773 morte
3408 719 3724 789 jacentem.

2150 799 2472 856 Bethsaidae
2503 800 2562 856 in
2595 802 2848 876 Solymis
2880 803 3116 876 piscinae
3147 805 3331 860 erexit
3358 805 3430 860 ad
3461 807 3672 863 undas.

2150 888 2357 944 Exsilit
2386 906 2536 962 aeger
2565 907 2764 960 ovans,
2787 892 3088 965 preprium
3121 894 3270 967 gerit
3299 894 3422 967 ipse
3466 896 3802 966 grabatum,

2221 979 2440 1035 Judwis
2471 978 2735 1051 loquitur
2763 983 3043 1054 mysteria
3073 983 3327 1054 plurima
3353 984 3479 1039 vitae
3514 1001 3528 1040 :

2153 1068 2225 1124 Sc
2250 1067 2426 1123 simul
2458 1072 2513 1123 et
2545 1069 2773 1125 Patrem
2804 1087 2967 1143 aeque
2997 1072 3184 1128 facere
3215 1073 3412 1129 omnia
3440 1074 3601 1130 dicit.

2153 1155 2261 1222 Qui
2293 1156 2475 1228 Moysi
2507 1158 2770 1226 credunt,
2805 1176 3046 1231 prorsus
3076 1161 3188 1216 sibi
3214 1163 3444 1218 credere
3477 1165 3696 1218 rmat.

2224 1243 2406 1300 Millia
2428 1246 2688 1318 quinque
2716 1247 2906 1303 virum
2936 1249 3133 1320 quinis
3165 1252 3235 1306 de
3266 1251 3514 1322 panibus
3547 1252 3643 1308 ille

2154 1333 2419 1390 Piscibus
2450 1340 2507 1390 et
2535 1335 2787 1407 geminis
2820 1338 2969 1393 mira
2990 1339 3200 1395 virtute
3227 1341 3442 1396 refecit.

2157 1424 2470 1497 Fragmina
2496 1423 2585 1481 bis
2620 1442 2794 1482 senos
2822 1427 3105 1499 cophinos
3131 1428 3328 1485 ablata
3356 1430 3678 1503 replerunt.

2228 1513 2470 1569 Attoniti
2494 1513 2630 1569 hinc
2649 1514 2848 1587 populi
2873 1522 3145 1588 quaerunt
3174 1519 3286 1573 sibi
3309 1535 3522 1590 ponere
3547 1521 3772 1594 Regem
3798 1541 3811 1578 :

2157 1601 2257 1659 Ille
2289 1603 2456 1675 fugit,
2492 1607 2749 1659 montem
2783 1604 2968 1676 petiit,
3004 1605 3098 1661 hic
3128 1606 3287 1664 solus
3318 1609 3538 1665 adorat.

2161 1692 2284 1748 Non
2315 1692 2551 1763 capiunt
2582 1693 2874 1749 Christum
2907 1696 3069 1768 regni
3092 1696 3358 1754 mortalis
3379 1698 3632 1756 honores

2233 1780 2516 1852 Discipuli
2550 1781 2608 1836 in
2641 1781 2844 1855 pelago
2873 1788 3042 1840 vento
3073 1785 3391 1843 obsistente
3422 1787 3699 1844 laborant
3735 1808 3748 1845 :

2164 1870 2429 1925 Christus
2451 1870 2618 1925 adest
2647 1870 2914 1942 placidus
2945 1875 3219 1946 gradiens
3248 1876 3305 1930 in
3334 1877 3614 1934 fluctibus
3645 1881 3823 1951 atris,

2165 1958 2442 2014 Navicula
2471 1963 2736 2032 optatum
2768 1962 2954 2017 tenuit
2985 1980 3118 2018 mox
3146 1963 3327 2021 libera
3349 1971 3605 2038 portum.

2233 2047 2563 2120 Alloquitur
2591 2050 2840 2122 populos
2869 2052 3078 2108 veteris
3108 2054 3180 2110 de
3211 2071 3450 2111 munere
3495 2072 3737 2113 manum
3775 2076 3788 2114 :

2163 2133 2236 2192 Se
2258 2153 2469 2208 panem
2498 2139 2690 2193 vivum
2724 2138 2851 2194 caeli
2880 2141 3106 2197 venisse
3133 2144 3366 2212 fatetur,

2163 2225 2342 2290 Quem
2365 2227 2700 2300 quicunque
2720 2228 3149 2301 capit,mortem
3173 2249 3290 2288 non
3313 2235 3492 2289 sentit
3518 2234 3576 2289 in
3600 2252 3822 2292 azvum.

2233 2315 2514 2387 Discipuli
2544 2315 2743 2389 plures
2773 2334 2842 2373 ex
2865 2318 2975 2374 hoc
3005 2336 3272 2377 sermone
3299 2323 3595 2380 recedunt.

2163 2405 2399 2460 Petrum
2431 2422 2565 2460 cum
2597 2405 2772 2462 sociis
2803 2406 3032 2464 Christo
3064 2410 3386 2482 gaudenter
3413 2413 3700 2481 adhaeret,

2229 2493 2445 2566 quibus
2475 2493 2570 2550 ille
2602 2513 2785 2551 unum
2807 2496 2998 2552 zabuli
3030 2499 3139 2553 sub
3171 2501 3406 2557 nomine
3431 2503 3707 2559 damnat.

2235 2583 2406 2638 Festa
2435 2583 2561 2639 dies
2590 2584 2790 2640 aderat
2821 2602 2946 2657 quae
2977 2591 3117 2642 sunt
3147 2589 3491 2646 umbracula
3511 2592 3716 2664 jussu.

2163 2670 2263 2727 Ille
2293 2671 2462 2727 docet
2491 2673 2759 2744 populos,
2793 2675 3082 2746 promittit
3111 2678 3354 2734 umina
3382 2681 3507 2735 vita

2165 2759 2417 2833 Spiritus
2448 2761 2543 2817 ille
2573 2762 2695 2830 Dei,
2724 2780 2897 2834 quem
2929 2765 3027 2821 dat
3072 2767 3463 2836 credentibus,
3497 2768 3620 2825 haec
3652 2777 3829 2828 sunt.

2234 2849 2314 2904 De
2343 2849 2574 2906 Christo
2605 2851 2858 2907 exoritur
2886 2855 3176 2910 contentio
3207 2873 3421 2929 magna
3451 2859 3757 2930 superbis.

2164 2937 2545 2995 Nicodemum
2577 2940 2889 3014 exagitant,
2923 2949 3132 3016 urgent
3156 2944 3282 3002 sine
3312 2949 3447 3018 jure
3487 2948 3830 3006 ministros.

2166 3028 2544 3101 Simplicibus
2575 3029 2764 3085 turbis
2798 3031 3158 3090 maledicunt
3186 3053 3283 3091 ore
3311 3041 3596 3109 protervo.

2235 3117 2320 3172 Ad
2353 3117 2667 3173 Dominum
2700 3119 2911 3175 mulier
2931 3122 3190 3178 defertur
3209 3125 3472 3182 adultera
3493 3127 3829 3185 Christum.

2087 3189 2130 3256 C
2167 3205 2326 3261 Hanc
2359 3205 2454 3262 ille
2479 3207 2536 3261 in
2569 3207 2815 3264 miseros
2845 3209 3007 3283 larga
3034 3210 3246 3283 pietate
3275 3215 3634 3284 redundans,

2164 3294 2393 3350 Judicio
2421 3296 2625 3351 mortis
2657 3297 2874 3368 pariter
2900 3304 2956 3354 et
2977 3301 3219 3357 crimine
3249 3303 3437 3359 solvit.

2235 3383 2382 3440 Hinc
2408 3383 2597 3441 lucem
2632 3387 2836 3442 mundi
2868 3387 3022 3445 claro
3047 3407 3108 3446 se
3139 3392 3413 3463 praedicat
3443 3410 3538 3450 ore
3573 3413 3587 3451 :

2167 3472 2455 3545 Effugient
2485 3475 2691 3530 mortis
2720 3477 2990 3533 tenebras
3022 3479 3358 3552 quicunque
3399 3489 3744 3556 sequuntur
3778 3503 3792 3541 :

2166 3561 2289 3617 Lux
2317 3561 2434 3620 illis
2465 3563 2592 3618 vita
2625 3568 2813 3621 totum
2846 3566 3090 3640 fulgebit
3119 3569 3177 3623 in
3211 3588 3418 3626 aevum.

2237 3651 2595 3724 Principium
2628 3652 2896 3711 Christus
2928 3673 2990 3712 se
3022 3658 3383 3729 praedicatori
3415 3677 3643 3731 sereno,

2164 3741 2324 3806 Quod
2354 3741 2615 3812 loquitur
2635 3743 2800 3813 puris
2836 3744 3131 3819 infulgens
3160 3750 3456 3805 mentibus
3486 3751 3670 3808 intus.

2164 3829 2367 3887 Omnis
2399 3831 2498 3902 qui
2530 3837 2748 3902 peccat,
2781 3834 3002 3905 peccati
3026 3850 3227 3892 servus
3258 3837 3524 3894 habetur.

2235 3918 2521 3975 Mendacii
2550 3924 2764 3975 tetrum
2795 3923 3068 3979 zabulum
3099 3925 3265 3981 docet
3295 3944 3421 3984 esse
3452 3934 3791 4002 parentem,

2164 4008 2266 4063 Hic
2298 4008 2458 4064 necis
2487 4007 2756 4065 humana:
2789 4010 2944 4067 ferus
2966 4012 3188 4069 exstitit
3217 4020 3417 4072 auctor
3441 4017 3512 4072 ab
3545 4036 3692 4088 aevo,

2164 4097 2279 4153 Nec
2311 4097 2471 4152 stetit
2499 4097 2698 4153 infelix
2728 4099 2786 4153 in
2807 4117 2941 4155 vero
2971 4100 3192 4158 lumine
3223 4103 3416 4162 fallax.

2235 4189 2381 4242 Ante
2407 4187 2700 4242 Abraham
2733 4188 2995 4245 Christus
3019 4208 3252 4265 semper
3279 4211 3405 4250 sese
3425 4212 3551 4252 esse
3575 4197 3826 4254 fatetur.

2163 4275 2264 4331 Ille
2293 4275 2469 4331 alacri
2502 4276 2796 4332 Christum
2828 4279 3100 4351 cupiebat
3128 4298 3358 4338 cernere
3391 4289 3538 4340 voto.

2164 4364 2324 4420 Vidit
2353 4368 2411 4420 et
2440 4363 2729 4434 exultans,
2761 4365 2914 4422 felici
2947 4373 3034 4425 est
3062 4375 3256 4426 mente
3286 4372 3540 4445 gavisus.

2237 4453 2378 4508 Caeci
2414 4452 2533 4508 nati
2563 4452 2762 4509 oculos
2793 4461 2964 4528 sputo
2996 4455 3253 4528 limoque
3285 4460 3506 4517 salubri

2087 4561 2136 4624 )
2166 4541 2363 4609 Illinit,
2399 4546 2454 4596 et
2473 4542 2626 4598 Siloe
2656 4543 2820 4615 puris
2848 4544 3146 4603 illuminat
3175 4551 3348 4605 undis
3384 4567 3396 4605 :

2163 4631 2388 4686 Caecum
2407 4631 2702 4687 hominem
2716 4632 3260 4706 irradiat,quoniam
3275 4639 3568 4711 baptisma
3579 4642 3826 4702 salutis.

2232 4719 2444 4775 Electis
2470 4720 2676 4775 ovibus
2709 4723 2863 4792 quod
2897 4722 2973 4777 sit
3006 4724 3097 4792 pia
3121 4726 3305 4796 janua
3337 4734 3649 4786 monstrat.

2162 4807 2267 4863 Per
2297 4807 2452 4863 hunc
2483 4808 2767 4864 intrantes
2793 4817 3043 4883 pergunt
3071 4814 3142 4869 ad
3175 4831 3394 4886 pascua
3419 4818 3568 4873 vitae.

2161 4896 2347 4966 IIujus
2378 4898 2621 4970 sanguis
2653 4914 2784 4953 oves
2815 4903 3030 4955 aeterna
3061 4919 3094 4957 a
3125 4909 3308 4958 morte
3341 4907 3607 4962 redemit.

2231 4984 2381 5039 Dum
2413 4986 2677 5056 graditur
2705 4986 2906 5059 templi
2937 4990 3200 5060 speciosa
3227 5009 3330 5064 per
3361 4994 3508 5049 atria
3525 4995 3708 5054 Jesus

2158 5072 2376 5128 Judaeis
2405 5073 2634 5144 populis
2666 5075 2799 5145 quis
2830 5076 2906 5132 sit
2935 5079 3329 5148 quaerentibus
3356 5082 3498 5154 ipse,

2160 5159 2328 5216 Clara
2352 5177 2486 5216 voce
2517 5162 2746 5217 Patrem
2778 5180 3022 5236 seseque
3048 5184 3235 5223 unum
3267 5185 3392 5226 esse
3424 5171 3664 5230 fatetur.

2229 5250 2444 5312 Quarta
2474 5249 2598 5305 dies
2622 5251 2903 5308 Lazarum
2927 5257 3290 5312 monumenti
3314 5258 3821 5335 clauseratantro,

2155 5337 2439 5392 Astabant
2463 5336 2614 5392 tristi
2644 5338 2936 5409 plorantes
2960 5359 3097 5400 voce
3126 5362 3353 5402 sorores
3387 5363 3400 5401 :
3691 5355 3700 5366 '

2158 5425 2356 5481 Turba
2385 5424 2590 5497 ingens
2611 5427 2812 5484 aderat
2841 5429 3048 5487 solatia
3076 5438 3285 5490 moesta
3312 5435 3623 5491 ferentum.

2223 5511 2440 5569 Allevat
2467 5512 2563 5569 ille
2593 5513 2813 5584 oculos,
2845 5517 3001 5574 Patri
3027 5521 3128 5577 dat
3159 5539 3404 5578 munera
3423 5522 3640 5593 laudis,

2151 5601 2500 5661 Defunctum
2532 5601 2830 5675 inclamat,
2860 5607 3052 5685 prodit
3082 5626 3216 5668 mox
3244 5610 3342 5670 ille
3372 5611 3644 5689 sepulcro
3680 5632 3696 5676 :
