3914 6166
190 294 290 354 269
1541 305 1721 369 CAR!

1942 308 2044 370 VA
2058 311 2208 372 ΡιΙΑ.
3449 338 3571 401 370

190 425 422 482 Nexibus
453 427 706 496 exuitur,
732 432 789 484 et
815 429 1008 487 dulcia
1037 434 1191 487 tecta
1219 434 1435 491 revisit.

243 514 540 587 Unguento
567 516 771 573 Jesum
805 519 1097 590 perfundit
1127 538 1293 578 sacra
1323 523 1506 579 Maria
1538 543 1550 579 :

182 603 425 659 Jucundo
458 604 740 677 impletur
767 605 884 663 late
914 609 1128 666 domus
1154 612 1348 668 omnis
1380 614 1575 681 odore,

183 691 242 748 Ut
268 691 476 748 redolet
505 698 629 749 toto
661 694 797 750 felix
826 697 1084 753 Ecclesia
1112 701 1354 757 mundo.

238 782 344 837 Rex
372 781 531 838 mitis
563 782 793 855 placido
824 784 997 842 Jesus
1027 789 1292 844 concedit
1323 790 1520 847 asello.

180 869 494 943 Palmigeris
524 872 710 928 turbae
742 873 1018 931 manibus
1050 876 1192 931 dant
1219 878 1446 934 cantica
1476 879 1739 938 laudum.

180 958 257 1013 Sic
283 958 569 1031 Solymam
602 961 952 1034 ingreditur,
978 965 1098 1019 adit
1118 969 1175 1020 et
1201 966 1297 1038 pia
1327 968 1541 1024 mmnia
1560 971 1761 1043 templi
1787 989 1799 1027 :

238 1047 477 1103 Gentiles
506 1048 732 1104 clarum
764 1052 1103 1122 quaerebant
1132 1069 1367 1110 cernere
1396 1056 1620 1112 Jesum.

180 1136 446 1192 Frumenti
482 1153 733 1210 granum
762 1139 901 1194 dicit
932 1157 993 1196 se
1024 1141 1294 1213 protinus
1325 1142 1443 1210 ille,

180 1224 319 1288 Quod
343 1230 504 1281 terra:
534 1226 879 1284 immoriens
910 1229 1098 1285 multa
1127 1248 1262 1286 cum
1293 1233 1459 1304 fruge
1488 1236 1762 1309 resurgit.

234 1314 418 1369 Oranti
443 1332 551 1371 vox
582 1315 741 1372 clara
769 1316 955 1374 Patris
991 1320 1261 1392 rspondit
1289 1321 1362 1376 ab
1393 1323 1570 1379 astris
1603 1341 1616 1379 :

176 1401 485 1473 Clariticavi,
513 1403 727 1477 inquit,
752 1409 829 1471 te,
853 1411 1007 1474 nate,
1033 1413 1092 1463 et
1121 1408 1472 1467 cloriticabo‘.

174 1492 386 1563 Expavit
414 1493 667 1565 populus
699 1494 903 1550 divinae
934 1496 1094 1553 vocis
1123 1497 1427 1554 honorem.

226 1580 381 1636 Multi
411 1598 441 1637 e
469 1582 837 1655 principibus
868 1586 1165 1658 magnalia
1194 1591 1353 1645 tanta
1381 1589 1663 1658 videntes,

167 1667 375 1725 Pectore
402 1670 735 1740 credebant,
766 1674 1105 1729 metuebant
1137 1692 1235 1732 ore
1266 1675 1456 1741 fateri,

166 1759 265 1813 Non
296 1757 485 1813 divina
512 1758 669 1824 illos,
693 1760 795 1814 sed
827 1762 1034 1816 mundi
1064 1762 1250 1835 gloria
1280 1766 1473 1831 traxit,

220 1844 411 1902 Abluit
440 1845 536 1902 ille
564 1847 745 1918 pedes
775 1851 1105 1905 veneranda
1134 1851 1194 1906 in
1226 1858 1394 1909 nocte
1423 1871 1689 1909 suorum.

167 1934 293 1990 Pelvi
328 1934 579 1991 infundit
607 1952 814 2008 aquas,
848 1939 1145 2011 tergentis.
1177 1940 1355 1997 lintea
1382 1947 1591 2014 gestat.

170 2025 204 2087 Q
229 2028 438 2096 quanta
463 2024 775 2081 humilitas
798 2025 811 2080 ι
849 2032 1072 2098 quanta
1099 2033 1188 2085 est
1218 2029 1527 2087 clementia
1554 2031 1791 2088 Christi.

226 2113 491 2186 Designat
512 2113 729 2169 Judam
761 2114 1022 2172 buccella
1051 2117 1220 2189 panis
1249 2117 1542 2191 iniquum.

159 2203 261 2258 .Ter
287 2218 410 2258 sese
439 2219 474 2258 a
504 2202 673 2258 Petro
704 2204 1063 2275 praenuntiat
1092 2222 1220 2262 esse
1248 2209 1606 2279 negandum.

170 2290 455 2362 Discipulis
489 2290 742 2364 propriis
771 2292 1008 2365 signum
1040 2295 1364 2366 przescrihit
1392 2297 1632 2352 amoris.

231 2381 359 2436 Inde
388 2396 529 2437 suos
559 2381 720 2437 nosci
751 2381 934 2437 voluit
962 2381 1012 2437 si
1044 2387 1279 2454 pectora
1308 2386 1554 2442 fratrum

171 2468 380 2525 Alterna
408 2469 692 2526 charitate
720 2470 832 2526 sibi
864 2487 1123 2527 connexa
1150 2472 1429 2546 vigerent,

171 2557 311 2621 Quali
342 2576 451 2615 nos
481 2557 710 2631 primus
739 2559 943 2615 dilexit
971 2559 1199 2616 ccelitus
1231 2563 1375 2634 ipse.

227 2648 292 2704 Se
319 2648 486 2704 docet
512 2647 573 2703 in
606 2648 772 2704 Patre
798 2653 855 2704 et
886 2649 1120 2705 Patrem
1153 2652 1481 2707 venerarier
1511 2652 1567 2708 in
1604 2670 1684 2710 se.

170 2736 424 2808 Majestas
453 2753 575 2792 una
605 2740 715 2803 est,
738 2741 797 2793 et
824 2736 1010 2810 gloria
1039 2755 1279 2810 compar
1308 2740 1560 2813 utrique.

168 2825 440 2897 Quidquid
467 2825 589 2899 agit
613 2826 867 2898 genitus,
890 2830 1080 2882 totum
1107 2832 1196 2883 est
1225 2829 1483 2901 operatio
1514 2829 1719 2886 Patris.

229 2913 566 2970 Paraclitum
598 2914 848 2987 spondet
875 2931 937 2970 se
969 2916 1201 2972 mittere
1236 2918 1503 2989 protinus
1534 2917 1612 2972 illi

167 3003 289 3058 Cum
321 3020 455 3059 mox
483 3020 515 3058 e
544 3002 773 3059 tumulo
805 3004 1030 3059 devicta
1060 3011 1245 3061 morte
1273 3023 1605 3079 resurgens,

172 3092 405 3165 lnclytus
434 3092 761 3147 ascendens
791 3094 1177 3165 penetraverit
1206 3095 1390 3150 ardua
1419 3094 1566 3150 coeli.

226 3181 291 3236 Se
318 3182 495 3235 vitem
527 3197 723 3236 veram
756 3180 1037 3254 loquitur,
1063 3183 1444 3256 propriosque
1475 3183 1677 3240 ﬁdeles

170 3268 494 3325 Palmitibus
524 3268 751 3325 similes
777 3269 837 3324 in
870 3287 931 3326 se
960 3276 1158 3326 monet
1183 3271 1282 3327 ille
1314 3289 1567 3343 manere,
1614 3302 1621 3307 -

167 3358 236 3413 Ne
253 3360 486 3430 jaceant
516 3357 768 3427 steriles,
794 3358 923 3431 jugi
954 3361 1265 3416 tradantur
1293 3365 1352 3416 et
1378 3362 1519 3434 igni.

224 3447 546 3521 Discipulos
576 3447 833 3503 clemens
864 3448 1019 3503 Patri
1048 3451 1421 3505 commendat
1451 3450 1633 3519 Iesus,

168 3536 423 3593 Traditur
451 3555 486 3593 a
514 3537 686 3603 Juda,
717 3536 898 3593 Pilato
925 3538 1219 3594 addicitur
1246 3540 1470 3596 insons.

165 3624 495 3682 Verberibus
525 3642 712 3682 caesus
744 3625 958 3698 populo
988 3627 1161 3682 datur
1188 3628 1313 3700 ipse
1344 3630 1665 3685 necandus.

224 3716 365 3771 Exiit
392 3716 520 3788 ipse
551 3731 785 3770 crucem
816 3714 1053 3772 sibimet
1080 3716 1393 3773 mitissime
1423 3722 1681 3790 portans.

168 3803 339 3859 Passio
369 3807 607 3877 gustato
636 3803 854 3858 Christi
885 3804 1210 3877 completur
1240 3810 1422 3862 aceto.

167 3891 452 3949 Mandatur
479 3892 730 3960 tumulo,
764 3893 1062 3949 destructa
1088 3900 1273 3950 morte
1304 3896 1577 3967 resurgit.

222 3982 296 4036 Ad
324 3981 625 4037 tumulum
658 3980 843 4037 Maria
868 3981 1158 4055 lacrymas
1190 3983 1468 4038 fundebat
1498 3982 1734 4051 amoris,

168 4068 455 4127 Sublatum
485 4068 721 4126 insidiis
751 4086 963 4143 corpus
992 4071 1265 4127 credebat
1297 4072 1445 4127 Iesu.

169 4155 251 4214 Ille
278 4164 513 4232 repente
542 4158 743 4226 micat,
778 4160 879 4215 dat
906 4159 1042 4215 huic
1075 4161 1353 4215 mandata
1382 4160 1609 4215 salutis.

224 4247 260 4301 Ε
290 4248 516 4305 tumulo
547 4264 727 4304 sacrae
758 4248 1005 4304 redeunt
1034 4249 1340 4322 gaudendo
1373 4248 1602 4306 sodales
1635 4266 1648 4304 :

163 4333 251 4390 His
276 4352 447 4393 cursu
479 4338 541 4392 in
576 4337 769 4393 medio
800 4336 1031 4410 fulgens
1060 4337 1313 4393 occurrit
1345 4339 1506 4394 [esus
1539 4354 1553 4393 :

164 4421 256 4479 Dat
282 4424 598 4482 clementer
617 4426 752 4492 Ave,
777 4425 1024 4497 pedibus
1054 4425 1166 4481 illae
1197 4425 1398 4482 oscula
1424 4425 1631 4499 ﬁgunt.
1724 4464 1731 4471 ε

225 4512 413 4571 Flebat
441 4531 642 4570 amare
671 4514 850 4570 nimis
879 4513 1094 4569 Christi
1125 4519 1333 4570 Petrus
1362 4514 1457 4570 ille
1488 4515 1682 4588 negati

165 4601 390 4674 Crimen,
422 4603 562 4660 huic
592 4602 851 4659 clemens
880 4609 1121 4675 apparet
1150 4602 1414 4676 protinus
1444 4602 1561 4671 ille,

167 4688 373 4748 Solatur
402 4698 705 4759 mcestum,
738 4691 1085 4764 trepidantis
1115 4697 1345 4764 pectora
1376 4693 1591 4748 firmat.

225 4780 378 4837 Ibant
406 4782 554 4838 forte
587 4782 704 4837 duo
734 4781 1040 4837 castellum
1072 4781 1319 4837 invisere
1350 4781 1643 4853 quoddam
1680 4799 1693 4838 :

168 4864 252 4923 His
278 4871 468 4927 subito
498 4871 560 4926 in
592 4870 802 4926 habitu
837 4870 1130 4943 peregrini
1159 4870 1412 4925 occurrit
1441 4870 1603 4926 Iesus
1635 4888 1647 4925 :

167 4956 320 5014 Tecta
346 4965 590 5034 rogatus
619 4959 760 5027 adit,
784 4960 990 5032 pandit
1018 4976 1083 5015 se
1112 4959 1172 5014 in
1202 4959 1492 5032 fragmine
1521 4959 1711 5032 panis.

224 5045 496 5121 Discipuli
527 5047 729 5104 clauso
761 5048 1093 5105 residebant
1122 5049 1268 5104 forte
1299 5049 1570 5105 timentes

166 5135 426 5205 Conclavi,
462 5138 559 5193 his
587 5138 783 5193 subito
815 5139 1052 5194 radians
1078 5136 1304 5194 assistit
1334 5138 1517 5193 Iesus.

163 5222 482 5294 Agnoscunt
510 5225 847 5294 Dominum,
867 5226 1160 5283 clavorum
1186 5226 1355 5297 signa
1377 5231 1700 5283 recensent.

224 5312 471 5369 Thomas
502 5314 785 5381 defuerat,
809 5331 944 5371 cum
974 5332 1036 5370 se
1062 5315 1215 5371 Deus
1242 5314 1339 5370 ille
1370 5316 1651 5387 magister

166 5395 499 5458 Monstrarat
529 5403 724 5470 sociis,
755 5403 953 5461 lateris
985 5404 1083 5476 pia
1108 5404 1349 5461 vulnera
1377 5405 1680 5477 pandens:

165 5485 407 5549 Christus
455 5492 627 5551 adest
671 5491 905 5565 iterum,
948 5494 1266 5552 Dominum
1310 5493 1407 5550 ille
1454 5493 1755 5564 Deumque

1464 5581 1717 5652 [fatetun

1845 441 1897 507 Α
1999 442 2141 498 Cum
2174 445 2351 502 sociis
2378 446 2581 507 Petrus
2611 451 2844 524 piscans
2874 457 2954 513 nil
2986 466 3219 533 ceperat
3247 465 3441 524 undis.

1924 529 2139 587 Littore
2170 537 2283 589 stat
2315 535 2605 610 Christus,
2620 543 2834 611 jactari
2867 547 3013 603 retia
3040 529 3300 619 mandat,

1922 618 2011 673 Fit
2041 625 2282 693 captura
2314 623 2541 699 ingens,
2567 628 2762 687 clarus
2793 638 3159 694 convescitur
3186 640 3325 698 illis.

1990 708 2184 799 Monte
2210 711 2468 782 Calilaeae,
2495 718 2648 773 sicut
2677 721 3025 791 promiserat
3056 727 3199 799 ipse,

1918 794 2247 854 Clariticum
2276 805 2461 858 sancti
2491 805 2693 862 Jesum
2725 818 3054 869 reverenter
3076 794 3346 889 adorant,

1915 885 1981 939 In
2014 886 2157 942 caelo
2185 894 2243 943 et
2272 891 2441 948 terris
2467 893 2609 950 dicit
2638 896 2748 952 sibi
2780 899 3017 958 subdita
3045 909 3274 962 cuncta.

1987 972 2199 1030 Ultima
2231 976 2535 1051 discipulis
2558 984 2814 1058 jungens
2845 991 3105 1048 convivia
3134 997 3338 1066 sacris,

1914 1059 2153 1157 hiandat
2180 1064 2555 1138 Evangelium
2588 1088 2690 1143 per
2719 1073 2825 1130 hos
2855 1080 2973 1133 toto
3004 1080 3141 1137 orbe
3171 1059 3455 1157 coruscet,

1910 1148 2339 1249 Credentesque
2369 1172 2574 1214 omnes
2605 1166 2806 1219 sancto
2836 1165 3185 1238 baptismate
3214 1173 3423 1249 tingui.

1982 1239 2197 1296 Montis
2228 1242 2432 1300 Oliveti
2464 1248 2631 1319 petiit
2658 1266 2791 1307 mox
2821 1252 2917 1310 ille
2946 1273 3246 1320 cacumen.

1907 1327 2207 1417 Assistunt
2236 1334 2446 1402 sancti,
2480 1335 2770 1395 benedicit
2798 1342 3025 1401 caelitus
3054 1347 3187 1417 illis,

1907 1416 2202 1474 Sideream
2235 1427 2547 1493 penetrans
2576 1427 2721 1500 ipsis
2750 1435 3127 1493 cernentibus
3157 1416 3373 1501 aulam.

1973 1507 2269 1600 adextris
2302 1513 2464 1568 sedet
2495 1513 2589 1570 ille
2622 1517 2745 1585 Dei,
2776 1519 3089 1581 virtutibus
3119 1526 3263 1600 ipsis

1902 1592 2119 1651 Celsior
2147 1599 2450 1671 angelicis,
2474 1609 2755 1663 venturus
2786 1612 2842 1664 et
2871 1609 3008 1668 inde
3037 1592 3336 1690 coruscus,

1898 1681 2132 1740 Judicet
2160 1689 2390 1745 uternis
2422 1695 2487 1746 ut
2518 1695 2705 1750 totum
2737 1695 2967 1770 legibus
2998 1703 3219 1761 orbem.

1816 1807 1863 1872 Β
2335 1780 2766 1891 sA,hAunc
2784 1790 3040 1891 tartarus
3058 1790 3556 1891 ipseprofundus,

1904 1859 2261 1920 Cunctorum
2282 1866 2618 1939 Dominum,
2633 1888 2766 1929 cum
2789 1875 2956 1933 Patre
2980 1879 3038 1935 in
3066 1859 3238 1940 saecla
3257 1865 3553 1958 potenteni

1902 1950 1980 2004 Ac
2009 1951 2224 2023 Spiritu
2256 1961 2456 2013 sancto
2486 1956 2707 2031 laudet,
2741 1962 2876 2020 huic
2906 1966 3099 2025 sidera
3127 1950 3398 2033 clament.

2149 2043 2353 2099 Amen.

2682 2139 2773 2195 IV.

2624 2243 2828 2285 ORATIO

1976 2303 2111 2360 Cum
2148 2315 2659 2390 commemoratione
2696 2320 3053 2390 antiquorum
3083 2328 3481 2390 miraculorum

2455 2384 2660 2442 Christi
2686 2388 2784 2444 Dei
2806 2384 2997 2450 austri.

1975 2481 2019 2538 Ο
2048 2482 2234 2540 virtus
2264 2490 2479 2545 aeterna
2512 2490 2628 2561 Dei,
2662 2510 2839 2567 quam
2870 2500 3144 2560 machina
3173 2509 3379 2565 mundi

1904 2570 2165 2669 Suscipit
2194 2581 2513 2647 auctorem,
2536 2581 2630 2636 cui
2663 2584 2837 2641 servit
2864 2590 3020 2646 terra
3048 2592 3356 2669 polusque,

1906 2659 2262 2733 Principium
2294 2682 2511 2736 rerum,
2546 2686 2649 2741 per
2678 2689 2854 2744 quam
2886 2659 3282 2742 Pater—omnia
3311 2659 3463 2746 fecit.

1903 2748 2048 2846 Eum
2082 2750 2247 2807 Flatu
2280 2758 2495 2810 aeterno
2525 2774 2702 2831 super
2730 2779 2963 2834 aequora
2992 2774 3154 2827 vasta
3181 2774 3451 2846 cubante,

1903 2837 1988 2891 Tu
2020 2854 2261 2909 pressus
2292 2845 2590 2913 quondam
2620 2851 2875 2907 tenebris
2906 2853 3280 2918 horrentibus
3304 2837 3491 2922 undas

1903 2923 2054 2980 Luce
2086 2944 2233 2983 nova
2260 2928 2570 3001 irradians,
2595 2940 2942 3010 noctemque
2964 2943 3235 3019 diemque
3256 2954 3485 3009 creasti.

1902 3012 1974 3067 Ut
1998 3015 2188 3072 varios
2215 3017 2522 3076 hominum
2552 3022 2759 3080 revelct
2786 3026 2885 3083 lux
2910 3012 3399 3109 blanda-labores,

1901 3101 1971 3156 Et
2001 3109 2287 3161 nocturna
2316 3107 2484 3180 quies
2512 3110 2740 3169 attritos
2770 3122 2987 3174 recreet
3015 3125 3197 3180 artus.

1820 3174 1864 3240 C
1902 3190 1988 3285 Ἔα
2019 3192 2285 3285 geminas
2315 3174 2483 3254 sedes
2512 3199 2783 3259 discretis
2810 3174 3099 3265 fluctibus
3114 3174 3348 3285 aptans,

1901 3277 2017 3334 Hos
2048 3279 2175 3353 agis
2204 3281 2261 3337 in
2293 3284 2558 3358 pelagus,
2594 3288 2724 3346 illos
2755 3306 2935 3365 super
2961 3302 3119 3353 astra
3145 3277 3434 3363 recondis.

1898 3368 2075 3423 Arida
2105 3385 2221 3441 quo
2251 3378 2451 3443 posset
2481 3376 2733 3434 fructum
2764 3382 3081 3452 producere
3111 3389 3284 3449 tellus

1901 3456 2180 3514 Hastibus
2211 3464 2270 3515 et
2299 3463 2482 3533 gratis
2515 3465 2838 3526 animantia
2868 3480 3076 3532 cuncta
3103 3478 3340 3553 foveret,

1900 3546 1987 3642 :I‘u
2020 3545 2172 3642 lunae
2204 3548 2463 3621 solisque
2492 3553 2752 3627 globum,
2778 3559 3090 3636 stellasque
3119 3545 3424 3642 micantes,

1901 3633 1965 3688 In
1994 3634 2184 3691 varias
2215 3653 2425 3695 causas
2454 3658 2559 3713 per
2587 3643 2849 3704 culmina
2880 3633 3033 3708 celsa
3062 3651 3287 3715 locasti.

1900 3722 1987 3777 Tu
2020 3727 2185 3779 terra:
2215 3742 2283 3781 ex
2312 3733 2474 3784 utero
2505 3734 2758 3802 pecudes
2789 3753 2821 3792 a
2858 3741 3060 3812 reptile
3089 3750 3370 3806 cunctum

1902 3810 1963 3865 In
1998 3810 2187 3868 lucem
2220 3814 2344 3871 sola
2375 3820 2686 3888 procedere
2715 3841 2854 3881 voce
2884 3810 3119 3890 dedisti.

2018 3899 2274 3997 lymphis
2306 3905 2480 3997 etiam
2508 3909 2793 3980 spirantia
2820 3931 3062 3989 corpora
3088 3926 3370 3997 condens,

1897 3988 2149 4045 Alitibus
2180 3997 2401 4060 ventos,
2424 3996 2620 4053 ditasti
2649 4000 2908 4071 piscibus
2932 3988 3151 4079 aequor.

2006 4080 2303 4174 torpentis
2334 4081 2497 4138 humi
2530 4101 2742 4159 corpus
2775 4090 2845 4146 de
2875 4077 3114 4166 corpore
3144 4106 3451 4174 sumptum

1896 4164 2133 4222 Viviﬁco
2163 4169 2312 4223 sacri
2342 4171 2681 4242 spiraminis
2710 4177 2886 4250 erigis
2920 4164 3136 4240 haustu
3172 4202 3186 4242 :

1897 4253 2077 4348 quue
2103 4254 2398 4348 hominem
2428 4261 2708 4332 vocitans,
2725 4268 2912 4323 totum
2939 4286 3180 4344 regnare
3210 4292 3315 4348 per
3342 4278 3544 4340 orbem

1898 4342 2169 4433 Praecipis
2191 4348 2247 4399 et
2274 4346 2453 4404 totius
2483 4350 2724 4409 rationis
2753 4353 2981 4428 legibus
3008 4342 3242 4433 imples.

1897 4431 2019 4496 Quo
2050 4448 2235 4505 genus
2266 4434 2324 4490 in
2354 4438 2526 4495 terris
2557 4458 2672 4497 uno
2704 4443 2917 4501 factore
2948 4431 3228 4509 creat—um.

1820 4539 1865 4602 D
1897 4519 1972 4576 Ut
1999 4536 2187 4594 genus
2214 4520 2274 4578 in
2305 4526 2466 4582 caelis
2496 4545 2614 4583 uno
2643 4535 2863 4588 rectore
2894 4540 3150 4606 regatur.

1970 4609 2014 4665 Ο
2044 4610 2231 4667 virtus
2259 4617 2473 4671 aeterna
2502 4616 2599 4671 Dei
2634 4634 2808 4689 quam
2842 4622 3116 4681 machina
3146 4632 3374 4690 mundi.

1899 4696 2156 4793 Suscipit
2185 4705 2611 4771 auctorem,cui
2643 4707 2821 4762 servit
2851 4713 3006 4769 terra
3034 4715 3339 4793 polusque.

1898 4785 1986 4847 Tu
2018 4785 2275 4857 primum
2307 4805 2421 4843 non
2453 4806 2627 4862 passa
2655 4793 2844 4852 virum
2873 4785 3194 4863 consistere
3222 4785 3418 4867 solum

1900 4873 2178 4947 Conjugis
2209 4876 2449 4949 egregiee
2481 4878 2689 4938 solatia
2718 4890 2877 4941 casta
2907 4894 3139 4964 creasti,

1901 4962 2086 5059 Quam
2118 4979 2224 5059 nec
2255 4969 2409 5021 terra
2438 4966 2591 5037 tulit,
2615 4978 2880 5032 materna
2909 4995 3014 5037 nec
3042 4962 3224 5041 edidit
3254 4986 3437 5059 alvus,

1902 5051 2014 5106 Sed
2046 5054 2149 5106 tua
2178 5052 2248 5107 de
2278 5061 2437 5112 costa
2467 5057 2737 5118 formavit
2767 5065 2969 5124 dextra
2996 5070 3172 5130 virili.

1899 5139 1984 5194 Tu
2016 5138 2206 5195 scelus
2236 5143 2539 5203 amborum
2574 5152 2794 5221 punisti
2826 5162 3011 5214 morte
3040 5160 3314 5236 benigna,

1899 5229 1970 5325 lilt
2001 5231 2396 5325 serpentinam
2427 5238 2718 5296 damnasti
2749 5244 2983 5315 pulvere
3013 5229 3297 5325 linguam,

1900 5317 2035 5381 Quae
2066 5318 2265 5376 docuit
2293 5324 2537 5382 miseros
2570 5333 2940 5391 contemnere
2967 5317 3141 5407 jussa
3171 5317 3471 5409 Tonantis,

1899 5403 2171 5497 Nuﬁminis
2201 5414 2259 5466 et
2287 5415 2505 5470 summi
2536 5433 2838 5477 summum
2877 5403 2989 5479 sibi
3023 5442 3277 5497 quaerere
3306 5403 3543 5492 nomen.

1970 5492 2014 5547 Ο
2044 5494 2204 5554 virus
2234 5504 2448 5560 interna
2475 5503 2598 5572 Dei,
2623 5522 2801 5577 quam
2834 5492 3110 5568 machina
3136 5517 3346 5577 mundi

1899 5579 2160 5660 Suscipit
2187 5595 2504 5665 auctorem,
2532 5594 2626 5652 cui
2655 5597 2831 5656 servit
2858 5602 3014 5658 terra
3041 5600 3349 5686 polusque,
