4024 6180
405 329 513 390 271

1593 326 1825 388 FLOHI
1868 324 2182 387 DIACONI
2228 323 2610 402 MONACHI.

3653 333 3750 391 272

357 425 362 432 I
404 464 490 519 Tu
515 461 665 534 justi
696 461 1020 528 interitum,
1049 479 1220 536 quem
1255 461 1448 518 fratris
1479 461 1681 516 dextra
1711 458 1974 532 peremit,
2078 460 2130 526 Α
2162 458 2202 513 E
2234 457 2397 523 coelo,
2429 475 2459 514 e
2491 457 2662 514 terris
2689 457 2927 516 mittens
2954 463 3240 532 portenta,
3259 459 3346 516 vel
3373 461 3549 517 undas

405 551 468 608 In
500 569 734 624 pmnam
765 552 1019 608 auctoris
1040 553 1206 624 justa
1235 554 1344 608 sub
1376 550 1499 621 lege
1530 554 1853 621 retorques.

402 639 487 695 Tu
519 642 833 712 quemdam
865 658 932 698 ex
962 641 1169 713 primis
1199 639 1372 712 primi
1405 638 1752 695 mortalibus
1781 636 1883 693 αθνὶ

407 728 682 801 Ignarum
714 731 919 786 mortis
947 730 1074 785 vitae
1104 731 1174 784 ad
1210 734 1431 786 secreta
1461 727 1666 783 tulisti.

406 817 552 873 Cum
586 822 782 875 tamen
813 819 1036 874 interea
1062 818 1216 874 vitiis
1249 818 1606 874 ferventibus
1636 833 1840 873 omnes

406 903 738 960 Polluerent
767 905 1078 977 pulchrum
1109 922 1212 978 per
1242 905 1400 961 mille
1432 905 1661 978 piacula
1690 904 2001 959 mundum.

408 993 496 1048 Tu
527 996 714 1049 totum
745 993 950 1051 validis
983 993 1278 1050 involvens
1311 995 1586 1050 ﬂuctibus
1617 995 1838 1059 orbem,

410 1082 739 1156 Terrigenis
768 1086 953 1139 terras
983 1083 1258 1151 viduasti,
1294 1084 1538 1140 ﬂumina
1566 1083 1732 1154 ripis.

409 1171 494 1226 Tu
515 1171 749 1242 justum
781 1173 1096 1244 quemdam
1127 1173 1362 1246 propria
1391 1190 1525 1229 cum
1563 1170 1726 1245 prole
1766 1165 2056 1242 domoque

408 1259 617 1315 Diluvii
649 1277 716 1317 ex
747 1261 921 1317 undis
947 1279 1079 1318 arca
1106 1262 1351 1317 vectrice
1382 1278 1662 1328 reservas,

409 1349 482 1406 Ut
509 1366 695 1422 genus
725 1350 784 1405 in
816 1350 988 1408 terris
1019 1368 1134 1406 uno
1162 1352 1231 1407 de
1263 1351 1485 1408 semine
1515 1368 1762 1424 surgens

410 1437 534 1494 Una
564 1442 749 1494 morte
784 1455 979 1504 ruens,
1016 1455 1133 1493 una
1163 1439 1232 1494 de
1265 1439 1444 1510 stirpe
1474 1442 1759 1510 resurgat,

407 1528 592 1599 Atque
623 1526 892 1582 homines
924 1528 1174 1582 mundos
1207 1527 1380 1583 tellus
1410 1528 1695 1583 mundata
1729 1527 1961 1597 foveret,

411 1616 524 1670 Nec
554 1616 673 1672 vita
701 1616 925 1687 indigni
959 1616 1290 1672 fruerentur
1321 1634 1561 1672 munere
1590 1616 1715 1672 vita:

484 1705 528 1760 Ο
559 1705 742 1760 virtus
775 1709 988 1760 aeterna
1017 1705 1139 1772 Dei,
1173 1723 1346 1778 quam
1383 1706 1654 1761 machina
1683 1703 1888 1760 mundi

401 1793 668 1866 Suscipit
699 1798 1014 1860 auctorem,
1046 1795 1138 1849 cui
1171 1795 1347 1850 servit
1373 1799 1528 1850 terra
1557 1795 1865 1867 polusque,

415 1883 502 1938 Tu
533 1881 639 1937 tibi
669 1881 952 1938 sublimes
984 1900 1250 1954 quaerens
1278 1885 1632 1956 conjungere
1663 1883 1902 1950 amicos,

414 1971 654 2045 Ignibus
685 1990 751 2027 ex
783 1971 991 2027 mediis
1027 1973 1284 2045 primum
1316 1973 1443 2029 sine
1472 1972 1602 2029 labe
1631 1973 1870 2040 vocasti,

416 2060 521 2127 Qui
554 2060 753 2132 patriae
789 2061 931 2117 fines
963 2065 1018 2116 et
1049 2061 1240 2117 tristia
1269 2078 1448 2134 regna
1479 2061 1836 2133 relinquens,

417 2149 605 2206 Crevit
632 2149 692 2205 in
724 2149 989 2222 ingentes
1022 2151 1324 2223 peregrino
1357 2151 1414 2205 in
1450 2150 1634 2207 limite
1658 2156 1882 2225 gentes.

417 2239 562 2294 Nam
594 2238 1048 2311 primogenitum
1081 2257 1246 2296 serva
1269 2256 1442 2312 quem
1470 2245 1656 2296 matre
1686 2240 1918 2307 creavit,

418 2327 516 2382 Bis
547 2344 719 2384 senos
748 2345 1058 2400 generasse
1089 2329 1266 2386 duces
1296 2328 1387 2385 lex
1415 2346 1590 2385 aurea
1620 2329 1795 2398 canit,

420 2415 709 2472 Posterior
740 2421 879 2471 natu
910 2416 1160 2489 genitrix
1191 2433 1364 2489 quem
1398 2417 1580 2473 libera
1613 2418 1778 2487 fudit,

420 2503 688 2577 Suscepit
717 2504 981 2577 geminos
1013 2522 1132 2560 una
1158 2505 1226 2562 de
1257 2507 1504 2578 conjuge
1535 2510 1721 2563 natos.

419 2593 578 2649 Alter
606 2593 890 2650 Idumaeos
922 2593 1098 2649 misto
1125 2594 1195 2648 de
1227 2595 1512 2666 sanguine
1544 2594 1769 2664 condit;

419 2682 691 2738 Hebrmos
721 2681 866 2738 alter
896 2682 1166 2739 duodena
1193 2699 1261 2738 ex
1293 2682 1471 2756 stirpe
1502 2689 1804 2757 propagat.

417 2771 519 2827 Hic
549 2770 757 2826 habuit
785 2769 1051 2843 geminas
1081 2771 1273 2844 prisco
1303 2772 1374 2828 de
1404 2789 1563 2830 more
1586 2774 1840 2845 jugales,

415 2859 485 2914 Et
514 2859 755 2915 totidem
789 2875 984 2916 servas
1017 2877 1264 2916 uxorum
1296 2877 1538 2918 munere
1567 2866 1858 2933 sumptas,

415 2948 457 3004 E
482 2947 696 3021 quibus
727 2948 1030 3022 antiquam
1053 2954 1284 3022 gentem
1309 2949 1712 3023 populumque
1735 2955 2030 3024 potentem

418 3036 683 3106 Protulit,
719 3042 775 3093 et
805 3037 979 3094 claris
1010 3056 1119 3093 sua
1149 3038 1376 3095 semina
1404 3039 1650 3095 contulit
1677 3041 1872 3098 astris.

420 3125 565 3182 Cum
597 3131 790 3181 tamen
823 3125 1061 3182 infando
1094 3145 1298 3184 rursus
1318 3145 1460 3200 gens
1484 3128 1666 3200 impia
1688 3130 2003 3200 quemdam

421 3215 722 3271 Fluctibus
751 3214 1018 3271 ablutum
1051 3216 1370 3272 macularet
1398 3217 1643 3272 crimine
1673 3220 1981 3276 mundum.

422 3305 602 3369 Quem
623 3303 816 3360 delere
835 3321 1070 3374 parans,
1096 3303 1454 3359 Sodomitica
1478 3306 1692 3362 moenia
1725 3307 1980 3366 ﬂammis

423 3390 866 3462 Sulphureoque
897 3390 1018 3464 igni
1049 3391 1339 3450 subvertis
1368 3396 1519 3448 tecta
1548 3394 1906 3464 Gomorrhas,

423 3479 573 3546 Quin
603 3484 661 3535 et
690 3480 973 3536 finitimas
1003 3479 1234 3536 miseris
1264 3497 1398 3536 cum
1440 3481 1664 3540 civibus
1695 3485 1886 3553 urbes,

421 3569 485 3623 In
516 3567 767 3627 cinerem
799 3567 993 3636 solvis,
1026 3573 1082 3624 et
1107 3569 1335 3643 gurgite
1364 3571 1650 3643 deprimis
1680 3571 1816 3630 alto.

417 3657 646 3713 Judicio
679 3663 818 3714 sunt
847 3675 1019 3732 poma
1047 3657 1190 3714 locis
1221 3676 1341 3730 qoze
1375 3664 1511 3716 nata
1541 3661 1650 3718 sub
1682 3661 1912 3719 hisdem

419 3746 668 3802 Pulchra
699 3746 838 3802 foris
867 3747 1066 3803 vacuis
1096 3746 1256 3803 intus
1284 3753 1424 3803 sunt
1455 3748 1626 3820 plena
1654 3750 1887 3809 favillis.

415 3837 686 3890 Attamen
719 3853 787 3890 ex
818 3835 962 3912 ipsis
994 3836 1306 3907 quemdam
1343 3841 1442 3892 tua
1473 3837 1705 3895 dextera
1727 3841 1960 3912 justum

417 3925 694 3996 Ereptum
725 3924 981 3980 ﬂammis
1012 3923 1292 3982 scelerata
1320 3927 1520 3982 eduxit
1549 3929 1622 3984 ab
1653 3930 1796 3987 urbe

418 4016 597 4080 Quem
619 4013 862 4086 geminae
887 4019 1033 4069 nata:
1064 4013 1276 4070 misera
1295 4032 1430 4071 cum
1463 4021 1649 4076 matre
1679 4024 2026 4090 sequuntur,

417 4103 486 4159 Et
517 4107 796 4163 montana
826 4107 1051 4175 petunt,
1089 4107 1252 4160 tanta
1284 4121 1355 4161 ne
1386 4105 1444 4160 in
1477 4109 1671 4178 strage
1700 4107 1990 4178 perirent:

418 4193 526 4249 Sed
562 4192 811 4248 nimium
843 4192 1042 4249 infelix
1071 4192 1264 4249 snbito
1292 4193 1560 4265 perculsa
1589 4195 1815 4269 fragore

417 4281 694 4360 Rexpexit
724 4283 957 4354 conjux,
991 4299 1340 4355 poenamque
1371 4287 1606 4354 experta
1635 4286 1938 4353 remansit,

416 4371 517 4427 Hic
550 4376 697 4426 nata:
729 4370 851 4427 solo
884 4370 1018 4427 solae
1050 4388 1182 4427 cum
1215 4377 1378 4444 patre
1409 4373 1618 4429 relictae

416 4460 690 4516 Mortales
722 4459 965 4532 periisse
996 4465 1151 4526 ratae,
1184 4460 1269 4515 sic
1302 4461 1607 4518 fraudibus
1637 4480 1776 4528 usas,

413 4549 563 4604 Vina
592 4549 716 4604 seni
747 4550 1014 4617 miscent,
1052 4549 1190 4605 bina
1218 4554 1274 4605 et
1303 4550 1413 4607 sub
1444 4554 1613 4606 nocte
1645 4551 1906 4607 vicissim

415 4637 818 4692 Succumbunt
849 4639 1021 4710 patri,
1045 4643 1103 4694 et
1132 4643 1408 4711 concepto
1443 4638 1666 4696 semine
1698 4645 1976 4713 surgunt;

414 4724 559 4779 Hinc
591 4726 705 4780 duo
737 4726 1062 4798 gignuntur
1087 4733 1218 4800 post
1247 4745 1397 4784 saeva
1427 4728 1698 4785 incendia
1726 4729 1952 4796 fratres,

413 4813 483 4868 Et
512 4813 756 4871 mortale
785 4829 970 4885 genus
1001 4817 1270 4872 Sodomis
1298 4817 1678 4889 pereuntibus
1709 4823 1944 4890 augent.

411 4901 568 4956 Alter
598 4904 803 4968 Amen,
830 4902 977 4958 alter
1005 4905 1163 4960 vario
1195 4907 1539 4978 cognomine
1573 4906 1741 4962 Moab

411 4989 728 5058 Dicitur,et
757 4991 1021 5063 geminas
1051 4994 1308 5048 condunt
1339 4995 1410 5050 ab
1443 4994 1666 5065 origine
1689 4999 1915 5067 gentes.

483 5080 528 5134 Ο
558 5079 739 5134 virtus
771 5084 983 5136 aeterna
1013 5081 1133 5147 Dei,
1170 5100 1344 5154 quam
1378 5083 1653 5139 machina
1682 5084 1888 5139 mundi

411 5168 668 5240 Suscipit
697 5173 1011 5238 auctorem,
1045 5171 1137 5225 cui
1169 5172 1342 5227 servit
1372 5177 1526 5226 terra
1556 5171 1864 5243 polusque.

411 5259 497 5314 Tu
523 5259 752 5330 justum
787 5260 1101 5331 quemdam
1147 5259 1490 5314 distractum
1533 5258 1776 5314 crimine
1807 5260 2054 5316 fratrum

412 5346 830 5423 Memphycolis
862 5349 1087 5420 praefes,
1111 5352 1284 5418 atque
1309 5347 1510 5402 orbem
1545 5347 1734 5418 pascis
1765 5354 2053 5420 egentem.

413 5436 500 5494 Tu
531 5434 812 5508 populum
845 5441 1117 5492 sanctum
1149 5436 1292 5490 duro
1320 5435 1429 5492 sub
1464 5436 1618 5490 fasce
1649 5442 2001 5507 gementem,

413 5524 493 5579 Ad
526 5523 743 5596 patrias
775 5526 944 5581 sedes
977 5525 1127 5582 mira
1152 5525 1363 5580 virtute
1393 5524 1645 5580 reducis.

412 5611 497 5676 0b
527 5611 680 5674 hanc
707 5615 1018 5690 Egyptum
1049 5611 1225 5690 quino
1254 5611 1344 5672 bis
1373 5613 1608 5672 verbere
1639 5613 1844 5689 plectis

2161 547 2412 615 Scindis,
2447 564 2806 620 purpureum
2839 548 3094 621 lymphis
3123 549 3460 605 durantibus
3489 567 3687 622 aequor,

2161 635 2423 693 Callibus
2453 641 2510 692 et
2539 637 2711 692 siccis
2741 635 2970 710 plebem
2999 638 3240 694 deducis
3271 642 3542 694 ovantem.

2161 723 2263 779 Cui
2294 728 2468 780 noctu
2501 726 2618 780 dux
2652 726 2804 798 ignis
2835 729 2978 795 erat,
3013 732 3305 798 praeeunte
3335 725 3619 795 columna;

2162 813 2231 867 Et
2261 813 2472 872 mediis
2500 813 2683 886 gratis
2715 815 2903 871 nubes
2933 815 3110 870 dabat
3141 815 3378 870 mstibus
3408 815 3650 870 umbras.

2163 901 2403 958 Pastum
2434 902 2686 960 caelestis
2721 904 3012 976 praebebat
3044 903 3234 976 panis,
3267 907 3321 959 et
3351 903 3504 960 omni

2162 991 2339 1048 Nocte
2369 992 2554 1049 ﬂuens
2581 991 2738 1050 dulci
2773 992 3103 1065 complebat
3131 995 3359 1049 nectare
3387 1008 3628 1064 campos.

2164 1083 2318 1146 Quas
2350 1082 2588 1138 conviva
2615 1082 2797 1154 dapes
2827 1087 3082 1154 cuperet,
3109 1097 3484 1154 quoscunque
3512 1096 3728 1152 sapores

2162 1171 2492 1242 Appeteret,
2524 1188 2646 1227 una
2675 1170 2840 1227 laetus
2869 1171 3136 1243 capiebat
3167 1171 3225 1226 in
3255 1187 3406 1226 esca.

2166 1258 2373 1316 Potum
2405 1276 2543 1315 saxa
2571 1260 2809 1328 dabant,
2843 1259 3015 1332 virgis
3047 1277 3174 1331 qua
3206 1257 3397 1315 mollis
3425 1258 3496 1313 ad
3525 1257 3666 1314 ictus

2165 1346 2452 1404 Duritiam
2485 1352 2791 1420 rumpunt,
2814 1352 2873 1404 et
2903 1348 3150 1405 ﬂumina
3181 1347 3344 1421 larga
3371 1345 3705 1403 ministrant.

2163 1437 2472 1492 Carniﬂuis
2502 1437 2690 1510 epulis
2721 1437 2897 1493 servit
2923 1454 3239 1494 numerosa
3269 1436 3547 1502 coturnix,

2166 1524 2348 1582 Discit
2376 1531 2432 1581 et
2464 1527 2654 1583 exesis
2686 1526 2837 1583 ultro
2871 1543 2933 1582 se
2964 1526 3272 1582 infundere
3303 1525 3539 1582 mensis.

2237 1618 2282 1670 Ο
2311 1615 2494 1672 virtus
2525 1619 2739 1671 aeterna
2768 1615 2890 1683 Dei,
2922 1632 3100 1687 quam
3134 1615 3404 1671 machina
3434 1613 3627 1669 mundi

2168 1703 2424 1776 Suscipit
2455 1704 2881 1770 auctorem,cui
2912 1705 3089 1760 servit
3121 1709 3278 1760 terra
3305 1703 3602 1775 polusque,

2169 1793 2253 1848 'lu
2287 1796 2554 1848 sanctum
2591 1793 2743 1849 tristi
2773 1793 2965 1848 texisti
3000 1793 3248 1848 fulmine
3279 1797 3553 1858 montem,

2173 1883 2240 1936 Et
2267 1897 2467 1938 vocem
2499 1880 2850 1937 horrendam
2883 1898 3048 1937 sacra
3077 1881 3147 1936 de
3179 1881 3333 1937 nube
3363 1881 3590 1937 dedisti.

2171 1971 2259 2025 'I‘u
2289 1969 2406 2026 vati
2434 1971 2616 2026 accito
2647 1970 2792 2042 legis
2823 1975 3111 2043 precepts
3140 1987 3406 2042 supernae

2170 2059 2396 2126 Tradis,
2419 2064 2476 2114 et
2504 2058 2758 2131 alloquio
2789 2059 3079 2115 famulum
3105 2059 3372 2132 dignaris
3398 2059 3598 2115 amico.

2171 2148 2514 2205 Pontiﬁcem
2545 2147 2778 2215 statuis,
2812 2147 3083 2220 precibus
3114 2147 3346 2220 placare
3375 2149 3681 2203 Tonantem

2175 2237 2282 2305 Qui
2317 2240 2512 2309 queat,
2544 2241 2602 2294 et
2633 2241 2834 2293 saneto
2863 2235 3059 2293 cultus
3088 2237 3364 2309 procedat
3393 2236 3621 2304 amictu,

2175 2327 2356 2384 Intret
2385 2330 2442 2382 et
2471 2325 2796 2382 horrendos
2822 2324 2932 2381 veli
2966 2330 3099 2398 post
3127 2325 3386 2381 claustra
3417 2341 3668 2381 recessus

2173 2417 2243 2471 Et
2275 2414 2462 2472 Patris
2490 2413 2687 2470 aaterni
2719 2413 2882 2470 solus
2912 2419 3137 2470 secreta
3167 2415 3398 2470 revisat.

2176 2505 2400 2560 Interea
2427 2503 2653 2560 varium
2683 2503 2918 2560 turbata
2946 2520 3049 2575 per
3079 2504 3322 2576 agmina
3347 2519 3609 2559 murmur

2174 2591 2479 2664 Pestrepit,
2502 2596 2558 2648 et
2586 2593 2781 2650 densa:
2813 2597 3088 2649 resonant
3117 2609 3222 2665 per
3252 2597 3450 2649 castra
3478 2589 3725 2664 querelae.

2174 2681 2512 2739 Detrahitur
2540 2682 2679 2749 vati,
2713 2682 3108 2737 contemnitur
3139 2681 3264 2754 ipse
3302 2681 3587 2749 sacerdos,

2173 2773 2252 2826 Ac
2285 2769 2462 2827 nimis
2493 2787 2735 2827 accenso
2766 2769 3101 2842 lapidantur
3130 2788 3277 2843 pene
3316 2770 3592 2837 tumultu,

2175 2861 2483 2932 rEgyptum
2518 2861 2792 2932 repedare
2820 2863 3048 2932 parant,
3079 2877 3230 2915 vana
3255 2860 3418 2916 idola
3451 2861 3668 2932 ﬁngunt

2176 2948 2624 3020 Solemnemque
2655 2949 2808 3004 diem
2843 2947 2997 3004 ludis
3029 2953 3087 3004 et
3117 2949 3381 3005 carmine
3411 2949 3643 3004 ducunt.

2178 3039 2267 3093 Ira
2298 3038 2473 3095 etiam
2497 3039 2660 3109 justo
2687 3037 2926 3093 tandem
2959 3042 3251 3094 commota
3279 3039 3498 3104 furore,

2178 3126 2416 3183 Illicitos
2447 3144 2628 3182 ausus
2658 3126 2762 3182 tali
2789 3127 2899 3182 sub
2923 3127 3060 3198 jure
3091 3143 3359 3197 coerces;

2097 3201 2142 3268 C
2179 3216 2295 3271 Hos
2326 3216 2570 3289 perimis
2601 3215 2876 3283 ﬂammis,
2910 3220 2967 3270 et
2995 3219 3115 3271 toto
3146 3215 3382 3272 cmlitus
3409 3215 3530 3288 igni

2178 3304 2313 3361 Illos
2343 3304 2634 3360 sulfureas
2665 3303 2820 3360 erebi
2849 3305 3142 3378 demergis
3173 3304 3232 3360 in
3265 3306 3482 3372 undas,

2177 3399 2332 3462 Quos
2365 3394 2572 3450 retinet
2602 3392 2796 3461 tellus,
2824 3393 2950 3450 cceli
2982 3394 3070 3449 vis
3101 3394 3272 3466 ignea
3305 3394 3508 3466 punit;

2176 3485 2330 3549 Quos
2361 3488 2517 3540 terra
2548 3483 2841 3550 absorbet,
2870 3482 3127 3539 viventes
3157 3482 3386 3539 inferus
3419 3481 3628 3539 haurit.

2176 3573 2266 3628 Sic
2298 3578 2511 3629 natura
2536 3577 2672 3629 tuos
2701 3571 2965 3628 certatim
2996 3572 3232 3628 devorat
3261 3571 3486 3640 hostes,

2177 3662 2272 3718 Sic
2303 3661 2590 3718 scelerum
2621 3662 2831 3718 vindex
2858 3664 3017 3717 totus
3046 3659 3152 3716 tibi
3185 3660 3404 3718 militat
3438 3659 3614 3725 orbis,

2176 3753 2290 3808 Nec
2321 3750 2541 3824 patitur
2569 3767 2932 3822 quemquam
2961 3749 3166 3805 vitales
3194 3766 3438 3822 carpere
3469 3749 3659 3816 ﬂatus,

2175 3843 2358 3908 Quem
2389 3839 2494 3896 tibi
2525 3856 2642 3894 non
2672 3843 2792 3895 toto
2823 3839 3156 3894 credentem
3189 3843 3425 3911 pectore
3457 3837 3658 3894 cernit.

2179 3930 2274 3985 llis
2304 3933 2501 3985 tamen
2535 3945 2602 3984 ex
2633 3928 2891 3983 ﬂammis
2921 3932 3202 4000 tantoque
3230 3944 3300 3986 ex
3332 3929 3537 3983 funere
3569 3924 3686 3981 bini

2175 4019 2494 4074 Servantur
2516 4018 2761 4089 juvenes
2794 4016 2927 4072 fidei
2958 4016 3171 4072 virtute
3201 4016 3398 4072 decori
3436 4035 3449 4072 :

2173 4108 2327 4171 Quos
2359 4123 2508 4162 nova
2537 4105 2842 4179 progenies
2872 4110 2927 4161 et
2961 4104 3160 4162 nescia
3189 4104 3462 4161 criminis
3492 4108 3630 4161 aetas

2171 4197 2256 4252 Ad
2290 4213 2536 4269 regnum
2567 4195 2843 4250 comitata
2872 4194 2986 4250 ﬁde
3016 4198 3119 4249 tua
3149 4195 3393 4266 praemia
3421 4191 3696 4265 sumpsit,

2172 4286 2317 4342 Nam
2353 4288 2575 4356 septem
2607 4288 2810 4356 gentes
2839 4287 2896 4338 et
2926 4299 3106 4354 regna
3133 4283 3397 4354 potentia
3427 4287 3651 4354 septem

2171 4374 2273 4429 His
2304 4373 2516 4429 servire
2540 4373 2736 4444 jubes,
2769 4376 2826 4427 et
2853 4375 3070 4427 terram
3092 4371 3276 4426 tradis
3307 4372 3604 4445 opimam;

2171 4465 2305 4530 Quae
2337 4462 2490 4517 rivos
2520 4461 2686 4516 lactis
2715 4465 2772 4516 et
2803 4458 2994 4515 mellis
3028 4459 3273 4514 ﬂumina
3304 4461 3524 4529 fundit,

2089 4571 2136 4634 D
2171 4551 2398 4623 Pingua
2426 4567 2553 4621 quae
2585 4548 2766 4604 sacris
2797 4547 3078 4603 deludant
3108 4547 3376 4604 balsama
3409 4547 3615 4613 ramis,

2169 4640 2352 4703 Quam
2381 4639 2548 4694 Pater
2577 4638 2702 4710 ipse
2731 4636 2824 4709 pio
2855 4637 3156 4708 despectat
3185 4635 3414 4692 lumine
3445 4651 3696 4708 semper,

2171 4727 2474 4784 Mensibus
2503 4731 2561 4783 et
2591 4727 2766 4782 certis
2797 4724 3132 4782 coelestibus
3160 4724 3366 4798 irrigat
3398 4725 3596 4782 undis.

2241 4817 2285 4873 Ο
2318 4818 2499 4872 virtus
2531 4819 2746 4871 aeterna
2773 4814 2896 4882 Dei,
2923 4830 3101 4886 quam
3134 4813 3411 4870 machina
3442 4812 3652 4870 mundi

2170 4904 2427 4978 Suscipit
2456 4902 2886 4972 auctorem,eui
2918 4901 3095 4958 servit
3123 4908 3278 4959 terra
3308 4903 3627 4974 polusque.

2169 4996 2255 5050 Tu
2287 4995 2522 5066 rapidos
2553 4992 2769 5048 ﬂuctus
2796 4991 3056 5062 cohibes,
3089 4996 3147 5047 et
3177 4991 3424 5046 ﬂumine
3455 4991 3614 5047 sicco

2167 5081 2524 5139 Transducis
2555 5085 2817 5137 sanctam
2850 5081 3029 5136 tantis
3060 5096 3196 5136 cum
3226 5078 3496 5135 millibus
3528 5091 3761 5134 arcam:

2165 5173 2252 5228 Tu
2285 5187 2562 5244 magnam
2589 5169 2730 5226 solis
2760 5170 3058 5242 quondam
3088 5168 3450 5224 clamoribus
3483 5167 3694 5224 urbem

2165 5259 2347 5316 Solvit
2373 5259 2432 5314 in
2466 5263 2712 5315 aeternas
2741 5257 2954 5331 populo
2985 5262 3265 5330 pereunte
3296 5255 3536 5324 ruinas;

2166 5349 2275 5406 Sed
2308 5348 2582 5404 meretrix
2611 5348 2878 5420 quaedam
2917 5351 3175 5419 superat,
3200 5363 3378 5418 quam
3409 5345 3610 5402 vivere
3639 5342 3819 5402 solam

2167 5436 2439 5493 Praestitit
2467 5436 2624 5494 alma
2654 5437 2797 5492 fides
2826 5452 2840 5491 :
2874 5435 3108 5508 proprio
3139 5452 3272 5492 cum
3305 5438 3473 5507 patre
3505 5434 3819 5504 domoque,

2163 5528 2242 5582 Ac
2273 5543 2345 5584 ne
2374 5525 2544 5599 plura
2573 5540 2783 5592 morer,
2817 5522 2991 5581 tellus
3023 5525 3290 5598 subjecta
3318 5522 3598 5596 quiescit,

2163 5616 2232 5674 Et
2261 5631 2532 5690 possessa
2562 5613 2660 5670 Dei
2691 5613 2851 5672 varia
2882 5614 2993 5673 sub
3025 5617 3178 5674 sorte
3211 5616 3465 5674 tenetur.
