4024 6180
244 350 338 413 273
1573 336 1924 416 CARMINA
1964 350 2232 417 VARIA.

245 480 515 545 Iudicibus
543 481 769 557 regitur
797 481 1102 551 duodenis,
1136 500 1283 559 quos
1313 487 1453 542 tuus
1481 483 1689 560 implet

246 575 480 649 Spiritus,
517 576 574 629 et
602 575 749 630 miro
775 575 1007 630 virtutis
1039 576 1244 632 robore
1275 575 1490 631 ﬁrmat.

245 663 441 719 Viribus
474 667 538 716 ut
569 664 802 736 magnis
832 681 1012 720 saevos
1044 680 1323 737 superare
1352 664 1570 730 leones,

246 753 302 808 Et
323 750 529 806 validos
560 751 736 806 vincti
769 756 1008 824 possent
1037 752 1402 825 disrumpere
1429 771 1637 820 nexus,

247 842 377 896 Nunc
395 841 536 895 urbe
565 839 800 906 inclusi,
833 847 889 898 et
919 843 1028 896 sub
1062 846 1292 898 noctem
1323 841 1506 898 milite
1538 841 1727 898 multo

244 929 414 986 Vallati
446 929 671 985 foribus
702 935 885 1002 raptis
915 933 1303 987 conscendere
1335 936 1584 987 montes.

245 1021 377 1076 Nunc
402 1017 598 1074 tristes
629 1036 867 1086 cuneos,
901 1023 956 1075 et
987 1025 1179 1076 castra
1211 1021 1467 1076 minacia
1489 1021 1639 1077 ferro

246 1108 476 1164 Sternere
507 1124 621 1162 non
650 1107 861 1180 gladio,
896 1109 995 1164 sed
1029 1108 1183 1165 malo
1213 1109 1344 1164 vilis
1378 1108 1565 1176 aselli,

247 1200 453 1252 Vomere
485 1196 627 1267 quin
660 1195 834 1252 etiam
863 1201 1059 1253 vastas
1090 1198 1290 1254 fudere
1322 1202 1604 1266 catervas,

246 1284 442 1340 Restitit
463 1288 520 1339 et
547 1284 682 1340 telis
711 1286 884 1341 terris
915 1303 1007 1342 res
1037 1291 1174 1359 apta
1204 1287 1462 1343 colendis

245 1373 319 1428 Sic
337 1377 526 1429 arcent
554 1373 771 1441 hostes,
806 1374 889 1430 sic
913 1379 1144 1448 sceptra
1174 1376 1432 1449 potentia
1467 1380 1708 1444 terrent,

247 1462 663 1534 Defenduntque
683 1479 851 1518 suam
881 1464 1013 1519 fidei
1048 1465 1376 1522 munimine
1406 1468 1658 1538 gentem.

241 1553 303 1606 Ac
327 1551 538 1623 patrias
568 1551 725 1625 leges
750 1552 1062 1624 divinaque
1085 1555 1224 1626 jura
1252 1555 1464 1627 quietis

242 1641 492 1696 Exercent
519 1640 750 1712 populis
780 1641 1125 1714 meritisque
1153 1647 1210 1698 et
1231 1643 1450 1698 honore
1478 1642 1713 1698 verendi

241 1729 369 1785 Idem
396 1728 580 1785 armis
611 1729 888 1803 prompti,
923 1731 1114 1787 devoti
1145 1731 1372 1804 legibus
1400 1731 1579 1798 idem,

241 1819 369 1874 Idem
395 1818 531 1875 odio
561 1819 835 1889 externis,
869 1821 1078 1877 affectu
1110 1821 1334 1878 civibus
1362 1822 1541 1887 idem,

238 1909 389 1964 Fraus
413 1909 617 1964 aberat
637 1908 830 1974 fallax,
864 1909 1181 1983 languebat
1211 1911 1360 1966 victa
1392 1908 1625 1982 cupido,

237 1995 448 2052 Iustitiae
480 1995 672 2052 virtus
703 1997 833 2070 ipsa
865 1998 1018 2054 inter
1048 1998 1201 2055 bella
1227 1999 1478 2072 vigebat.

294 2086 330 2141 Ο
355 2085 542 2142 virtus
571 2091 788 2142 aeterna
818 2087 939 2152 Dei,
965 2104 1142 2160 quam
1175 2088 1450 2144 machina
1479 2086 1685 2142 mundi

239 2175 462 2248 Suscipit
497 2179 820 2245 auctorem,
853 2177 946 2232 cui
983 2178 1160 2233 servit
1189 2180 1343 2232 terra
1373 2176 1698 2249 polusque;

237 2264 303 2320 Tu
330 2280 577 2337 puerum
610 2269 879 2320 sanctum
913 2270 1140 2322 sacrato
1172 2265 1490 2322 chrismate
1517 2264 1766 2320 tinctum

239 2353 521 2409 Pastorum
551 2371 619 2409 ex
651 2371 894 2410 numero
925 2371 1120 2428 regem
1154 2356 1298 2411 facis
1315 2371 1443 2410 esse
1463 2354 1853 2410 tremendum.

237 2441 330 2498 Iste
355 2442 678 2516 gigantasas
708 2442 1012 2515 pulsantes
1043 2444 1234 2500 sidera
1260 2442 1443 2499 moles

235 2530 375 2586 Nunc
403 2548 567 2597 saxo,
603 2548 761 2588 nune
790 2549 927 2588 ense
955 2537 1161 2606 potens
1191 2533 1301 2589 sub
1333 2537 1555 2588 tartara
1576 2531 1758 2598 misit,

235 2618 291 2674 Et
319 2637 456 2692 quos
488 2619 662 2675 nulla
691 2620 855 2693 prius
886 2625 1155 2693 poterant
1187 2621 1520 2677 subvertere
1551 2620 1724 2687 bella,

232 2707 392 2764 Unius
412 2709 526 2765 hos
558 2709 724 2781 pueri
760 2710 1048 2778 contrivit,
1082 2715 1138 2766 te
1169 2711 1335 2777 duce,
1367 2711 1592 2776 dextra,

233 2796 694 2870 Conservansque
725 2803 858 2854 tuos
884 2818 896 2866 ;
933 2798 1271 2871 alienosque
1302 2800 1564 2871 undique
1585 2799 1860 2870 perdens,

229 2887 594 2942 Abramidum
624 2887 774 2942 miro
803 2886 949 2942 rexit
979 2888 1646 2962 moderaminegentem.

290 2976 329 3030 Ο
355 2976 542 3032 virtus
572 2981 792 3031 aeterna
825 2976 940 3041 Dei,
975 2993 1151 3048 quam
1185 2976 1459 3033 machina
1490 2976 1692 3032 mundi

229 3063 463 3136 Suscipit
486 3070 812 3129 auctorem,
849 3065 942 3119 cui
976 3066 1152 3121 servit
1173 3069 1327 3121 terra
1359 3065 1664 3138 polusque.

231 3153 304 3206 Tu
334 3154 425 3224 pia
453 3151 680 3208 caelesti
717 3154 1020 3225 perfundis
1050 3160 1284 3227 pectora
1315 3156 1478 3222 ﬂatu,

229 3238 287 3294 Et
312 3246 559 3296 ventura
589 3241 781 3297 modis
804 3242 1068 3314 praedicis
1098 3243 1157 3298 in
1189 3243 1390 3300 ordine
1421 3243 1612 3312 miris,

230 3326 482 3400 Virgineo
515 3335 762 3403 partum
793 3347 861 3386 ex
893 3336 1076 3399 utero,
1111 3349 1426 3406 rerumque
1458 3333 1707 3390 salutem

230 3415 495 3489 Spondes,
530 3424 595 3474 et
625 3420 854 3476 incestis
881 3420 1178 3477 uberrima
1207 3423 1422 3495 gaudia
1451 3421 1642 3479 terris.

230 3505 375 3562 Talia
396 3508 623 3564 divinis
654 3513 820 3564 arent
846 3509 1082 3565 oracula
1111 3511 1318 3584 signis,

231 3596 695 3668 Prresentemque
726 3597 902 3652 fidem
935 3599 1109 3655 rebus
1139 3601 1282 3654 dant
1311 3604 1523 3655 cuncta
1560 3599 1794 3656 futuris.

229 3682 289 3737 Et
315 3701 467 3740 nunc
499 3685 835 3759 praerapido
862 3689 945 3742 sol
978 3688 1246 3744 concitus
1274 3705 1377 3744 axe
1404 3689 1665 3745 volantes

232 3769 379 3828 Sistit
406 3790 621 3846 equos,
654 3775 956 3847 tenditque
987 3775 1163 3842 diem,
1203 3780 1552 3848 noctemque
1609 3781 1873 3832 moratur

229 3859 382 3916 Nune
409 3879 662 3918 currum
695 3863 954 3919 occiduis
986 3868 1138 3920 retro
1161 3869 1446 3920 converttt
1475 3867 1546 3921 ab
1576 3865 1716 3938 oris,

231 3950 629 4024 Deciduasque
662 3951 818 4007 faces
848 3953 992 4008 Eoos
1024 3953 1207 4008 ﬂectit
1233 3955 1303 4008 ad
1337 3959 1520 4022 ortus,

231 4037 427 4096 Eneus
453 4039 665 4096 hastili
697 4057 936 4113 serpens
967 4059 1292 4114 suspensus
1321 4042 1380 4097 in
1414 4043 1528 4098 alto

231 4123 389 4183 Virus
421 4129 547 4202 agit
571 4129 760 4197 venis,
796 4133 853 4185 et
883 4131 1041 4186 diros
1072 4131 1289 4204 effugat
1320 4147 1560 4204 angues.

233 4213 615 4291 Flammiger-0
647 4234 824 4273 curru
857 4218 1088 4274 mortali
1119 4219 1177 4274 in
1211 4236 1384 4276 carne
1417 4220 1700 4293 propheta

234 4303 470 4361 Tollitur
500 4307 566 4362 in
599 4306 835 4376 ccelum,
864 4312 1094 4364 tantum
1126 4325 1232 4364 nec
1261 4307 1495 4364 laeditur
1523 4309 1644 4382 igni

234 4391 475 4451 Ceditur
505 4395 741 4452 excelso
772 4397 991 4452 montis
1023 4398 1093 4452 de
1121 4397 1333 4454 vertice
1363 4415 1591 4466 saxum,

236 4481 484 4544 Quatuor
514 4489 578 4538 et
606 4483 832 4555 species
862 4501 976 4540 uno
1009 4502 1142 4540 mox
1173 4485 1419 4542 conterit
1450 4487 1590 4553 ictu,

3487 343 3608 413 274

1875 486 1931 555 Α
1961 485 2178 544 Illaesos
2207 481 2418 556 crines,
2453 483 2636 543 illaesa
2662 485 2938 544 sarabara
2965 482 3176 542 crines.

1958 579 2038 633 Ac
2069 577 2203 633 fidei
2233 576 2489 632 ﬂammis
2519 577 2682 650 ignes
2714 577 2959 632 cessisse
2990 576 3268 641 minaces,

1959 667 2446 739 Terricrepcsque
2476 666 2636 722 focos
2666 665 2951 739 perculsis
2977 665 3274 720 mentibus
3300 662 3542 718 horrent

1959 755 2296 828 Undivagus
2325 759 2486 811 vates
2517 759 2657 811 caeto
2688 756 2960 811 sorbente
2993 757 3250 819 voratus,

1959 843 2180 899 Vitales
2215 843 2329 898 alto
2362 844 2535 899 ﬂatus
2566 844 2674 900 sub
2702 843 2931 916 gurgite
2963 841 3146 909 duxit,

1961 934 2032 988 Et
2059 933 2250 988 tribus
2281 933 2499 987 exactis
2529 932 2742 1004 triplici
2776 948 2909 986 cum
2942 935 3110 986 nocte
3142 929 3369 995 diebus,

1961 1021 2189 1093 Integer
2219 1021 2291 1076 ad
2319 1037 2562 1092 superos
2594 1021 2729 1076 imis
2758 1019 3041 1092 processit
3067 1020 3138 1074 ab
3166 1018 3363 1072 undis.

2034 1111 2078 1167 Ο
2107 1111 2292 1165 virtus
2324 1113 2537 1164 aeterna
2567 1109 2872 1182 Dei,quam
2904 1107 3178 1164 machina
3208 1105 3411 1161 mundi

1963 1199 2221 1272 Suscipit
2250 1198 2668 1264 auotorem,cui
2701 1199 2879 1254 servit
2909 1201 3065 1253 terra
3095 1195 3403 1269 polusque.

1961 1290 2051 1345 Tu
2073 1289 2294 1362 gremio
2327 1287 2427 1344 lati
2455 1289 2712 1362 projecta
2743 1287 3025 1342 cadavera
3045 1285 3235 1358 campi

1961 1379 2150 1434 Anida
2179 1394 2306 1450 quae
2339 1377 2513 1431 nudis
2544 1376 2835 1432 vestibant
2865 1375 3098 1431 ossibus
3130 1391 3267 1429 arva

1963 1466 2247 1522 Carnibus
2275 1471 2330 1522 et
2360 1465 2637 1532 nervis,et
2664 1465 2789 1521 vivo
2823 1464 3082 1539 tegmine
3112 1462 3278 1536 pellis

1963 1555 2248 1622 Induis,et
2277 1556 2470 1627 prisca
2500 1556 2719 1611 refoves
2750 1571 2897 1610 nova
2928 1557 3157 1626 pectora
3186 1553 3324 1606 vita.

1964 1645 2228 1701 Cerneris
2259 1643 2567 1717 ignicomis
2598 1643 2722 1699 coeli
2754 1660 2887 1698 cum
2921 1642 3177 1698 nubibus
3208 1641 3310 1708 ire,

1963 1735 2032 1790 Et
2062 1734 2308 1807 populos
2339 1749 2564 1798 omnes,
2591 1731 3278 1805 linguasque,tribusque
3307 1733 3520 1784 tenere.

1966 1823 2216 1880 Sedibus
2245 1823 2383 1879 hinc
2415 1821 2621 1895 positis
2653 1822 2941 1894 patefacta
2970 1819 3268 1876 volumina
3297 1817 3491 1874 cordis

1963 1913 2232 1985 Inspicis,
2265 1916 2322 1968 et
2352 1910 2604 1986 geminis
2637 1910 2905 1966 mortalia
2933 1909 3145 1965 dividis
3177 1907 3314 1964 oris.

1964 2002 2080 2057 Hos
2107 2001 2282 2057 morti
2314 2003 2612 2074 exemptos
2643 2003 2699 2055 et
2728 2000 2857 2054 vitae
2890 1998 3018 2054 luce
3049 2013 3322 2054 coruscos

1963 2090 2220 2147 Cmtibus
2251 2089 2528 2162 angelicis
2560 2087 2894 2145 cmlestibus
2925 2087 3136 2143 inseris
3168 2084 3318 2141 aulis
3348 2101 3362 2140 :

1965 2179 2101 2236 Illos
2133 2178 2414 2252 przecipiti
2447 2178 2819 2233 ﬂammarum
2850 2177 3084 2232 turbine
3115 2179 3309 2246 raptos

1964 2269 2205 2342 Ignibus
2235 2268 2486 2335 aeternis,
2521 2271 2777 2338 atraeque
2809 2265 3108 2336 immergis
3141 2264 3351 2336 abysso

1966 2357 2090 2413 Illic
2121 2356 2334 2413 laetitiae
2363 2373 2530 2412 voc-es
2558 2359 2615 2412 et
2645 2355 2872 2411 cantica
2900 2354 3142 2410 laudum
3179 2368 3192 2407 :

1968 2447 2069 2501 Hic
2099 2446 2266 2502 dolor
2295 2449 2351 2501 et
2374 2445 2626 2518 gemitus
2656 2448 2846 2500 totum
2879 2442 3168 2499 resonavit
3197 2441 3256 2496 in
3289 2458 3496 2496 aevum.

1968 2536 2112 2591 llinc
2143 2551 2256 2603 me,
2290 2552 2508 2607 quaeso,
2535 2550 2700 2589 reum
2733 2533 2951 2606 peccati
2983 2531 3111 2587 labe
3143 2530 3366 2603 piatum

1968 2624 2159 2696 Eripe,
2194 2623 2422 2679 Christe
2452 2627 2678 2695 potens,
2712 2622 2981 2678 clementi
3017 2620 3259 2676 numine
3291 2619 3523 2673 ﬂorum.

2040 2713 2084 2768 Ο
2113 2713 2299 2769 virtus
2321 2715 2536 2768 aeterna
2566 2711 2687 2779 Dei,
2722 2728 2898 2783 quam
2930 2709 3204 2765 machina
3235 2706 3440 2763 mundi

1969 2800 2227 2874 Suscipit
2257 2805 2574 2866 auctorem,
2610 2799 2703 2856 cui
2732 2799 2909 2856 servit
2938 2802 3092 2854 terra
3120 2797 3429 2869 polusque,

1969 2893 2057 2949 Sit
2083 2891 2188 2946 tibi
2219 2907 2490 2946 summus
2520 2888 2811 2955 honor,sit
2831 2886 3238 2960 gloria,sitque
3259 2883 3617 2956 triumphus,

1971 2981 2058 3037 Sit
2088 2995 2331 3051 regnum
2364 2978 2488 3035 sine
2521 2979 2636 3033 {inc
2668 2993 2932 3043 manens,
2970 2975 3046 3030 sit
3078 2974 3267 3047 gratia
3296 2989 3522 3045 perpes,

1971 3067 2233 3125 Mortalis
2261 3071 2318 3122 te
2348 3066 2551 3139 lingua
2579 3069 2772 3136 canat,
2801 3069 2856 3120 te
2887 3063 3085 3120 cmlica
3110 3063 3284 3118 turba

1973 3158 2266 3223 Personet,
2299 3159 2353 3211 et
2383 3159 2540 3211 totus
2574 3154 2632 3209 in
2665 3153 2898 3209 laudem
2931 3154 3239 3224 concrepet
3268 3149 3446 3206 orbis.

1893 3227 1935 3293 (ἶ
1974 3249 2052 3304 Te
2083 3245 2359 3319 pavidum
2391 3247 2613 3316 pectus,
2646 3247 2704 3298 te
2733 3243 2907 3297 corda
2930 3239 3258 3308 trementia,
3291 3242 3348 3294 te
3375 3255 3501 3303 vox,

1972 3338 2053 3393 Te
2079 3335 2174 3409 pia
2204 3350 2370 3389 mens
2403 3332 2641 3401 recinat,
2675 3335 2731 3387 te
2759 3331 2985 3386 viscera
3013 3333 3133 3385 tota
3163 3326 3461 3384 resultent.

2126 3487 2466 3568 EPIGRAMMA
2505 3527 2655 3565 LIBRI
2697 3525 3064 3564 HOMILIARUM
3101 3521 3302 3562 TOTIUS
3339 3521 3477 3560 ANNI

2131 3617 2201 3656 ex
2230 3599 2566 3654 diversorum
2595 3599 2824 3653 Patrum
2853 3596 3172 3652 tractatibus
3205 3593 3463 3650 ordinati.

1978 3691 2022 3748 Ο
2052 3689 2310 3763 prudens
2340 3686 2539 3753 lector,
2570 3685 2700 3741 vita:
2726 3686 2818 3742 cui
2840 3702 2981 3741 cura
3009 3682 3301 3757 perennis,

1979 3777 2214 3850 Perlege
2242 3779 2588 3848 praesentem
2621 3775 2887 3830 studioso
2919 3778 3150 3845 pectore
3180 3771 3418 3838 librum,

1980 3869 2062 3924 Ex
2089 3871 2347 3922 veterum
2381 3865 2554 3920 dictis
2585 3863 2862 3920 callectus
2893 3861 3145 3934 denique
3176 3861 3436 3925 Patrum,

1983 3959 2138 4022 Quos
2169 3953 2452 4026 probitas,
2483 3970 2631 4026 quos
2661 3956 2816 4007 reeta
2841 3952 2987 4007 fides
3019 3951 3090 4006 ad
3119 3949 3309 4006 sidera
3335 3947 3508 4015 vexit,

1985 4045 2206 4100 Emicat
2235 4060 2302 4098 ac
2327 4047 2484 4098 totus
2517 4040 2789 4097 doctrinae
2816 4039 3087 4111 lampade
3120 4037 3320 4110 fulget.

2059 4133 2265 4190 Pandit
2296 4130 2517 4187 luciﬂui
2550 4129 2828 4202 mysteria
2859 4133 3062 4183 sancta
3093 4128 3226 4192 diei,

1986 4225 2108 4289 Quo
2141 4220 2328 4276 Patris
2354 4218 2548 4274 aeterni
2582 4218 2845 4290 genitum
2877 4216 3004 4272 sine
3033 4220 3290 4286 tempore
3328 4212 3583 4268 Verbum

1985 4313 2111 4368 Non
2144 4327 2212 4365 ex
2242 4309 2371 4363 labe
2401 4307 2528 4372 viri,
2551 4307 2652 4362 sed
2681 4307 2751 4361 de
2779 4304 2991 4360 virtute
3018 4302 3296 4358 Tonantis

2056 4401 2280 4456 Nostra
2314 4396 2518 4451 habitu
2549 4396 2767 4459 forma),
2803 4394 2958 4449 dictu
2998 4389 3295 4447 mirabile!
3329 4391 3563 4460 sumpto

1989 4491 2255 4562 Sponsus
2287 4491 2351 4542 ut
2378 4504 2407 4541 e
2437 4485 2694 4541 thalamo
2728 4483 2811 4539 sic
2840 4481 3096 4555 Virginis
3127 4479 3322 4535 editus
3351 4477 3476 4533 alvo

233 4568 991 4660 @s.aurum,argentum,et
1011 4577 1172 4629 testae
1193 4591 1325 4628 cum
1342 4575 1629 4647 fragmine
1652 4575 1871 4632 ferrum
1910 4596 1955 4660 D
1989 4577 2229 4645 Prodiit,
2261 4581 2319 4632 et
2351 4579 2556 4630 mmsto
2586 4591 2730 4628 nova
2761 4571 2974 4660 gaudia
3003 4568 3210 4624 detulit
3240 4567 3386 4623 orbi.

233 4657 494 4724 Solvitur,
527 4667 590 4716 et
621 4660 853 4732 stipulae
886 4666 1149 4733 raptatur
1179 4663 1236 4717 in
1271 4680 1405 4718 aera
1437 4681 1616 4720 more.

229 4747 323 4802 Ast
352 4747 504 4822 lapis
537 4749 765 4822 ingenti
800 4767 1172 4807 succrescens
1203 4753 1417 4808 vertice
1449 4757 1711 4808 montem

231 4833 436 4903 Efﬁcit,
471 4842 533 4894 et
563 4843 736 4894 vasta
761 4843 950 4894 totum
978 4840 1128 4895 mole
1160 4845 1406 4912 occupat
1437 4841 1658 4896 orbem.

234 4925 485 4982 distibus
519 4926 785 4982 horrifici
819 4927 1058 4983 ﬂamma
1087 4929 1419 4985 exundante
1440 4929 1656 4985 camini

237 5013 368 5070 Tres
390 5016 580 5086 jussu
615 5015 783 5087 pueri
814 5016 968 5089 regis
997 5019 1310 5073 traduntur
1339 5018 1548 5091 iniqui.

236 5101 488 5176 Angelus
519 5105 723 5160 almus
754 5105 923 5161 adest
955 5107 1182 5162 medius
1211 5107 1484 5176 fornacis,
1520 5112 1572 5164 et
1599 5125 1754 5165 aura:

239 5189 485 5248 Roscida
519 5193 712 5249 ﬂabra
735 5194 904 5266 jacit,
937 5194 1276 5266 dirimitque
1305 5195 1578 5253 incendia
1605 5202 1796 5255 vento.

239 5277 320 5333 Illi
350 5282 714 5355 magnificas
742 5283 996 5356 gratanti
1029 5289 1261 5356 pectore
1289 5285 1494 5342 laudes

237 5371 544 5426 Astrorum
581 5375 641 5426 et
671 5376 834 5427 terra
868 5373 1125 5428 referunt
1155 5373 1460 5447 pelagique
1492 5376 1715 5447 parenti

241 5456 576 5515 Persistunt
607 5458 843 5529 hilares,
869 5463 1113 5534 ipsoque
1140 5468 1384 5519 vocante
1412 5468 1680 5536 tyranno,

239 5546 312 5602 Ex
341 5550 546 5604 medio
585 5548 734 5606 latis
765 5552 1088 5624 procedunt
1114 5551 1376 5608 vultibus
1399 5552 1539 5625 igni.

244 5634 538 5694 Mirantur
571 5643 848 5712 satrapa),
877 5641 1169 5696 mirantur
1200 5641 1447 5697 barbara
1477 5643 1653 5697 corda

2061 4668 2247 4722 Haeret
2275 4664 2410 4719 huic
2445 4668 2667 4734 martyr
2694 4659 3106 4716 celeberrimus
3137 4674 3234 4712 ore
3265 4673 3532 4724 corusco,

1994 4756 2309 4812 Intendens
2340 4752 2552 4808 caelum
2584 4753 2907 4820 natumque
2939 4765 3007 4802 ex
3037 4747 3273 4818 Virgine
3321 4744 3640 4811 Christum,

1995 4845 2077 4900 Ad
2112 4841 2300 4898 Patris
2331 4841 2593 4895 dextram
2627 4842 2879 4893 stantem
2912 4853 3089 4909 super
3118 4834 3333 4890 aethera
3377 4851 3642 4903 cernens,

1997 4934 2147 4989 Dum
2181 4933 2382 4987 sancto
2415 4927 2623 5002 plenus
2655 4925 2973 4998 spiramine
3004 4942 3175 4981 saxea
3199 4923 3393 4980 corda.

1999 5023 2285 5092 Increpat,
2319 5021 2377 5073 et
2404 5016 2666 5089 lapidum
2700 5019 3018 5087 quassatus
3049 5013 3202 5068 mole
3234 5015 3545 5085 precatur:

1999 5105 2839 5182 Accipe,quzeso,meam,Jesu,
2877 5121 2974 5159 rex
3003 5103 3507 5175 inclyte,mentem

2000 5201 2067 5255 Et
2095 5197 2343 5270 genibus
2375 5195 2534 5251 ﬂexis
2565 5212 2669 5267 pro
2701 5193 2867 5266 queis
2897 5192 3002 5248 tibi
3037 5191 3323 5264 supplico,
3347 5205 3540 5262 parce.

2001 5289 2150 5360 Ergo
2183 5286 2296 5340 fide
2329 5284 2521 5340 clarus
2552 5283 2829 5339 doctrinae
2861 5281 3106 5338 fulmine
3137 5279 3382 5354 pollens,

2004 5373 2310 5433 Terribilis
2333 5372 2517 5446 signis
2550 5371 2806 5445 pretiosa
2837 5374 3022 5426 morte
3049 5374 3332 5433 sacratus,

2003 5463 2273 5521 Nominis
2304 5463 2427 5535 ipse
2459 5463 2548 5517 sui
2582 5460 2925 5533 praecelsum
2960 5476 3177 5514 munus
3207 5457 3474 5528 adeptus,

2005 5553 2313 5610 Ccelestem
2347 5551 2527 5607 sumit
2558 5554 2724 5623 parta
2759 5565 2860 5620 pro
2889 5547 3060 5602 laude
3092 5560 3385 5600 coronam.

2082 5640 2340 5713 Martyrii
2376 5640 2577 5695 ﬂorem
2606 5637 2873 5708 sequitur
2903 5635 3008 5692 ﬂos
3035 5632 3408 5705 virginitatis,
