4024 6180
386 284 505 349 275
793 231 796 234 ἢ
1597 278 1826 342 FLORI
1867 276 2181 340 DlACONI
2224 276 2604 340 MONACHI.
3662 271 3776 332 276

386 424 453 480 In
479 420 703 496 gremio
733 418 945 478 Christi
980 418 1263 476 recubans
1292 432 1457 473 sacer
1482 413 1580 470 ille
1611 414 1886 472 Joannes.

386 511 678 568 Maximus
700 510 899 565 (sterni
930 525 1114 580 preco
1146 524 1249 579 per
1279 505 1491 561 saecula
1519 502 1714 571 Verbi,

386 601 550 667 Quod
581 615 716 655 cum
750 598 914 653 Patre
939 597 1055 652 Deo
1083 610 1313 667 semper
1343 598 1494 649 Deus
1525 590 1725 648 omnia
1757 588 1907 657 fecit,

387 688 629 754 leum,
663 685 954 750 tellurem,
987 700 1165 751 mare,
1198 686 1438 750 tartara,
1473 681 1684 747 sidera,
1718 683 1939 744 ventos,

388 780 458 835 Et
484 792 847 851 quaecunque
878 773 994 846 poli
1024 790 1201 846 gyrus
1231 771 1636 843 complectitur
1660 768 1887 840 ingens,

390 868 457 924 Et
488 864 772 939 quidquid
804 878 1047 935 superos
1077 862 1359 918 excedens
1392 858 1592 914 incolit
1623 875 1781 924 axos,

391 957 616 1028 Proque
646 954 771 1026 ipso
802 952 938 1008 felix
968 951 1244 1007 Pathmzei
1276 949 1525 1021 gurgitis
1557 945 1737 1002 exsul.

391 1044 554 1101 Unde
582 1045 814 1115 repente
845 1040 963 1113 poli
983 1040 1138 1096 celsa
1165 1040 1237 1095 ad
1270 1037 1502 1110 fastigia
1528 1040 1749 1107 raptus,

391 1134 583 1189 Aurea
612 1130 916 1203 perculsus
943 1129 1088 1185 vidit
1119 1126 1467 1184 candelabra
1495 1129 1740 1197 septem,

393 1220 572 1294 Inque
602 1219 813 1276 horum
846 1218 1037 1274 medio
1060 1216 1337 1272 dilectum
1367 1215 1634 1270 incedere
1678 1211 1997 1277 Christum,

388 1310 677 1367 Vestitum
711 1308 941 1381 poderis
974 1307 1176 1374 sacris,
1209 1305 1301 1359 cui
1330 1321 1475 1359 zona
1504 1302 1798 1358 mamillae

389 1400 580 1456 Aurea
608 1393 1306 1470 praecingens,candentia
1337 1398 1568 1465 pectora
1598 1388 1794 1458 comit,

388 1487 633 1545 Caesaris
663 1486 827 1541 niveo
859 1485 1025 1540 ﬂoret
1053 1482 1386 1539 veneranda
1415 1481 1643 1553 capillo,

389 1574 708 1634 Horribiles
736 1572 889 1630 oculi
919 1571 1243 1627 ﬂammanti
1274 1571 1402 1626 luce
1431 1572 1759 1635 coruscant,

388 1667 460 1722 Et
490 1664 667 1720 facies
690 1662 847 1717 rutili
878 1660 1183 1734 praefulget
1208 1660 1348 1717 solis
1379 1660 1451 1715 ad
1484 1660 1689 1727 instar,

389 1752 680 1827 Ignitique
710 1752 887 1823 pedes
917 1748 1233 1806 auricalchi
1265 1766 1425 1805 more
1455 1748 1794 1812 rubescunt,

391 1842 513 1906 Quo
543 1840 749 1914 rapida
775 1839 1005 1895 validus
1032 1840 1263 1894 fornace
1294 1837 1590 1894 examinat
1620 1835 1795 1909 ignis,

389 1931 461 1986 Et
488 1935 712 2002 septem
744 1928 930 1984 stellis
960 1930 1203 1983 ornatur
1234 1928 1469 1983 dextera
1496 1925 1752 1997 fulgens,

391 2018 781 2092 Terribilique
809 2017 1007 2090 biceps
1039 2018 1197 2073 ensis
1228 2015 1514 2089 processit
1539 2015 1612 2070 ab
1634 2030 1750 2070 ore.

391 2106 618 2164 Corruit
645 2107 754 2163 hoc
785 2106 909 2162 viso
941 2124 1044 2162 ceu
1077 2110 1365 2162 mortuus.
1403 2103 1503 2160 ille
1534 2106 1901 2160 trementem.

390 2196 626 2253 Solatur
653 2195 868 2253 blando
899 2196 1176 2268 alloquio,
1209 2196 1525 2266 dextraque
1554 2191 1811 2264 benigna

388 2285 593 2358 Erigit,
624 2290 681 2341 et
711 2285 838 2340 cocli
870 2289 1100 2341 sacrata
1128 2301 1230 2357 per
1258 2283 1456 2347 omnia
1487 2282 1648 2337 ducit

388 2376 525 2441 Quae
555 2390 718 2430 sacro
749 2374 1040 2445 descripta
1070 2371 1362 2428 volumine
1394 2388 1509 2426 non
1541 2370 1693 2442 capit
1725 2368 1902 2435 ullus,

386 2461 456 2518 Ni
491 2478 655 2518 sacer
682 2461 973 2518 internam
1006 2465 1225 2518 reserat
1254 2460 1347 2515 cui
1380 2459 1632 2532 Spiritus
1660 2475 1881 2514 aurem.

460 2551 561 2607 His
587 2550 734 2606 liber
761 2550 857 2606 hic
886 2550 1090 2606 laudes
1120 2550 1413 2605 infantum
1444 2566 1513 2605 ex
1537 2548 1740 2603 ordine
1763 2546 1966 2620 jungit

387 2639 495 2706 Qui
527 2638 702 2712 primi
733 2639 807 2695 ob
839 2639 1133 2694 Christum
1167 2637 1387 2694 crudeli
1417 2642 1570 2694 sorte
1600 2635 1908 2709 perempti,

389 2727 669 2801 Perpetuo
698 2727 913 2784 Christi
946 2745 1100 2784 nunc
1132 2743 1308 2800 regno
1340 2732 1395 2783 et
1424 2744 1562 2799 pace
1595 2727 1886 2781 fruuntur.

458 2818 673 2874 Edocet
703 2818 926 2873 Octava:
957 2818 1099 2889 quid
1130 2817 1308 2874 sectio
1341 2815 1585 2890 mystica
1615 2813 1764 2871 lucis

389 2908 601 2964 Innuat
629 2907 884 2979 antiquae
915 2924 1182 2963 reserans
1213 2906 1527 2979 aenigmata
1558 2904 1720 2977 legis.

459 2995 695 3053 Transit
722 2997 793 3052 ad
821 2997 1035 3069 egregii
1068 2995 1353 3053 solemnia
1382 3011 1548 3051 sacra
1573 2992 1687 3049 diei

389 3085 511 3150 Quo
542 3084 697 3158 regis
726 3085 913 3140 nostri
943 3085 1234 3141 cunabula
1261 3084 1399 3140 vilia
1428 3082 1642 3139 Christi

388 3172 732 3230 Muneribus
759 3174 930 3229 trinis
962 3174 1144 3245 pietas
1173 3176 1445 3228 venerata
1476 3172 1798 3244 Magorum,

386 3261 582 3317 Thure
613 3266 792 3317 Deum
829 3262 1046 3327 docuit,
1081 3262 1296 3334 Regem
1328 3260 1583 3333 signavit
1613 3258 1672 3314 in
1706 3275 1869 3328 auro,

386 3348 807 3422 Mortalemque
838 3349 1137 3405 hominem
1170 3349 1405 3422 myrrha
1437 3348 1695 3419 depinxit
1724 3364 1944 3414 amara,

385 3436 567 3502 Quem
599 3437 710 3494 sibi
741 3439 1004 3494 sidereus
1031 3442 1390 3494 monstrarat
1420 3438 1493 3493 ab
1521 3436 1731 3492 aethere
1781 3435 1994 3509 fulgor,

460 3526 558 3583 His
588 3526 771 3583 sociat
791 3527 1015 3583 clarum
1048 3544 1359 3584 numeroso
1390 3526 1615 3582 lumine
1647 3524 1883 3592 festum,

383 3616 506 3682 Quo
535 3620 698 3672 tener
726 3617 796 3671 ad
830 3616 980 3673 sacri
1005 3617 1275 3673 devectus
1308 3615 1513 3671 limina
1541 3614 1760 3687 templi,

383 3703 737 3760 Turturibus
767 3706 1019 3777 geminis
1041 3704 1260 3778 duplici
1290 3723 1393 3762 seu
1424 3704 1581 3776 prole
1611 3704 1893 3761 columba:

381 3792 604 3848 Divinis
634 3792 853 3865 placuit
877 3794 1307 3867 conspectibus,
1343 3811 1408 3850 ac
1438 3794 1597 3850 senis
1629 3793 1767 3848 almi

379 3878 696 3952 Complexu
727 3882 1024 3948 astrictus,
1056 3883 1267 3939 Judazze
1299 3882 1486 3955 gloria
1515 3882 1707 3955 gentis

378 3968 449 4024 Et
478 3968 579 4025 lux
607 3969 788 4026 totius
818 3969 1107 4027 Christius
1139 3971 1505 4044 promittitur
1534 3970 1710 4026 orbis.

450 4057 590 4113 Inde
623 4062 829 4130 quater
858 4059 991 4116 deni
1023 4060 1451 4131 nectitjejunia
1482 4058 1642 4115 solis.

379 4147 512 4212 Quae
544 4146 829 4225 Dominus
850 4149 1054 4220 juncto
1087 4148 1369 4221 transegit
1401 4153 1657 4220 tempore
1689 4147 1859 4214 lunae,

377 4234 680 4292 Debellans
710 4236 943 4293 rabidas
975 4237 1199 4309 antiqui
1233 4237 1515 4294 daemonis
1545 4237 1684 4307 iras,

377 4325 558 4390 Quem
589 4324 807 4398 gemini
838 4330 998 4381 vates
1030 4326 1271 4381 totidem
1303 4325 1617 4399 pugnando
1639 4326 1845 4382 diebus

376 4411 617 4485 Impasti
647 4413 809 4469 nullo
839 4417 1108 4486 poterant
1133 4414 1464 4487 pervincere
1496 4419 1684 4486 pacto.

375 4501 488 4557 Ter
516 4518 643 4558 sese
668 4502 981 4559 horrendis
1013 4507 1272 4559 erexerat
1301 4503 1606 4575 improbus
1639 4502 1840 4570 armis,

374 4589 486 4644 Ter
515 4589 725 4645 Christi
756 4591 948 4647 valida
974 4593 1282 4648 confossus
1313 4591 1552 4664 cuspide
1582 4590 1775 4647 cessit.

374 4676 534 4733 Unde
566 4694 730 4733 sacer
759 4683 947 4735 totum
979 4681 1144 4738 ﬂoret
1175 4697 1303 4737 mos
1324 4679 1419 4735 ille
1452 4696 1554 4753 per
1583 4680 1803 4749 orbem,

369 4763 592 4822 Vicinis
623 4766 855 4823 Pascha:
886 4769 1264 4826 solemnibus.
1301 4769 1362 4824 in
1395 4769 1611 4842 quibus
1641 4770 1751 4825 atri

371 4849 624 4907 Guttura
653 4869 803 4909 saeva
831 4853 953 4926 lupi
986 4862 1276 4913 mactatus
1308 4857 1556 4930 perculit
1582 4859 1802 4931 Agnus,

370 4937 445 4994 Ut
464 4939 674 5011 jejuna
703 4941 827 5012 pari
854 4942 1220 5001 celebrentur
1250 4950 1514 5018 tempora
1542 4952 1693 5015 voto,

368 5025 440 5081 Et
469 5026 752 5107 castigato
784 5035 1063 5087 curentur
1087 5050 1329 5106 corpora
1353 5035 1529 5099 victu,

369 5113 733 5173 Christicolis
764 5120 980 5191 quibus
1011 5120 1205 5177 infesti
1235 5122 1395 5177 furor
1424 5121 1691 5178 imminet
1718 5121 1923 5178 hostis.

440 5203 558 5260 Ista
587 5204 874 5263 salutiferi
905 5210 1174 5281 sequitur
1202 5210 1331 5266 laus
1364 5210 1580 5282 inclyta
1607 5210 1772 5284 ligni,

369 5293 492 5357 Quo
522 5295 731 5351 veteris
763 5297 908 5353 mire
934 5298 1123 5355 deleta
1151 5302 1240 5354 est
1264 5300 1455 5354 cautio
1487 5299 1691 5372 culpae,

367 5379 517 5437 Dum
547 5398 732 5454 genus
763 5385 1091 5441 humanum
1114 5387 1270 5443 vetiti
1299 5387 1452 5458 quod
1485 5388 1661 5443 tactio
1692 5387 1834 5461 ligni

368 5467 663 5541 Perpetua:
696 5475 903 5531 mortis
933 5475 1082 5530 dura
1112 5474 1332 5531 ditione
1360 5482 1648 5549 gravarat,

368 5555 474 5613 Per
502 5557 728 5630 lignum
763 5562 1225 5637 aeternze'gecipit
1254 5581 1401 5620 nova
1431 5565 1646 5638 gaudia
1671 5565 1818 5634 vitae,

2061 411 2118 478 Α
2142 410 2288 467 Cum
2322 410 2587 467 Christus
2618 427 2815 467 sacras
2844 410 3179 484 expandens
3209 409 3268 466 in
3301 424 3472 467 cruce
3498 406 3742 482 palmas,

2139 499 2274 554 Ada
2308 500 2435 556 dira
2467 500 2559 572 pio
2590 499 2757 556 tersit
2786 501 2997 556 delicta
3025 501 3235 573 priore.

2212 588 2442 644 Eminet
2471 588 2605 644 hinc
2635 590 2751 644 veri
2784 589 2997 645 festum
3024 589 3289 644 mirabile
3317 587 3572 654 Pascha,

2143 677 2304 743 Quod
2337 677 2604 734 Christus
2633 678 2860 733 tumulo
2887 679 3111 735 devicta
3140 682 3325 733 morte
3354 692 3686 749 resurgens,

2140 768 2224 822 Ad
2248 767 2455 841 jugcm
2487 768 2665 822 vitam
2697 768 3081 823 moribundos
3110 765 3411 822 transtulit
3434 769 3620 833 artus,

2141 857 2447 912 Auctorem
2480 855 2621 912 lethi
2654 857 2900 922 domuit,
2934 856 3276 927 lethumque
3308 855 3575 928 peremit,

2142 943 2368 1015 Eripuit
2399 943 2622 1015 priscos
2653 944 2807 999 erebi
2840 944 2910 999 de
2940 959 3168 999 carcere
3190 943 3406 1014 justos,

2142 1032 2222 1087 Ac
2254 1049 2452 1087 secum
2485 1032 2683 1105 plures
2715 1032 2968 1088 rediviva
2995 1031 3057 1086 in
3087 1048 3259 1087 carne
3292 1031 3601 1097 reducens,

2146 1120 2412 1177 Ostendit
2441 1121 2597 1177 saecli
2628 1121 2818 1177 felicia
2848 1122 3001 1177 dona
3030 1120 3232 1176 futuri.

2218 1210 2353 1267 Post
2383 1210 2504 1266 haec
2535 1210 2831 1283 magnifici
2855 1209 3132 1282 praeclara
3159 1208 3421 1266 ascensio
3451 1208 3688 1277 Christi,

2149 1298 2350 1373 Fulget
2376 1300 2447 1355 ad
2479 1300 2711 1356 aetherei
2744 1299 3057 1356 remeantis
3086 1298 3347 1354 culmina
3375 1297 3600 1371 templi,

2218 1392 2340 1456 Quo
2372 1405 2475 1444 nec
2500 1406 2753 1462 magnus
2784 1388 2978 1444 Enoch
3011 1389 3207 1460 rapuit
3235 1404 3410 1460 quem
3450 1388 3655 1443 dextra
3687 1388 3799 1442 To-

3552 1476 3799 1548 [nantis,

2147 1569 2259 1623 Nec
2291 1585 2454 1624 sacer
2482 1567 2637 1624 Elias
2669 1585 2843 1623 curru
2879 1568 3217 1623 ﬂammante
3251 1569 3484 1639 repente

2148 1654 2426 1710 Sublatus
2459 1655 2658 1726 rapido
2684 1654 2873 1726 potuit
2904 1659 3206 1727 penetrare
3238 1653 3466 1723 volatu;

2068 1783 2116 1847 B
2146 1744 2253 1800 Sed
2285 1744 2474 1816 potuit
2503 1742 2941 1813 Christus,coelo
2971 1744 3073 1814 qui
3106 1747 3312 1816 sponte
3342 1758 3620 1815 supremo

2149 1833 2498 1900 Adveniens,
2531 1832 2684 1888 ultro
2718 1831 2993 1888 mortales
3024 1832 3220 1887 induit
3243 1835 3428 1901 artus,

2148 1920 2291 1977 Cum
2324 1921 2507 1977 voluit
2534 1922 2769 1994 propria
2796 1921 2855 1976 in
2888 1920 3100 1977 ccelum
3129 1921 3340 1977 virtute
3371 1921 3580 1977 redire.

2147 2012 2272 2075 Qua
2301 2011 2487 2084 patria
2517 2012 2716 2066 dexter
2744 2009 2957 2066 residet
2980 2009 3254 2066 sublimis
3276 2010 3348 2065 ab
3379 2026 3530 2077 arce,

2149 2101 2287 2157 Inde
2317 2100 2428 2156 sub
2454 2104 2710 2156 extremo
2743 2103 3023 2155 venturus
3050 2102 3312 2171 tempore
3338 2099 3565 2167 mundi,

2146 2189 2440 2263 Angelicis
2466 2188 2676 2245 turmis
2697 2193 2871 2261 atque
2903 2187 3057 2261 ignis
3087 2188 3319 2244 turbine
3342 2192 3580 2261 septus;

2148 2277 2511 2350 Supplicium
2540 2278 2732 2350 pravis
2763 2294 2869 2333 sua
2899 2279 3141 2349 praemia
3169 2277 3411 2333 reddere
3432 2276 3641 2349 justis.

2218 2368 2319 2424 His
2350 2367 2573 2423 adnexa
2603 2367 2791 2422 nitent
2819 2365 3146 2422 clarissima
3178 2367 3324 2422 festa
3354 2365 3594 2438 superni

2147 2455 2406 2513 Muneris
2436 2474 2469 2512 a
2500 2456 2727 2512 Christo
2760 2454 3035 2527 promissi
3067 2456 3138 2510 ab
3162 2454 3374 2511 aethere
3405 2454 3594 2524 missi,

2146 2547 2289 2602 Cum
2324 2562 2487 2602 sacer
2516 2562 2546 2600 e
2572 2544 2715 2601 coelo
2746 2543 2979 2600 violenti
3014 2543 3266 2600 turbinis
3297 2544 3484 2600 instar

2144 2635 2396 2708 Spiritus
2427 2632 3025 2700 exsiliens,credentia
3055 2634 3231 2689 corda
3261 2633 3482 2705 petivit,

2145 2723 2577 2796 Discipulisque
2603 2723 2702 2778 Dei
2731 2739 2911 2794 supra
2939 2726 3115 2794 caput
3144 2721 3353 2796 igneus
3373 2726 3594 2792 astans,

2146 2813 2452 2869 Multifidis
2482 2813 2642 2867 visus
2672 2813 2918 2885 ﬂagrare
2949 2811 3009 2866 in
3038 2811 3251 2867 vertice
3284 2810 3523 2884 linguis,

2143 2901 2421 2958 Accendit
2449 2900 2969 2973 tepidos,inﬂrmos
3001 2899 3208 2955 robore
3236 2899 3421 2967 fulsit,

2146 2991 2385 3064 Ignaros
2414 2991 2629 3057 docuit,
2664 2989 3001 3062 linguarum
3031 3004 3275 3044 munera
3306 2989 3474 3044 fudit.

2216 3082 2343 3135 Haec
2372 3096 2552 3152 super
2583 3079 2883 3134 adduntur
2908 3079 3143 3134 Patrum
3176 3078 3272 3151 pia
3302 3078 3457 3135 dicta
3487 3096 3802 3137 sacrorum

2064 3153 2106 3219 C
2145 3170 2514 3236 Sanctorum,
2549 3185 2580 3223 ο
2611 3167 2812 3235 lector,
2842 3166 3015 3223 claris
3044 3168 3421 3223 accommoda
3458 3168 3645 3237 festis,

2143 3258 2215 3313 Ut
2245 3256 2419 3329 capiti
2453 3273 2683 3330 semper
2713 3256 2971 3312 haereant
2994 3273 3106 3312 sua
3134 3257 3397 3312 membra
3426 3273 3710 3329 superno.

2138 3348 2218 3402 Ac
2247 3347 2503 3418 primum
2533 3344 2781 3401 eximius
2813 3345 3029 3400 residet
3052 3345 3315 3417 Baptista
3341 3345 3620 3414 Joannes,

2139 3435 2220 3490 Ex
2250 3436 2412 3491 senio
2445 3435 2615 3490 fessis
2645 3434 2792 3490 mire
2822 3433 3187 3507 genitoribus
3219 3438 3403 3504 ortus,

2139 3523 2593 3595 Vaticinansque
2624 3522 2788 3595 prius
2818 3527 3163 3595 conceptum
3195 3521 3432 3595 Virgine
3464 3522 3800 3596 Christum,

2136 3611 2472 3668 Visceribus
2505 3612 2709 3667 matris
2740 3628 2918 3682 quam
2950 3610 3075 3666 vitae
3103 3611 3283 3667 exiret
3310 3611 3371 3666 in
3401 3628 3599 3682 auras,

2136 3704 2258 3769 Quo
2290 3700 2489 3756 nullus
2521 3700 2708 3771 major
2737 3700 3003 3757 mulieris
3032 3704 3204 3756 natus
3237 3699 3506 3771 habetur,

2134 3789 2358 3861 Quique
2391 3789 2489 3845 Dei
2520 3790 2741 3844 mundo
2773 3789 3119 3845 monstravit
3149 3788 3390 3845 sedulus
3420 3806 3663 3862 agnum,

2134 3880 2203 3933 Et
2233 3895 2475 3951 pravum
2500 3883 2654 3934 recto
2686 3881 3058 3933 commutans
3090 3877 3275 3934 limite
3303 3876 3532 3944 callem,

2134 3968 2403 4024 Ostendit
2433 3967 2659 4024 cunctis
2691 3985 2806 4039 quo
2840 3967 3075 4024 tramite
3106 3966 3261 4024 celsa
3285 3967 3554 4039 polorum

2133 4056 2331 4129 Regna
2362 4060 2561 4129 petant
2590 4056 2801 4111 veteris
2834 4056 3081 4111 maculis
3112 4055 3326 4112 erroris
3358 4056 3675 4128 ademptis.

2132 4145 2272 4200 Inde
2302 4145 2450 4201 Petri
2482 4149 2539 4200 et
2570 4144 2732 4201 Pauli
2764 4146 2978 4200 festum
3009 4144 3322 4216 prasnobile
3354 4144 3556 4217 fulget,

2132 4236 2287 4301 Quos
2318 4234 2512 4289 Romae
2546 4233 2787 4290 infausti
2818 4232 3011 4289 rabies
3038 4249 3254 4289 vesana
3284 4233 3531 4290 Neronis

2130 4322 2397 4379 Ecclesiae
2430 4322 2618 4379 claros
2649 4322 2782 4379 fidei
2814 4321 3025 4394 pietate
3049 4322 3385 4394 magistros.

2129 4411 2403 4467 Doctrina
2432 4412 2715 4485 insignes,
2745 4410 3045 4484 signorum
3081 4410 3209 4468 luce
3239 4427 3537 4479 coruscos,

2050 4518 2098 4583 Β
2128 4500 2355 4557 Virtute
2387 4501 2635 4557 invictos
2656 4500 2886 4556 diversa
2918 4503 3072 4556 sorte
3102 4500 3365 4572 peremit.

2130 4590 2276 4645 Nam
2308 4607 2448 4645 crux
2478 4591 2550 4645 ad
2581 4589 2791 4646 cmlum
2818 4588 2967 4645 versi
2997 4588 3242 4661 vestigia
3272 4588 3421 4644 Petri

2132 4678 2367 4745 Direxit,
2400 4678 2745 4751 Christoque
2777 4694 2884 4734 suo
2908 4676 3193 4734 revocavit
3222 4680 3509 4733 ovantem.

2129 4767 2203 4821 At
2231 4766 2421 4822 cervix
2449 4766 2613 4823 Pauli
2641 4766 2836 4839 gladio
2867 4767 3099 4823 desecta
3130 4766 3380 4822 nefando

2128 4854 2434 4912 Doctorem
2468 4855 2720 4911 nitidum
2748 4852 2979 4910 vestivit
3006 4854 3314 4928 sanguinis
3343 4857 3522 4923 ostro,

2128 4948 2615 5017 Purpureumque
2648 4943 2778 5015 polo
2809 4947 2942 5015 post
2970 4943 3168 5015 praelia
3198 4942 3357 4998 mille
3389 4942 3643 4998 remisit.

2197 5032 2529 5088 Machabaaa
2559 5032 2767 5088 dehinc
2799 5031 3118 5088 certamina
3147 5031 3423 5087 laudibus
3451 5030 3630 5088 almis

2124 5121 2501 5193 Prosequitur
2530 5121 2740 5194 stylus,
2775 5126 2831 5176 et
2871 5121 3114 5193 pulchro
3164 5137 3432 5177 sermone
3478 5126 3790 5192 perorant,

2124 5208 2231 5276 Qui
2262 5212 2487 5281 septem
2521 5210 2728 5266 fratres
2760 5227 2879 5265 una
2908 5209 3190 5282 genitrice
3220 5209 3399 5266 creati

2121 5296 2389 5353 Antiochi
2420 5315 2600 5354 saevas
2629 5299 2894 5355 vicerunt
2925 5299 3151 5355 fortiter
3181 5301 3318 5367 iras,

2121 5388 2200 5442 Ac
2232 5391 2363 5459 post
2394 5387 2773 5443 multimodos
2806 5406 2988 5459 poena:
3014 5386 3357 5443 bacchantis
3389 5402 3631 5456 agones,

2124 5475 2397 5533 leestes
2428 5493 2563 5532 cum
2596 5480 2780 5532 matre
2808 5477 2907 5551 pia
2937 5493 3202 5534 meruere
3232 5491 3497 5546 coronas,

2125 5566 2307 5622 Matre
2337 5566 2495 5639 piam
2527 5582 2652 5637 qua
2684 5569 2824 5621 tunc
2854 5568 3092 5637 septeno
3125 5565 3367 5640 pignore
3404 5564 3628 5629 fmtam,
