3914 6166
119 298 216 362 277
1458 287 1810 353 CARMINA
1849 287 2114 352 VARIA.
3367 278 3489 348 978

113 437 451 508 Septenoque
479 425 656 487 simul
688 431 959 485 natorum
992 425 1192 484 funere
1222 428 1392 494 torta,
1760 423 1814 490 Α
1843 422 2096 480 ϐωΐὶὺυε
2126 420 2407 497 angelicis
2438 421 2537 479 ubi
2568 419 2738 480 saecla
2767 437 2872 498 per
2899 421 3097 480 omnia
3113 421 3378 495 junctus,

114 522 452 597 Supplicium
482 519 661 593 prolis
692 521 854 575 obitu
885 518 1161 575 comitata
1181 518 1373 582 beato,
1841 511 2122 583 Perpetuo
2152 512 2300 568 laetis
2334 512 2606 568 decantes
2633 512 2901 568 faucibus
2930 513 3202 585 hymnos,

113 609 517 668 Hebdomadem
550 607 802 680 priscam
829 607 1112 679 Ogdoadm
1135 605 1296 660 dedit
1323 619 1449 660 esse
1472 601 1728 668 novellis,
1841 599 2236 672 Invictamque
2257 602 2452 658 terens
2481 602 2690 657 Christi
2725 603 2796 657 de
2827 617 3069 658 munere
3099 601 3380 674 palmam,

113 698 431 771 Participem
463 713 777 770 regemque
807 696 994 751 ferum
1024 695 1234 768 pietate
1265 693 1515 766 subegit.
1839 693 2077 746 Eterna
2106 690 2311 747 rutiles
2340 691 2465 764 ipso
2497 691 2789 746 tribuente
2823 707 3056 747 corona.

113 789 254 845 Nunc
271 785 541 859 praeclara
559 802 664 842 suo
683 783 1041 857 amplectens
1061 784 1389 839 diademate
1409 781 1730 844 Christum,
2613 806 2709 863 VL

115 876 355 949 Septenis
388 874 591 930 rutilat
619 879 891 930 natorum
925 873 1113 928 cincta
1141 871 1392 928 coronis.

1955 913 2029 952 ΑΙ)
2070 913 2372 953 MODOINUM
2410 914 2982 954 AUGUSTODUNENSEM
3021 913 3366 956 EPISCOPUM.

174 966 296 1021 Exin
327 964 684 1036 martyribus
715 978 1056 1018 communes
1085 960 1277 1016 dulcis
1305 960 1556 1016 honores

1843 1004 2030 1074 Salve,
2061 1009 2260 1060 sancte
2291 1021 2522 1076 parcns,
2551 1003 2766 1060 Christi
2795 1005 3119 1060 venerande
3149 1005 3440 1072 sacerdos,

1914 1093 1989 1165 (α)
2020 1092 2267 1165 Augusti
2300 1092 2538 1158 montis,
2569 1096 2768 1164 pastor
2794 1093 2852 1147 in
2884 1109 3013 1148 arce
3044 1097 3270 1164 potens.

1844 1184 2025 1249 Quem
2058 1198 2221 1238 sacer
2246 1180 2502 1237 illustrat
2531 1181 2756 1236 meritis
2787 1181 3232 1254 splendentibus
3263 1183 3402 1238 ordo

1915 1271 2200 1328 Doctrina:
2232 1274 2288 1326 et
2317 1271 2580 1326 studium
2611 1269 2762 1326 tollit
2792 1272 2863 1325 ad
2896 1271 3014 1326 alta
3043 1271 3132 1343 pie

1845 1361 1967 1424 Quo
1998 1359 2227 1433 generis
2255 1359 2395 1415 clari
2426 1359 2626 1414 lumen
2658 1364 3003 1431 torrensque
3034 1360 3309 1432 loquendi

1915 1449 2200 1515 Vincitur,
2234 1452 2291 1503 et
2319 1465 2531 1521 magno
2563 1449 2756 1504 sidera
2786 1447 2908 1505 sole
2937 1448 3140 1504 latent.

1847 1538 2055 1610 Accepi
2087 1537 2313 1593 niveam
2345 1542 2533 1592 vestro
2564 1538 2636 1593 de
2667 1554 2906 1594 munere
2936 1542 3153 1594 vestem

1919 1627 2337 1699 'l‘ergendoque
2368 1626 2453 1681 ori
2476 1627 2654 1682 lintea
2683 1625 2841 1682 clara
2871 1628 3036 1683 satis.

1847 1718 1925 1772 Ac
1951 1715 2167 1788 pariter
2192 1716 2466 1772 manibus
2495 1716 2804 1788 praedulcis
2833 1716 3081 1789 epistola
3106 1717 3324 1774 nostris

1767 1797 1814 1862 B
1916 1805 2154 1862 Tradita
2183 1822 2310 1861 rore
2341 1822 2447 1862 suo
2479 1811 2712 1878 pectora
2735 1811 2933 1863 nostra
2964 1807 3134 1880 rigat.

1848 1899 2113 1963 Quantus
2145 1894 2224 1950 ibi
2260 1895 2463 1967 ﬂagret
2493 1895 2702 1951 sinceri
2737 1896 2925 1951 fervor
2955 1896 3194 1952 amoris.

1919 1986 1988 2041 Et
2018 1984 2113 2057 pia
2144 2001 2310 2040 mens
2341 1989 2562 2056 quanta
2590 1985 2718 2040 luce
2740 2002 2983 2042 corusca
3013 1986 3208 2042 micet.

1849 2077 1984 2141 Quae
2013 2074 2174 2140 tuba,
2209 2090 2405 2145 quisve
2435 2073 2559 2144 lyra
2588 2074 2729 2129 ﬂatu
2763 2074 3096 2146 fidibusque
3116 2092 3330 2131 canora

1921 2162 2187 2236 Explicit,
2219 2167 2274 2217 et
2302 2161 2479 2234 digna
2507 2161 2680 2218 laude
2710 2163 2860 2220 ciere
2889 2165 3099 2236 queat?

1849 2254 1975 2309 Non
2008 2252 2153 2307 mihi
2184 2259 2304 2308 tam
2336 2252 2562 2308 fervens
2593 2257 2820 2326 vegetat
2850 2253 3169 2325 praecordia
3198 2253 3460 2326 sanguis.

1922 2342 2038 2398 Nec
2068 2345 2187 2397 tam
2219 2340 2382 2414 larga
2411 2358 2540 2398 meo
2572 2341 2819 2398 ﬂumina
2847 2342 2919 2398 ab
2950 2360 3048 2399 ore
3080 2344 3289 2412 ﬂuunt,

1853 2431 1924 2487 Ut
1952 2431 2080 2499 tibi,
2117 2436 2313 2488 sancte
2343 2448 2574 2503 parens,
2607 2431 2699 2503 pie
2727 2436 2908 2498 vates,
2942 2432 3096 2488 clare
3125 2432 3416 2499 sacerdos,

1923 2521 2222 2593 Condigne
2251 2520 2474 2576 valeam
2505 2520 2728 2578 solvere
2760 2521 2953 2578 laudis
2977 2539 3144 2595 opus.

1852 2609 1951 2666 Ille
1981 2611 2113 2684 pius
2144 2609 2390 2682 cmlique
2420 2627 2630 2683 parens
2663 2616 2944 2684 terraeque
2976 2617 3235 2683 repertor

1924 2699 2185 2773 Agminis
2216 2699 2461 2771 angelici
2493 2717 2610 2770 rex,
2643 2701 3071 2774 hominumque
3102 2705 3280 2766 sator,

1854 2788 2036 2859 Cujus
2067 2787 2224 2844 clara
2251 2788 2346 2860 pio
2377 2788 2639 2860 sequeris
2667 2789 2911 2862 vestigia
2941 2791 3134 2860 corde,

1926 2877 2077 2932 Dum
2109 2877 2299 2933 celsus
2330 2877 2615 2934 humilem
2647 2878 2911 2950 respicis,
2943 2882 3119 2949 atque
3150 2878 3324 2934 foves.

131 2965 374 3023 “⁴“’”.’““’⁹
415 2965 497 2979 ’““
518 2965 588 2977 ’Ν
622 2965 854 2977 “mw”
885 2965 1154 3019 ”“ἷ““”““
1184 2965 1358 3019 ””ῖ““
1857 2965 1959 3022 Ille
1988 2966 2128 3032 tuis,
2162 2965 2426 3037 inquam,
2459 2965 2684 3021 meritis
2712 2966 3003 3040 condigna
3032 2967 3244 3021 referre

131 3012 463 3078 Ternﬁcans,
501 3011 882 3083 lustransque
913 3009 1090 3064 Simul
1114 3026 1228 3065 non
1253 3026 1375 3081 ipse
1405 3013 1710 3081 tyrannus,
1926 3053 2194 3083 “nam,”
2253 3071 2315 3083 Μ
2348 3055 2569 3083 numam
2606 3055 2992 3083 “MMHMM
3022 3059 3179 3083 “mm
3213 3069 3225 3082 ο

130 3053 463 3155 ,;.”‘""’“"”’
502 3053 882 3110 ³“”ἶ“““’”“¹“”
913 3053 1090 3130 “”“““ξ
1115 3053 1228 3109 “”Ῑ”
1255 3053 1375 3081 Ἴων
1409 3053 1710 3081 ”“¹“””““”’
1926 3053 2218 3120 Praevalet,
2251 3071 2317 3110 ac
2347 3055 2573 3126 frugem
2604 3055 2994 3127 centuplicare
3022 3059 3182 3110 tuam
3213 3069 3227 3108 :

132 3135 146 3156 ι
170 3119 229 3157 οη
258 3102 406 3157 hunc
436 3101 788 3157 carnificum
838 3099 960 3154 fera
1006 3099 1244 3155 brachia
1282 3099 1571 3170 turbaque
1603 3115 1748 3170 prm-
1794 3167 1819 3170 ι
1862 3144 1930 3170 ,τι
1962 3143 2111 3170 mw,
2149 3159 2302 3170 ΠΜ
2335 3143 2492 3170 ,“M
2529 3143 2814 3170 manu,“
2846 3144 3066 3170 nm,“
3099 3144 3232 3170 ιη’,

1523 3143 1717 3254 ἰξθξὶζ
1781 3167 1822 3234 C
1862 3144 1934 3200 Ut
1960 3143 2114 3215 quod
2149 3159 2304 3198 nunc
2335 3143 2494 3216 largo
2527 3143 2816 3215 dispergis
2845 3144 3068 3200 semine
3099 3144 3289 3212 terris,

1938 3231 2182 3305 Largius
2207 3231 2386 3288 Elisia
2414 3236 2556 3287 tunc
2585 3231 2817 3305 regione
2839 3236 3047 3288 metas.

1867 3326 2095 3378 Interea
2122 3322 2198 3378 sit
2226 3321 2344 3376 vita
2371 3321 2498 3389 tibi,
2535 3320 2652 3377 sint
2683 3321 2846 3395 larga
2875 3321 3085 3378 salutis

1939 3408 2184 3479 Gaudia,
2218 3408 2392 3481 longa
2419 3409 2565 3475 dies,
2599 3409 2755 3465 altus
2787 3410 3025 3466 honoris
3056 3428 3220 3484 apex.

1869 3498 2085 3555 Divina:
2117 3497 2193 3552 sit
2223 3496 2369 3570 legis
2399 3515 2582 3565 amor,
2609 3499 2752 3554 tuba
2776 3497 2934 3555 clara
2963 3501 3228 3569 docendi,

1939 3586 2167 3661 Egregii
2199 3603 2412 3651 mores,
2445 3604 2545 3642 cor
2575 3587 2861 3659 probitate
2895 3588 3108 3646 nitens.

1870 3677 2020 3734 Grex
2049 3676 2155 3732 tibi
2186 3675 2541 3732 commissus
2570 3677 2776 3750 vigeat,
2809 3679 3073 3751 torvique
3103 3679 3288 3736 leonis

1941 3767 2103 3822 Saeva
2135 3765 2245 3820 fide
2277 3763 2441 3819 fortis
2469 3769 2709 3836 guttura
2737 3765 2892 3822 calce
2923 3771 3089 3824 terat.

1871 3855 1944 3911 Ut
1973 3871 2106 3910 cum
2137 3853 2356 3908 cmlesti
2389 3852 2642 3910 vallatus
2673 3853 2858 3910 milite
2888 3873 3163 3914 summus

1943 3947 2150 3998 Pastor
2177 3942 2249 3998 ab
2278 3942 2486 3998 excelsi
2519 3942 2748 3998 fulserit
2776 3961 2880 4000 axe
2911 3945 3049 4016 poli,

1872 4033 2023 4088 Tum
2054 4032 2201 4087 bene
2230 4031 2474 4088 servatis
2503 4031 2573 4088 ad
2603 4033 2865 4088 dextram
2887 4039 2944 4090 te
2972 4034 3122 4090 locet
3150 4037 3339 4109 agnis,

1946 4121 2281 4177 Restituens
2313 4121 2527 4175 studiis
2557 4121 2797 4191 pramia
2823 4123 3003 4194 digna
3029 4125 3169 4180 tuis.

1875 4211 2039 4266 Tunc
2066 4209 2226 4264 velut
2253 4208 2471 4264 electus
2503 4209 2654 4264 aries
2687 4210 2746 4263 in
2779 4211 2931 4266 nube
2961 4228 3204 4268 corusca

1945 4297 2186 4353 Velleris
2216 4297 2402 4351 aurati
2436 4301 2743 4353 stemmate
2773 4297 2967 4356 clarus
2995 4316 3113 4356 eas.

1875 4389 2058 4453 Quem
2091 4386 2265 4441 niveae
2295 4387 2648 4442 comitentur
2667 4405 2800 4444 oves
2825 4388 3076 4462 agnique
3106 4389 3377 4458 nitentes,

1950 4475 2255 4548 Sumpturi
2287 4477 2415 4530 vitm.
2449 4493 2666 4548 pascua
2698 4481 3006 4549 perpetuae.

118 1053 304 1126 Pagina
333 1051 644 1123 depromit,
679 1050 893 1107 Christi
923 1067 1070 1122 quos
1099 1049 1216 1105 lota
1246 1065 1450 1105 cruore

117 1143 427 1215 Palmigeris
459 1141 649 1196 claros
678 1139 954 1195 manibus
990 1139 1137 1195 stola
1168 1138 1418 1193 candida
1447 1136 1643 1193 comit.

171 1233 257 1288 His
284 1233 682 1288 confessorum
716 1229 1146 1302 pulcherrimus
1172 1229 1312 1284 ordo
1345 1227 1595 1284 cohazret

115 1325 241 1388 Quos
269 1321 475 1376 ardens
510 1319 643 1374 fidei
682 1318 937 1391 provexit
967 1319 1038 1373 ad
1073 1317 1288 1372 aethera
1315 1315 1519 1371 virtus.

168 1416 279 1467 Mox
305 1416 360 1466 et
390 1409 666 1482 virgineae
697 1412 972 1464 resonant
993 1425 1059 1463 ex
1089 1407 1290 1462 ordine
1320 1405 1524 1461 laudes

117 1501 488 1570 Prudenteque
520 1497 681 1553 chori
713 1497 998 1552 virtutum
1032 1496 1302 1568 lampade
1333 1495 1494 1560 clari,

117 1591 206 1646 Nec
233 1589 422 1645 minus
451 1587 688 1644 interno
720 1585 1041 1658 locupletes
1074 1601 1304 1656 semper
1334 1583 1503 1651 olivo,

119 1678 347 1735 Sidereos
371 1677 602 1732 intrant
631 1675 945 1744 thalamos,
972 1673 1317 1744 Christoque
1339 1673 1628 1745 jugantur
1660 1687 1673 1725 :

119 1768 267 1839 Cujus
293 1783 388 1822 eos
415 1766 646 1831 dextra,
681 1768 894 1819 aeterno
927 1762 1277 1834 constringit
1306 1777 1521 1817 amore.

118 1855 232 1912 Hinc
251 1855 418 1911 etiam
446 1853 602 1910 sacri
636 1851 909 1925 quotiens
938 1851 1283 1906 fundamina
1310 1849 1512 1922 templi

118 1945 476 2017 Consurgunt,
515 1943 787 2013 aedesque
817 1941 932 1996 Deo
963 1957 1111 1996 nova
1139 1939 1411 1995 conditur
1440 1938 1576 2006 alto,

119 2033 391 2106 Tinguitur
419 2037 478 2088 et
513 2035 674 2086 tactu
705 2030 884 2084 divini
917 2028 1254 2084 chrismatis
1285 2028 1453 2098 altar,

120 2122 223 2186 Qua
251 2121 559 2195 relegenda
589 2120 722 2193 pius
751 2135 854 2192 pro
885 2123 1146 2191 tempore
1170 2117 1426 2190 postulat
1456 2133 1599 2172 usus

122 2211 183 2265 Ex
206 2217 464 2266 veterum‘
484 2209 666 2265 dictis
695 2211 892 2263 vatum
925 2205 1167 2263 collecta
1197 2210 1545 2278 sequuntur.

175 2301 304 2356 Tum
333 2316 508 2356 sacer
537 2299 813 2354 Andrzeas
840 2295 972 2351 miri
1004 2313 1138 2351 cum
1168 2295 1339 2351 laude
1369 2295 1649 2367 triumphi

124 2389 419 2445 Concinitur
447 2387 804 2459 Christoque
821 2402 928 2441 suo
952 2386 1077 2456 jam
1112 2385 1412 2457 proximus
1442 2385 1620 2440 haeret

123 2478 296 2550 Optata
322 2478 413 2534 cui
445 2481 643 2534 morte
673 2475 882 2539 crucis,
917 2475 1010 2530 cui
1043 2478 1237 2530 mente
1269 2473 1422 2528 ﬁdeli

125 2567 359 2636 Haaserat,
393 2573 449 2624 et
483 2570 612 2623 toto
643 2565 836 2622 cordis
867 2566 1210 2638 ﬂagraverat
1241 2568 1405 2629 aestu,

125 2656 225 2713 Non
254 2657 409 2713 illum
446 2657 665 2722 fustes,
698 2672 814 2710 non
837 2654 950 2710 diri
981 2653 1230 2709 carceris
1261 2653 1483 2719 horror,

127 2745 226 2801 Non
254 2752 486 2801 centum
521 2744 742 2816 fregere
774 2743 966 2810 mina},
1002 2759 1116 2798 non
1146 2741 1380 2797 vincula
1405 2741 1564 2796 lava.

129 2834 271 2891 Binos
295 2833 386 2890 ille
413 2834 550 2889 dies
572 2833 720 2888 sacri
753 2833 824 2887 de
853 2831 1064 2886 vertice
1094 2831 1212 2903 igni

129 2923 374 2992 Intonuit,
403 2922 590 2979 verbo
621 2921 855 2977 aetherio
883 2919 1154 2976 mortalia
1182 2920 1358 2975 corda

133 3277 375 3350 Amplexu
406 3276 578 3334 chari
612 3275 799 3348 potuit
828 3275 1098 3332 divellere
1129 3275 1294 3348 ligni,

135 3363 291 3422 Donec
313 3365 673 3440 splendiﬂua
703 3364 1100 3420 circumdatus
1131 3363 1390 3437 undique
1421 3364 1596 3420 nube.

136 3453 260 3510 Nulli
289 3456 652 3528 conspicuus
685 3453 950 3510 mortalis
981 3453 1140 3509 exuit
1169 3458 1353 3520 artus,

141 3541 382 3617 Fulgidus
413 3545 490 3599 ad
528 3542 828 3598 Christum
861 3541 1104 3616 fulgenti
1138 3543 1371 3598 tramite
1401 3559 1668 3616 pergens.

191 3633 465 3689 Adventus
501 3631 724 3687 Christi
755 3631 1045 3702 praeconia
1075 3631 1189 3686 ﬁne
1221 3631 1332 3687 sub
1365 3631 1493 3704 ipso

140 3721 366 3776 Terribili
394 3735 675 3777 sermone
707 3722 870 3774 tonat
901 3735 1016 3791 quo
1046 3719 1308 3775 concitus
1339 3721 1477 3776 anni

141 3809 366 3866 Circulus
395 3808 658 3864 almiﬂco
691 3806 903 3862 Christi
934 3808 1221 3864 deductus
1251 3809 1323 3863 ab
1349 3814 1502 3864 ortu.

143 3896 434 3954 Almificum
464 3896 684 3953 Christi
717 3901 1026 3952 concurrat
1055 3914 1286 3970 semper
1313 3898 1371 3952 in
1404 3903 1617 3954 ortum.

144 3984 324 4059 Nempe
344 3987 435 4043 hic
456 3985 1197 4060 principium,cunctorum
1220 3986 1315 4041 hic
1339 3987 1472 4042 finis
1493 3987 1758 4043 habetur.

146 4075 180 4126 Α
204 4077 342 4146 prior
369 4075 626 4146 cunctis,
657 4079 698 4122 Ω
727 4075 954 4130 cunctis
983 4075 1230 4132 ultimus
1259 4080 1466 4131 exstat.

201 4163 311 4220 Hec
341 4166 527 4240 igitur
553 4164 884 4220 veneranda
914 4164 1148 4221 Patrum
1199 4165 1376 4231 dicta,
1426 4165 1644 4238 optime
1683 4165 1763 4222 le-

1527 4256 1692 4325 [ctor,

151 4338 344 4414 Perlege
373 4343 666 4399 sollicitus
698 4343 936 4398 memori
968 4343 1077 4398 sub
1109 4345 1280 4399 corde
1311 4345 1578 4414 reconde,

149 4430 351 4487 Actibus
381 4447 610 4500 exerce,
647 4432 760 4488 fido
793 4448 1062 4488 sermone
1091 4433 1340 4505 profare,

151 4515 246 4608 lion
268 4519 362 4608 hic
393 4521 702 4576 mortifero
732 4524 962 4576 metuas
991 4519 1096 4576 lita
1123 4520 1236 4576 tela
1271 4537 1508 4592 veneno,
1799 4543 1844 4608 Ι)

151 4603 240 4661 Nec
265 4607 482 4666 levibus
514 4609 736 4682 linguis
768 4608 965 4681 paleas
995 4626 1110 4664 non
1142 4609 1358 4680 pabula
1387 4610 1571 4676 fusas,
1799 4593 1842 4608 υ
2643 4593 2764 4648 νῙῙο

152 4690 302 4750 Totus
329 4696 618 4752 catholico
648 4696 978 4769 resplendet
1007 4698 1148 4753 ﬂore
1170 4696 1423 4754 libellus.

2034 4698 2274 4738 TITULUS
2315 4700 2372 4738 IN
2410 4697 2612 4737 ABSIDE
2651 4699 2928 4738 Μεωοιιυε
2965 4699 3162 4740 SANCTI
3199 4699 3370 4742 JUSTI.

152 4779 302 4838 Totus
330 4785 508 4841 habet
539 4785 806 4859 gravium
839 4786 1167 4842 certissima
1194 4786 1350 4843 dicta
1377 4787 1657 4853 virorum,
1882 4787 2094 4844 Christi
2128 4792 2332 4844 sancta
2361 4787 2592 4854 domus,
2631 4787 2976 4860 praepollens
3007 4789 3142 4846 aula
3172 4790 3402 4864 piorum

155 4869 238 4923 Hic
263 4873 359 4927 tibi
392 4879 552 4930 recta
584 4875 729 4929 fides
761 4873 915 4930 claro
947 4891 1216 4930 sermone
1246 4877 1486 4948 patebit.
1885 4877 2124 4950 Hospita
2153 4881 2511 4943 sanctorum,
2544 4876 2826 4932 virtutum
2859 4879 3062 4935 sedula
3094 4885 3298 4951 mater,

156 4955 240 5013 Hic
265 4978 389 5033 spes
420 4969 582 5019 certa
611 4967 774 5018 tuam
805 4963 1074 5019 sustollet
1102 4965 1172 5019 ad
1205 4965 1421 5021 aethera
1451 4969 1704 5021 mentem
1886 4967 2016 5023 Haec
2046 4970 2134 5024 est
2165 4983 2340 5037 quam
2373 4965 2562 5022 cernis
2593 4983 2842 5039 semper,
2876 4969 2974 5023 ubi
3006 4968 3114 5025 rite
3143 4973 3421 5042 precanti,

157 5043 213 5098 Et
237 5047 449 5106 sincera
476 5052 642 5124 pium
677 5056 862 5124 terget
890 5052 1122 5108 dilectio
1154 5058 1374 5126 pectus.
1887 5056 2086 5113 Gratia
2112 5055 2276 5128 larga
2303 5059 2460 5127 patet
2482 5072 2585 5128 per
2613 5060 2699 5112 tot
2727 5057 3026 5113 cumulata
3054 5064 3350 5131 patronos.

158 5135 258 5198 Quo
285 5138 529 5195 ducente
561 5141 693 5208 ﬁde,
728 5140 988 5213 locuples
1018 5159 1140 5214 spe,
1174 5160 1357 5214 purus
1388 5160 1584 5199 amore
1887 5147 2042 5210 Quos
2074 5144 2324 5217 propriis
2356 5145 2546 5202 titulis
2576 5146 2884 5220 distinguit
2913 5147 3100 5220 gloria
3128 5166 3387 5207 consors.

160 5220 500 5284 Conscendas
534 5229 736 5302 rapido
768 5229 1026 5286 ccelestia
1057 5247 1236 5303 regna
1261 5231 1474 5298 volatu,
1889 5234 2147 5289 Convexo
2177 5235 2339 5290 varia
2368 5234 2611 5292 rutilant
2640 5253 2742 5292 ceu
2773 5237 2966 5292 sidera
2997 5238 3159 5294 caalo.

217 5341 282 5408 (α)
314 5343 370 5398 ld
403 5349 494 5402 est
524 5346 948 5418 Augustoduni.
983 5347 1128 5403 Nam
1163 5351 1386 5404 veteres
1417 5353 1672 5404 montem
1704 5350 1914 5405 (lunam
1943 5349 2258 5422 appellant.

1385 5581 2291 5622 -ςοοοοοοο--ο
