3914 6166
177 281 278 345 281

1006 271 1418 338 EXPOSITIO
1462 272 1542 334 IN
1586 271 1760 332 EPP.
1806 271 2064 332 PAULI.
2100 305 2173 314 —
2204 271 2325 331 ΕΡ.
2371 271 2474 330 AD
2521 269 2711 331 ROM.

3431 269 3550 328 282

179 417 416 474 daretur.
467 409 545 484 (S.
596 409 774 484 Aug.,
813 409 966 482 epist.
1019 405 1091 464 ad
1133 407 1372 476 Sixtum,
1417 408 1559 462 tom.
1592 405 1662 472 II,
1695 403 1802 462 col.
1833 410 1888 477 Α
1917 409 2174 461 tuerunt.
2211 403 2290 478 (S.
2334 405 2506 476 Aug.,
2563 402 2659 460 lib.
2699 401 2764 460 de
2815 402 3034 470 Trinit.,
3083 404 3226 459 tom.
3264 401 3411 471 VIII,
3442 399 3552 459 col.

176 509 309 563 877).

242 509 268 560 7
297 547 309 560 .

242 507 416 660 G)ratia
440 601 597 656 nobis
627 606 678 654 et
703 615 818 671 pax
846 614 880 653 α
908 598 1014 654 Deo
1044 601 1208 653 Patre
1245 604 1298 652 et
1339 596 1568 651 Domino
1613 601 1798 649 nostro

173 695 285 752 Jcsu
317 691 540 746 Christo.
562 687 760 746 Gratia
788 685 888 742 Dei
919 689 1170 758 qua...et
1201 683 1799 757 prophetaa.(S.Aug.,

181 785 264 838 lib.
297 799 309 836 ι
340 778 819 841 Retraclationum,
853 780 990 832 tom.
1029 775 1072 840 Ι,
1105 772 1215 830 col.
1247 775 1396 844 623.)

238 884 843 957 Primumquidem...in
859 883 1106 938 universo
1116 880 1558 936 mundo.Beatus
1575 879 1775 934 enim..
1787 919 1799 934 .

181 995 279 1034 non
323 976 526 1031 Deum.
561 973 644 1045 (S.
684 973 856 1044 Aug.,
898 971 995 1026 lib.
1027 969 1093 1025 de
1138 969 1357 1036 Ovibus,
1389 972 1532 1024 tom.
1568 971 1636 1033 ν,
1672 984 1728 1040 ρ.
1761 983 1802 1034 1,

182 1063 274 1122 col.
303 1062 446 1134 315).

245 1161 400 1217 Testis
427 1160 580 1214 enim
606 1158 750 1212 mihi
774 1163 852 1212 est
878 1158 1085 1213 Deus...
1107 1157 1250 1211 sicut
1277 1163 1329 1211 et
1357 1157 1417 1210 in
1446 1155 1655 1211 caeteris
1675 1171 1804 1226 gen-

182 1251 306 1307 tibus
335 1249 538 1305 Graecis
563 1263 626 1302 ac
651 1245 920 1301 barbaris.
954 1245 1071 1317 Ego
1103 1248 1298 1300 autem
1331 1244 1459 1299 dico
1488 1243 1806 1308 vobis,non

176 1340 419 1410 jurare...
453 1334 612 1391 malo
641 1339 732 1390 est
763 1333 945 1389 illius.
977 1334 1058 1401 (S.
1090 1334 1264 1406 Aug.,
1297 1333 1392 1388 lib.
1428 1332 1532 1388 Ide
1559 1347 1808 1388 sermone

181 1428 386 1485 Domini
412 1427 476 1480 in
504 1431 708 1490 monte,
741 1427 885 1479 tom.
918 1421 1015 1487 III,
1048 1438 1104 1494 p.
1139 1438 1178 1488 1,
1211 1420 1320 1478 col.
1357 1423 1497 1478 1255
1527 1425 1584 1477 et
1613 1421 1758 1492 seq).

239 1531 580 1605 Sapientibus
608 1539 662 1587 et
692 1529 1074 1602 insipientibus
1086 1528 1302 1584 debitor
1323 1529 1553 1594 sum,ita
1587 1528 1726 1600 quod
1751 1531 1810 1584 in

182 1639 254 1678 me
272 1629 585 1694 promptum
608 1626 686 1675 est
709 1627 761 1674 et
787 1620 957 1675 vobis.
989 1620 1088 1691 qui
1117 1619 1300 1674 Romae
1335 1619 1481 1687 estis,
1528 1619 1810 1688 evangeli-

182 1728 307 1767 zare.
340 1711 428 1766 Tu
477 1707 774 1782 perfecisti
820 1707 1001 1764 solem
1034 1711 1091 1762 et
1136 1707 1359 1762 lunam.
1395 1705 1588 1762 Solem
1640 1706 1811 1779 spiri-

1913 493 2090 565 1034).

1983 592 2044 648 In
2075 591 2292 647 talibus
2324 590 2481 646 enim
2511 589 2712 646 formis
2740 589 2915 646 etiam
2967 588 3122 646 idola
3151 588 3555 659 instituerunt,

1911 684 2045 748 etc.,
2077 696 2243 752 usque
2273 680 2340 734 ad
2371 680 2766 734 destruantur.
2799 678 2932 747 (Id.,
2961 678 3056 734 lib.
3086 679 3284 748 Serm.,
3309 683 3452 735 tom.
3487 684 3555 748 V,

1912 786 1969 842 p.
2002 786 2040 837 1,
2077 769 2185 824 col.
2222 769 2361 823 1022
2391 772 2446 823 et
2473 772 2619 840 seq.)
2660 767 2765 835 Id.,
2798 783 2867 824 ex
2915 766 3084 840 bapt.,
3115 772 3258 824 tom.
3309 767 3398 836 IX,
3447 768 3555 826 col.

1912 859 2015 914 454
2046 862 2104 914 et
2133 858 2279 930 seq.)

1984 956 2258 1020 Quamvis
2307 955 2463 1011 enim
2511 955 2686 1010 homo
2738 952 3106 1009 Christianus
3154 953 3383 1022 litteris,
3423 960 3557 1024 etc.,

1912 1062 2084 1118 usque
2129 1045 2198 1100 ad
2248 1042 2380 1100 fecit
2431 1042 2699 1117 intelligi.
2734 1043 2865 1114 (Id.,
2899 1043 2962 1100 de
2991 1043 3133 1099 Civit
3161 1043 3282 1111 Dei,
3314 1048 3455 1101 tom.
3485 1046 3557 1115 V,

1915 1132 2026 1190 col.
2055 1133 2203 1205 234).

1986 1231 2226 1287 Hermes
2257 1230 2760 1304 lEgyptius,quem
2791 1229 3374 1304 Trimegistum,etc.,
3393 1249 3566 1304 usque

1916 1320 1987 1376 ad
2020 1320 2140 1375 fieri
2173 1318 2596 1376 daemoniorum
2631 1320 2762 1392 (Id.,
2797 1320 2893 1375 lib.
2923 1319 2988 1375 de
3035 1321 3273 1376 Civitate
3311 1323 3414 1377 Dei
3440 1338 3561 1388 v111,

1916 1414 2060 1465 tom.
2090 1409 2209 1477 VII,
2245 1409 2354 1464 col.
2391 1411 2494 1464 447
2526 1413 2581 1464 et
2613 1409 2762 1481 seq.)

1990 1507 2292 1562 Daemones
2325 1506 2523 1578 itaque
2555 1505 2655 1578 qui
2687 1505 2966 1561 coluntur
2992 1503 3052 1560 in
3083 1504 3320 1577 templis
3350 1523 3454 1579 per
3481 1523 3566 1563 ar-

1919 1600 2035 1650 tem
2070 1595 2285 1660 nescio,
2319 1599 2453 1662 etc.,
2486 1611 2658 1667 usque
2685 1595 2754 1650 ad
2786 1594 3164 1668 providentia.
3198 1595 3330 1664 (Id.,
3361 1595 3429 1651 de
3445 1597 3563 1654 Civ.

1921 1685 2036 1751 Dei,
2070 1689 2211 1740 tom.
2246 1685 2366 1752 VII,
2393 1683 2499 1740 col.
2529 1685 2680 1755 252).

182 1799 440 1867 tuales,...
478 1779 726 1853 Vdebitor
775 1812 929 1851 sum.
977 1795 1063 1864 (S.
1109 1797 1281 1868 Aug.,
1333 1797 1390 1850 in
1438 1796 1579 1866 psal.
1617 1813 1806 1864 Lxxm,
1842 1779 1888 1847 Β
1990 1782 2225 1853 δρθοίθδ
2257 1783 2656 1838 membrorum
2688 1786 2824 1846 θίασον
2873 1797 3043 1854 usque
3085 1781 3155 1836 ad
3201 1780 3393 1838 Videre
3432 1797 3572 1838 con"

183 1895 306 1945 tom.
337 1887 426 1955 IV,
466 1891 622 1960 part.
655 1903 694 1955 1,
725 1884 836 1940 col.
868 1885 1016 1956 941).

242 1996 346 2050 Non
391 1995 548 2049 enim
610 1992 928 2048 erubesco...
972 1991 1161 2048 Iudaeo
1206 1993 1449 2062 primum
1498 2000 1548 2046 et
1606 1990 1811 2047 Gnaeo.

186 2082 633 2156 Objiciebatur...
666 2085 787 2136 tam
816 2079 1019 2136 libera.
1054 2080 1134 2152 (S.
1158 2082 1330 2153 Aug.,
1355 2081 1412 2135 in
1440 2080 1584 2152 psal.
1621 2096 1811 2149 vam,

187 2176 308 2228 tom.
341 2171 431 2238 ιν,
467 2189 531 2244 p.
564 2188 604 2237 1,
638 2170 744 2226 col.
778 2170 883 2224 856
909 2173 966 2225 et
996 2170 1142 2241 seq,)

245 2279 464 2335 Justitia
495 2279 649 2334 enim
677 2278 774 2332 Dei
803 2278 862 2332 in
900 2293 960 2332 eo
992 2276 1262 2332 revelatur
1290 2293 1358 2332 ex
1399 2275 1502 2348 ﬁde
1545 2278 1604 2332 in
1631 2275 1814 2348 ﬁdem.

189 2367 524 2440 lntelligitur
553 2366 791 2439 quidem
824 2365 968 2421 ﬁdes
1007 2382 1125 2436 qua
1172 2367 1492 2420 creduntur
1522 2383 1589 2421 ea
1621 2383 1816 2438 quae.,.

188 2455 670 2528 praestantissima
701 2453 980 2510 veritatis.
1015 2454 1094 2523 (S.
1127 2455 1298 2526 Aug.,
1332 2455 1428 2510 lib.
1454 2457 1821 2526 quaestionum

191 2547 476 2614 Evangelii,
516 2561 574 2616 q.
605 2546 659 2611 2,
695 2548 835 2599 tom.
872 2543 966 2611 III,
1000 2559 1056 2614 p.
1091 2559 1128 2609 1,
1162 2542 1271 2597 col.
1309 2545 1446 2598 1352
1477 2549 1534 2599 et
1563 2544 1710 2615 seq.)

247 2653 466 2708 Idem...
505 2651 926 2722 consequentia
955 2651 1181 2705 docent.
1203 2651 1290 2718 (S.
1322 2652 1493 2722 Aug.,
1518 2651 1688 2707 lib.de
1703 2651 1824 2723 Spi-

190 2744 286 2796 ritu
311 2750 357 2797 et
384 2743 598 2807 littera,
632 2744 775 2794 tom.
807 2739 874 2805 X,
908 2757 962 2810 p.
997 2756 1037 2806 1,
1072 2738 1178 2794 col.
1212 2740 1311 2793 211
1347 2743 1403 2794 et
1433 2741 1578 2812 seq).

247 2849 332 2903 Ait
359 2846 652 2904 Dominus
675 2846 981 2916 Jesus.Ego
1010 2863 1133 2900 sum
1162 2847 1272 2910 via,
1308 2848 1508 2901 veritas
1535 2855 1586 2902 et
1615 2849 1820 2914 vita...,

189 2936 482 3008 iniquitate
517 2936 802 2990 detinent.
836 2935 917 3005 (S.
949 2937 1122 3006 Aug.,
1154 2943 1308 2990 tract.
1341 2935 1406 2990 de
1457 2935 1638 2990 Verbis
1667 2952 1822 3007 apos-

192 3026 271 3080 tsli
295 3027 379 3091 55,
404 3031 558 3081 tom.
589 3022 658 3088 V,
692 3026 842 3095 part.
879 3040 917 3090 ι,
949 3022 1060 3078 col.
1092 3024 1240 3095 776).

250 3131 381 3194 Quis
422 3129 594 3185 novit
642 3132 989 3200 potestatem
1040 3129 1135 3184 iraa
1183 3134 1316 3196 tuae,
1349 3134 1483 3196 etc.,
1537 3146 1706 3202 usque
1756 3131 1828 3186 ad

193 3217 520 3290 impiorum.
554 3217 686 3288 (Id.,
719 3220 781 3273 in
805 3218 951 3289 psal.
984 3235 1204 3286 LXXXII,
1237 3213 1380 3274 tom.
1417 3217 1508 3285 IV,
1547 3236 1598 3292 p.
1635 3220 1821 3286 11,001.

198 3308 358 3374 1145).

255 3405 533 3478 Nunquid
565 3403 729 3470 dixit,
763 3408 894 3470 etc.,
935 3421 1106 3476 usque
1151 3405 1220 3460 ad
1267 3404 1432 3460 stulti
1479 3405 1614 3461 facti
1667 3409 1826 3462 sunt.

202 3491 312 3561 (Id.,
341 3510 508 3550 serm.
543 3493 635 3560 56,
666 3493 731 3548 de
779 3493 955 3548 verbis
1003 3494 1234 3564 Evang.,
1281 3497 1423 3549 tom.
1475 3494 1541 3563 V,
1593 3499 1744 3566 part.
1788 3511 1826 3563 1,

199 3580 290 3636 col.
313 3584 418 3638 776
448 3587 514 3638 et
547 3582 695 3654 seq.)

258 3677 409 3734 Unde
442 3679 688 3752 probas,
719 3683 851 3744 etc.,
901 3695 1070 3751 usque
1117 3679 1188 3734 ad
1233 3679 1456 3735 fortiter
1503 3680 1823 3738 ambulare.

199 3766 313 3833 (Id.,
344 3769 511 3835 ibid.,
545 3772 689 3824 tom.
721 3766 790 3833 V,
819 3785 874 3840 p.
905 3785 945 3835 1,
980 3768 1086 3824 col.
1118 3769 1225 3823 777
1257 3773 1310 3824 et
1336 3770 1481 3842 seq.)

254 3872 353 3928 Via
382 3873 621 3930 Domini
653 3877 754 3928 aut
781 3891 896 3929 non
931 3878 1071 3941 erat,
1105 3879 1207 3929 aut
1234 3873 1470 3944 latebat,
1495 3879 1626 3942 etc.,
1664 3893 1832 3949 usque

199 3958 255 4014 ad
281 3961 382 4018 nisi
416 3962 474 4018 in
507 3965 585 4018 te.
622 3962 754 4034 (Id.,
785 3979 947 4018 serm.
981 3965 1033 4032 8,
1068 3962 1133 4018 de
1163 3965 1337 4019 verbis
1365 3964 1668 4035 Evangelii,
1683 3969 1827 4020 tom.

198 4047 256 4115 V,
285 4067 336 4122 p.
369 4069 406 4119 1,
435 4050 550 4107 col.
585 4051 690 4106 436
719 4053 776 4106 et
806 4054 954 4124 seq.)

255 4159 565 4214 Invisibilia
595 4161 744 4215 enim
772 4159 889 4231 ejus
904 4175 1005 4231 per
1021 4175 1086 4215 ea
1112 4174 1239 4230 quae
1261 4161 1408 4233 facta
1425 4168 1554 4216 sunt
1583 4162 1828 4217 intellec-

202 4251 248 4297 ta
267 4249 695 4319 conspiciuntur.
730 4246 892 4302 Unde
939 4253 1269 4320 arguuntur
1316 4249 1373 4303 in
1404 4247 1554 4305 libro
1585 4250 1830 4322 Sapien-

201 4331 298 4401 tiae,
329 4340 458 4404 etc.,
493 4353 665 4410 usque
694 4336 765 4392 ad
793 4353 928 4392 cum
959 4336 1142 4392 Deum
1193 4337 1530 4409 quaerimus.
1565 4339 1695 4412 (Id.,
1729 4340 1827 4395 lib.

203 4421 256 4476 de
287 4424 546 4481 Trinitate
574 4443 669 4491 xv,
705 4430 846 4481 tom.
880 4425 1026 4493 VIII,
1060 4424 1170 4481 col.
1207 4427 1386 4498 1058).

262 4528 540 4587 Viderunt
569 4547 709 4604 ergo
738 4532 860 4599 isti,
889 4536 1030 4597 etc.,
1057 4549 1229 4604 usque
1268 4533 1338 4588 all
1385 4539 1595 4590 cuncta
1640 4539 1834 4592 creata
1863 4522 1908 4587 D

209 4623 346 4672 sunt.
379 4621 514 4691 (Id.,
557 4621 658 4678 lib.
707 4621 773 4678 de
801 4621 1036 4678 Civitate
1079 4624 1178 4678 Dei
1220 4639 1342 4688 vm,
1373 4627 1517 4691 tom,
1563 4623 1684 4692 VII,
1719 4624 1828 4680 col.

204 4705 290 4761 231
317 4711 374 4764 et
399 4711 546 4782 seq.)

265 4811 664 4888 Philosophus,
695 4820 828 4885 etc.,
859 4832 1029 4888 usque
1075 4817 1146 4872 ad
1190 4815 1448 4889 infigam.
1481 4817 1613 4888 (Id.,
1642 4819 1738 4873 lib.
1771 4819 1836 4875 de

211 4898 451 4960 Trbritate
479 4921 558 4973 1v,
593 4909 739 4960 tom.
771 4904 926 4972 VIII,
958 4904 1066 4961 col.
1100 4905 1251 4977 903.)

266 5005 371 5063 Nec
399 5010 473 5065 ad
507 5010 663 5067 aliud
699 5011 936 5084 quidem
971 5011 1132 5084 digni
1161 5011 1346 5067 habiti
1398 5016 1539 5068 sunt
1562 5017 1626 5068 ut
1659 5014 1717 5069 in
1751 5015 1834 5072 eis

206 5089 305 5148 ista
332 5113 432 5168 per
460 5105 696 5156 sanctos
741 5101 980 5174 angelos
1029 5101 1463 5168 nuntiarentur,
1499 5101 1618 5158 sive
1664 5104 1838 5159 forin-

210 5195 359 5239 secus
391 5203 496 5257 per
524 5206 732 5246 sensus
759 5190 1040 5262 corporis,
1074 5191 1192 5246 sive
1222 5189 1599 5246 interioribus
1630 5191 1837 5247 revela-

208 5268 452 5331 tionibus
480 5275 542 5332 in
571 5278 781 5351 spiritu
813 5279 1125 5352 expressis,
1159 5282 1291 5343 etc.,
1324 5295 1492 5350 usque
1538 5280 1608 5334 ad
1640 5297 1838 5352 perve.

213 5358 342 5416 nire.
371 5363 502 5433 (Id.,
535 5373 684 5423 tract
721 5371 1008 5438 Evangelii
1051 5368 1347 5424 secundum
1391 5370 1546 5424 Joan.
1581 5385 1640 5434 1|,
1692 5373 1834 5424 tom.

215 5444 298 5516 III,
327 5452 430 5508 col.
467 5453 608 5510 1390
636 5460 688 5512 et
723 5458 870 5530 seq.)

276 5553 549 5631 Praecipui
579 5564 839 5634 gentium
871 5563 1225 5638 philosophi,
1257 5567 1566 5636 etc.,usque
1592 5563 1842 5622 adinsti-

1923 1871 2128 1926 suevit.
2165 1871 2292 1944 (Id.,
2330 1873 2389 1927 in
2434 1873 2578 1943 psal.
2611 1885 2766 1939 cx.11,
2800 1875 2942 1925 tom.
2979 1869 3070 1936 1V,
3105 1887 3160 1942 p.
3195 1887 3256 1939 ιι,
3289 1871 3398 1926 col.
3435 1872 3573 1927 11183

1922 1964 1979 2016 et
2003 1976 2065 2016 se
2115 2005 2124 2014 .

1994 1965 2280 2104 Vige)runt
2330 2049 2451 2104 haec
2516 2047 3020 2120 intelligentiores,
3079 2052 3210 2115 etc.,
3272 2064 3443 2120 usque
3500 2048 3576 2105 ad

1925 2137 2227 2193 subvertit.
2261 2139 2390 2210 (Id.,
2422 2138 2518 2193 lib.
2553 2155 2609 2193 1v
2637 2137 2700 2192 de
2731 2137 2957 2192 Civitate
2986 2137 3102 2205 Dei,
3138 2140 3282 2192 tom.
3314 2136 3435 2206 VII,
3460 2135 3571 2208 col,

1928 2228 2032 2282 136
2063 2231 2120 2282 et
2151 2231 2300 2299 seq.)

2000 2327 2186 2380 Brevis
2235 2326 2482 2380 omnium
2530 2338 2656 2396 quae
2697 2323 2952 2379 adversus
3004 2323 3275 2379 idolorum
3321 2323 3573 2388 cultores,

1927 2417 2040 2470 sive
2069 2417 2402 2470 institutores
2429 2430 2596 2486 supra
2643 2413 2711 2468 ab
2757 2413 2992 2484 apostolo
3035 2412 3180 2468 dicta
3210 2420 3339 2468 sunt
3367 2415 3575 2485 recapi-

1930 2504 2294 2567 tulatio.Quia
2324 2518 2454 2557 cum
2488 2502 2898 2575 cognovissent
2928 2502 3133 2568 Deum,
3153 2506 3284 2567 etc.,
3310 2519 3481 2574 usque
3510 2503 3579 2558 ad

1931 2591 2290 2647 illuminabit
2314 2596 2368 2646 te
2399 2591 2934 2660 Christus.(ld.,lib,
2962 2591 3026 2646 de
3056 2591 3261 2646 Natura
3282 2598 3331 2646 et
3359 2592 3578 2657 Gratia,

1933 2685 2075 2736 tom.
2110 2681 2174 2748 X,
2209 2698 2262 2753 p.
2299 2699 2339 2745 1,
2367 2679 2476 2736 col.
2509 2682 2614 2735 258
2641 2683 2696 2736 et
2729 2684 2876 2751 seq.)

2005 2780 2145 2834 Item
2181 2778 2370 2833 brevis
2407 2777 2744 2848 eorumdem
2793 2776 3104 2831 verborum
3153 2774 3577 2848 recapitulatio.

1932 2869 2220 2924 Revelatur
2265 2869 2414 2923 enim
2463 2869 2552 2921 ira
2601 2867 2706 2920 Dei
2756 2863 2822 2919 de
2865 2865 2994 2920 calo
3041 2879 3207 2935 super
3232 2879 3446 2920 omnem
3474 2866 3580 2920 im-

1928 2959 2206 3030 pietatem.
2231 2959 2514 3022 Quomm,
2545 2960 2676 3023 etc.,
2706 2969 2876 3026 usque
2905 2953 2975 3008 ad
3017 2967 3198 3024 quam
3229 2953 3578 3009 Creatorem.

1934 3047 2067 3114 (Id.,
2097 3060 2258 3100 serm.
2291 3043 2355 3100 de
2380 3042 2614 3099 Kalend.
2647 3043 2936 3107 Januarii,
2965 3045 3106 3096 tom.
3139 3040 3208 3112 V,
3241 3045 3390 3114 part.
3425 3040 3580 3108 1,col.

1856 3149 1898 3216 ρ
1937 3135 2069 3191 1021
2104 3139 2160 3190 et
2191 3137 2341 3206 seq.)

2011 3229 2120 3287 Sed
2153 3248 2234 3285 ve
2263 3228 2444 3297 tibi,si
2477 3227 2762 3284 amaveris
2794 3226 3026 3282 condita
3042 3230 3098 3282 et
3113 3226 3587 3283 deserueriscon-

1938 3320 2184 3374 ditorem
2237 3320 2341 3391 (Ex
2386 3333 2630 3374 sermone
2683 3317 2945 3373 secundae
2990 3315 3252 3388 Epistolw
3303 3317 3583 3388 Joannis).

1939 3407 2187 3464 Pulchra
2211 3407 2317 3463 tibi
2351 3411 2511 3478 sunt,
2535 3407 2636 3462 sed
2669 3409 2900 3479 quaento
2926 3409 3014 3461 est
3044 3401 3141 3460 ille
3171 3403 3472 3478 pulchrior
3485 3405 3586 3478 qui

1935 3497 2052 3553 ista
2081 3497 2372 3552 formavit.
2409 3496 2678 3552 Intendat
2707 3494 2962 3550 charitas
2990 3494 3288 3550 vestra.Ne
3317 3499 3589 3567 surrepat

1937 3587 2102 3643 vobis
2132 3588 2399 3652 Satanas,
2424 3586 2646 3652 dicens,
2670 3601 2796 3656 qua:
2830 3583 2977 3640 solet
3007 3582 3216 3639 dicere.
3238 3583 3390 3639 Bene
3418 3584 3588 3639 nobis

1939 3677 2016 3732 sit
2045 3676 2103 3731 in
2135 3680 2402 3731 creatura
2443 3674 2564 3730 Dei.
2597 3676 2786 3740 Quare
2813 3671 2973 3728 illam
3003 3673 3138 3728 fecit
3166 3673 3341 3740 Deus,
3377 3671 3492 3728 nisi
3522 3676 3589 3728 ut

1938 3767 2086 3822 bene
2113 3765 2282 3821 nobis
2313 3764 2425 3821 sit?
2454 3767 2510 3820 et
2539 3763 2926 3829 inebriantur,
2958 3766 3014 3818 et
3065 3765 3332 3834 pereunt,
3365 3765 3422 3818 et
3449 3761 3592 3818 obli-

1937 3856 2240 3910 viscuntur
2271 3859 2587 3910 creatorem
2620 3869 2817 3920 suum,
2836 3853 3018 3908 duum
3049 3867 3168 3908 non
3198 3855 3594 3924 temperanter

1939 3946 2041 4000 sed
2072 3943 2389 4016 cupiditate
2420 3947 2670 3998 utuntur
2699 3941 2993 4009 creatis,et
3021 3945 3245 3997 creator
3273 3941 3592 3997 contemni-

1940 4034 2139 4090 tur.De
2169 4032 2389 4088 talibus
2421 4032 2564 4087 dicit
2591 4030 2926 4104 Apostolus:
2945 4029 3262 4086 Coluerunt
3291 4033 3348 4084 et
3378 4030 3590 4086 servie-

1941 4126 2081 4177 runt
2109 4126 2381 4177 amaturae
2412 4120 2606 4192 potius
2641 4131 2817 4192 quam
2850 4119 3116 4186 creatori,
3151 4117 3250 4191 qui
3300 4121 3388 4172 est
3417 4118 3592 4173 bene-

1939 4211 2130 4265 dictus
2154 4209 2212 4264 in
2248 4208 2475 4264 saecula.
2508 4209 2634 4264 Non
2663 4213 2720 4262 te
2751 4206 3020 4280 prohibet
3041 4207 3195 4262 Deus
3227 4222 3425 4261 amare
3455 4205 3589 4273 ista,

1940 4299 2039 4355 sed
2076 4315 2187 4354 non
2221 4297 2462 4370 diligere
2493 4298 2565 4352 ad
2599 4295 3152 4362 beatitudinem,sed
3185 4295 3508 4367 approbare
3536 4297 3594 4349 et

1941 4387 2182 4444 laudare
2230 4391 2297 4442 ut
2340 4403 2502 4443 ames
2551 4390 2896 4441 creatorem.
2930 4385 3079 4457 Ergo
3111 4383 3268 4439 dedit
3299 4382 3406 4437 tibi
3438 4383 3594 4438 Deus

1938 4477 2052 4533 ista
2080 4475 2298 4543 omnia,
2329 4492 2464 4531 ama
2493 4473 2662 4530 illum
2697 4472 2800 4545 qui
2831 4473 2985 4527 fecit.
3017 4471 3154 4527 Plus
3185 4474 3277 4527 est
3303 4471 3459 4542 quod
3486 4469 3591 4525 tibi

1938 4566 2063 4624 vult
2092 4567 2251 4632 dare,
2283 4565 2342 4620 id
2373 4569 2463 4620 est
2492 4563 2757 4634 seipsum
2789 4560 2889 4633 qui
2940 4561 3054 4616 ista
3104 4559 3254 4616 fecit.
3285 4559 3594 4615 Credimus

1943 4656 2119 4711 etiam
2153 4654 2307 4726 quod
2338 4653 2500 4707 sedet
2529 4649 2797 4704 Christus
2829 4649 2901 4704 ad
2930 4649 3225 4705 dexteram
3241 4648 3592 4715 Patris,etc.,

1940 4761 2110 4816 usque
2138 4743 2210 4798 ad
2241 4743 2437 4796 futura
2467 4738 2563 4794 sit.
2595 4738 2726 4811 (Id.,
2758 4755 2902 4794 serm
2931 4738 2994 4794 de
3021 4739 3298 4812 Symbolo,
3320 4741 3466 4794 tom.
3498 4737 3592 4806 VI,

1943 4833 2053 4890 col.
2083 4835 2228 4901 188).

2014 4938 2241 5003 Propter
2263 4926 2404 5000 quod
2430 4925 2659 4982 tradidit
2686 4927 2839 4982 illios
2873 4931 3016 4983 Deus
3029 4928 3089 4982 in
3111 4925 3387 4982 desideria
3416 4924 3596 4981 cordis

1941 5038 2146 5086 eorum,
2176 5021 2233 5074 in
2266 5015 2692 5072 immunditiam.
2727 5015 2898 5071 Dedit
2927 5015 3058 5071 illos
3088 5015 3242 5071 Deus
3288 5014 3350 5070 in
3383 5031 3595 5070 concu-

1946 5107 2338 5183 cupiscentias
2370 5105 2561 5162 cordis
2592 5121 2819 5171 eorum,
2853 5108 2942 5160 etc
2972 5148 2986 5172 ,
3021 5121 3189 5177 usque
3236 5103 3307 5159 ad
3345 5118 3594 5158 consen-

1946 5201 2147 5255 serunt
2175 5194 2492 5268 iniquitati.
2528 5195 2657 5266 (Id.,
2691 5195 2787 5250 lib.
2821 5194 2886 5250 de
2913 5194 3130 5266 Spiritu
3159 5202 3209 5250 et
3239 5194 3594 5257 littera,tom.

1945 5289 2012 5358 X,
2044 5291 2191 5360 part.
2229 5303 2266 5351 1,
2301 5284 2409 5340 col.
2443 5285 2594 5355 235).

2016 5385 2118 5442 His
2164 5389 2220 5440 et
2263 5382 2480 5439 talibus
2523 5380 2898 5448 testimoniis,
2931 5386 3064 5448 etc.,
3098 5393 3266 5450 usque
3310 5374 3380 5430 ad
3425 5372 3598 5430 malis

1946 5473 2143 5532 bona?
2173 5473 2305 5543 (Id.,
2340 5472 2416 5527 lib
2446 5469 2510 5527 de
2541 5469 2728 5527 Gratia
2757 5478 2810 5528 et
2858 5471 3028 5526 libero
3066 5466 3322 5535 arbitrio,
3353 5467 3496 5521 tom.
3525 5461 3596 5531 X,

1949 5582 2008 5638 p.
2043 5582 2081 5633 ι,
2115 5561 2224 5620 col.
2257 5559 2406 5631 909).
