3914 6166
389 286 505 351 283
1598 291 1829 355 FLORI
1870 292 2184 357 DIACONI
2226 296 2612 364 MONACHI.
3618 312 3715 377 284

459 424 748 483 Mercedem
777 431 1023 483 mutuam
1051 440 1217 499 quam
1244 426 1479 499 oportuit
1506 428 1710 484 erroris
1737 429 1831 483 sui
1858 444 1921 483 in
1949 444 2027 484 se-
2054 428 2110 493 Α
2136 446 2206 485 ex
2232 431 2461 503 epistola
2482 430 2720 490 secunda
2747 430 2820 492 ad
2849 434 3192 494 Valentinum
3216 435 3281 496 de
3311 435 3483 499 Gratia
3503 452 3549 500 et
3574 444 3719 505 libero

386 517 629 589 metipsis
672 518 1007 588 recipientes.
1060 515 1399 588 Oportuisse
1447 516 1661 589 quippe
1711 533 1847 581 non,
1893 520 2026 587 etc.,
2136 518 2389 588 arbitrio,
2423 524 2564 576 tom.
2597 522 2666 590 II,
2702 522 2809 580 col.
2842 525 2941 581 971
2976 529 3033 581 et
3061 527 3205 600 seq.)

386 621 555 677 usque
586 604 656 660 ad
686 604 933 678 turpiter
970 603 1130 660 libet.
1166 605 1246 677 (S.
1278 606 1449 677 Aug.,
1485 604 1581 660 lib.
1613 623 1631 660 1
1679 613 1867 662 contra
1916 607 2026 662 ini-
2209 608 2393 665 Gloria
2422 618 2679 679 autem,et
2702 614 2951 682 honor,et
2967 632 3084 687 pax
3110 618 3258 673 omni
3274 621 3507 691 aperanti
3532 620 3717 693 bonum,

384 696 574 749 micun
604 694 739 765 legis
769 703 822 751 et
841 694 1250 767 prophetarum,
1282 696 1422 749 tom.
1456 693 1603 761 VIII,
1628 693 1735 751 col.
1769 695 1915 761 635).
2134 697 2330 755 Judaeo
2357 701 2602 772 primum
2631 710 2681 757 et
2710 702 2912 760 Graeco.
2947 704 3062 759 Pax
3088 704 3315 771 Christi,
3349 707 3511 763 tinem
3537 713 3723 785 tempo-

457 800 751 857 Inchoatio
783 804 890 869 est,
923 805 1232 873 etc.,usque
1261 800 1331 857 ad
1355 802 1639 875 gaudium
1672 801 1975 857 Dominitu

2136 785 2238 854 ris,
2269 792 2402 855 etc.,
2434 805 2602 861 usque
2631 790 2701 847 ad
2732 792 2976 865 spiritus
3006 797 3113 849 est.
3146 794 3223 866 (S.
3257 796 3420 868 Aug.,
3450 797 3724 856 lib.senten-

385 888 514 961 (Id.,
550 892 609 946 in
633 893 773 964 psal.
806 908 882 957 vx,
920 896 1057 946 tom.
1094 891 1186 959 IV,
1221 908 1276 962 p.
1309 908 1345 957 1,
1380 889 1490 947 col.
1518 890 1630 963 94).

2136 877 2339 933 tiarum
2367 880 2638 951 Prosperi,
2671 880 2736 948 Χ,
2771 886 2919 953 part.
2947 899 3007 949 ιι,
3041 882 3148 938 col.
3185 883 3362 953 1894.)

454 999 642 1069 Hujus
669 997 847 1070 igitur
876 998 970 1052 iraa
1002 997 1297 1053 inchoatio
1329 1001 1436 1065 est,
1471 1014 1647 1070 quam
1678 997 1738 1053 in
1770 997 1880 1054 hac
1908 997 2026 1054 vita
2141 1054 2151 1066 ,
2203 969 2497 1070 Μηλίῳ
2526 972 2870 1070 “LMWW
2908 987 3286 1070 Ρθνδθῖιθναηῗθ
3313 976 3649 1070 #01991“?
3663 978 3721 1033 ad

380 1053 601 1159 patitiir
629 1053 877 1159 quisque
909 1087 1329 1160 peccator.Non
1363 1053 1506 1157 ergci
1528 1091 1893 1158 pcenas,etc.,
1927 1053 2024 1142 us;
2121 1053 2539 1160 judicabu'fmr'
2571 1057 2862 1160 Nifnirum,
2893 1076 3026 1114 cum
3057 1060 3720 1160 diffreEAposwus’etc"

378 1192 481 1249 que
507 1177 578 1232 ad
606 1176 932 1249 perdidisse
962 1179 1203 1249 putatur
1233 1176 1407 1231 Deus.
1439 1176 1570 1246 (Id.,
1605 1178 1667 1231 in
1690 1176 2024 1247 psal.,1.v11.)

449 1284 578 1339 Haec
608 1283 763 1339 mala
793 1300 1046 1349 morum,
1081 1286 1213 1347 etc.,
1247 1298 1417 1354 usque
1445 1283 1515 1338 ad
1562 1282 1853 1354 significat
1883 1299 2020 1356 gra-

374 1371 488 1427 tia.
524 1373 657 1439 (Id.,
692 1377 773 1427 tia:
802 1379 1037 1427 tratactu
1068 1373 1123 1427 in
1154 1372 1295 1443 psal.
1331 1388 1536 1437 Lxxvu,
1568 1376 1711 1427 tom.
1748 1371 1841 1440 IV,
1875 1389 1932 1444 p.
1980 1391 2018 1443 1,

375 1460 485 1516 col.
520 1462 657 1516 1003
685 1466 741 1517 et
771 1460 918 1532 seq.)
2131 1460 2219 1481 την
2251 1460 2535 1513 "vv-ww:
2563 1460 2693 1485 νιν-η
2726 1460 2858 1483 -νυνν
2912 1460 3178 1514 -ν-ῖμνπ...
3331 1460 3566 1472 ww"-..
3610 1460 3723 1474 ηπ.

443 1566 529 1579 ,η
920 1569 929 1579 ι
1098 1568 1107 1579 ί
1469 1566 1484 1579 ,
1551 1571 1561 1579 ι
1726 1567 1736 1578 ,
1803 1567 1816 1579 ⁸
2126 1498 2297 1555 Nulla
2325 1505 2415 1557 est
2442 1518 2641 1557 anima
2670 1507 3051 1574 quantumvns
3080 1519 3365 1575 perversa,
3391 1521 3510 1576 qua
3537 1509 3724 1573 tamen,

443 1566 631 1623 Etiam
657 1583 789 1622 cum
818 1569 1026 1631 rectas,
1059 1568 1191 1633 etc.,
1216 1583 1386 1639 usque
1414 1566 1484 1622 ad
1514 1567 1772 1640 stuporis
1800 1567 1860 1623 in
1886 1585 1983 1624 cor

2136 1590 2259 1658 etc.,
2287 1606 2457 1662 usque
2485 1590 2556 1646 ad
2582 1566 2815 1647 sentiat.
2851 1592 2981 1661 (Id.,
3013 1566 3169 1648 lili.11
3199 1592 3262 1649 de
3281 1566 3515 1650 sermone
3541 1566 3728 1650 Domini

370 1672 533 1728 pore.
566 1656 701 1725 (Id.,
734 1656 831 1723 lib.
864 1656 929 1711 de
954 1656 1184 1712 Civitate
1212 1657 1313 1712 Dei
1334 1673 1447 1724 xw,
1480 1660 1623 1711 tom.
1655 1656 1798 1726 VII).

2136 1679 2187 1731 in
2215 1656 2415 1746 monte,
2438 1684 2579 1735 tom.
2612 1680 2709 1747 III,
2740 1656 2888 1752 part.
2923 1656 3099 1748 1,001.
3138 1683 3315 1751 1283).

442 1763 584 1817 Tres
615 1779 754 1863 ergo
786 1762 1140 1863 affectiones,
1173 1765 1307 1829 etc.,
1535 1763 1607 1819 ad
1641 1768 1699 1819 et
1743 1780 1848 1863 ego
1897 1782 2011 1821 non
2044 1798 2090 1863 Β
2197 1767 2397 1839 Manu,
2424 1772 2558 1837 etc.,
2591 1785 2761 1841 usque
2787 1770 2858 1826 ad
2884 1770 3192 1844 peregrino
3232 1774 3516 1843 praestare.
3548 1771 3724 1844 (Idem,

369 1869 531 1908 uxor.
566 1852 698 1923 (Id.,
734 1852 793 1908 in
837 1852 980 1925 psal.
1032 1869 1121 1923 ιν,
1171 1854 1313 1908 tom.
1364 1852 1457 1923 IV,
1506 1870 1564 1925 p.
1598 1871 1636 1923 1,
1678 1853 1787 1909 col.
1818 1854 1926 1910 650
1953 1858 2012 1911 et
2044 1852 2089 1863 “’
2122 1857 2180 1912 in
2200 1857 2341 1928 psal.
2378 1874 2508 1925 LVII,
2529 1861 2672 1913 tom.
2708 1857 2803 1925 IV,
2835 1861 2985 1931 part.
3021 1876 3059 1926 1,
3087 1858 3201 1915 col.
3234 1860 3338 1915 673
3367 1862 3424 1916 et
3452 1863 3591 1932 seq.)

369 1945 521 2014 seq.)
2196 1946 2582 2002 Testimonium
2611 1946 2860 2002 reddente
2889 1948 3005 2003 illis
3014 1948 3347 2004 conscientia
3362 1949 3725 2021 ipsorum,etc.,

2131 1159 2300 1216 usque
2351 1145 2422 1201 ad
2469 1149 2799 1217 peccatores
2848 1151 3032 1203 terra.
3086 1149 3215 1219 (Id.,
3266 1151 3325 1205 in
3372 1151 3507 1222 psal.
3555 1168 3720 1221 cxvm,

2128 1234 2271 1287 tom.
2304 1232 2396 1300 IV,
2429 1250 2486 1306 p.
2521 1252 2579 1301 ιι,
2613 1234 2721 1291 col.
2756 1235 2896 1291 1572
2924 1239 2981 1291 et
3011 1238 3159 1309 seq.)

2198 1322 2480 1393 Ejusmodi
2508 1324 2676 1395 legem
2705 1340 2815 1381 non
2863 1324 3134 1392 habentes,
3177 1328 3286 1399 ipsi
3330 1327 3437 1382 sibi
3472 1335 3590 1385 sunt
3633 1330 3723 1397 lea,

2127 1413 2224 1481 qui
2249 1412 2537 1468 ostendunt
2562 1430 2695 1485 opus
2726 1414 2861 1483 legis
2912 1416 3178 1486 scriptum
3224 1416 3285 1469 in
3331 1416 3570 1472 cordibus
3610 1420 3723 1474 suis.

1015 2065 1245 2123 CAPUT
1288 2066 1354 2122 II.

432 2212 661 2293 Propter
705 2210 847 2283 quod
892 2209 1284 2266 inexcusabilis
1330 2225 1386 2266 es
1433 2226 1463 2266 o
1508 2210 1665 2267 homo
1710 2212 1884 2268 omnis
1910 2214 2010 2283 qui

352 2300 592 2373 judicas.
623 2299 759 2356 Illos
790 2298 1115 2371 Scriptura,
1134 2303 1453 2370 etc.,usque
1481 2299 1551 2355 ad
1570 2300 1739 2371 justa
1761 2300 2006 2357 damna-

360 2389 463 2446 tio.
500 2389 631 2463 (Id.,
659 2390 833 2460 Epist.
865 2388 937 2444 ad
964 2388 1185 2445 Sisctum
1205 2388 1600 2461 presbyterum,
1629 2393 1771 2445 tom.
1806 2389 2001 2457 Il,col.

357 2479 464 2535 882
492 2483 551 2535 et
578 2482 727 2551 seq.)

430 2569 724 2642 Scriptum
755 2571 862 2637 est,
881 2570 1190 2640 etc.,usque
1220 2567 1289 2623 ad
1308 2571 1366 2623 te
1395 2566 1590 2639 ipsum
1621 2568 1998 2625 condemnas.

361 2661 492 2731 (Id.,
528 2659 623 2716 lib.
652 2676 688 2714 v
715 2658 781 2714 de
810 2659 1094 2730 baptismo,
1129 2660 1269 2712 tom.
1304 2655 1393 2725 IX,
1427 2656 1533 2712 col.
1560 2657 1704 2729 192.)

428 2766 631 2822 Eadem
679 2767 830 2821 enim
857 2766 979 2834 agis
1024 2779 1151 2835 quae
1168 2763 1388 2837 judicas
1414 2763 1627 2819 Scimus
1673 2765 1823 2819 enim
1864 2780 2000 2837 quo-

356 2858 513 2912 niam
530 2855 809 2928 judicium
825 2854 926 2909 Dei
950 2861 1028 2909 est
1052 2852 1349 2909 secundum
1378 2854 1662 2909 veritatem
1702 2855 1761 2908 in
1788 2869 1877 2909 eos
1905 2854 2004 2925 qui

356 2945 495 3001 talia
521 2952 714 3015 agunt.
747 2942 894 2999 Huic
920 2946 1114 2998 autem
1147 2940 1291 2997 dixit
1320 2940 1770 3013 Apostolus:Qui
1791 2943 2000 3014 praedi-

356 3051 445 3090 cas
491 3050 604 3090 non
647 3031 952 3105 furandum
994 3032 1226 3103 iuraris,
1273 3034 1331 3086 et
1377 3034 1599 3086 caetera.
1641 3031 1795 3086 Deus
1842 3032 1999 3104 apud

356 3140 529 3196 quem
561 3121 725 3179 nulla
752 3126 842 3178 est
869 3120 1174 3192 iniquitas,
1207 3124 1342 3187 etc.,
1376 3135 1547 3192 usque
1583 3120 1655 3175 ad
1700 3137 1997 3177 commen-

355 3168 529 3267 Ξέῑιῖιῖ
553 3168 1436 3282 ἆᾶῖῗεῇἷεὶῖὶῗιῖἇὲἑάὶῖέιὶνᾶζ
1445 3168 1998 3276 ἰᾎὶτιῖἲιῗοῖιῗὲἒιι
2028 3168 2070 3235 C

354 3299 672 3445 “rigidus
702 3385 855 3442 male
884 3384 996 3441 sibi
1028 3383 1319 3452 conscius,
1351 3387 1483 3453 etc.,
1519 3400 1689 3456 usque
1726 3385 1797 3441 ad
1825 3386 1998 3442 dam-

354 3476 535 3534 natio.
570 3476 698 3549 (Id.,
732 3475 833 3532 lib.
882 3474 1293 3531 Sententiarum
1340 3475 1611 3545 Prosperi,
1658 3477 1801 3530 tom.
1834 3475 1900 3543 X,
1935 3492 1993 3547 p.

355 3583 414 3633 ιι,
447 3564 558 3621 col.
591 3565 773 3633 1870).

422 3673 524 3728 Hic
550 3672 700 3727 enim
747 3669 1165 3735 misericordiae,
1193 3670 1328 3736 etc.,
1368 3683 1536 3739 usque
1585 3667 1655 3723 ad
1699 3683 1993 3725 coronam.

355 3760 485 3829 (Id.,
519 3761 581 3815 in
606 3758 749 3830 psal.
782 3775 835 3827 c,
865 3760 1009 3812 tom.
1047 3755 1140 3824 IV,
1174 3773 1230 3829 p.
1264 3773 1324 3824 11,
1357 3755 1466 3812 col.
1498 3757 1639 3811 1232
1661 3761 1720 3812 et
1748 3757 1895 3829 seq.)

424 3846 570 3913 Quid
604 3851 724 3902 tam
755 3845 1182 3919 longanimum,
1214 3849 1344 3912 etc.,
1376 3861 1547 3916 usque
1574 3846 1644 3900 ad
1670 3846 1731 3901 in
1773 3846 1994 3918 gemitu

356 3935 713 3994 columbino.
749 3935 877 4005 (Id.,
906 3936 966 3989 in
995 3936 1136 4006 psal.
1170 3950 1265 4002 cu,
1297 3938 1440 3990 tom.
1466 3933 1557 4004 IV,
1590 3938 1738 4006 part.
1780 3952 1843 4003 11,
1883 3933 1992 3991 col.

356 4027 543 4093 1330.)

423 4115 735 4170 Intendant
762 4128 897 4186 ergo
928 4111 1030 4184 qui
1058 4116 1279 4177 amant,
1312 4115 1446 4179 etc.,
1479 4128 1650 4184 usque
1696 4112 1766 4168 ad
1816 4111 1992 4168 corri-

353 4203 534 4279 garis.
587 4202 717 4275 (Id.,
748 4207 905 4258 tract.
946 4201 1016 4257 33
1063 4202 1122 4257 in
1168 4201 1349 4269 Joan.,
1383 4203 1525 4257 tom.
1563 4200 1661 4269 III,
1694 4217 1751 4273 p.
1785 4215 1847 4271 ιι,
1881 4201 1990 4256 col.

353 4292 493 4348 1659
521 4296 577 4347 et
605 4290 750 4364 seq.)

421 4380 731 4438 Secundum
757 4380 1025 4435 duritiam
1052 4386 1236 4435 autem
1266 4386 1418 4434 tuam
1436 4387 1488 4434 et
1508 4381 1849 4451 impwnitens
1877 4396 1988 4446 cor,

351 4471 687 4527 thesaurizas
709 4471 814 4526 tibi
840 4471 986 4525 iram
1014 4470 1076 4524 in
1102 4467 1190 4523 die
1237 4469 1343 4524 irae
1386 4475 1437 4522 et
1484 4469 1830 4524 reuelationis
1850 4469 1996 4541 justi

343 4560 547 4633 judicii
575 4561 698 4627 Dei,
730 4557 1336 4623 etc.Thesauros,etc.,
1355 4571 1523 4627 usque
1551 4556 1622 4611 ad
1651 4555 1990 4628 implentur.

352 4648 584 4720 (Id.,lib.
619 4666 635 4703 1
666 4656 852 4703 contra
882 4649 1171 4703 inimicum
1198 4646 1331 4717 legis
1359 4648 1411 4701 et
1431 4645 1988 4716 prophetarum,tom.

348 4736 498 4804 VIII,
532 4734 641 4791 col.
672 4737 771 4790 621
808 4739 865 4790 et
892 4735 1038 4809 seq.)

422 4838 711 4911 Quidquid
744 4854 880 4912 ergo
906 4838 1082 4895 homo
1127 4839 1266 4895 facit
1312 4838 1506 4907 modo,
1539 4842 1671 4907 etc.,
1707 4854 1876 4911 usque
1923 4840 1994 4895 ad

350 4929 410 4984 in
443 4929 637 4983 futuro
670 4925 991 4999 possideas.
1027 4927 1158 4999 (Id.,
1188 4943 1348 4983 serm.
1393 4928 1458 4983 de
1494 4944 1654 4984 versu
1677 4928 1821 5000 psal.
1853 4929 1993 4983 Deus

348 5019 637 5090 manifeste
663 5018 858 5083 veniet,
893 5018 1034 5070 tom.
1065 5015 1133 5081 V,
1166 5020 1314 5086 part.
1348 5034 1388 5083 1,
1419 5015 1527 5073 col.
1564 5018 1665 5072 129
1690 5020 1747 5073 et
1776 5017 1922 5090 seq.)

422 5122 635 5179 Contra
683 5120 965 5194 Spiritum
1015 5124 1304 5188 sanctum,
1337 5125 1473 5191 etc.,
1504 5139 1673 5196 usque
1719 5123 1790 5179 ad
1827 5122 1990 5196 judi-

350 5229 500 5268 care.
534 5212 665 5285 (Id.,
698 5227 860 5267 serm.
890 5210 955 5265 de
992 5209 1325 5282 blasphemia
1355 5209 1593 5282 Spiritus
1619 5214 1814 5280 sancti,
1846 5217 1987 5269 tom.

347 5301 415 5371 V,
448 5319 505 5375 p.
540 5320 581 5370 1,
614 5300 722 5357 col.
756 5300 862 5355 455
890 5304 947 5355 et
971 5301 1121 5372 seq.)

416 5409 507 5465 Ira
536 5418 586 5465 et
617 5408 943 5479 indignatio,
975 5405 1259 5462 tribulatio
1289 5413 1340 5462 et
1369 5407 1627 5476 angustia
1674 5410 1734 5463 in
1780 5425 1993 5466 omnem

345 5499 593 5554 animam
622 5498 860 5554 hominis
889 5497 1162 5570 operantis
1191 5495 1417 5562 malum,
1447 5494 1637 5553 1αάῶὶ
1668 5499 1914 5568 primum
1941 5507 1992 5555 et

350 5586 664 5645 erct.Soli
695 5587 852 5645 enim
873 5583 1433 5660 parvuli,etc.,usque
1459 5584 1531 5641 ad
1552 5588 1608 5641 et
1636 5585 1991 5659 Graeco.(ld.,

2119 2049 2306 2105 usque
2331 2035 2403 2090 ad
2423 2034 2700 2107 judicabit
2725 2035 2866 2091 Deus
2896 2036 3108 2092 occulta
3145 2035 3447 2093 hominum.
3479 2036 3727 2092 Dominus

2116 2139 2219 2194 per
2237 2123 2681 2196 Prophetam.Et
2708 2140 2825 2193 ero,
2842 2124 3059 2197 inquit,
3089 2125 3262 2182 testis
3290 2124 3450 2182 velox
3478 2124 3727 2181 maleﬁcia

2115 2214 2173 2265 et
2221 2211 2495 2284 perjuris,
2546 2216 2681 2281 etc.,
2730 2229 2902 2285 usque
2948 2214 3020 2269 ad
3066 2212 3504 2270 conscientiam.
3550 2214 3724 2283 (Idem,

2115 2297 2217 2354 lib.
2251 2317 2325 2355 xx
2354 2300 2418 2357 de
2445 2303 2608 2358 Civit.
2640 2304 2757 2369 Dei,
2791 2307 2936 2359 tom.
2967 2301 3093 2372 VII,
3126 2302 3240 2359 col.
3270 2304 3417 2372 702).

2183 2387 2307 2444 Non
2338 2390 2841 2461 quemadmodum
2864 2389 3139 2463 judicant
3161 2390 3729 2463 homines,etc.,usque

2114 2475 2185 2531 ad
2214 2477 2680 2535 defendentibus.
2715 2479 2919 2549 (Idem,
2954 2482 3017 2534 in
3040 2480 3188 2552 psal.
3218 2497 3295 2547 1x,
3327 2483 3466 2535 tom.
3498 2479 3584 2548 IV,
3596 2483 3724 2552 part.

2113 2581 2153 2632 1,
2185 2565 2292 2622 col.
2318 2566 2464 2639 121.)

2183 2655 2465 2712 Decidant
2492 2671 2629 2728 ergo
2676 2673 2711 2712 a
2755 2656 3215 2729 cogitationibus
3254 2657 3399 2727 suis,
3431 2661 3555 2726 etc.,
3586 2673 3727 2730 usque

2111 2743 2348 2817 adjusti
2387 2744 2598 2816 judicii
2646 2744 2767 2801 Dei.
2808 2746 3011 2818 (Idem,
3045 2748 3107 2802 in
3143 2746 3295 2820 psal.
3328 2765 3383 2816 ν,
3423 2751 3556 2802 tom.
3586 2746 3651 2802 ιν
3675 2762 3722 2818 p.

2111 2850 2151 2900 1,
2185 2832 2293 2889 col.
2327 2835 2440 2902 88).

2181 2921 2391 2978 Omnia
2418 2937 2596 2994 opera
2624 2922 2711 2979 vel
2736 2923 2911 2991 bona,
2935 2927 3070 2991 etc.,
3094 2941 3272 2998 usque
3297 2925 3366 2981 ad
3394 2925 3452 2980 in
3479 2923 3717 2980 nihilum.

2111 3010 2336 3083 (Idem.,
2368 3012 2429 3066 in
2445 3012 2585 3083 psal.
2619 3028 2813 3081 cxv111,
2848 3015 2999 3084 part.
3032 3029 3090 3080 1|,
3119 3012 3233 3069 col.
3269 3014 3449 3082 1571).

2177 3101 2243 3155 Si
2268 3108 2449 3156 autem
2478 3109 2537 3157 tu
2563 3100 2785 3158 Iudaeus
2830 3103 3264 3170 coynominaris,
3300 3105 3443 3159 sicut
3486 3103 3724 3175 scriptum

2106 3196 2203 3245 est.
2241 3189 2511 3245 Judaeum
2562 3188 2776 3263 arguit,
2807 3193 2943 3256 etc.,
2982 3206 3151 3262 usque
3203 3192 3275 3247 ad
3321 3191 3474 3264 apud
3517 3194 3571 3247 te
3612 3189 3722 3245 laus

2106 3294 2255 3334 mea.
2288 3278 2494 3347 (Idem,
2527 3276 2627 3333 lib.
2673 3277 2738 3334 de
2783 3278 2999 3350 Spiritu
3033 3287 3085 3336 et
3115 3279 3324 3349 littera,
3356 3285 3495 3336 tom.
3525 3279 3586 3346 X,
3616 3295 3720 3351 par.

2105 3384 2145 3436 1,
2178 3365 2288 3423 col.
2320 3368 2426 3422 207
2455 3370 2513 3423 et
2542 3368 2690 3440 seq.)

2178 3457 2549 3525 Circumcisio,
2583 3459 2715 3525 etc.,
2749 3473 2938 3529 usque
2969 3457 3041 3513 ad
3089 3460 3543 3530 praevaricatores
3586 3458 3721 3527 legis.

2105 3544 2292 3619 Opera
2311 3544 2457 3619 legis
2487 3545 2763 3617 bipertita
2791 3550 2950 3602 sunt.
2984 3546 3133 3603 Nam
3165 3548 3404 3620 partim,
3435 3552 3726 3618 etc.,usque

2104 3633 2175 3690 ad
2204 3633 2296 3690 lex
2324 3634 2535 3708 pendet
2564 3637 2622 3690 et
2651 3633 2965 3707 prophetae.
2994 3634 3200 3707 (Idem,
3223 3653 3409 3709 expos.
3440 3637 3509 3694 ad
3539 3636 3722 3700 Galat,

2105 3727 2245 3779 tom.
2282 3723 2378 3789 ΙΙΙ,
2413 3726 2561 3796 part.
2598 3739 2656 3792 11,
2686 3722 2795 3778 col.
2819 3724 3003 3792 2117).

2173 3812 2291 3868 Non
2331 3813 2482 3869 enim
2527 3813 2625 3883 qui
2671 3812 2732 3867 in
2776 3813 3073 3884 manifesto
3118 3814 3352 3872 Iudaeus
3399 3822 3493 3883 est,
3527 3817 3647 3880 etc.,
3675 3812 3725 3868 in

2101 3900 2429 3969 abscondito,
2464 3916 2651 3972 usque
2681 3900 2755 3956 ad
2796 3900 2889 3956 sed
2917 3917 2987 3957 ea:
3012 3901 3119 3958 Deo
3157 3911 3259 3959 est.
3312 3903 3463 3960 Dicit
3506 3904 3724 3975 Aposto-

2101 3989 2214 4058 lus,
2248 3994 2381 4053 etc.,
2414 4005 2583 4061 usque
2629 3988 2701 4044 ad
2744 3989 3124 4062 Evangelium
3177 4008 3400 4049 meum.
3443 3992 3631 4063 (Idem,
3675 3990 3724 4045 in

2099 4079 2241 4151 psal.
2275 4095 2434 4145 Lxxv,
2458 4080 2600 4134 tom.
2635 4077 2726 4143 IV,
2761 4095 2817 4151 p.
2847 4095 2888 4146 1,
2920 4077 3029 4134 col.
3061 4080 3170 4135 956
3200 4086 3260 4138 et
3288 4085 3440 4155 seq.)

2171 4166 2279 4234 Qui
2307 4182 2444 4240 ergo
2477 4170 2779 4236 noverunt,
2803 4171 3113 4241 etc.,usque
3144 4169 3217 4226 ad
3246 4170 3521 4244 ignorant
3539 4169 3721 4226 Deum.

2101 4256 2307 4329 (Idem,
2340 4256 2418 4312 lib
2445 4255 2510 4312 de
2554 4254 2739 4312 Gratia
2786 4263 2835 4312 et
2882 4256 2978 4312 lib.
3022 4257 3218 4330 arbit.,
3250 4265 3397 4317 tom.
3430 4258 3495 4328 X,
3526 4260 3662 4332 part.
3690 4271 3722 4318 1,

2101 4344 2210 4401 col.
2243 4346 2349 4401 884
2381 4347 2438 4401 et
2467 4347 2613 4417 seq.)

2170 4434 2284 4490 Sed
2315 4433 2471 4506 quod
2502 4432 2791 4503 adjunxit,
2822 4436 2955 4501 etc.,
2989 4451 3160 4508 usque
3188 4438 3261 4493 ad
3296 4437 3481 4494 levius
3511 4437 3724 4492 damna-

2024 4540 2069 4605 ι)
2100 4526 2322 4578 rentur.
2356 4522 2562 4595 (Idem,
2593 4529 2746 4579 tract.
2776 4523 2988 4593 Evang.
3022 4526 3325 4582 secundum
3341 4529 3499 4584 Ioan.
3527 4537 3723 4589 anux,

2102 4614 2243 4668 tom.
2275 4610 2371 4680 III,
2405 4616 2554 4683 part.
2580 4629 2642 4679 11,
2677 4611 2787 4668 col.
2823 4613 2960 4668 1357
2988 4618 3047 4669 et
3074 4615 3225 4687 seq.)

2171 4701 2288 4756 Non
2314 4702 2463 4756 enim
2492 4700 2766 4757 auditores
2796 4701 2931 4772 legis
2958 4703 3095 4770 justi
3111 4712 3243 4760 sunt
3262 4704 3412 4777 apud
3424 4702 3722 4769 Deum,etc-.

2101 4806 2288 4862 usque
2337 4790 2409 4845 ad
2456 4789 2755 4845 secundum
2804 4792 3164 4861 Evangelium
3206 4810 3393 4849 meum
3438 4810 3533 4866 per
3569 4792 3727 4847 Iesum

2104 4878 2401 4935 Christum.
2432 4878 2766 4935 Videndum
2815 4884 2925 4951 est,
2978 4885 3112 4950 etc.,
3161 4899 3336 4956 usque
3383 4882 3453 4939 ad
3493 4874 3723 4951 acceptio

2102 4983 2507 5039 personarum.
2542 4967 2744 5040 (Idem,
2779 4969 2857 5024 lib
2894 4969 2960 5026 de
3005 4969 3223 5043 Spiritu
3269 4980 3324 5029 et
3370 4973 3569 5039 littera,
3599 4975 3721 5024 tom.

2102 5055 2167 5125 X,
2195 5059 2344 5129 part.
2377 5074 2416 5123 1,
2451 5055 2560 5113 col.
2586 5058 2692 5113 226
2720 5061 2777 5113 et
2807 5061 2955 5131 seq.)
3076 5090 3097 5101 κ

2740 5199 2970 5257 CAPUT
3011 5201 3103 5257 III.

2170 5322 2316 5394 Quid
2339 5340 2464 5396 ergo
2493 5324 2732 5398 amplius
2758 5325 2968 5396 JWO,
3002 5344 3190 5400 usque
3218 5327 3296 5384 ad
3324 5329 3470 5385 sicut
3482 5326 3725 5398 scriptum

2098 5422 2193 5469 est.
2209 5413 2327 5485 Ego
2348 5416 2545 5469 autem
2567 5412 2684 5468 dixi
2706 5412 2765 5469 in
2798 5416 3012 5472 exstasi
3046 5433 3176 5473 mea
3202 5419 3513 5490 etc.,usque
3537 5414 3605 5471 ad
3631 5410 3723 5468 ﬁlii

2100 5500 2393 5647 altlissimi.
2426 5502 2509 5572 (S.
2541 5503 2688 5575 Aug.
2734 5505 2794 5559 in
2824 5506 2964 5576 psal.
3013 5523 3139 5573 cxv,
3186 5509 3333 5562 tom.
3380 5505 3472 5575 IV,
3499 5506 3640 5578 part.
3670 5516 3720 5566 ιι,

2101 5608 2167 5647 co
2198 5633 2211 5647 .
2247 5591 2429 5647 1492.)

2101 5591 2211 5648 col.
2247 5591 2429 5660 1492.)
