3914 6166
170 277 273 338 285

983 270 1398 334 EXPOSITIO
1441 267 1520 331 IN
1565 268 1737 331 EPP.
1789 269 2044 333 PAULI.
2079 302 2154 314 —-
2186 271 2303 331 ΕΡ.
2358 271 2458 332 ΑΒ
2507 268 2692 333 ῐὶΟΜ.

3416 263 3538 330 286

158 460 161 461 ν
231 405 392 465 Verbi
414 403 622 481 gratia,
652 407 882 479 potens,
916 406 1050 472 etc.,
1080 419 1250 476 usque
1298 401 1368 459 ad
1426 400 1499 459 ad
1556 406 1613 458 te
1661 400 1787 458 vult
1814 401 1867 469 Α
1965 402 2097 471 (Id.,
2132 404 2191 458 in
2218 401 2362 475 psal.
2396 406 2590 472 cxvn.)
2620 401 2727 459 Ubi
2776 405 2866 459 est
2913 417 3049 476 ergo
3082 398 3351 476 gloriatio
3385 400 3535 459 tua?

169 497 535 556 mendacium.
589 495 671 565 (S.
722 497 894 567 Aug.,
940 495 1036 549 lib.
1069 509 1257 563 serm.,
1284 497 1424 549 tom.
1456 491 1524 560 V,
1559 496 1704 565 part.
1740 507 1780 560 1,

169 589 263 645 col.
291 589 381 644 501
417 589 473 642 et
503 586 651 657 seq.)

232 688 287 743 Ut
298 684 704 757 justiﬁceris,...
735 690 786 737 et
814 697 910 750 ego
938 685 1206 752 tanquam
1244 686 1491 751 peccator
1522 678 1787 749 judicor?

168 775 255 831 Cui
281 774 445 841 dicat,
480 770 720 827 difficile
749 774 838 826 est
865 769 1177 835 advertere,
1212 774 1526 840 etc.,usque
1556 766 1625 821 ad
1652 764 1785 820 facti

168 867 287 922 sunt
313 861 597 918 homines.
629 860 761 928 (Id.,
794 861 852 914 in
878 858 1023 930 psal.
1056 875 1107 925 1.,
1137 862 1280 912 tom.
1315 856 1408 925 ιν,
1444 860 1648 929 part.1,
1672 852 1783 909 col.

166 955 257 1009 590
281 956 332 1009 et
356 955 504 1023 seq.)

228 1045 284 1098 Et
319 1058 425 1097 non
467 1041 609 1097 sicut
638 1038 1091 1110 blasphemamur,
1123 1044 1173 1091 et
1199 1037 1343 1091 sicut
1371 1037 1531 1091 aiunt
1558 1033 1787 1106 quidam

162 1149 249 1189 nos
273 1130 462 1195 dicere,
493 1130 765 1200 faciamus
819 1127 975 1181 mala
1016 1133 1075 1181 ut
1112 1127 1336 1181 veniant
1365 1126 1523 1191 bona,
1555 1139 1789 1196 quorum

166 1221 417 1276 damnatio
451 1219 608 1289 justa
636 1225 731 1272 est.
766 1214 1021 1270 Perversi
1080 1212 1371 1280 homines,
1435 1218 1567 1279 etc.,
1619 1227 1786 1283 usque

165 1310 223 1366 ad
248 1308 485 1365 cantabo
535 1305 659 1373 tibi,
684 1304 968 1360 .Domine.
1001 1302 1133 1372 (Id.,
1168 1303 1265 1358 lib.
1296 1302 1362 1358 de
1393 1302 1578 1358 Gratia
1607 1310 1658 1358 et
1686 1301 1783 1356 lib.

166 1400 327 1464 arbit.,
358 1402 504 1452 tom.
536 1395 603 1462 X,
637 1398 786 1466 part.
819 1410 859 1461 1,
892 1391 1002 1448 col.
1030 1392 1179 1464 910.)

222 1494 348 1564 Quid
390 1509 522 1563 ergo
565 1489 945 1564 praecellimus
975 1506 1062 1546 eos
1084 1489 1111 1544 ‘?
1140 1490 1509 1561 Nequaquam.
1543 1491 1787 1543 Conten-

162 1585 351 1640 tionem
370 1582 584 1655 ipsam,
598 1582 918 1650 etc.,usque
938 1578 1008 1633 ad
1027 1577 1499 1633 interfectoribus
1527 1576 1781 1632 Domini.

163 1674 267 1745 (Id.,
286 1675 339 1727 in
367 1687 555 1743 cmpos.
588 1669 658 1724 ad
682 1668 879 1730 Galat..
904 1671 1045 1722 tom.
1073 1666 1169 1731 III,
1192 1670 1343 1738 part.
1370 1683 1430 1733 11,
1456 1665 1563 1721 col.
1597 1664 1783 1737 2107.)

1894 490 2139 547 Exclusa
2168 497 2276 547 est.
2312 491 2417 547 Per
2447 508 2622 563 quam
2655 490 2881 565 legem?
2913 491 3240 547 factorum?
3270 492 3535 548 Non.Sed

1894 597 1997 653 per
2026 580 2212 653 legem
2245 581 2399 636 fidei.
2434 581 2563 635 Haec
2608 585 2696 637 est
2726 579 2816 636 lex
2848 581 2983 636 fidei
3015 597 3132 652 qua
3160 581 3455 638 credimus
3483 584 3541 637 et

1895 685 2132 724 oramus
2155 686 2254 735 per
2276 670 2523 741 gratiam
2548 668 2716 724 nobis
2737 669 2963 737 donari,
2991 673 3055 723 ut
3078 669 3362 725 faciamus
3382 670 3538 743 quod

1897 774 1998 830 per
2017 759 2409 829 nosmetipsos
2432 757 2673 830 implere
2696 775 2811 813 non
2835 775 3250 830 possumus,ne
3271 757 3541 831 ignoran-

1894 850 1980 903 tes
2004 847 2104 903 Dei
2127 848 2444 919 justitiam,
2479 851 2534 903 et
2565 851 2826 903 nostram
2866 846 3124 903 volentes
3163 848 3537 916 constituere,

1887 936 2132 1008 justitia:
2163 936 2263 992 Dei
2291 953 2406 991 non
2440 953 2645 991 sumus
2677 936 3025 1007 subjecti.In
3056 936 3180 1009 lege
3210 936 3408 1009 itaque
3429 938 3543 994 fac-

1894 1029 2087 1080 torum
2118 1029 2207 1080 est
2239 1025 2333 1080 Dei
2357 1024 2622 1096 jubentis
2644 1024 2989 1096 justitia,,in
3019 1024 3145 1097 lege
3174 1028 3371 1081 autem
3405 1026 3539 1083 fidei

1896 1114 2293 1170 subvenientis
2325 1113 2741 1170 misericordia.

1964 1206 2318 1259 Arbitramur
2335 1205 2483 1260 enim
2502 1204 2804 1274 justiﬁcari
2831 1204 3101 1260 hominem
3129 1220 3229 1276 per
3240 1204 3400 1275 ﬁdem
3420 1207 3541 1262 sine

1894 1295 2146 1365 operibus
2177 1293 2329 1361 legis.
2364 1292 2446 1347 An
2474 1292 2789 1349 Iudaeorum
2821 1293 2960 1348 Deus
2990 1301 3198 1349 tantum
3216 1293 3245 1348 ?
3272 1295 3461 1352 Nonne
3489 1304 3541 1353 et

1893 1383 2177 1451 gentium?
2206 1384 2317 1437 Imo
2344 1389 2395 1437 et
2422 1383 2690 1454 gentium.
2728 1381 2858 1452 (Id.,
2884 1398 3046 1437 serm.
3078 1383 3144 1438 de
3169 1385 3541 1441 Immolatione

1894 1473 2045 1527 Isaac
2060 1471 2129 1525 ad
2147 1470 2378 1537 Gal.1v.)
2402 1470 2659 1525 Credidit
2677 1470 2971 1526 Abraham
2996 1476 3105 1527 Deo
3126 1476 3182 1527 et
3204 1478 3539 1545 reputatum

1893 1559 2077 1615 estilli
2091 1560 2161 1615 ad
2173 1558 2469 1631 justitiam
2482 1563 2556 1626 ,et
2569 1558 2793 1615 amicus
2808 1559 2906 1615 Dei
2923 1560 3250 1632 appellatus
3262 1561 3539 1626 est.Quod

1893 1647 2461 1715 crediditDeo,intus
2485 1648 2542 1703 in
2567 1647 2832 1716 corde,in
2857 1647 2981 1704 sola
3002 1650 3115 1704 fide
3140 1650 3421 1715 est.Quod
3437 1668 3541 1706 au-

217 1736 455 1819 Causati-
479 1760 629 1815 enim
670 1773 860 1813 sumus
913 1755 1129 1812 Iudaeos
1156 1736 1211 1809 et
1235 1754 1445 1811 Graecos
1474 1769 1657 1808 omnes
1684 1754 1779 1807 sub

1957 1754 2010 1792 m
2027 1736 2453 1793 immolandum
2476 1736 2661 1792 filium
2688 1738 2871 1805 duxit,
2888 1740 3043 1810 quod
3066 1738 3394 1812 intrepidus
3407 1741 3540 1796 dex-

156 1859 343 1924 peccato
371 1865 580 1916 esse,...
612 1862 725 1901 non
780 1853 858 1901 est
900 1845 1180 1915 requirens
1218 1846 1405 1899 Deum.
1440 1842 1636 1914 Usque
1669 1859 1782 1897 non
1813 1825 1859 1838 “’
1889 1833 2073 1883 teram
2098 1827 2364 1894 armavit,
2386 1827 2541 1898 quod
2565 1827 2693 1898 jam
2716 1825 2913 1882 feriret
2934 1827 3048 1883 nisi
3067 1845 3205 1884 voce
3225 1832 3540 1897 teneretur,

161 1945 233 1997 est
277 1940 455 1994 timor
510 1935 611 1992 Dei
661 1939 795 1990 ante
850 1932 1052 1989 oculos
1106 1949 1331 1988 eorum.
1380 1930 1664 1987 Dominus
1717 1930 1785 1985 de

160 2028 298 2094 coalo,
348 2032 492 2091 etc.,
550 2039 721 2097 usque
778 2022 848 2077 ad
906 2038 1023 2077 non
1068 2020 1278 2075 timent
1320 2020 1526 2075 Deum.
1561 2020 1689 2090 (Id.,
1725 2020 1787 2073 in

158 2119 276 2190 psal.
303 2134 430 2184 x111,
461 2119 605 2170 tom.
640 2112 731 2179 1V,
764 2115 915 2183 part.
944 2128 982 2176 1,
1016 2108 1123 2165 col.
1156 2110 1255 2164 141
1292 2115 1348 2164 et
1378 2108 1523 2180 seq.)

213 2217 416 2273 Scimus
461 2219 645 2268 autem
689 2210 948 2281 quoniam
1000 2222 1340 2280 quaecunque
1384 2207 1473 2261 lea:
1521 2206 1782 2277 loquitur,

158 2306 226 2360 his
249 2306 338 2377 qui
364 2305 429 2358 in
461 2303 578 2372 lege
605 2307 734 2355 sunt
765 2299 1029 2370 loquitur.
1064 2296 1125 2351 In
1159 2296 1289 2350 istis
1318 2295 1498 2359 enim,
1525 2299 1659 2360 etc.,
1693 2311 1784 2349 us-

159 2390 730 2466 queadmisereatur.
783 2387 912 2459 (Id.,
974 2388 1035 2441 in
1085 2385 1420 2453 expositione
1475 2384 1656 2455 Epist.
1716 2382 1787 2437 ad

160 2483 308 2537 Galat.
338 2484 486 2536 tom.
524 2478 621 2545 IlI,
652 2480 801 2549 part.
837 2491 898 2542 11,
933 2472 1041 2529 col.
1070 2472 1261 2543 2123.)

215 2576 505 2634 Conclusit
536 2574 839 2646 Scriptura
870 2571 1070 2627 omnia
1099 2570 1209 2626 sub
1240 2574 1493 2641 peccato,
1528 2573 1659 2638 etc.,
1694 2586 1787 2624 us-

159 2685 243 2740 que
267 2668 331 2723 ad
361 2681 563 2723 coram
597 2667 672 2719 te.
708 2661 839 2735 (Id.,
864 2662 921 2716 in
947 2660 1091 2732 psal.
1127 2675 1318 2725 cxv111,
1353 2656 1602 2726 tom.IV,
1636 2660 1785 2730 part.

160 2774 211 2823 11,
233 2756 330 2813 col.
366 2757 556 2822 1581.)

220 2848 347 2914 Quia
374 2863 445 2901 ea:
475 2842 733 2915 operibus
753 2841 885 2911 legis
907 2855 1013 2895 non
1037 2838 1438 2910 justiﬁeabitur
1466 2838 1644 2892 omnis
1664 2853 1789 2892 caro

163 2951 322 2990 coram
352 2936 471 2990 illo.
514 2933 596 2986 lh
625 2929 896 3003 Operibus
924 2927 1092 3000 legis,
1124 2930 1256 2993 etc.,
1290 2943 1456 2998 usque
1487 2926 1556 2980 ad
1588 2925 1789 2979 crede—

163 3027 357 3079 rentur.
372 3022 516 3093 (Id.,
536 3019 942 3091 inexpositione
962 3017 1220 3088 Epistolze
1241 3016 1311 3070 ad
1323 3014 1669 3084 Galat.,tom.
1692 3013 1787 3079 III,

164 3117 290 3183 part.
321 3130 379 3177 ιι,
411 3109 529 3167 col.
558 3109 701 3164 2114
730 3112 787 3163 et
817 3121 940 3177 seq.
977 3105 1048 3159 ad
1078 3104 1262 3175 2116.)

218 3214 317 3266 Per
343 3211 522 3279 legem
541 3208 691 3263 enim
716 3205 952 3274 cognitio
977 3203 1202 3274 peccati.
1223 3200 1484 3273 Cognitio
1507 3199 1651 3255 dixit
1672 3217 1787 3255 non

162 3296 594 3363 consummatio,
617 3298 932 3364 etc.,usque
959 3289 1029 3346 ad
1059 3290 1214 3361 quod
1244 3288 1335 3345 lex
1360 3289 1627 3361 imperat.
1654 3289 1786 3360 (Id.,

161 3386 240 3442 lib.
268 3387 328 3443 de
370 3386 567 3443 Gratia
614 3391 667 3440 et
712 3382 881 3437 libero
929 3380 1117 3444 arbit.,
1148 3382 1288 3434 tom.
1320 3378 1386 3446 X,
1418 3381 1568 3451 part.
1602 3395 1641 3446 1,
1677 3377 1785 3433 col.

159 3476 263 3530 894.

162 3556 179 3639 ί
215 3564 345 3619 Nam
388 3564 525 3620 sine
573 3561 674 3617 Dei
723 3560 894 3625 dono,
924 3562 1056 3626 etc.,
1090 3573 1260 3629 usque
1310 3557 1380 3612 ad
1427 3556 1782 3628 prophetari.

158 3653 270 3719 (Id.,
298 3654 391 3709 lib.
424 3650 729 3715 enchirid.,
765 3654 903 3704 tom.
939 3647 1034 3716 Vl,
1066 3646 1173 3701 col.
1208 3647 1357 3717 287.)

214 3747 348 3811 Quia
385 3764 507 3803 non
549 3742 995 3818 justificabitur,
1026 3746 1159 3809 etc.,
1192 3758 1359 3814 usque
1388 3741 1456 3796 ad
1489 3758 1593 3797 nec
1627 3741 1786 3796 indi-

114 3856 115 3861 η
160 3851 278 3908 gens
303 3836 446 3910 lege.
478 3835 616 3908 (Id.,
636 3833 815 3890 lib.de
842 3833 1055 3903 Spiritu
1082 3836 1134 3887 et
1167 3832 1369 3897 littera,
1389 3831 1610 3897 tom.X,
1632 3835 1779 3904 part.

160 3940 192 3990 1,
212 3926 308 3982 col.
337 3927 445 3981 208
474 3928 539 3981 et
572 3921 718 3995 seq.)

217 4020 355 4079 Nunc
381 4031 569 4079 autem
601 4022 722 4076 sine
751 4019 866 4087 lege
891 4018 1113 4091 justitia
1158 4018 1257 4073 Dei
1300 4012 1654 4088 manifestata
1682 4025 1780 4084 est,

161 4113 413 4182 testiﬁcata
435 4128 545 4184 per
574 4110 749 4179 legem
776 4117 826 4164 et
848 4106 1155 4179 prophetas.
1202 4105 1580 4179 Evangelium
1626 4106 1782 4161 enim

160 4200 537 4257 testimonium
571 4199 751 4254 habet
780 4214 814 4253 a
841 4196 967 4269 lege
998 4200 1056 4250 et
1080 4194 1576 4267 prophetis.Unde
1606 4194 1781 4251 etiam

159 4283 206 4339 in
226 4293 407 4345 monte
422 4289 583 4345 inter
605 4290 917 4357 utramque
934 4300 1241 4356 personam
1275 4281 1503 4338 medius
1533 4283 1785 4339 salvator

158 4376 367 4433 effulsit.
387 4381 596 4437 Omnes
624 4376 777 4431 enim
799 4380 1177 4446 peccaverunt,
1200 4375 1332 4437 etc.,
1355 4388 1523 4443 usque
1551 4372 1620 4427 ad
1645 4372 1780 4428 cha-

158 4461 278 4521 ritas
305 4466 646 4540 inspiretur.
683 4463 894 4536 (Id.,in
919 4462 1041 4535 psal
1080 4480 1146 4517 xc
1174 4460 1233 4515 in
1264 4460 1543 4533 prooemio
1565 4470 1616 4517 et
1631 4463 1777 4533 psal.

158 4569 319 4623 cxvm,
350 4557 497 4611 tom.
534 4553 631 4621 ιν,
666 4570 722 4625 p.
756 4569 818 4619 11,
853 4548 962 4606 col.
1000 4550 1137 4604 1574
1166 4553 1223 4605 et
1251 4552 1401 4621 seq.)

214 4649 392 4708 Omnes
418 4657 785 4725 peccaverunt
831 4656 881 4704 et
928 4654 1084 4717 egent
1110 4647 1289 4715 gloria
1318 4649 1439 4703 Dei.
1472 4647 1594 4703 Etsi
1623 4649 1781 4705 enim

149 4736 252 4806 jam
281 4758 487 4797 sumus
515 4740 577 4795 in
610 4739 839 4795 Christo
866 4753 1014 4792 nova
1037 4740 1323 4802 creatura,
1348 4740 1488 4803 etc.,
1513 4753 1683 4808 usque
1711 4739 1782 4794 ad

156 4824 482 4885 damnantis.
511 4828 647 4900 (Id.,
671 4827 764 4883 lib.
790 4826 856 4882 de
874 4825 1085 4881 Natura
1103 4832 1155 4879 et
1171 4826 1370 4893 gratia,
1394 4828 1535 4880 tom.
1560 4825 1625 4893 X,
1650 4843 1706 4899 p.
1738 4843 1777 4901 1,

154 4913 244 4971 col.
269 4918 371 4972 2119
393 4922 453 4974 et
483 4917 634 4989 seq.)

216 5014 305 5069 Ubi
327 5024 406 5071 est
426 5032 562 5085 ergo
607 5015 866 5085 gloriatio
911 5011 1050 5069 tua?
1082 5012 1315 5067 Exclusa
1353 5019 1449 5067 est.
1484 5013 1589 5069 Per
1617 5031 1784 5085 quam

153 5099 338 5170 legem?
366 5103 704 5161 Factorum?
730 5103 866 5159 Non.
921 5101 1025 5157 Sed
1067 5116 1166 5173 per
1222 5101 1390 5170 legem
1442 5102 1589 5174 ﬁdei.
1651 5103 1776 5160 Sive

151 5186 558 5260 gloriationem,
583 5198 716 5260 etc.,
740 5208 906 5264 usque
926 5190 995 5246 ad
1017 5189 1403 5247 defluxerunt.
1428 5190 1559 5260 (Id.,
1582 5194 1638 5247 in
1674 5194 1770 5248 lib.

150 5275 422 5352 deSpiritu
446 5291 499 5339 et
534 5282 738 5349 littera,
756 5284 895 5337 tom.
929 5279 994 5347 X,
1026 5296 1083 5350 p.
1116 5294 1156 5349 1,
1190 5277 1299 5334 col.
1332 5279 1437 5335 2l0
1468 5284 1523 5335 et
1554 5286 1703 5353 seq.)

209 5376 312 5434 Lex
339 5396 477 5453 ergo
507 5381 816 5445 factorum,
832 5383 965 5444 etc.,
990 5393 1158 5450 usque
1185 5377 1254 5432 ad
1283 5376 1537 5451 gratuita
1565 5380 1770 5452 gratia.

151 5462 259 5535 (Id.,
286 5468 379 5525 tib.
410 5470 481 5526 de
528 5469 742 5541 Spiritu
781 5477 831 5525 et
859 5469 1060 5537 littera,
1094 5469 1236 5522 tom.
1270 5466 1335 5536 X,
1367 5484 1422 5540 p.
1458 5486 1497 5537 1,
1529 5467 1635 5524 col.
1669 5468 1775 5524 213

150 5555 195 5606 et
216 5560 354 5627 seq.)

1893 1932 2106 1988 magna
2119 1915 2263 1972 fides
2275 1920 2365 1971 est
2379 1915 2707 1986 utique,sed
2721 1918 2777 1970 et
2790 1931 3070 1988 magnum
3083 1934 3252 1989 opus.
3267 1917 3542 1991 Etipsum

1892 2021 2040 2077 opus
2062 2003 2318 2059 laudavit
2336 2004 2511 2069 Deus,
2537 2020 2671 2059 cum
2697 2002 2930 2072 diceret,
2955 2006 3233 2077 quoniam
3255 2006 3542 2065 exaudisti

1892 2109 2091 2149 vocem
2129 2109 2341 2147 meam.
2376 2095 2563 2158 Quare
2612 2108 2748 2164 ergo
2799 2092 3101 2165 apostolus
3153 2094 3369 2151 Paulus
3415 2096 3539 2151 ait:

1890 2180 2585 2252 Arbitramurjustificari
2609 2181 2908 2236 hominem
2938 2199 3040 2254 per
3061 2184 3235 2239 fidem
3259 2183 3386 2239 sine
3414 2201 3543 2256 ope-

1894 2270 2058 2325 ribus
2083 2270 2267 2343 legis?
2300 2270 2364 2324 Et
2395 2269 2507 2325 alio
2538 2269 2664 2326 loco
2695 2270 2855 2325 dicit.
2890 2272 2989 2327 Est
3015 2273 3144 2343 ﬁdes
3174 2289 3300 2346 quae
3323 2290 3423 2346 per
3450 2274 3541 2330 di-

1895 2360 2177 2415 lectionem
2224 2367 2498 2431 operatur.
2533 2359 2832 2425 Quomodo
2865 2360 3009 2416 fidcs
3043 2377 3144 2433 per
3173 2362 3542 2420 dilectionem

1895 2452 2189 2520 operatur,
2217 2452 2272 2503 et
2303 2448 2596 2519 quomodo
2636 2448 3001 2520 justificatur
3030 2450 3204 2507 homo
3236 2469 3339 2525 per
3367 2452 3542 2508 fidem

1896 2536 2023 2592 sine
2055 2536 2328 2609 operibus
2359 2536 2547 2609 legis?
2570 2537 2825 2592 Credidit
2855 2537 3089 2610 aliquis,
3122 2540 3379 2613 percepit
3408 2541 3543 2597 fidei

1897 2630 2282 2693 sacramenta,
2330 2630 2387 2681 et
2433 2630 2701 2691 mortuus
2750 2630 2857 2693 est,
2909 2627 3092 2684 defuit
3133 2628 3213 2684 illi
3264 2630 3542 2702 operandi

1895 2718 2149 2785 tempus.
2185 2714 2332 2780 Quid
2381 2713 2632 2770 dicimus
2653 2715 2681 2769 ‘t
2705 2714 2851 2779 Quia
2882 2733 2997 2771 non
3028 2721 3117 2773 est
3136 2718 3546 2788 justificatus?

1898 2802 2072 2858 Plane
2104 2803 2356 2859 dicimus
2375 2802 2791 2874 justificatum,
2821 2805 3155 2862 credentem
3187 2806 3246 2861 in
3277 2824 3411 2862 eum
3442 2806 3545 2879 qui
3603 2796 3617 2809 ’

1889 2891 2178 2962 justificat
2198 2890 2468 2962 impium.
2492 2892 2639 2962 Ergo
2661 2891 2771 2946 istc
2793 2891 3155 2962 justificatus
3186 2898 3294 2962 est,
3327 2898 3384 2950 et
3413 2912 3545 2967 ope-

1899 2984 2063 3035 ratus
2094 2996 2207 3033 non
2240 2978 2648 3050 est.Impletur
2675 2979 2966 3035 sententia
2995 2981 3242 3052 apostoli
3271 2981 3540 3040 dicentis:

1897 3068 2159 3124 Arbitror
2162 3066 2474 3139 justificari
2498 3067 2796 3123 hominem
2814 3084 2916 3141 per
2930 3069 3105 3124 fidem
3125 3070 3249 3126 sine
3270 3071 3543 3142 operibus

1819 3137 1861 3205 C
1898 3156 2062 3228 legis.
2096 3137 2265 3212 Latro
2297 3156 2397 3228 qui
2428 3172 2562 3211 cum
2613 3137 2858 3213 Domino
2906 3157 3219 3215 crucifixus
3255 3137 3343 3215 est
3372 3161 3544 3217 corde

1898 3245 2143 3301 credidit
2173 3246 2243 3301 ad
2266 3244 2694 3317 justitiam,ore
2724 3246 3028 3302 confessus
3049 3252 3139 3303 est
3162 3247 3234 3304 ad
3267 3247 3541 3305 salutem.

1898 3335 2043 3390 Nam
2079 3335 2223 3390 fides
2253 3351 2380 3407 qua:
2412 3350 2516 3407 per
2544 3333 2913 3391 dilectionem
2945 3340 3237 3408 operatur,
3261 3341 3318 3393 et
3347 3336 3398 3393 si
3428 3354 3543 3393 non

1897 3423 1974 3480 sit
1993 3424 2051 3478 in
2075 3441 2189 3495 quo
2213 3423 2465 3479 exterius
2487 3426 2777 3495 cperetur,
2803 3423 2862 3478 in
2884 3425 3055 3480 corde
3074 3429 3271 3481 tamen
3294 3425 3395 3482 illa
3424 3426 3543 3484 fer-

1895 3529 2037 3568 vens
2071 3518 2352 3568 servatur.
2386 3512 2533 3567 Nam
2583 3517 2750 3567 erant
2795 3512 3033 3583 quidam
3083 3514 3142 3569 in
3187 3514 3312 3588 lege
3343 3515 3445 3588 qui
3471 3516 3542 3572 de

1896 3600 2169 3674 operibus
2200 3600 2346 3674 legis
2372 3599 2792 3674 gloriabantur,
2825 3618 2951 3673 quia
2978 3603 3224 3659 fortasse
3254 3620 3371 3659 non
3403 3604 3543 3660 dilo-

1896 3691 2107 3757 ctione,
2141 3690 2241 3746 sed
2274 3690 2479 3745 timore
2513 3689 2803 3746 faciebant
2832 3706 2846 3746 :
2881 3695 2938 3746 et
2965 3691 3234 3748 volebant
3260 3709 3323 3749 se
3344 3694 3541 3765 justos

1893 3779 2097 3847 videri,
2122 3783 2180 3835 et
2201 3778 2455 3851 praeponi
2490 3779 2783 3851 gentibus,
2808 3795 2934 3852 quae
2966 3797 3113 3853 opus
3144 3781 3292 3855 legis
3318 3799 3433 3838 non
3466 3783 3543 3839 fe-

1894 3873 2113 3925 cerant.
2134 3866 2447 3940 Apostolus
2470 3873 2665 3923 autem
2689 3868 3012 3940 praedicans
3033 3870 3209 3925 fidem
3241 3871 3538 3943 gentibus,

1892 3974 2027 4013 cum
2061 3974 2159 4013 eos
2192 3955 2291 4029 qui
2339 3956 2691 4013 accedebant
2718 3957 2789 4012 ad
2828 3958 3161 4025 Dominum,
3191 3959 3411 4016 videret
3439 3962 3539 4033 ju-

1892 4046 2173 4104 stificatos
2204 4063 2273 4102 ex
2304 4046 2436 4112 fide,
2470 4050 2535 4100 ut
2546 4047 2673 4116 jam
2705 4046 2805 4118 qui
2837 4047 3205 4103 crediderant
3234 4048 3380 4105 bene
3411 4066 3541 4121 ope-

1890 4140 2181 4206 rarentur,
2206 4152 2321 4190 non
2363 4135 2502 4206 quia
2549 4135 2695 4190 bene
2736 4135 2957 4206 operati
2989 4140 3128 4190 sunt
3157 4137 3389 4192 credere
3416 4153 3539 4193 me-

1891 4229 2176 4291 rerentur,
2203 4222 2545 4279 exclamavit
2574 4239 2815 4278 securus
2844 4228 2904 4278 et
2932 4223 3034 4289 ait,
3057 4224 3195 4296 quia
3226 4229 3417 4296 potest
3438 4226 3536 4296 ju-

1891 4312 2129 4368 stiﬁcari
2153 4311 2326 4367 homo
2348 4327 2417 4365 ex
2437 4311 2551 4367 fide
2573 4311 2698 4366 sine
2715 4312 2991 4384 operibus
3021 4311 3187 4384 legis,
3209 4316 3273 4367 ut
3302 4310 3387 4367 illi
3420 4329 3539 4368 ma-

1890 4401 1980 4475 gis
2003 4417 2117 4456 non
2144 4399 2361 4455 fuerint
2384 4399 2559 4471 justi,
2584 4398 2685 4473 qui
2716 4400 2870 4472 quod
2897 4400 3184 4455 faciebant
3215 4399 3423 4456 timore
3452 4401 3536 4457 fa-

1810 4506 1858 4571 D
1890 4490 2121 4546 ciebant
2141 4505 2272 4545 cum
2299 4489 2444 4544 fides
2459 4504 2562 4561 per
2574 4488 2944 4545 dilectionem
2967 4492 3240 4561 operetur
3257 4488 3317 4544 in
3340 4491 3533 4557 corde,

1890 4579 2065 4635 etiam
2097 4579 2145 4633 si
2180 4576 2319 4633 foris
2367 4594 2481 4632 non
2532 4577 2649 4632 exit
2677 4576 2736 4631 in
2769 4592 2959 4647 opere.
2993 4575 3299 4648 Apostolus
3324 4579 3538 4649 praedic

1890 4685 2054 4735 cans,
2077 4672 2210 4736 etc.,
2234 4682 2403 4736 usque
2423 4665 2493 4720 ad
2515 4663 2716 4719 multis
2740 4664 2798 4719 in
2839 4663 2983 4721 locis
3020 4666 3294 4723 ostendit.
3330 4667 3435 4739 (Id.
3468 4685 3537 4725 ea:

1890 4758 2034 4813 libro
2065 4756 2263 4824 Quaest.
2296 4755 2385 4821 83,
2411 4757 2551 4807 tom.
2587 4752 2679 4821 VI,
2706 4750 2815 4809 col.
2850 4754 2919 4807 87
2948 4758 3005 4810 et
3032 4758 3182 4828 seq.)

1961 4845 2106 4901 Cum
2136 4858 2272 4915 ergo
2305 4840 2463 4908 dicit,
2498 4846 2631 4908 etc.,
2665 4857 2835 4913 usque
2861 4842 2933 4898 ad
2971 4861 3097 4916 qua:
3147 4845 3336 4901 caeteri
3382 4849 3534 4920 Apo-

1890 4933 2043 4991 stoli.
2078 4933 2209 5004 (Id.,
2243 4931 2338 4985 lib.
2362 4930 2428 4985 de
2454 4930 2589 4987 Fide
2616 4938 2668 4986 et
2693 4932 2964 5003 operibus,
2999 4936 3140 4989 tom.
3175 4934 3271 5004 VI,
3303 4935 3532 4993 001.211

1890 5028 1948 5081 et
1976 5023 2123 5094 seq.)

1952 5112 2228 5182 Quoniam
2257 5108 2477 5182 quidem
2506 5125 2648 5165 unus
2676 5117 2756 5166 est
2792 5114 2935 5167 Deus
2983 5113 3082 5183 qui
3116 5113 3384 5186 justiﬁcat
3419 5115 3533 5169 cir-

1881 5201 2268 5258 cumcisionem
2294 5214 2365 5253 ea:
2392 5198 2516 5269 ﬁde,
2549 5206 2601 5254 ct
2623 5202 2963 5271 praeputium
3006 5217 3107 5272 per
3159 5201 3336 5272 ﬁdem.
3374 5200 3534 5257 Unus

1881 5289 2038 5345 enim
2057 5289 2211 5343 Deus
2229 5286 2762 5357 quijustificat,etc.
2776 5305 2963 5361 ,usque
2982 5290 3052 5345 ad
3068 5306 3171 5361 per
3191 5289 3384 5343 fidem.
3399 5288 3532 5361 (Id.,

1884 5378 1979 5434 lib.
2003 5376 2068 5432 de
2090 5376 2302 5447 Spiritu
2332 5383 2386 5431 et
2414 5376 2613 5445 littera,
2640 5380 2779 5432 tom.
2801 5377 2865 5447 X,
2889 5395 2947 5449 p.
2983 5395 3021 5443 1,
3045 5376 3154 5432 col.
3176 5377 3274 5430 231
3301 5380 3357 5432 et
3383 5375 3531 5451 seq.)

1953 5468 2141 5539 Legem
2169 5482 2296 5535 ergo
2325 5464 2657 5522 destruimus
2680 5483 2780 5539 per
2798 5467 2961 5538 ﬁdem
2978 5466 3006 5521 ?
3034 5466 3204 5521 Absit.
3228 5465 3331 5521 Sed
3362 5466 3535 5540 legem

1881 5557 2191 5613 statuimus.
2226 5555 2333 5611 Per
2378 5553 2566 5627 legem
2616 5554 2869 5626 cognitio
2917 5552 3161 5625 peccati,
3200 5556 3333 5627 etc.,
3366 5572 3536 5631 usque
