4024 6180
387 257 509 323 287

1585 251 1819 317 FLORI
1861 252 2181 317 DIACONI
2226 252 2603 319 MONACHI.

3672 256 3788 320 288

387 392 461 451 ad
482 386 650 449 liberi
671 388 834 449 estis.
858 390 940 463 (ει.
962 390 1131 464 Aug.,
1155 392 1298 446 tom.
1320 386 1387 456 X,
1412 404 1469 462 p.
1493 403 1533 457 1,
1556 386 1663 444 col.
1686 386 1793 444 233
1812 393 1867 444 et
1886 389 2038 460 seq.)
2065 389 2120 458 Α
2222 388 2280 447 Si
2294 386 2502 446 veteris
2514 387 3131 464 populi,ete.,usquead
3146 387 3474 449 manebitin
3486 392 3791 449 aeternum.

1028 532 1263 590 CAPUT
1300 530 1392 588 IV.

461 660 610 733 Quid
637 676 766 731 ergo
790 660 1050 725 dicemus,
1079 665 1202 723 etc.,
1257 671 1446 728 usque
1490 655 1563 711 ad
1612 654 1704 711 sed
1752 670 1859 711 non
1891 653 2038 727 apud

388 750 579 808 Deum.
602 748 917 822 Apostolus
937 763 1070 803 cum
1094 746 1528 802 commendaret
1550 743 1866 816 justitiam,
1899 747 2032 812 etc.,

389 856 561 914 usque
582 839 653 897 ad
681 843 879 895 tamen
927 840 1127 892 secuta
1171 838 1330 891 sunt.
1363 834 1489 906 (Id.,
1524 835 1585 889 in
1610 833 1753 905 psal.
1788 849 1941 899 xxx1,
1976 834 2038 887 in

385 931 731 1004 praefatione,
756 931 898 983 tom.
934 924 1025 990 IV,
1060 941 1115 996 p.
1152 940 1193 987 1,
1225 921 1335 979 col.
1364 923 1469 977 258
1498 925 1554 977 et
1584 921 1733 993 seq.)

462 1018 604 1087 Quid
638 1018 789 1074 enim
827 1015 1115 1086 Scriptura
1144 1012 1323 1068 dicit?
1353 1010 1592 1067 Credidit
1621 1011 1905 1066 Abraham
1930 1010 2035 1067 Deo

387 1114 441 1165 et
458 1113 765 1181 reputatum
788 1111 863 1161 est
893 1104 984 1159 illi
1011 1102 1081 1157 ad
1102 1101 1404 1175 justitiam.
1427 1100 1664 1155 Factum
1684 1103 1774 1155 est
1791 1099 2035 1155 verbum

387 1193 619 1251 Domini
650 1192 723 1248 ad
751 1188 1067 1256 Abraham,
1113 1192 1245 1256 etc.,
1294 1202 1467 1258 usque
1509 1185 1581 1242 ad
1628 1184 2032 1243 circumcisus.

385 1283 495 1356 (ld.
530 1283 627 1338 lib.
661 1280 726 1336 de
755 1280 914 1337 Civit.
936 1279 1054 1334 Dei.
1088 1276 1175 1344 l6,
1210 1281 1352 1331 tom.
1378 1274 1504 1341 VII,
1536 1274 1646 1330 col.
1676 1276 1832 1344 500.)

457 1372 646 1443 thui
671 1385 783 1425 non
811 1371 1087 1440 aperufur,
1120 1364 1359 1421 credenti
1413 1370 1595 1420 autem
1649 1364 1711 1419 in
1763 1379 1891 1419 eum
1940 1365 2039 1437 qui

374 1460 649 1533 justi/teat
692 1458 948 1529 impium,
979 1461 1264 1527 reputatur
1308 1453 1439 1526 ﬁdes
1488 1453 1606 1525 ejus
1647 1452 1718 1508 ad
1753 1455 2035 1525 justitiam

382 1548 683 1608 secundum
704 1547 1041 1619 propositum
1067 1545 1269 1613 gratim
1297 1544 1418 1599 Dei.
1440 1542 1574 1611 (ld.,
1598 1542 1668 1597 ad
1689 1543 2037 1614 Boni/acium

380 1654 585 1712 papam
629 1635 830 1707 Urbis.)
871 1633 928 1689 Si
982 1648 1240 1704 quaerere
1290 1630 1537 1688 voluerit
1591 1635 1726 1686 ante
1783 1630 2034 1703 gratiam

386 1726 529 1800 quid
558 1720 838 1781 meruerit
868 1726 933 1778 ut
964 1721 1249 1794 acciperet
1277 1736 1428 1787 eam,
1461 1718 1619 1776 mala
1667 1736 1777 1776 sua
1824 1719 2037 1792 poterit

384 1816 565 1872 homo
591 1812 851 1869 invenire
877 1827 993 1868 non
1021 1811 1192 1877 bona,
1225 1809 1457 1866 etiamsi
1507 1825 1642 1865 eum
1692 1809 1870 1865 unius
1918 1807 2034 1864 diei

383 1905 564 1961 vitam
590 1903 904 1959 habentem
938 1915 1115 1972 super
1142 1903 1357 1955 terram
1379 1896 1567 1971 gratia
1597 1897 1913 1955 Salvatoris
1943 1897 2033 1953 ia-

384 1992 627 2049 venerit.
650 1990 796 2058 Quia
815 1989 865 2046 si
886 1988 1109 2061 aliquid
1132 1987 1268 2043 boni
1299 1990 1573 2060 operatur
1601 1986 1778 2043 homo
1809 1990 1875 2043 ut
1902 2003 2034 2060 gra-

384 2081 529 2140 tiam
559 2070 873 2148 mereatur,
890 2094 1006 2134 non
1023 2076 1074 2134 ei
1096 2093 1317 2134 merces
1348 2077 1677 2149 imputatur
1706 2076 2034 2133 secundum

384 2170 655 2246 gratiam,
676 2169 777 2226 sed
798 2168 1127 2224 secundum
1159 2165 1443 2222 debitum.
1468 2165 1527 2223 Si
1550 2169 1745 2221 autem
1768 2165 1953 2221 credit
1972 2165 2034 2221 in

384 2277 520 2318 eum
541 2259 641 2332 qui
652 2257 939 2331 justiﬁcat
958 2256 1231 2329 impium,
1246 2258 1311 2311 ut
1323 2256 1634 2327 deputetur
1656 2255 1802 2312 ﬁdes
1816 2255 1865 2327 ej
1875 2271 1944 2312 us
1959 2255 2034 2310 ad

379 2348 674 2423 justitiam
705 2347 924 2419 (justus
953 2343 1109 2401 enim
1137 2360 1205 2400 ex
1235 2344 1347 2399 fide
1375 2342 1558 2415 vivit),
1590 2343 1844 2415 profecto
1876 2347 2036 2399 ante-

384 2454 563 2512 quam
593 2436 781 2511 gratia
802 2433 1181 2507 justiﬁcetur,
1211 2433 1320 2490 hoc
1369 2435 1458 2489 est
1495 2434 1697 2505 justus
1747 2430 2036 2488 efﬁciatur

382 2527 625 2601 impius,
646 2525 788 2598 quid
811 2527 902 2580 est
922 2521 1035 2578 nisi
1059 2521 1281 2595 impius
1298 2522 1327 2578 ?
1355 2524 1538 2588 Quem
1571 2521 1621 2577 si
1653 2520 1917 2577 debitum
1948 2538 2035 2577 se~

383 2619 680 2689 queretur,
701 2612 839 2686 quid
858 2613 987 2684 ejus
1011 2611 1217 2667 merito
1245 2609 1359 2666 nisi
1380 2609 1736 2682 supplicium
1759 2609 2034 2666 reddere-

383 2709 499 2762 tur.
514 2704 575 2761 Si
585 2720 723 2777 ergo
734 2701 1077 2777 gratia,jam
1091 2718 1207 2757 non
1220 2717 1289 2756 ex
1309 2700 1608 2773 operibus,
1622 2698 1881 2771 alioquin
1902 2715 2033 2772 gra-

382 2794 467 2851 tia
486 2794 612 2865 jam
646 2809 756 2848 non
780 2795 870 2847 est
884 2790 1096 2864 gratia.
1113 2789 1397 2863 Operibus
1428 2788 1584 2845 enim
1615 2788 1882 2844 debitum
1904 2789 2035 2843 red-

386 2882 562 2950 ditur,
594 2882 785 2957 gratia
813 2880 996 2954 gratis
1024 2880 1220 2946 datur,
1251 2879 1406 2935 unde
1435 2879 1610 2934 etiam
1638 2880 2031 2951 nuncupatur.

383 2972 505 3029 Hoc
522 2975 612 3029 est
632 2985 782 3044 opus
804 2969 927 3036 Dei,
955 2972 1091 3036 etc.,
1122 2984 1295 3041 usque
1324 2967 1394 3024 ad
1425 2966 1794 3024 dilectionem
1825 2982 2036 3039 opera-

384 3064 501 3118 tur.
541 3059 675 3130 (Id.,
729 3066 889 3116 tract.
938 3059 1228 3127 Evangelii
1274 3057 1572 3113 secundum
1616 3057 1900 3123 Joannem,
1940 3055 2031 3122 29,

381 3153 525 3206 tom.
560 3148 659 3216 ΙΙΙ,
693 3165 751 3219 p.
779 3164 838 3213 11,
872 3145 981 3202 col.
1017 3147 1173 3202 1631.

452 3235 731 3308 Nunquid
760 3235 913 3291 inter
945 3234 1267 3300 credentes,
1300 3235 1435 3298 etc.,
1466 3247 1633 3304 usque
1660 3231 1731 3287 ad
1762 3235 1829 3287 ut
1856 3230 2032 3287 facia-

384 3342 519 3383 mus
546 3329 603 3381 et
630 3341 760 3380 nos.
798 3322 933 3393 (Id.,
982 3330 1140 3379 tract.
1190 3321 1479 3390 Evangelii
1521 3320 1821 3377 secundum
1862 3322 2033 3378 Joan-

380 3413 622 3479 nem72,
648 3417 789 3469 tom.
825 3413 929 3479 Ill,
960 3428 1018 3484 p.
1052 3426 1113 3477 11,
1146 3409 1256 3467 col.
1294 3411 1432 3467 1823
1460 3414 1518 3466 et
1550 3426 1672 3483 seq.

457 3501 602 3560 Dicit
641 3500 975 3575 Apostolus,
1007 3499 1057 3557 si
1087 3499 1405 3565 Abraham,
1437 3504 1572 3566 etc.,
1603 3516 1772 3572 usque
1793 3498 1864 3555 ad
1894 3516 2036 3571 ope-

381 3590 545 3648 ribus
575 3589 765 3648 bonis.
797 3591 933 3660 (ld.,
974 3595 1136 3645 tract.
1181 3588 1474 3657 Evangelii
1517 3587 1816 3644 secundum
1862 3589 2035 3644 Joan-

379 3696 528 3747 nem,
556 3680 650 3746 80,
677 3683 820 3735 tom.
852 3680 956 3745 IlI,
987 3694 1045 3750 p.
1081 3695 1140 3747 ιι,
1173 3676 1283 3734 col.
1315 3676 1505 3747 4843.)

452 3768 607 3824 Sicut
631 3776 685 3824 et
711 3767 885 3823 David
912 3766 1065 3835 dicit,
1098 3773 1221 3833 etc.,
1254 3781 1443 3838 usque
1472 3765 1544 3821 ad
1582 3766 1751 3821 etiam
1798 3766 1859 3821 in
1884 3779 2038 3837 prae-

376 3858 533 3931 putio
552 3856 581 3912 Ἰ
611 3856 945 3929 Propterea,
967 3854 1180 3928 inquit,
1206 3854 1311 3910 tibi
1338 3854 1447 3910 hoc
1464 3853 1603 3921 dixi,
1628 3870 1661 3909 ο
1682 3853 1879 3923 homo,
1899 3858 2034 3919 etc.,

381 3962 551 4020 usque
573 3944 646 4002 ad
672 3944 875 4001 oculos
907 3943 1321 4001 misericordiae
1352 3942 1475 3999 Dei.
1498 3943 1609 4016 (id.
1634 3945 1691 3999 in
1710 3944 1853 4017 psal.
1882 3958 2036 4009 χχιιι,

381 4038 527 4091 tom.
558 4033 652 4101 IV,
683 4050 740 4107 p.
776 4048 817 4103 1,
847 4032 956 4090 col.
991 4033 1094 4089 261
1127 4035 1186 4088 et
1214 4036 1364 4104 seq.)

455 4124 625 4182 Fides
648 4122 1074 4188 commendari,
1099 4124 1231 4191 etc.,
1257 4136 1427 4193 usque
1444 4120 1515 4176 ad
1536 4136 1640 4194 per
1667 4120 2039 4177 dilectionem

382 4216 658 4287 operatur
687 4212 822 4286 (ld.,
849 4213 907 4267 in
924 4211 1067 4284 psal.
1095 4226 1264 4278 van,
1299 4213 1442 4265 tom.
1470 4208 1562 4277 IV,
1596 4226 1653 4282 p.
1682 4227 1721 4278 1,
1746 4208 1855 4266 col.
1888 4209 2041 4283 838.)

458 4303 669 4377 Magna
717 4299 874 4357 enim
925 4314 1103 4372 opera
1149 4297 1402 4367 Domini,
1433 4297 1725 4371 exquisita
1751 4297 1810 4353 in
1834 4314 2040 4356 omnes

386 4391 718 4449 voluntates
746 4390 895 4462 ejus.
931 4388 1081 4453 Quid
1113 4386 1947 4461 magniﬁcentius,etc.,usque
1970 4388 2043 4443 ad

2146 477 2223 549 (8.
2254 480 2424 549 Aug.,
2477 481 2636 552 epist.
2684 480 2756 536 ad
2800 481 3161 537 Maximinum
3203 479 3495 549 Arianum,
3539 484 3683 537 tom.
3718 482 3793 554 ΙΙ,

2144 565 2253 623 col.
2289 566 2405 636 96.)

2212 657 2330 713 Non
2357 658 2507 713 enim
2530 673 2632 730 per
2658 658 2827 729 legem
2857 659 3145 730 promissio
3173 657 3414 716 Abrahae
3430 660 3633 715 semini
3648 660 3791 731 ejus,

2143 752 2206 801 ut
2233 744 2404 802 haeres
2431 755 2566 803 esset
2594 747 2852 813 mundus,
2881 748 2972 803 sed
2997 764 3100 820 per
3114 748 3397 820 justitiam
3431 747 3588 818 ﬁdei.
3625 748 3794 806 Fides

2142 833 2406 903 Abrahaa,
2431 838 2563 903 etc.,
2587 852 2755 908 usque
2778 834 2849 890 ad
2869 834 3339 908 promissionem.
3374 835 3504 908 (Id.,
3536 837 3633 893 lib.
3664 837 3798 894 Sen-

2145 924 2445 979 tentian
2473 925 2747 997 Prosperi,
2782 927 2925 980 tom.
2958 924 3025 991 X,
3058 942 3115 997 p.
3147 926 3201 989 2,
3235 923 3343 980 col.
3377 925 3563 994 1878.)

2216 1011 2275 1068 Si
2303 1012 2462 1068 enim
2492 1012 2585 1069 lex
2605 1012 2914 1085 justiﬁeat,
2945 1016 3082 1082 etc.,
3112 1028 3286 1085 usque
3312 1013 3384 1069 ad
3415 1012 3654 1086 gavisus
3682 1018 3795 1071 est.

2142 1099 2276 1170 (Id.,
2309 1102 2370 1156 in
2398 1103 2739 1174 expositione
2766 1102 2938 1174 Epist.
2960 1101 3032 1158 ad
3062 1101 3301 1170 Galatas,
3335 1106 3476 1158 tom.
3511 1102 3612 1171 ΙΙΙ,
3640 1119 3703 1175 p.
3735 1119 3801 1171 ιι,

2143 1186 2251 1244 col.
2284 1191 2472 1264 2121.)

2213 1276 2277 1334 Si
2302 1279 2452 1335 enim
2496 1281 2595 1352 qui
2640 1295 2710 1335 ex
2756 1279 2869 1351 lege
2916 1278 3159 1338 haeredes
3209 1288 3361 1347 sunt,
3392 1279 3687 1337 exinanita
3715 1287 3803 1339 est

2141 1366 2291 1438 ﬁdes,
2311 1367 2517 1424 abolita
2545 1375 2623 1424 est
2647 1370 2936 1441 promissio
2958 1369 3047 1441 (ex
3066 1369 3161 1424 lib.
3181 1376 3442 1441 11,contra
3460 1368 3801 1443 lulianum.)

2145 1457 2267 1511 lmo
2298 1455 2697 1512 destrueretur
2726 1456 3060 1530 promissio,
3092 1457 3143 1513 si
3190 1474 3261 1514 ex
3300 1456 3427 1532 lege
3475 1457 3799 1531 quisquam

2141 1543 2337 1615 justus
2362 1548 2536 1601 esset.
2557 1546 2617 1601 Si
2646 1542 2805 1602 enim
2834 1546 2935 1619 qui
2966 1563 3036 1603 ex
3055 1545 3181 1620 lege
3203 1546 3463 1603 haeredes
3482 1551 3644 1613 sunt,
3676 1546 3802 1604 exi-

2143 1632 2299 1688 mani
2310 1638 2367 1688 ta
2396 1636 2487 1690 est
2517 1634 2682 1702 fides,
2714 1638 2995 1691 evacuate
3023 1639 3115 1691 est
3142 1635 3475 1709 promissio.
3508 1635 3618 1692 Lex
3645 1638 3805 1692 enim

2142 1722 2288 1778 iram
2316 1730 2588 1794 operatur.
2601 1724 2688 1779 Ad
2710 1722 2819 1779 hoc
2842 1722 3065 1797 utique,
3086 1729 3151 1780 ut
3165 1724 3236 1781 ad
3262 1724 3410 1782 iram
3431 1725 3801 1782 evadendam

2142 1810 2331 1884 gratia
2357 1811 2459 1867 Dei
2485 1811 2838 1885 requiratur.

2216 1901 2319 1958 Ubi
2343 1902 2493 1957 enim
2518 1917 2633 1957 non
2670 1908 2751 1957 est
2776 1901 2887 1969 lex,
2917 1918 3015 1958 nec
3039 1903 3443 1975 pra’varicatio.
3477 1901 3685 1959 Omnis
3712 1901 3802 1960 le-

2142 2004 2276 2063 gem
2307 1988 2666 2062 praeteriens,
2697 1994 2831 2057 etc.,
2866 2007 3037 2063 usque
3062 1991 3134 2047 ad
3163 1991 3376 2049 merita
3402 2008 3531 2048 sua.
3564 1992 3700 2062 (Id.,
3736 1994 3805 2050 in

2137 2078 2281 2150 psal.
2315 2096 2441 2145 axx,
2473 2081 2616 2133 tom.
2650 2078 2743 2147 IV,
2777 2095 2837 2151 p.
2869 2095 2910 2148 1,
2945 2077 3054 2135 col.
3082 2080 3189 2136 8’79
3217 2084 3276 2136 et
3304 2080 3454 2153 seq.)

2214 2167 2316 2240 (Ex
2335 2166 2439 2223 lib.
2463 2175 2653 2223 contra
2669 2168 3003 2238 lulianum.)
3025 2168 3141 2225 Cur
3170 2185 3286 2226 non
3318 2167 3597 2237 attendis,
3631 2186 3803 2244 rogo,

2141 2250 2271 2312 ideo
2301 2272 2417 2312 non
2449 2272 2577 2313 esse
2606 2255 2866 2313 heredes
2897 2257 2970 2313 de
2997 2256 3144 2332 lege,
3178 2257 3319 2330 quia
3360 2256 3455 2314 lex
3480 2258 3629 2314 iram
3661 2275 3808 2332 ope-

2144 2344 2347 2401 ratur?
2364 2344 2473 2401 Ubi
2494 2346 2651 2401 enim
2678 2362 2796 2401 non
2827 2350 2917 2402 est
2948 2345 3060 2413 lex,
3084 2363 3190 2403 nec
3210 2346 3627 2419 praevaricatio.
3663 2348 3807 2405 Ideo

2144 2438 2339 2490 autem
2370 2450 2439 2489 ex
2470 2434 2881 2507 promissione,
2915 2435 3055 2508 quia
3105 2439 3259 2492 Deus
3318 2437 3477 2509 quod
3522 2436 3811 2509 promisit

2143 2522 2269 2596 ipse
2292 2522 2449 2579 facit.
2476 2524 2583 2590 Qui
2615 2522 2772 2579 enim
2794 2528 3083 2598 praecepta
3100 2524 3249 2598 legis
3270 2523 3513 2597 implere
3534 2541 3598 2581 se
3629 2528 3809 2598 putat

2143 2628 2245 2684 per
2260 2611 2569 2668 arbitrium
2588 2611 2831 2685 propriae
2853 2611 3171 2670 voluntatis
3189 2612 3315 2670 sine
3338 2613 3549 2687 spiritu
3572 2614 3805 2687 gratiae,

2144 2716 2311 2757 suam
2335 2701 2633 2773 justitiam
2663 2701 2789 2758 vult
2816 2702 3193 2775 constituere,
3225 2720 3342 2759 non
3367 2701 3665 2776 justitiam
3698 2702 3810 2760 Dei

2144 2805 2394 2845 sumere.

2212 2877 2332 2935 Ideo
2361 2894 2431 2935 ex
2457 2876 2658 2950 ﬁde,ut
2684 2877 2983 2934 secundum
3012 2880 3259 2949 gratiam
3284 2878 3448 2951 ﬁrma
3465 2881 3539 2935 sit
3559 2882 3808 2952 promis-

2141 2967 2223 3023 sio
2252 2968 2403 3024 omni
2429 2968 2649 3035 semini,
2664 2984 2775 3024 non
2792 2968 2847 3024 ei
2871 2969 2968 3040 qui
2996 2984 3067 3025 ex
3095 2969 3211 3038 lege
3239 2976 3319 3024 est
3345 2968 3541 3024 solum.
3568 2967 3800 3041 (Exlib.

2143 3072 2205 3123 11,
2236 3054 2303 3112 de
2330 3056 2608 3129 Baptismo
2633 3056 3037 3130 parvulorum.)
3079 3055 3140 3113 Id
3202 3058 3293 3113 est
3346 3055 3446 3130 qui
3486 3073 3555 3113 ex
3599 3056 3800 3114 Veteri

2059 3134 2107 3202 C
2142 3145 2517 3202 Testamento
2545 3144 2704 3201 venit
2730 3145 2803 3201 ad
2832 3144 3079 3201 Novum.

2218 3232 2322 3290 Sed
2347 3241 2398 3289 et
2426 3235 2481 3289 ei
2501 3235 2598 3306 qui
2623 3250 2693 3290 ex
2720 3233 2830 3306 ﬁde
2847 3242 2925 3292 est
2948 3234 3201 3292 Abrabx.
3214 3234 3342 3292 Non
3364 3234 3476 3292 sibi
3493 3233 3810 3309 praemissa

2141 3320 2287 3395 lege.
2328 3321 2411 3377 Ex
2452 3321 2567 3378 fide
2613 3326 2810 3379 autem
2864 3321 3161 3379 Abraham
3212 3322 3273 3379 id
3324 3328 3415 3380 est
3470 3322 3807 3383 imitatores

2139 3410 2435 3467 Abraham
2469 3410 2623 3467 fidei.

2211 3501 2323 3570 Qui
2348 3507 2428 3556 est
2448 3507 2607 3572 pater
2632 3501 2883 3557 omnium
2909 3508 3176 3570 nostrum,
3208 3502 3349 3558 sicut
3389 3502 3655 3573 scriptum
3695 3507 3806 3561 est.

2140 3588 2290 3658 Quia
2315 3595 2526 3660 patrem
2552 3590 2864 3645 multarum
2899 3592 3148 3659 gentium
3169 3590 3333 3662 posui
3360 3597 3428 3646 te.
3462 3589 3609 3646 Cum
3637 3591 3805 3663 Apo-

2144 3675 2331 3732 stolus
2364 3676 2873 3751 dicat,etc.,usque
2891 3677 2962 3733 ad
2989 3679 3212 3734 donum
3241 3682 3331 3735 est
3360 3678 3527 3735 fides.
3550 3678 3801 3748 (Id.,lib.

2143 3763 2210 3821 de
2232 3764 2717 3838 praedestinatione
2761 3774 2959 3837 sanct.,
3011 3770 3154 3823 tom.
3205 3766 3275 3834 X,
3324 3784 3382 3840 p.
3415 3783 3457 3835 1,
3503 3766 3615 3823 col.
3643 3768 3805 3840 976.)

2216 3855 2361 3925 Quia
2386 3862 2602 3926 patrem
2628 3855 2936 3911 multarum
2960 3857 3206 3926 gentium
3230 3856 3396 3928 posui
3421 3862 3492 3911 te.
3525 3854 3586 3913 Si
3616 3854 3802 3923 enim,

2146 3946 2280 4010 etc.,
2312 3959 2483 4015 usque
2511 3943 2583 3998 ad
2609 3943 2861 4000 servient
2886 3944 3120 4000 minori.
3155 3943 3286 4017 (Id.,
3321 3946 3384 4000 in
3405 3945 3550 4017 psal.
3584 3945 3731 4017 c111.)

2217 4030 2461 4095 Quando
2491 4047 2628 4105 ergo
2658 4030 2949 4105 promisit,
2974 4037 3110 4100 etc.,
3143 4049 3314 4106 usque
3332 4033 3404 4089 ad
3431 4033 3613 4090 donat
3641 4037 3701 4089 ct
3732 4035 3806 4089 ﬁ-

2147 4120 2299 4177 dem.
2330 4119 2578 4193 (Id.,lib.
2611 4120 2679 4178 de
2700 4121 3187 4195 prades'tinatione
3213 4129 3412 4192 sanet,
3444 4121 3804 4196 tom.X,p.1,

2148 4209 2254 4266 col.
2288 4210 2436 4283 975.)

2217 4300 2355 4356 Ante
2382 4303 2576 4368 Deum,
2610 4307 2734 4368 etc.,
2767 4316 2957 4373 usque
3003 4300 3075 4356 ad
3123 4308 3173 4357 et
3226 4315 3415 4358 arena?
3467 4300 3661 4356 maris.
3692 4300 3806 4365 Qui

2145 4391 2313 4444 vocat
2343 4405 2432 4460 ea,
2464 4391 2600 4458 etc.,
2632 4403 2804 4461 usque
2831 4388 2903 4443 ad
2931 4386 3137 4445 ﬁdeles
3160 4388 3297 4444 facti
3327 4405 3555 4445 sumus.
3590 4388 3724 4462 (ld.,
3750 4390 3813 4445 in

390 4479 826 4569 magniﬁcentia
853 4493 1003 4551 opus
1031 4477 1181 4569 ejus.
1215 4475 1346 4548 (ld.,
1376 4476 1440 4530 in
1463 4476 1606 4548 psal.
1641 4491 1731 4543 cx,
1766 4480 1908 4532 tom.
1943 4476 2037 4544 IV,
2073 4504 2121 4569 Β
2146 4477 2290 4569 psal.
2321 4492 2409 4544 σν,
2443 4493 2654 4569 cxv111;
2686 4493 2849 4533 serm.
2879 4478 2971 4569 77,
3003 4476 3276 4569 deverbis
3304 4477 3590 4569 Apostcli.)

388 4586 447 4641 p.
482 4586 539 4631 11,
573 4567 682 4623 col.
718 4568 858 4623 1464
888 4570 945 4621 et
977 4565 1127 4638 seq.)

455 4656 699 4711 Dicimus
726 4657 881 4710 enim
929 4656 1058 4727 quia
1108 4660 1360 4726 reputate
1401 4660 1482 4709 est
1522 4653 1757 4712 Abrahae
1793 4654 1925 4725 ﬁdes
1974 4655 2047 4711 ad

381 4744 684 4817 justitiam.
720 4744 995 4811 Quomodo
1040 4758 1167 4815 ergo
1214 4750 1463 4816 reputata
1501 4751 1582 4799 est
1605 4760 1625 4798 :
1657 4743 1721 4799 In
1749 4745 2044 4800 circumci-

387 4834 560 4899 sione,
592 4847 668 4888 an
697 4832 759 4887 in
781 4832 1104 4903 prxputio?
1131 4832 1252 4889 Non
1297 4833 1358 4887 in
1403 4832 1839 4900 circumcisione,
1865 4832 1958 4889 sed
1982 4835 2045 4889 in

387 4919 941 4995 praeputioAdhibet
950 4920 1418 4994 exemplum,etc.
1432 4934 1621 4995 ,usque
1632 4921 1702 4978 ad
1715 4921 1900 4979 multo
1914 4926 2049 4994 post

390 5010 529 5067 data
558 5013 667 5065 est.
712 5008 842 5082 (ld.,
875 5010 935 5064 in
963 5011 1301 5082 expositione
1340 5011 1599 5083 Epistolas
1640 5011 1710 5067 ad
1748 5010 1925 5068 Galat.
1958 5028 2044 5082 111,

393 5103 536 5156 tom.
573 5099 673 5165 ΙΙΙ,
705 5114 762 5170 p.
797 5115 856 5166 11,
890 5097 999 5155 col.
1030 5099 1217 5170 2118.)

467 5194 536 5246 Et
575 5190 798 5257 signum
842 5189 1049 5261 accepit
1087 5188 1541 5254 circumcisionis,
1582 5195 1706 5256 etc.,
1737 5206 1925 5262 usque
1974 5191 2047 5247 ad

396 5294 521 5351 quae
541 5286 620 5334 est
643 5278 703 5333 in
717 5278 992 5351 praeputio
1010 5278 1189 5349 patris
1209 5278 1390 5332 nostri
1408 5275 2049 5336 Abrahaeﬁircumcisio

2221 4568 2289 4622 Et
2315 4583 2426 4623 non
2456 4567 2765 4637 inﬁrmatus
2808 4573 2886 4623 est
2914 4567 2975 4621 in
3001 4564 3132 4639 ﬁde,
3164 4583 3265 4623 nec
3292 4565 3657 4624 consideravit
3685 4583 3811 4622 cor-

2147 4672 2252 4729 pus
2306 4672 2469 4711 suum
2517 4663 2841 4725 emortuum,
2886 4671 3011 4711 cum
3059 4656 3182 4728 jam
3232 4658 3348 4727 fere
3401 4663 3620 4712 centum
3672 4664 3812 4712 esset

2152 4760 2447 4814 annorum,
2474 4751 2530 4801 et
2552 4750 2856 4802 emortuam
2882 4745 3104 4800 vulvam
3150 4746 3360 4803 Sarrae.
3391 4744 3687 4817 Scriptum
3721 4747 3816 4801 est

2153 4834 2213 4889 in
2245 4833 2506 4907 Epistola
2561 4834 2634 4890 ad
2688 4833 2979 4890 Hebraeos.
3038 4832 3197 4899 Fide,
3229 4837 3361 4903 etc.,
3394 4848 3566 4907 usque
3607 4832 3680 4888 ad
3722 4836 3813 4889 est

2154 4922 2391 4979 mortui.
2423 4922 2556 4992 (Id.,
2585 4924 2681 4979 lib.
2714 4922 2779 4980 de
2812 4923 2928 4979 Cia.
2960 4923 3231 4992 Dei.,xv1.
3247 4926 3390 4980 tom.
3420 4921 3543 4992 VII,
3576 4921 3814 4979 001.507

2154 5016 2213 5070 et
2235 5015 2386 5085 seq.)

2225 5100 2291 5157 In
2318 5103 2738 5173 repromisch
2764 5103 2915 5158 enim
2936 5102 3043 5157 Dei
3050 5109 3201 5173 ,ctc.,
3220 5117 3405 5174 usque
3420 5101 3492 5157 ad
3513 5100 3816 5157 Dominum

2152 5198 2404 5248 nostrum
2428 5207 2463 5245 a
2498 5192 2750 5247 mortuis.
2785 5189 3151 5247 Promittenti
3196 5189 3449 5247 credidit
3488 5189 3815 5255 Abraham,

2156 5285 2295 5348 etc.,
2324 5294 2494 5352 usque
2520 5279 2596 5335 ad
2622 5295 2737 5335 non
2767 5279 3006 5336 fuerunt
3034 5279 3356 5352 (Id.,lib.de
3381 5282 3507 5339 Cor.
3539 5282 3811 5352 “gratia,

396 5365 589 5423 carnis
620 5364 749 5439 lege
777 5369 1066 5439 praecepta
1103 5369 1211 5432 est,
1250 5369 1384 5429 etc.,
1425 5380 1595 5436 usque
1631 5365 1702 5422 ad
1734 5366 1860 5438 jam
1903 5367 2055 5425 liber
2159 5373 2301 5426 tom.
2334 5367 2400 5437 X,
2433 5385 2491 5441 p.
2524 5385 2566 5437 1,
2598 5368 2709 5425 col.
2737 5368 2889 5441 938.)

398 5458 510 5512 est.
542 5455 675 5527 (ld.,
708 5456 805 5511 lib.
856 5454 1262 5512 Sententiarum
1307 5454 1585 5525 Prosperi,
1616 5458 1758 5511 tom.
1794 5455 1862 5524 Χ,
1897 5473 1953 5529 p.
1985 5474 2050 5525 ιι,

401 5542 512 5601 col.
550 5543 731 5614 1885.)

2230 5457 2562 5514 Cavendum
2592 5460 2867 5527 est,.etc.,
2902 5473 3077 5531 usque
3102 5458 3172 5514 ad
3201 5461 3515 5519 mereatur.
3544 5457 3682 5530 (Id.,
3700 5456 3809 5514 lib.

2160 5547 2226 5605 de
2251 5546 2429 5620 prsed.
2465 5554 2640 5604 sanct.
2672 5550 2817 5604 tom.
2848 5546 2916 5618 X,
2950 5563 3009 5620 p.
3044 5564 3081 5616 1,
3113 5546 3223 5605 col.
3255 5547 3407 5618 963.)
