3914 6166
151 359 365 421 989’

946 350 1354 416 EXPOSITIO
1396 353 1475 416 IN
1525 353 1691 414 EPP.
1741 354 1996 416 PAULI.
2030 387 2106 397 —
2136 352 2259 415 EP.
2305 355 2408 416 AD
2456 354 2644 417 ROM.

3374 356 3494 420 290

206 493 321 547 Hoc
345 486 623 561 promittit
664 490 839 553 Deus,
868 490 1003 553 etc.,
1032 490 1202 559 usque
1238 485 1310 543 ad
1338 485 1624 543 debitum.
1658 486 1738 560 (S.
1772 488 1827 555 Α
1854 484 2050 558 impiis
2081 489 2349 543 mortuus
2377 489 2484 544 est.
2508 486 2891 547 Desiderabas
2920 491 3117 544 autem
3149 486 3347 546 omnia
3366 506 3495 562 pos-

148 584 286 653 Aug.,
316 577 403 633 lib.
434 576 840 633 Sententiarum
866 576 1166 649 Prosperi.)

204 669 292 737 Qui
315 666 541 723 traditus
565 674 645 722 est
668 674 893 738 propter
924 666 1118 722 delicta
1145 673 1333 722 nostra
1361 673 1413 722 et
1440 666 1746 722 resurrexit

140 764 323 832 propter
329 756 773 828 justiﬁeatiouem
790 762 1052 812 nostram.
1077 754 1183 819 Qui
1205 758 1374 811 senat
1393 771 1598 811 omnes
1620 754 1744 810 lan-

145 862 316 920 guores
341 850 487 911 tuos,
510 849 644 912 etc.,
674 860 847 917 usque
882 844 953 900 ad
991 844 1052 899 in
1092 843 1478 913 cmlum.(1d.,
1510 845 1570 899 in
1598 843 1739 915 psal.

145 953 217 1003 cu,
245 939 368 990 tom.
401 932 495 1001 lV,
523 950 580 1005 p.
614 936 669 1000 2,
705 932 811 989 col.
850 933 1031 1005 1321.)

200 1021 442 1080 Traditus
465 1026 558 1078 est
588 1026 823 1095 propter
849 1021 1062 1079 delicta
1087 1026 1307 1090 nostra,
1332 1026 1465 1090 etc.,
1488 1037 1655 1095 usque
1675 1021 1745 1076 ad

148 1116 369 1186 resurgat
415 1111 669 1183 justitia.
720 1112 806 1184 (Id
864 1127 1026 1168 serm.
1082 1113 1150 1169 de
1199 1113 1428 1180 Pascha,
1489 1115 1632 1167 tom.
1670 1109 1743 1180 V,

146 1205 264 1275 part.
291 1217 329 1268 ι,
353 1199 460 1257 col.
497 1200 683 1270 1120.)

753 1287 985 1345 CAPUT
1021 1286 1091 1342 V.

193 1377 473 1448 ludiﬁcati
499 1391 647 1449 ergo,
677 1384 801 1443 etc.,
833 1393 1025 1449 usque
1053 1376 1126 1433 ad
1157 1378 1217 1433 in
1245 1393 1337 1450 spe
1364 1377 1563 1446 gloria
1600 1377 1748 1448 ﬁlio-

145 1483 238 1520 rum
263 1467 367 1524 Dei.
393 1464 709 1522 Justiﬁcati
741 1468 937 1523 autem
963 1465 1145 1539 gratis
1172 1482 1295 1539 per,
1318 1468 1453 1533 etc.,
1476 1482 1648 1538 usque
1679 1466 1750 1523 ad

143 1553 378 1627 suscepit.
400 1553 535 1624 (Id.,
558 1554 631 1610 ad
671 1556 855 1627 Bonif.
883 1571 1086 1628 papam
1130 1555 1308 1625 Urbis,
1341 1558 1483 1612 tom.
1514 1554 1581 1625 X,
1615 1570 1672 1627 p.
1705 1571 1747 1627 ι,

142 1642 226 1698 col.
250 1643 346 1698 579
371 1648 427 1699 et
456 1646 611 1716 seq.)

191 1733 285 1788 Non
310 1733 487 1788 solum
515 1741 718 1801 autem,
749 1740 874 1801 etc.,
907 1748 1096 1806 usque
1138 1733 1210 1788 ad
1241 1734 1340 1805 qui
1365 1732 1525 1790 datus
1550 1741 1629 1789 est
1657 1749 1752 1789 no-

142 1822 220 1876 bis.
247 1821 359 1877 Non
388 1821 592 1893 itaque
620 1838 724 1895 per
752 1838 880 1889 nos,
906 1825 1040 1893 etc.,
1070 1838 1241 1896 usque
1277 1821 1349 1878 ad
1384 1822 1749 1896 patientiam.

141 1909 423 1979 (Id.,lib.de
445 1911 577 1967 Cra.
602 1917 655 1967 et
675 1911 831 1967 liber.
852 1912 1078 1978 arbitr.,
1099 1914 1243 1967 tom.
1258 1910 1320 1980 Χ,
1339 1927 1398 1984 p.
1418 1928 1457 1979 ι,
1473 1910 1582 1967 col.
1600 1912 1753 1981 905.)

191 1997 286 2053 Nec
306 2015 405 2054 nos
426 2003 684 2067 moveat,
707 2002 841 2064 etc.,
863 2015 1033 2071 usque
1052 1997 1123 2055 ad
1150 2014 1258 2054 nos
1279 1998 1751 2055 immutabimur.

141 2085 315 2154 (Id.,de
337 2087 519 2158 Agone
550 2087 889 2155 Christiano,
912 2091 1057 2144 tom.
1079 2085 1176 2155 VI,
1199 2085 1308 2142 col.
1329 2087 1483 2156 295.)

194 2172 251 2229 Ut
276 2179 462 2231 autem
498 2174 642 2231 mali
673 2176 864 2244 bonis,
889 2180 1025 2245 etc.,
1044 2192 1216 2248 usque
1243 2176 1313 2233 ad
1343 2176 1517 2232 datus
1547 2182 1637 2232 est
1659 2193 1756 2232 no-

137 2262 359 2335 bis.(Id.,
389 2264 491 2321 lib.
526 2269 736 2336 Qna’st.
769 2266 861 2332 83,
893 2269 1036 2321 tom.
1068 2265 1165 2331 VI,
1201 2264 1311 2322 col.
1342 2266 1457 2337 93.)

188 2352 297 2424 Spes
321 2362 509 2411 autem
538 2371 650 2410 non
680 2354 984 2427 confundit.
1009 2354 1151 2420 Quis
1182 2357 1272 2410 est
1301 2354 1405 2427 qui
1446 2354 1757 2409 confundi-

135 2441 238 2496 tur?
248 2446 562 2516 etc.,usque
582 2443 651 2499 ad
670 2443 1028 2499 conscientia
1043 2443 1308 2516 sua.(ld.,
1326 2445 1381 2498 in
1404 2444 1544 2516 psal.
1564 2461 1756 2500 xxxvr.

136 2535 246 2585 tom.
277 2530 360 2599 ιν,
389 2550 449 2606 p.
490 2550 534 2598 ι,
566 2531 676 2588 col.
708 2533 816 2589 368
845 2535 903 2588 et
931 2535 1080 2606 seq.)

189 2618 310 2687 Quia
336 2622 586 2676 charitas
616 2622 720 2678 Dei
747 2619 956 2693 diffusa
976 2629 1054 2676 cst
1085 2622 1145 2675 in
1175 2620 1427 2677 cordibus
1450 2622 1648 2678 nostris
1665 2638 1764 2693 per

135 2706 366 2779 Spiritum
392 2716 653 2765 sanctum
680 2710 781 2782 qui
810 2708 971 2765 datus
1000 2717 1077 2765 est
1108 2711 1286 2765 nobis.
1317 2711 1365 2765 A
1394 2727 1510 2782 quo
1545 2709 1661 2780 nisi
1689 2709 1762 2765 ab

137 2795 377 2866 ﬂlo,etc.,
402 2814 586 2871 usque
616 2798 691 2853 ad
722 2798 977 2870 cooperit
1016 2797 1460 2854 multitudinem
1498 2802 1765 2872 peccato-

138 2902 262 2941 rum.
286 2887 409 2955 (Id.,
433 2887 547 2943 lib.
574 2886 640 2943 de
663 2892 789 2945 Nat.
813 2895 864 2944 et
882 2903 1027 2958 gra.,
1050 2903 1121 2945 ea:
1146 2902 1390 2946 sermone
1408 2888 1480 2944 ad
1501 2888 1767 2962 populum

141 2973 191 3028 de
216 2974 404 3048 blasph.
434 2976 691 3049 Spiritus
719 2979 913 3032 sancti.

196 3062 299 3137 Ego
327 3064 603 3133 arbitror,
628 3068 761 3121 etc..
784 3080 955 3137 usque
972 3065 1043 3121 ad
1073 3065 1382 3139 coagulum
1406 3081 1520 3122 non
1543 3068 1762 3121 tenent.

140 3152 247 3221 (Id.,
268 3170 424 3210 serm.
448 3154 648 3210 Ascen.
673 3156 916 3223 Domini,
941 3159 983 3211 t.
1005 3154 1075 3221 V,
1100 3172 1156 3227 p.
1181 3172 1221 3223 ι,
1245 3153 1355 3210 col.
1383 3154 1522 3210 1223
1540 3158 1595 3210 et
1617 3154 1763 3227 seq.)

1850 573 2057 642 sidere,
2092 573 2209 630 noli
2249 591 2354 647 per
2382 573 2708 643 avaritiam,
2748 576 2851 631 sed
2909 592 3013 649 per
3067 575 3343 648 pietatem
3386 576 3497 633 hoc

1849 679 2126 736 quaerere.
2149 662 2209 718 Si
2239 662 2397 719 enim
2428 664 2511 719 ita
2540 663 2861 735 quaesieris,
2884 664 3233 736 possidehis.
3251 664 3498 723 Tourbis

1850 751 2008 808 enim
2039 767 2174 807 eum
2206 768 2309 824 per
2333 769 2506 825 quem
2539 753 2690 809 facta
2718 758 2855 809 sunt
2876 753 3094 821 omnia,
3117 759 3176 811 et
3203 771 3339 811 cum
3368 754 3498 828 ipso

1851 839 2050 896 omnia
2085 840 2433 913 possidehis.

1924 928 2270 985 Commendat
2308 939 2492 986 autem
2517 947 2678 986 suam
2704 931 3025 988 charitatem
3065 936 3209 989 Deus
3232 935 3297 989 in
3318 934 3497 1004 nobis,

1851 1025 1976 1088 etc.,
2009 1033 2197 1090 usque
2226 1018 2297 1074 ad
2325 1020 2469 1074 salvi
2495 1021 2701 1075 erimus
2732 1022 2792 1076 in
2816 1022 2930 1076 vita
2958 1023 3150 1093 ipsius.
3176 1022 3499 1096 Incompre-

1852 1105 2162 1162 hensihilis
2193 1110 2282 1162 est
2328 1106 2561 1164 dilectio
2591 1125 2726 1181 qua,
2749 1112 2884 1177 etc.,
2906 1126 3076 1183 usque
3105 1110 3177 1166 ad
3220 1113 3363 1168 socii
3395 1113 3502 1170 de-

1854 1195 2147 1251 heremus.
2172 1196 2302 1269 (Id.,
2324 1212 2395 1253 ex
2434 1204 2666 1253 tractatu
2694 1199 2980 1268 Evangelii
3018 1200 3316 1257 secundum
3340 1204 3499 1259 Joan.

1853 1300 1945 1351 cx,
1990 1287 2048 1340 et
2093 1285 2154 1340 in
2196 1286 2340 1357 psal.
2375 1303 2576 1358 LXXXV,
2609 1290 2752 1342 tom.
2788 1286 2887 1355 III,
2934 1304 2991 1360 p.
3023 1306 3085 1358 ιι,
3120 1288 3228 1346 col.
3264 1292 3401 1347 1923
3444 1294 3504 1348 et

1856 1374 2006 1445 seq.)

1927 1463 2288 1519 Testimonia
2330 1463 2546 1537 quippe
2594 1464 2717 1531 Dei,
2750 1469 2883 1535 etc.,
2907 1482 3077 1538 usque
3103 1468 3173 1523 ad
3199 1469 3368 1527 nobis
3395 1469 3505 1526 do-

1856 1551 2036 1606 navit.
2069 1552 2198 1621 (Id.,
2243 1568 2315 1609 ea:
2357 1560 2595 1610 tractatu
2635 1553 2776 1626 psal.
2818 1570 3011 1623 cxvm,
3061 1558 3203 1612 tom.
3230 1557 3323 1613 IV.
3355 1575 3414 1632 p.
3445 1562 3503 1629 2,

1856 1638 1968 1696 col.
2009 1641 2192 1708 1515.)

1928 1727 2190 1784 Primum
2219 1730 2389 1785 nobis
2418 1731 2917 1802 persuadendum,
2938 1737 3074 1799 etc.,
3096 1750 3268 1807 usque
3296 1735 3366 1791 ad
3386 1752 3512 1809 per-

1858 1817 2189 1873 ficerentur.
2223 1819 2354 1890 (Id.,
2382 1820 2480 1875 lib.
2522 1820 2587 1876 de
2627 1821 2891 1877 Trinitate
2928 1836 3005 1891 tv,
3040 1826 3183 1879 tom.
3216 1823 3365 1895 VIII,
3397 1824 3506 1882 col.

1859 1908 1966 1962 887
1993 1911 2052 1963 et
2078 1908 2228 1980 seq.)

1861 1997 2141 2067 Quoniam
2166 2013 2292 2052 cum
2318 1997 2496 2053 adhuc
2518 2007 2820 2070 peccatores
2856 2016 3110 2067 essemus,
3143 2001 3390 2060 Christus
3409 2020 3513 2077 pro

1861 2085 2015 2139 nobis
2039 2093 2283 2141 mortuus
2325 2092 2429 2152 est,
2460 2091 2571 2141 etc.
2595 2087 2722 2142 Non
2755 2087 2936 2143 alium
2990 2091 3228 2146 modum
3259 2092 3512 2163 possibi-

1862 2171 2001 2238 lem,
2022 2177 2155 2240 etc.,
2182 2190 2353 2247 usque
2383 2175 2452 2230 ad
2489 2174 2697 2232 fortius
2737 2180 2827 2231 est
2863 2176 3224 2235 hominibus.
3247 2180 3378 2251 (Id.,
3412 2181 3510 2239 lib.

1861 2262 1927 2318 de
1957 2263 2150 2319 Trinit.
2183 2279 2305 2330 xm,
2328 2267 2470 2319 tom.
2496 2263 2650 2335 VIII,
2681 2264 2790 2322 col.
2823 2266 2961 2321 1024
2992 2270 3052 2322 et
3081 2268 3228 2341 seq.)

1934 2351 1996 2407 Si
2024 2353 2191 2419 enim,
2214 2356 2347 2420 etc.,
2368 2369 2555 2425 usque
2583 2353 2656 2409 ad
2686 2354 2829 2410 salvi
2856 2356 3063 2413 erimus
3093 2359 3155 2413 in
3178 2360 3289 2415 vita
3319 2360 3511 2432 ipsius,

1867 2441 2013 2513 Ergo
2035 2457 2137 2513 pro
2168 2441 2368 2513 impiis
2387 2442 2655 2498 Christus
2679 2449 2950 2505 mortuus
2971 2449 3079 2513 est,
3102 2449 3234 2515 etc.,
3257 2464 3428 2520 usque
3446 2449 3519 2505 ad

1867 2530 1968 2586 sed
2000 2546 2103 2602 pro
2134 2530 2324 2586 nobis.
2349 2531 2479 2604 (Id.,
2504 2548 2669 2587 serm.
2701 2532 2765 2589 de
2796 2535 3058 2593 Passieno
3087 2535 3351 2610 Domini.)

1868 2620 2042 2677 Multo
2070 2620 2246 2690 magis
2272 2636 2421 2674 nunc
2438 2621 2732 2692 justiﬁcati
2761 2624 2823 2677 in
2850 2627 3123 2693 sanguine
3152 2627 3344 2698 ipsius,
3376 2628 3519 2684 salvi

1868 2709 2073 2765 erimus
2104 2709 2173 2763 ab
2205 2710 2292 2764 ira
2333 2725 2433 2780 per
2479 2712 2677 2781 ipsum.
2708 2710 2890 2767 Filius
2920 2712 3044 2781 Dei,
3067 2718 3200 2779 etc.,
3233 2732 3403 2788 usque
3448 2716 3521 2773 ad

1870 2796 2121 2869 impium
2155 2796 2445 2869 relinquet
2476 2797 2661 2870 pium.
2689 2798 2793 2871 (Id.
2827 2802 2886 2855 in
2910 2802 3055 2872 psal.
3088 2807 3262 2871 xcvr)

1942 2888 2058 2940 Cur
2086 2902 2222 2958 ergo
2251 2902 2369 2941 non
2409 2887 2571 2942 ﬁeret
2599 2904 2759 2943 mors
2789 2888 3022 2957 Christi,
3055 2894 3188 2955 etc.,
3234 2907 3405 2963 usque
3447 2893 3521 2950 ad

1872 2973 2216 3046 spiritaliter
2264 2979 2650 3047 regeneratos.
2675 2976 2807 3043 (Id.,
2842 2977 2939 3031 lib.
2971 2977 3037 3034 de
3076 2978 3276 3035 Trinit.
3309 2998 3432 3051 xm,
3466 2999 3543 3051 (ι.,

1871 3078 1987 3128 χνι,
2018 3066 2159 3118 tom.
2192 3062 2341 3129 VIII,
2368 3061 2476 3119 col.
2512 3062 2651 3119 1030
2678 3068 2736 3119 at
2766 3063 2914 3137 seq.)

1944 3153 2238 3222 Propterea
2265 3152 2409 3206 sicut
2449 3167 2549 3222 per
2586 3168 2762 3207 unum
2788 3153 3062 3209 hominem
3106 3166 3385 3228 peccatum
3431 3160 3518 3215 in-

193 3241 438 3300 Charitas
472 3247 795 3317 congregat
822 3260 950 3300 nos.
975 3244 1122 3310 Quia
1154 3260 1289 3299 vero
1333 3243 1493 3311 dicit,
1515 3247 1648 3311 etc.,
1669 3260 1762 3300 us-
1793 3227 1836 3294 C
1873 3242 2037 3296 travit
2066 3241 2128 3295 in
2156 3241 2302 3295 hunc
2329 3240 2615 3307 mundum,
2647 3249 2700 3297 et
2737 3258 2837 3314 per
2867 3227 3149 3314 peccatum
3173 3263 3338 3316 mors,
3366 3256 3419 3304 et
3441 3250 3523 3305 ita

139 3345 221 3399 que
262 3331 327 3386 ad
372 3330 638 3406 Spiritus
687 3331 1053 3402 Dei.(Id.,in
1101 3348 1347 3389 sermone
1397 3333 1566 3404 Epist.
1605 3334 1762 3389 Joan.

141 3421 254 3475 tom.
286 3419 381 3489 III,
415 3438 478 3495 p.
516 3436 580 3489 ιι,
616 3419 728 3477 col.
760 3419 948 3491 2032.)

194 3506 339 3565 Unde
366 3509 623 3577 scimus,
648 3513 782 3576 etc.,
806 3527 975 3584 usque
1003 3509 1073 3567 ad
1094 3511 1266 3567 datus
1297 3513 1386 3566 est
1414 3510 1605 3567 nobis.
1631 3510 1763 3583 (Id.,

137 3611 271 3653 term.
300 3598 392 3674 Ep.
421 3601 479 3668 8,
519 3600 700 3666 Joan.,
732 3603 879 3655 tom.
910 3599 1008 3668 IlI,
1042 3617 1100 3673 p.
1130 3603 1185 3667 2,
1217 3597 1325 3655 col.
1351 3600 1539 3669 2043.)

191 3685 343 3744 Dedit
370 3688 538 3745 dona
565 3686 929 3756 hominibus,
960 3692 1092 3752 etc.,
1125 3704 1297 3762 usque
1323 3688 1394 3744 ad
1432 3688 1535 3761 qui
1566 3687 1768 3745 dilexit

140 3788 241 3829 nos.
272 3775 396 3849 (Id.,
425 3793 601 3834 serm.
630 3793 784 3842 xmv,
817 3776 882 3831 de
910 3778 1057 3832 verb.
1089 3777 1320 3848 Evang.)

188 3862 326 3938 Eego
355 3866 523 3922 unde
556 3865 664 3921 tibi
697 3864 972 3933 charitas,
1006 3871 1140 3933 etc.,
1174 3881 1342 3939 usque
1371 3864 1443 3921 ad
1474 3866 1646 3922 datus
1678 3870 1768 3923 est

139 3949 278 4007 nobis
325 3955 403 4025 (S.
443 3955 628 4026 Aug.,
662 3970 826 4009 serm.
874 3953 939 4009 de
992 3953 1137 4010 verb.
1188 3956 1365 4027 Apost.
1397 3955 1488 4026 81,
1519 3957 1661 4010 tom.
1692 3953 1761 4025 V,

138 4045 260 4108 part.
289 4059 325 4108 ι,
357 4041 467 4098 col.
508 4040 661 4113 9‘23.)

195 4127 422 4187 Prorsus
453 4131 683 4187 donum
716 4134 805 4186 est
850 4130 977 4199 Dei,
1007 4133 1140 4201 etc.,
1164 4147 1334 4204 usque
1377 4130 1449 4187 ad
1494 4134 1551 4187 et
1598 4130 1762 4188 Filio.

136 4214 245 4283 (ld..
267 4219 359 4275 lib.
391 4220 525 4277 Sen.
561 4221 837 4292 Prosperi,
864 4223 1005 4275 tom.
1038 4218 1103 4285 X,
1137 4237 1196 4293 p.
1225 4222 1279 4289 2,
1309 4219 1418 4276 col.
1452 4219 1634 4293 1894.)

196 4305 251 4361 Ut
274 4308 402 4379 quid
433 4312 594 4365 enim
625 4307 889 4375 Christus,
918 4314 1052 4374 etc.,
1081 4311 1205 4380 quis
1234 4308 1432 4365 audeat
1458 4310 1620 4365 mori.
1652 4309 1768 4365 Aut

135 4408 245 4450 vero
271 4415 371 4469 pro
403 4398 679 4467 minimo,
711 4402 845 4465 etc.,
877 4414 1048 4471 usque
1084 4396 1155 4454 ad
1196 4402 1505 4455 secuturus
1536 4414 1618 4455 es.
1651 4399 1761 4469 (Id.

137 4483 183 4535 in
202 4486 335 4555 psal.
359 4502 596 4555 mvm,
630 4490 775 4542 tom.
808 4486 902 4555 IV,
932 4504 990 4560 p.
1025 4504 1086 4555 ιι,
1118 4486 1230 4543 col.
1259 4487 1441 4559 1942).

192 4569 375 4631 Omnia
400 4576 552 4632 mihi
581 4574 787 4631 tradita
813 4583 959 4644 sunt,
984 4574 1199 4648 inquit,
1225 4594 1259 4631 a
1285 4577 1451 4632 Patre
1471 4592 1607 4633 me.
1632 4575 1764 4632 For-
1793 4597 1840 4661 Β

136 4662 267 4718 tisse
309 4662 581 4720 dicturus
625 4680 710 4720 es.
743 4663 972 4720 Christo
1027 4668 1168 4721 sunt
1221 4664 1437 4721 tradita
1493 4665 1761 4738 nunquid

133 4748 294 4806 mihi?
309 4753 459 4810 Audi
481 4752 832 4826 Apostolum
854 4752 1142 4809 dicentem
1163 4769 1177 4808 :
1201 4753 1372 4822 Audi,
1396 4757 1461 4809 ut
1480 4753 1596 4809 dixi
1609 4755 1759 4827 jam-

134 4835 353 4910 dudum,
386 4859 463 4898 ne
493 4841 897 4914 desperatione
939 4841 1245 4915 frangat-is.
1277 4842 1427 4898 Audi
1467 4842 1759 4915 quomodo

136 4931 339 4986 amatus
380 4946 449 4987 es
497 4945 617 4987 non
667 4930 979 4988 amandus.
1005 4931 1155 4986 Audi
1189 4931 1481 5004 quomodo
1530 4934 1761 4987 amatus

133 5028 184 5068 es
209 5018 411 5090 turpis,
435 5019 650 5088 fmdus,
674 5021 989 5091 antequam
1031 5023 1185 5077 esset
1213 5018 1274 5074 in
1306 5022 1363 5075 te
1392 5019 1547 5092 quod
1577 5019 1761 5076 amari

134 5099 351 5176 dignum
399 5112 583 5164 esset.
614 5110 858 5164 Amatus
898 5124 961 5164 es
1003 5108 1170 5181 prius
1220 5111 1287 5163 ut
1334 5108 1551 5182 dignus
1596 5109 1765 5165 ﬁeres

133 5192 217 5261 qui
242 5197 549 5253 amareris.
573 5196 801 5253 Etenim
837 5197 1082 5253 Christus
1105 5196 1283 5267 (sicut
1319 5196 1401 5253 ait
1425 5196 1760 5270 Apostolus)

128 5294 213 5350 pro
238 5284 424 5357 impiis
451 5293 704 5342 mortuus
732 5292 828 5342 est.
862 5287 949 5341 An
981 5286 1130 5343 forte
1170 5286 1391 5359 impius
1430 5286 1763 5343 merebatur

132 5370 333 5427 amari?
370 5374 580 5440 Quaero
626 5374 768 5446 quid
807 5374 1142 5431 merebatur
1186 5374 1445 5447 impius?
1490 5373 1761 5431 damnari

133 5460 450 5530 mpondos.
496 5461 764 5519 Christus
817 5466 1017 5519 tamen
1075 5480 1180 5535 pro
1234 5462 1437 5536 impiis
1493 5465 1761 5520 mortuus

132 5547 225 5600 εει.
241 5547 378 5605 Ecce
396 5548 547 5622 quid
560 5549 677 5608 tibi
692 5550 1020 5622 praestitum
1035 5555 1126 5607 est
1141 5550 1341 5625 impio.
1352 5551 1488 5609 Jam
1505 5549 1600 5625 pio
1616 5548 1763 5625 quid

132 5639 414 5697 servatur?
437 5637 588 5710 Quid
625 5638 1072 5718 praestitum'est
1100 5638 1321 5719 impio?
1359 5638 1627 5701 Christus
1655 5653 1763 5717 pro

1873 3330 1936 3385 in
1962 3345 2146 3385 omnes
2173 3329 2418 3385 homines
2440 3331 2784 3401 pertransiit.
2809 3330 3012 3387 Primae
3037 3335 3523 3407 transgressionis

1873 3422 2177 3492 peccatum
2208 3434 2323 3473 non
2353 3418 2791 3490 propagatione.
2818 3424 2953 3487 etc.,
2976 3437 3147 3494 usque
3173 3423 3244 3479 ad
3268 3425 3369 3480 sed
3403 3442 3522 3482 una

1874 3523 2028 3563 caro.
2055 3506 2183 3579 (Id.,
2219 3505 2317 3561 lib.
2358 3523 2373 3561 ι
2411 3505 2477 3562 de
2521 3509 2801 3580 Baptismo
2850 3510 3230 3580 parvulorum,
3280 3515 3422 3569 tom.
3453 3512 3522 3584 X,

1873 3612 1931 3668 p.
1965 3613 2000 3662 ι,
2033 3593 2141 3650 col.
2180 3595 2282 3650 114
2312 3598 2371 3651 et
2402 3597 2550 3668 seq.)

1945 3684 2057 3740 Sed
2088 3683 2264 3740 homo
2294 3683 2471 3742 habet
2498 3687 2556 3741 et
2583 3702 2815 3758 pcenam
2847 3685 3318 3760 propriam,etc.,
3353 3707 3527 3765 usque

1873 3773 1943 3830 ad
1974 3789 2163 3847 genus
2208 3772 2557 3829 humanum.
2590 3774 2723 3847 (Id.,
2769 3776 3076 3844 Enchirid.,
3108 3780 3250 3834 tom.
3282 3779 3378 3849 VI,
3412 3779 3523 3837 col.

1873 3864 1979 3919 244
2007 3866 2067 3918 et
2094 3861 2245 3933 seq.)

1946 3951 2155 4006 Praeter
2184 3950 2292 4007 hoc
2320 3950 2647 4019 vinculum,
2681 3956 2814 4021 etc.,
2846 3970 3015 4026 usque
3061 3954 3132 4009 ad
3176 3953 3361 4012 Adam
3407 3973 3529 4015 non

1875 4043 1964 4097 est
1992 4044 2186 4096 natus.
2208 4040 2339 4113 (Id.,
2374 4041 2431 4096 in
2458 4042 2604 4113 psat.
2639 4058 2689 4108 ι.,
2723 4045 2866 4097 tom.
2899 4043 2994 4110 ιν,
3026 4060 3084 4115 p.
3118 4058 3160 4112 I,
3191 4043 3300 4101 col.
3331 4046 3432 4102 591
3466 4051 3526 4104 et

1874 4129 2024 4201 seq.)

1942 4218 2146 4274 Videte
2192 4233 2349 4291 ergo,
2401 4219 2629 4286 fratres,
2672 4222 2805 4289 etc.,
2835 4236 3007 4291 usque
3053 4219 3123 4275 ad
3171 4224 3229 4276 te
3280 4220 3518 4278 invenit.

1872 4307 2003 4377 (Id.,
2028 4306 2203 4362 Serm.
2237 4324 2292 4362 IV
2316 4306 2381 4363 de
2408 4308 2562 4362 verb.
2596 4308 2883 4379 Apostoli.)

1945 4394 2094 4452 Illud
2124 4394 2280 4451 enim
2310 4395 2412 4451 ubi
2443 4394 2531 4451 vel
2561 4396 2813 4453 maxime
2848 4397 2992 4453 fides
3025 4396 3355 4454 Christiana
3382 4414 3520 4455 con-

1873 4484 2046 4552 sistit,
2071 4487 2207 4551 etc.,
2228 4500 2400 4557 usque
2428 4484 2499 4540 ad
2527 4500 2715 4558 genus
2746 4484 3095 4542 humanum.
3120 4485 3252 4556 (Id.,
3273 4487 3428 4559 epist.
3450 4488 3522 4543 ad

1874 4573 2049 4646 Optat.
2079 4575 2407 4646 episcopum,
2439 4578 2584 4630 tom.
2620 4574 2690 4642 II,
2725 4572 2835 4630 col.
2868 4573 2973 4629 858
3003 4578 3061 4630 et
3091 4577 3241 4647 seq.)

1943 4662 2045 4720 Ille
2072 4680 2228 4718 unus
2257 4679 2441 4718 unum
2474 4666 2799 4734 peccatum,
2832 4665 2966 4730 etc.,
2998 4679 3168 4735 usque
3196 4663 3267 4719 ad
3295 4679 3330 4719 a
3358 4663 3522 4720 dam-

1866 4751 2103 4807 natione
2157 4750 2412 4807 liherari.
2473 4750 2603 4819 (Id.,
2661 4750 2969 4823 Enchirid.,
3028 4756 3171 4809 tom.
3230 4751 3327 4822 VI,
3404 4753 3516 4811 col.

1939 4931 2061 4985 Non
2080 4927 2358 5001 judicium
2385 4943 2455 4983 ex
2482 4944 2591 4984 uno
2633 4930 2696 4983 in
2727 4928 3246 5000 condemnationem,
3270 4935 3379 4988 etc.
3404 4932 3517 4990 Sed

1870 5034 1994 5088 cur,
2018 5016 2237 5089 inquis,
2261 5016 2449 5090 gratia
2473 5016 2573 5073 Dei
2596 5033 2713 5074 non
2735 5018 3080 5088 secundum,
3104 5024 3236 5087 etc.,
3258 5037 3430 5094 usque
3446 5021 3518 5077 ad

1871 5107 2027 5179 apud
2058 5106 2243 5161 Deum
2275 5105 2585 5161 invenitur.
2610 5106 2741 5179 (Id.,
2780 5107 2877 5163 lib.
2908 5107 2973 5164 de
3001 5107 3140 5164 dono
3164 5125 3514 5181 perseveran-

1867 5197 1985 5263 tiae,
2009 5198 2152 5251 tom.
2175 5194 2243 5261 X,
2274 5211 2332 5267 p.
2365 5210 2427 5263 ιι,
2457 5194 2567 5251 col.
2596 5196 2786 5265 1002.)

1936 5285 2115 5352 Igitur
2139 5284 2279 5339 sicut
2306 5299 2407 5355 per
2451 5285 2619 5340 unius
2657 5284 2937 5353 delictum,
2970 5293 3093 5357 etc.,
3134 5301 3322 5357 usque
3350 5284 3419 5339 ad
3452 5285 3515 5339 in

1858 5372 2311 5444 justiﬁcatiouem
2355 5374 2506 5430 vita.
2546 5373 3050 5439 Quemadmodum
3101 5373 3258 5429 enim
3309 5387 3513 5429 omnes

1867 5459 2127 5527 omnino,
2167 5465 2304 5529 etc.,
2347 5477 2519 5534 usque
2568 5460 2640 5517 ad
2695 5476 2868 5516 nemo
2925 5460 3117 5517 discit.
3140 5459 3270 5530 (Id.,
3304 5459 3401 5515 lib.
3446 5457 3513 5517 de

1865 5548 2144 5620 Baptismo
2198 5548 2582 5622 parvulorum,
2639 5551 2783 5606 tom.
2833 5545 2899 5616 X,
2940 5563 2998 5622 p.
3048 5562 3085 5617 ι,
3130 5542 3241 5603 col.
3296 5545 3400 5605 140
3453 5548 3515 5606 et

1869 5634 2014 5714 seq.)
