4024 6180
445 347 559 410 291

1646 344 1877 405 FLORI
1921 342 2237 406 DIACONI
2286 339 2663 405 MONACHI.

3690 348 3786 408 292

518 480 682 537 Sicut
707 479 930 536 dictum
959 483 1068 547 est,
1096 479 1246 534 sicut
1271 493 1375 549 per
1394 475 1570 531 unius
1593 475 1869 531 delictum
1898 475 1956 530 in
1979 491 2100 532 om-
2126 477 2183 545 Α
2211 474 2280 530 ad
2309 473 2698 530 Christianus.
2728 473 2859 543 (Id.,
2892 474 2954 529 in
2987 472 3128 545 psal.
3171 487 3346 537 cxxw,
3385 476 3519 529 tom.
3557 472 3635 542 IV,
3661 493 3712 548 p.
3737 496 3791 548 11,

446 587 550 625 nes
581 567 849 625 homines
876 568 935 622 in
965 566 1536 631 condemnationem,
1561 568 1626 619 ut
1646 564 1844 620 nullus
1866 569 2101 637 prater-

448 657 796 723 mitteretur,
822 656 906 712 sic
936 660 994 711 et
1025 655 1083 709 in
1114 671 1180 710 eo
1213 655 1367 726 quod
1396 653 1617 708 dictum
1650 657 1757 721 est,
1792 669 1894 724 per
1924 653 2101 708 unius

437 745 736 819 justitiam
765 744 823 800 in
846 760 1051 800 omnes
1072 742 1343 798 homines
1363 742 1422 796 in
1437 741 1927 814 justiﬁcationem
1949 740 2097 808 vitae,

445 834 642 890 nullus
673 831 1103 906 praetermissus
1135 836 1244 886 est.
1271 833 1397 887 Non
1430 831 1570 903 quia
1609 847 1813 886 omnes
1854 830 1914 885 in
1962 846 2097 885 eum

443 924 690 979 credunt
709 926 765 978 et
789 919 1081 994 baptismo
1107 920 1233 991 ejus
1266 920 1606 986 abluuntur,
1633 920 1733 975 sed
1766 919 1905 990 quia
1925 935 2098 974 nemo

433 1012 801 1084 justiﬁcatur
841 1009 956 1065 nisi
1004 1009 1063 1064 in
1095 1025 1230 1064 eum
1278 1009 1477 1064 credat
1524 1013 1582 1063 et
1628 1007 1922 1079 baptismo
1969 1007 2099 1079 ejus

442 1099 731 1156 abluatur.
767 1103 972 1170 Itaque
1004 1114 1208 1153 omnes
1233 1097 1453 1152 dictum
1480 1100 1587 1164 est,
1613 1113 1684 1152 ne
1709 1095 1904 1167 aliquo
1927 1096 2098 1152 modo

440 1188 552 1244 alio
586 1192 796 1261 praeter
822 1186 1021 1260 ipsum
1060 1186 1316 1258 quisque
1348 1185 1544 1241 salvus
1595 1184 1718 1241 fieri
1771 1200 1941 1257 posse
1971 1200 2098 1241 cre-

440 1279 635 1334 datur.

507 1367 625 1440 Ego
659 1367 787 1422 dico
820 1364 1127 1443 parvulum
1162 1367 1366 1419 natum
1418 1364 1478 1418 in
1530 1380 1595 1419 eo
1644 1362 1770 1418 loco
1806 1363 1927 1430 ubi,
1961 1365 2093 1430 etc.,

435 1472 606 1529 usque
632 1455 702 1511 ad
734 1454 1062 1511 secundum
1093 1454 1271 1508 verba
1301 1469 1429 1509 sua.
1465 1452 1595 1524 (Id.,
1628 1469 1698 1507 ea:
1728 1453 1867 1507 libro
1896 1451 1959 1507 de
1989 1456 2097 1508 Na-

436 1554 563 1601 tura
591 1552 642 1600 et
669 1544 877 1612 gratia,
910 1546 1052 1597 tom.
1088 1541 1153 1605 X,
1188 1558 1244 1613 p.
1277 1556 1316 1609 1,
1341 1540 1450 1595 col.
1484 1542 1584 1596 251
1620 1545 1677 1596 et
1709 1541 1856 1613 seq.)

504 1633 658 1689 Sicut
685 1633 834 1687 enim
864 1647 963 1701 per
1005 1630 1429 1686 inobedientiam
1476 1631 1644 1685 unius
1687 1630 1927 1685 hominis
1970 1646 2092 1701 pec-

433 1730 637 1778 catores
666 1721 950 1776 constituti
994 1728 1121 1774 sunt
1160 1720 1340 1787 multi,
1376 1721 1453 1774 ita
1495 1736 1597 1791 per
1626 1722 1794 1774 unius
1839 1719 2096 1775 obeditio-

431 1827 558 1867 nem
576 1811 723 1882 justi
752 1810 1150 1865 constituentur
1176 1809 1360 1863 multi.
1387 1807 1727 1864 Obedientia
1758 1812 1847 1865 est
1874 1809 1933 1862 in
1965 1824 2090 1863 om-
2123 1845 2167 1910 Β

2211 562 2321 620 col.
2356 564 2535 630 1673.)

2284 651 2432 721 Quod
2460 659 2642 707 autem
2667 660 2916 708 mortuus
2943 659 3021 707 est
3052 658 3284 722 peccato,
3315 654 3443 719 etc.,
3463 668 3633 726 usque
3659 655 3723 709 ad
3750 658 3795 711 in

2213 742 2433 797 Christo
2460 745 2611 798 Jesu.
2646 744 2954 795 Peccatum
2977 740 3027 795 ei
3060 757 3175 795 non
3205 740 3407 808 inerat,
3429 744 3553 809 etc.,
3574 759 3722 814 usque
3744 745 3801 800 ad

2211 831 2364 902 quod
2399 830 2691 887 nascendo
2734 833 3051 885 traxerunt.
3087 829 3217 902 (Id.,
3246 829 3538 895 Enchirid.,
3568 835 3694 890 tom.
3719 833 3798 901 Vl,

2209 918 2317 975 col.
2345 919 2496 989 253.)

2264 1010 2394 1066 .Non
2422 1016 2549 1077 ergo
2592 1016 2782 1077 regnet
2813 1014 3110 1080 peccatum,
3140 1015 3261 1075 etc.,
3290 1023 3471 1079 usque
3498 1008 3565 1062 ad
3591 1016 3639 1064 et
3660 1007 3802 1066 inem-

2210 1098 2310 1152 bra
2338 1105 2511 1152 vestra
2541 1113 2699 1152 arma
2720 1097 2961 1167 justitiae
2988 1096 3113 1152 Deo.
3147 1095 3207 1151 Si
3240 1112 3353 1150 non
3387 1099 3544 1168 potes
3589 1114 3692 1152 non
3719 1098 3804 1154 ha-

2206 1186 2341 1241 bere
2364 1185 2820 1253 malitiam,etc.,
2846 1201 3017 1257 usque
3034 1184 3104 1241 ad
3117 1184 3242 1256 jam
3268 1201 3381 1241 non
3402 1186 3691 1258 pugnabis.
3711 1188 3764 1242 Id
3789 1229 3801 1255 ,

2208 1277 2268 1330 in
2294 1276 2437 1347 psal.
2470 1292 2636 1341 xxxv,
2660 1278 2801 1330 tom.
2828 1275 2922 1340 1V,
2956 1291 3012 1346 p.
3047 1291 3087 1340 1,
3111 1273 3221 1329 col.
3251 1273 3400 1346 345.)

2276 1373 2402 1428 Non
2443 1388 2580 1445 ergo
2628 1375 2832 1444 regnet
2879 1376 3205 1444 peccatum,
3238 1375 3371 1442 etc.,
3400 1388 3564 1444 usque
3604 1372 3668 1427 ad
3711 1372 3805 1427 nisi

2204 1466 2378 1517 Deus.
2413 1462 2542 1533 (Id.,
2576 1462 2636 1517 in
2664 1461 2803 1533 psal.
2838 1478 2887 1527 1.,
2920 1466 3065 1516 tom.
3097 1460 3189 1527 IV,
3224 1477 3282 1533 p.
3313 1478 3347 1527 ι,
3380 1459 3487 1517 col.
3516 1461 3655 1532 587.)

2276 1561 2402 1616 Non
2429 1558 2574 1615 dixit
2600 1558 2932 1631 Apostolus,
2964 1575 3080 1613 non
3112 1558 3188 1614 sit
3231 1562 3552 1631 peccatum,
3589 1563 3710 1627 etc.,
3738 1576 3810 1615 us-

2207 1666 2309 1722 que
2335 1649 2406 1705 ad
2438 1649 2494 1703 in
2542 1653 2599 1703 te
2647 1652 2854 1721 regnat
2884 1650 3210 1719 peccatum.
3244 1648 3375 1719 (Id.,
3407 1648 3465 1703 in
3508 1647 3643 1719 psat.
3674 1664 3811 1714 LXXV,

2207 1743 2351 1794 tom.
2386 1737 2477 1806 IV,
2512 1754 2567 1809 p.
2603 1755 2642 1803 1,
2675 1735 2784 1791 col.
2817 1737 2968 1803 960.)

2276 1834 2421 1900 Quid
2455 1838 2563 1900 est,
2596 1851 2668 1889 ne
2708 1833 3061 1899 dominetur,
3093 1838 3226 1902 etc.,
3262 1849 3433 1905 usque
3463 1833 3530 1889 ad
3558 1849 3665 1888 non
3692 1832 3817 1890 mihi

432 1900 631 1995 Πίδξλθν
671 1902 804 1995 etc‘f
847 1914 1037 1995 α’δίμξί
1065 1897 1135 1953 ad
1184 1896 1620 1995 0°“???le
1668 1895 1859 1995 mPIti-
1887 1897 1991 1966 (Μ’
2026 1898 2086 1951 in
2123 1895 2167 1910 υ
2198 1895 2769 1979 ἀοιιιὶιιθιυιόιιιιιὶε
2810 1895 3113 1994 iniquitas.
3149 1895 3281 1995 (Id.,
3505 1923 3572 1978 30
3598 1922 3658 1978 de
3684 1922 3812 1978 l’erb.

428 1988 570 2060 psal.
605 2003 753 2054 Lxxl,
785 1991 927 2042 tom.
966 1988 1057 2053 IV,
1092 2004 1148 2059 p.
1185 2004 1222 2054 ι,
1256 1984 1363 2042 col.
1397 1986 1501 2040 904
1532 1986 1762 2058 etseq.)

500 2074 833 2148 Apostolus,
867 2078 1004 2144 etc.,
1035 2091 1205 2148 usque
1252 2074 1321 2129 ad
1374 2074 1620 2130 secerni.
1651 2074 1780 2145 (Id.,
1804 2074 1867 2129 de
1897 2074 2087 2130 Genesi

431 2165 500 2219 ad
530 2167 665 2233 litt.)

499 2253 617 2309 I-loc
656 2253 928 2324 proderat
975 2251 1265 2324 superbis,
1288 2254 1355 2307 ut
1403 2251 1727 2307 abundaret
1778 2250 2077 2320 delictum,

427 2347 560 2410 etc.,
594 2359 760 2414 usque
791 2342 860 2397 ad
891 2358 994 2413 per
1035 2342 1240 2396 Jesum
1273 2341 1572 2396 Christum
1625 2341 1776 2396 facta
1807 2344 1912 2396 est.
1948 2341 2076 2412 (Id.,

426 2449 496 2487 ex
525 2439 758 2487 tractatu
789 2432 823 2486 3
851 2433 1066 2500 Evang.
1100 2430 1397 2485 secundum
1423 2435 1611 2497 Joan.,
1638 2434 1781 2485 tom.
1812 2430 1910 2497 Ill,
1934 2447 1989 2501 p.
2015 2447 2076 2495 11,

426 2520 535 2578 col.
569 2521 704 2576 4401
743 2524 800 2576 et
829 2520 976 2591 seq.)

495 2609 683 2665 Etiam
729 2609 1097 2681 temporibus
1152 2607 1573 2681 apostolorum,
1607 2612 1740 2676 etc.,
1793 2624 1963 2679 usque
2009 2608 2079 2664 ad

425 2703 627 2773 postea
659 2696 1144 2754 acceleraverunt.
1178 2698 1313 2768 (Id.,
1344 2697 1441 2753 lib.
1474 2697 1539 2757 de
1568 2696 1703 2753 Fide
1728 2704 1780 2752 et
1805 2697 2074 2769 operibus,

423 2793 566 2845 tom.
597 2786 694 2854 VI,
728 2785 836 2842 col.
872 2786 1028 2854 2H.)

496 2874 665 2950 Legis
696 2874 891 2930 littera
929 2891 1060 2947 quae
1109 2875 1296 2942 docet,
1348 2878 1482 2941 etc.,
1531 2889 1702 2945 usque
1746 2873 1819 2928 ad
1866 2873 2078 2929 videbi-

403 2983 558 3047 .mus
588 2966 808 3021 lumen.
833 2963 967 3036 (Id.,
1000 2964 1097 3019 lib.
1139 2963 1204 3019 de
1240 2963 1455 3036 Spiritu
1499 2971 1551 3019 et
1599 2964 1801 3032 littera,
1835 2967 1977 3018 tom.
2008 2963 2073 3032 X,

424 3072 482 3128 p.
518 3074 553 3122 1,
587 3054 696 3110 col.
724 3055 879 3122 205.)

492 3145 602 3200 Per
632 3143 867 3214 Moysen
900 3142 1033 3197 data
1063 3146 1154 3196 est
1184 3140 1294 3213 lex,
1328 3146 1462 3212 etc.,
1496 3158 1665 3213 usque
1693 3141 1763 3195 ad
1796 3142 2076 3213 quaeritur

426 3231 860 3299 medicus.(ld.,
895 3232 955 3285 in
997 3231 1138 3301 psal.
1172 3247 1266 3298 cu,
1308 3234 1452 3285 tom.
1485 3229 1575 3298 IV,
1611 3246 1668 3301 p.
1702 3245 1763 3297 ιι,
1787 3228 1895 3284 col.
1941 3230 2078 3284 1329

423 3326 479 3378 et
505 3320 652 3392 seq.)

496 3409 611 3464 Lex
667 3408 803 3463 data
857 3411 965 3474 est,
1025 3410 1158 3475 etc.,
1204 3422 1372 3479 usque
1424 3405 1496 3460 ad
1554 3406 1884 3461 sanandum
1943 3406 2071 3461 fuit.

426 3498 557 3568 (Id.,
588 3498 685 3553 lib.
729 3498 1140 3553 Sententiarum
1186 3497 1462 3567 Prosperi,
1496 3500 1639 3551 tom.
1673 3496 1739 3565 X,
1771 3513 1828 3568 p.
1862 3513 1924 3565 ιι,
1961 3495 2071 3551 col.

496 3674 805 3747 Consepulti
830 3675 979 3729 enim
1007 3689 1195 3729 sumus
1225 3690 1348 3729 cum
1380 3674 1478 3729 illo
1517 3690 1615 3745 per
1657 3674 1986 3745 baptismum
2015 3675 2075 3729 in

423 3773 668 3821 mortem.
701 3763 1013 3835 lgnoratis,
1044 3761 1257 3833 inquit,
1292 3763 1571 3834 quoniam
1604 3763 1941 3835 quicunque
1967 3762 2074 3818 ba—

422 3851 623 3926 ptizati
670 3868 898 3918 sumus,
931 3854 1063 3918 etc.,
1098 3867 1264 3922 usque
1310 3852 1379 3907 ad
1426 3852 1485 3906 in
1537 3869 1710 3907 carne
1742 3852 2066 3908 vetustatis.

424 3942 553 4017 (Id.,
585 3940 656 3996 ad
683 3941 941 4007 Januar.,
974 3945 1112 3995 tom.
1151 3940 1220 4006 ΙΙ,
1246 3939 1354 3995 col.
1384 3942 1490 3996 216
1523 3945 1580 3996 et
1613 3942 1761 4013 seq.)
1801 3997 1811 4005 _

490 4028 879 4085 Ambulamus
901 4045 1037 4102 ergo
1060 4029 1118 4083 in
1142 4045 1201 4084 re
1232 4027 1468 4098 laboris,
1495 4030 1595 4085 sed
1621 4029 1683 4085 in
1711 4047 1814 4102 spe
1835 4029 2071 4102 quietis,

420 4120 481 4175 in
513 4134 686 4175 carne
713 4117 1039 4177 vetustatis.
1075 4117 1265 4173 Semel
1297 4117 1639 4175 immolatus
1679 4122 1769 4174 est
1808 4118 2074 4175 Christus

420 4209 480 4264 in
513 4208 726 4281 seipso,
757 4211 892 4273 etc.,
918 4223 1086 4279 usque
1114 4207 1186 4262 ad
1214 4206 1531 4264 salubriter
1561 4206 1823 4280 percipit.
1847 4207 1980 4275 (Id.,
2004 4208 2073 4262 ad

417 4299 605 4368 Boni/2
637 4299 827 4369 episc.,
859 4300 1004 4352 tom.
1035 4296 1105 4364 Il,
1140 4314 1199 4367 p.
1231 4297 1338 4351 360
1366 4301 1423 4352 et
1448 4299 1598 4369 seq.)

489 4387 726 4443 Scientes
755 4388 889 4458 quia
934 4393 1086 4440 vetus
1137 4386 1294 4440 homo
1324 4394 1506 4441 noster
1550 4387 1720 4441 simul
1768 4383 2073 4455 cruciﬁxus

417 4483 514 4532 est.
550 4474 872 4531 Mortalitas
912 4473 1070 4527 unde
1118 4471 1213 4539 sit,
1249 4476 1451 4527 notum
1500 4477 1608 4540 est,
1637 4478 1770 4540 etc.,
1803 4490 1974 4545 usque
2003 4473 2074 4528 ad

2193 2018 2403 2085 Apost.,
2434 2016 2576 2067 tom.
2609 2012 2677 2081 V,
2707 2029 2763 2084 p.
2797 2029 2835 2078 1,
2870 2010 2976 2067 col.
3013 2011 3116 2066 190
3144 2015 3199 2067 et
3230 2010 3382 2084 seq.)

2265 2116 2547 2166 Peccatum
2585 2111 2736 2166 enim
2766 2108 2915 2165 vobis
2934 2125 3046 2165 non
3066 2109 3463 2179 dominabitur,
3497 2113 3626 2177 etc.,
3652 2125 3813 2180 usque

2192 2201 2263 2256 ad
2294 2202 2440 2256 servi
2464 2200 2602 2272 facti
2647 2200 2775 2254 estis
2808 2199 3070 2269 justitiaz'.
3105 2198 3225 2254 Sub
3256 2197 3386 2271 lege
3434 2198 3586 2253 enim
3633 2197 3813 2270 positis

2190 2306 2307 2345 non
2339 2290 2449 2345 sub
2480 2288 2668 2361 gratia
2698 2286 3099 2343 dominabitur
3127 2291 3457 2360 peccatum,
3501 2291 3629 2355 etc.,
3668 2302 3815 2357 usque

2189 2380 2259 2434 ad
2303 2378 2620 2434 excidistis.
2655 2377 2788 2447 (Id.,
2840 2377 2937 2431 lib.
2987 2377 3053 2432 de
3098 2376 3289 2434 Gratia
3334 2385 3385 2434 et
3434 2378 3600 2433 libero
3644 2377 3811 2443 arbit,

2187 2473 2330 2523 tom.
2362 2467 2427 2535 Χ,
2457 2484 2513 2538 p.
2550 2484 2584 2534 1,
2619 2466 2727 2521 col.
2761 2466 2910 2533 896.)

2256 2568 2568 2620 Humanum
2598 2564 2736 2631 dico,
2762 2567 2894 2633 etc.,
2919 2581 3106 2635 usque
3136 2564 3209 2620 ad
3242 2566 3307 2619 in
3334 2564 3807 2636 sanctiﬁcationem,

2184 2652 2497 2726 Apostolus
2540 2653 2835 2707 admonet.
2871 2653 3227 2721 Humanum,
3273 2659 3410 2721 etc.,
3446 2671 3610 2725 usque
3634 2652 3698 2707 ad
3725 2650 3812 2723 qui

2186 2744 2360 2799 datus
2387 2745 2477 2797 est
2506 2741 2694 2796 nobis.
2732 2741 2862 2811 (Id.,
2893 2743 3045 2813 epist.
3079 2742 3149 2797 ad
3178 2744 3567 2810 Anastasium,
3599 2745 3729 2796 tom.
3752 2739 3810 2804 ll,

2186 2830 2295 2888 col.
2327 2831 2431 2885 954
2462 2834 2520 2886 et
2547 2834 2697 2901 seq.)

2256 2929 2581 3002 Prmponite
2624 2926 2993 2984 delectationi
3041 2927 3253 2993 carnis.
3281 2933 3420 3000 etc.,
3452 2944 3620 3000 usque
3647 2926 3711 2982 ad
3739 2927 3814 2980 in-

2183 3018 2429 3074 visibilis
2452 3016 3069 3090 pulchritudinis.(Id.,
3087 3033 3250 3072 serm.
3278 3018 3346 3073 de
3371 3020 3561 3076 Verbis
3583 3015 3816 3089 Apostoli,

2184 3112 2325 3163 tom.
2366 3110 2429 3171 V,
2463 3124 2519 3178 p.
2554 3123 2592 3172 1,
2621 3104 2727 3161 col.
2756 3107 2861 3160 870
2890 3108 2946 3161 et
2975 3106 3122 3177 seq.)

2107 3216 2149 3282 ρ
2261 3206 2396 3260 Cum
2422 3206 2573 3258 enim
2599 3204 2743 3258 servi
2786 3204 2964 3257 essetis
3006 3205 3230 3273 peccati,
3260 3203 3433 3260 liberi
3459 3205 3645 3276 fuistis
3659 3203 3819 3276 justi-

2185 3297 2301 3352 tiw.
2335 3292 2553 3359 Qualis,
2587 3308 2806 3363 quaeso,
2839 3295 3029 3362 potest
3058 3291 3205 3346 servi
3237 3294 3484 3348 addicti.
3517 3299 3647 3356 etc.,
3672 3306 3820 3363 usque

2183 3384 2254 3438 ad
2308 3381 2477 3438 liberi
2543 3381 2729 3436 eritis.
2790 3380 2937 3452 (Id.,
2990 3380 3302 3447 Enchirid.,
3360 3386 3506 3437 tom.
3565 3380 3668 3449 Vl,
3724 3376 3820 3435 col.

2182 3474 2357 3615 24:3,;
2400 3559 2669 3631 quaedam
2717 3558 3003 3627 confusio,
3054 3562 3187 3624 etc.,
3222 3575 3399 3633 usque
3443 3559 3517 3616 ad
3570 3562 3824 3614 aeternam

2184 3649 2440 3704 habebit.
2477 3648 2608 3719 (Id.,
2642 3649 2699 3703 in
2727 3648 2870 3720 psal.
2903 3665 3032 3715 xxx,
3063 3652 3207 3703 tom.
3243 3648 3339 3718 ιν,
3365 3666 3425 3721 p.
3458 3666 3497 3716 ι,
3524 3647 3633 3706 col.
3662 3648 3827 3703 232st

2185 3755 2247 3792 se
2296 3780 2304 3789 .

2251 3740 2540 3897 gtl’pendia
2569 3827 2717 3880 enim
2744 3827 2959 3897 peccati
2994 3841 3158 3881 mors.
3192 3825 3404 3884 Merito
3444 3824 3825 3899 stipendium:

2183 3915 2323 3985 quia
2371 3914 2614 3983 militiae,
2655 3919 2793 3983 etc.,
2823 3931 2994 3987 usque
3020 3914 3090 3969 ad
3122 3931 3341 3970 corona
3391 3916 3675 3971 redditur.
3709 3912 3824 3982 (Id.,

2183 4004 2279 4058 lib.
2333 4002 2400 4059 de
2461 4003 2651 4059 Gratia
2706 4012 2757 4058 et
2813 4003 2982 4059 libero
3041 4003 3228 4072 arbit.,
3289 4008 3441 4060 tom.
3476 4006 3541 4070 X,
3572 4021 3630 4077 p.
3663 4021 3700 4072 1,
3733 3998 3827 4056 col.

2180 4092 2305 4147 893.

2253 4092 2361 4237 Ubi
2393 4185 2589 4238 autem
2642 4179 2992 4245 invenimus,
3044 4185 3177 4246 etc.,
3210 4197 3385 4254 usque
3434 4182 3509 4239 ad
3558 4182 3687 4238 sine
3731 4179 3830 4234 ﬁne

2179 4269 2462 4326 vivemus.
2496 4269 2627 4338 (Id.,
2672 4270 2842 4341 Epist.
2876 4270 2946 4323 ad
2988 4269 3210 4325 Sixtum
3246 4268 3671 4345 presbyterum,
3701 4272 3830 4324 tom.

2183 4358 2252 4427 ιι,
2285 4358 2395 4413 col.
2426 4358 2575 4429 881.)

2255 4456 2397 4511 Item
2428 4453 2697 4511 lectionis
2725 4455 2991 4525 ejusdem
3012 4454 3202 4511 brevis
3224 4459 3283 4510 et
3304 4457 3665 4513 continuata
3683 4469 3836 4525 expo-

418 4565 479 4621 in
509 4580 680 4620 cruce
726 4559 1093 4633 triumphata
1138 4563 1297 4616 sunt.
1323 4560 1535 4632 (Id.,in
1587 4543 1925 4634 expositione
1953 4563 2078 4633 Epi.

2216 4543 2337 4612 itio,
2372 4544 2442 4599 ab
2484 4561 2550 4599 eo
2600 4544 2701 4599 ubi
2753 4544 2972 4599 dictum
3005 4548 3140 4599 est:
3179 4544 3499 4617 Propterea
3548 4545 3706 4602 sicut
3748 4558 3840 4616 per

417 4652 574 4709 διοιε
601 4649 669 4705 ad
701 4649 902 4713 Galat.,
935 4652 1081 4703 tom.
1117 4647 1214 4715 ΙΙΙ,
1249 4665 1305 4719 p.
1341 4665 1403 4716 11,
1437 4647 1545 4703 col.
1577 4650 1719 4703 2120
1749 4653 1806 4704 et
1835 4653 1983 4721 seq.)

493 4742 559 4798 Ut
582 4738 899 4794 destruatur
927 4753 1124 4809 corpus
1159 4739 1385 4809 peccati,
1412 4740 1546 4804 etc.,
1569 4755 1757 4809 usque
1804 4739 1874 4794 ad
1920 4741 2066 4794 vive-

417 4843 539 4882 mus
567 4842 690 4881 cum
739 4825 968 4880 Christo.
995 4825 1191 4881 Gratia
1240 4826 1339 4882 Dei
1390 4842 1494 4899 per
1539 4826 1901 4899 baptismum
1941 4828 2070 4899 ejus

420 4914 518 4986 qui
547 4913 721 4979 venit,
756 4917 889 4979 etc.,
920 4930 1089 4985 usque
1131 4914 1201 4968 ad
1243 4914 1506 4971 servituti
1539 4916 1910 4988 subjicimus.
1935 4917 2066 4986 (Id.,

420 5004 516 5058 lib.
551 5001 615 5056 de
660 5003 936 5072 Baptismo
971 5004 1350 5074 parvulorum,
1382 5008 1525 5060 tom.
1566 5006 1632 5071 X,
1666 5022 1724 5078 p.
1754 5022 1792 5074 1,
1829 5004 1938 5060 col.
1972 5004 2070 5060 156

419 5094 477 5145 et
504 5091 657 5160 seq.)

489 5177 728 5232 Scientes
773 5177 913 5249 quod
960 5178 1211 5236 Christus
1259 5193 1556 5253 resurgens
1605 5199 1639 5235 a
1682 5184 1913 5237 mortuis
1951 5183 2072 5253 jam

418 5281 529 5321 non
556 5266 812 5329 moritur,
843 5282 988 5321 mors
1021 5267 1110 5322 illi
1159 5267 1309 5323 ultra
1360 5283 1473 5322 non
1513 5268 1911 5325 dominabitur.
1946 5269 2071 5323 Non

421 5353 620 5410 Lazari
652 5354 1021 5422 resurrectio,
1045 5357 1179 5421 etc.,
1210 5371 1383 5427 usque
1412 5356 1481 5409 ad
1512 5355 1570 5410 in
1602 5360 1906 5412 aiternum.
1939 5357 2069 5429 (Id.,

420 5442 517 5498 lib.
548 5451 735 5499 contra
781 5460 834 5499 v1
885 5444 1211 5516 questiones
1262 5445 1632 5515 Paganorum,
1680 5449 1821 5500 tem.
1856 5446 1926 5515 II,
1959 5443 2068 5501 col.

492 5616 655 5678 Unus
685 5620 1000 5680 resurrexit
1037 5619 1165 5694 jam
1213 5636 1330 5680 non
1364 5619 1710 5692 maritume,
1733 5625 1871 5694 etc.,
1908 5638 2076 5701 usque

2185 4650 2369 4688 unum
2404 4631 2699 4688 hominem
2731 4636 3034 4703 peccatum
3064 4632 3123 4686 in
3151 4631 3309 4687 hunc
3338 4635 3647 4690 mundum
3679 4634 3843 4689 intra-

2176 4722 2278 4787 vit,
2311 4738 2480 4793 usque
2509 4721 2579 4777 ad
2608 4721 2808 4777 Gratia
2836 4724 3032 4776 autem
3060 4720 3160 4776 Dei
3192 4719 3309 4775 vita
3334 4726 3587 4793 aeterna,
3612 4722 3674 4777 in
3695 4716 3848 4777 Chri-

2178 4816 2266 4866 sto
2298 4811 2437 4867 Jesu
2473 4810 2716 4865 Domino
2751 4813 2970 4865 nostro.

2247 4907 2408 4963 Sicut
2437 4907 2508 4963 ab
2541 4907 2640 4962 illo
2672 4924 2789 4962 uno
2831 4905 3087 4971 homine,
3121 4911 3254 4973 etc.,
3285 4924 3468 4980 usque
3506 4908 3582 4966 ad
3619 4907 3720 4964 ille
3756 4920 3847 4978 ge-

2179 4996 2416 5052 neratis.
2452 4996 2580 5064 (Id.,
2612 4998 2697 5050 Ex
2741 4997 2895 5068 epist.
2930 4995 3000 5050 ad
3046 4996 3293 5051 consulta
3322 4998 3566 5062 Hilarii,
3603 5002 3747 5053 tom.
3782 4992 3846 5057 ll,

2179 5084 2286 5140 col.
2319 5085 2427 5139 683
2457 5089 2516 5139 et
2547 5088 2696 5156 seq.)

2250 5172 2629 5244 Disputamus
2661 5173 2819 5229 enim
2864 5191 2979 5229 non
3016 5173 3087 5228 de
3126 5188 3491 5246 quocunque
3523 5178 3847 5247 peccatore,

2180 5264 2312 5329 etc.,
2346 5278 2516 5333 usque
2544 5263 2614 5318 ad
2657 5263 2717 5318 in
2749 5263 3061 5318 mundum.
3095 5262 3203 5329 Id.,
3238 5262 3336 5318 lib.
3371 5280 3415 5317 ιι
3470 5272 3674 5320 contra
3719 5259 3850 5326 Jul.,

2179 5353 2322 5404 tom.
2354 5350 2419 5419 X,
2453 5367 2511 5422 p.
2545 5368 2611 5421 ιι,
2639 5351 2749 5406 col.
2784 5352 2968 5422 1163.)

2251 5446 2529 5519 Nunquid
2562 5447 2717 5503 enim
2747 5448 2924 5503 Evam
2969 5465 3085 5503 non
3138 5448 3473 5515 imitantur,
3508 5453 3654 5517 etc.,
3688 5460 3853 5519 usque

2182 5535 2253 5591 ad
2281 5543 2452 5593 natus
2481 5552 2551 5591 ex
2577 5534 2811 5593 femina.
2843 5537 2975 5609 (Id.,
3010 5536 3109 5594 lib.
3144 5553 3184 5594 11
3213 5544 3408 5596 contra
3438 5539 3596 5609 Jul.,
3620 5542 3771 5595 tom.
3790 5535 3855 5603 Χ,

2183 5641 2243 5701 p.
2275 5641 2339 5695 11,
2372 5623 2480 5683 col.
2515 5624 2696 5699 1166.)
