4024 6180
437 337 555 401 293

1635 334 1864 396 FLOR]
1910 331 2226 395 DIACONI
2272 334 2650 397 MONACHI.

3682 343 3779 404 296

507 470 630 542 Dic,
654 469 914 541 obsecro,
938 467 1231 543 Apostole,
1252 466 1486 540 quando
1519 466 1710 523 adhuc
1731 466 1791 524 in
1813 483 1986 523 carne
2004 465 2082 521 vi-
2110 468 2166 537 Α
2191 469 2418 539 peccati,
2450 475 2501 525 et
2530 466 2595 526 de
2632 474 2849 541 peccato
2895 467 3179 525 damnauit
3215 476 3488 542 peccatum
3531 472 3589 531 in
3621 489 3782 530 came.

436 578 577 618 vens
609 560 668 616 in
698 559 810 616 viis
838 558 1070 615 Domini
1092 554 1457 622 ambulabas,
1479 554 1737 612 habebas
1759 560 2085 629 peccatum,

437 669 513 707 an
530 650 657 707 sine
679 652 913 723 peccato
934 651 1100 704 eras?
1120 646 1447 702 Audiamus
1472 649 1670 701 utrum
1688 662 1749 701 se
1775 644 1899 717 ipse
1916 645 2089 701 sedu-

436 745 549 809 cat,
582 757 655 799 an
684 755 818 794 vero
849 737 1004 809 quod
1035 737 1242 793 beatus
1271 735 1527 792 Joannes
1557 734 1686 805 ejus
1717 732 2086 806 coapostolus

436 830 648 904 sapiat,
681 826 959 900 quoniam
992 824 1207 882 veritas
1234 827 1359 880 erat
1388 823 1448 880 in
1495 823 1598 879 eis.
1634 822 1736 878 Hic
1782 839 1919 896 ergo
1963 839 2083 880 res-

434 919 669 991 pondet.
703 916 904 972 Nonne
962 913 1188 986 legistis
1246 912 1347 968 ubi
1396 912 1676 967 eonﬁteor
1713 911 1934 968 dicens.
1965 911 2085 968 Non

433 1010 582 1064 enim
612 1004 751 1079 quod
780 1006 896 1061 volo
922 1005 1066 1077 facio
1099 1001 1416 1069 bonum,sed
1446 1000 1586 1074 quod
1614 1001 1739 1057 nolo
1762 1001 1972 1056 malum
1987 1001 2086 1056 hoc

430 1113 552 1167 ago.
585 1096 655 1151 Et
680 1094 789 1151 hoc
820 1092 1173 1149 audivimus.
1196 1091 1327 1148 Jam
1358 1089 1555 1161 itaque
1587 1088 1731 1145 illud
1765 1089 2083 1162 interroga-

429 1202 563 1244 mus
588 1201 601 1239 :
628 1200 741 1258 quo
764 1183 824 1238 in
841 1181 951 1237 viis
971 1179 1205 1237 Domini
1225 1177 1646 1247 ambulabas,si
1680 1176 1901 1235 malum
1925 1177 2081 1250 quod

427 1273 666 1331 nolebas
696 1272 805 1329 hoc
835 1271 1069 1345 agebas.
1112 1268 1258 1325 Cum
1285 1267 1549 1340 psalmus
1579 1271 1819 1323 sanctus
1851 1266 2083 1322 insonet

427 1363 647 1419 dicens.
673 1362 798 1418 Non
829 1359 986 1417 enim
1018 1358 1119 1431 qui
1146 1361 1465 1431 operantur
1493 1355 1867 1427 iniquitatem
1890 1354 1949 1411 in
1971 1355 2081 1412 viis

425 1453 554 1526 ejus
601 1450 1065 1508 ambulaverunt.
1100 1444 1251 1502 Audi
1301 1444 1577 1502 continuo
1627 1443 2077 1517 respondentem

422 1558 527 1614 per
552 1538 901 1598 sententiam
931 1538 1404 1608 consequentem.

491 1631 554 1686 Si
607 1628 745 1701 quod
799 1628 924 1683 nolo
962 1624 1155 1698 inquit
1202 1640 1297 1696 ego
1343 1623 1441 1679 hoc
1483 1625 1651 1695 facio,
1674 1623 1798 1695 jam
1838 1637 1934 1691 ego
1965 1638 2078 1677 non

422 1735 614 1792 operor
643 1715 803 1786 illud,
834 1714 927 1772 sed
956 1713 1097 1789 quod
1126 1713 1336 1769 habitat
1367 1714 1427 1768 in
1473 1728 1559 1769 me
1603 1720 1899 1785 peccatum.
1932 1711 2077 1767 Ecce

421 1807 943 1884 quemadmodum,
976 1808 1109 1870 etc.,
1142 1818 1309 1875 usque
1335 1800 1410 1858 ad
1440 1800 1564 1875 ipse
1595 1804 1921 1857 sanaretur.
1942 1799 2071 1872 (Id.,

421 1902 481 1956 in
510 1898 649 1971 psat.
684 1912 879 1963 cxv111,
908 1898 1050 1949 tom.
1086 1891 1179 1960 IV,
1205 1908 1263 1963 p.
1293 1894 1348 1958 2,
1381 1889 1490 1946 col.
1526 1890 1664 1945 1506
1694 1892 1750 1944 et
1780 1888 1926 1960 seq.)

488 1987 552 2044 Si
577 1994 760 2043 autem
787 1982 928 2057 quod
954 1982 1080 2039 nolo
1112 1979 1253 2037 illud
1280 1981 1448 2052 facio,
1479 1995 1586 2036 non
1632 1994 1728 2047 ego
1777 1992 1970 2049 operor
1997 1976 2068 2031 il-

422 2077 536 2145 lud,
568 2075 658 2133 sed
688 2073 829 2148 quod
856 2074 1066 2127 habitat
1097 2072 1155 2126 in
1202 2086 1288 2127 me
1334 2076 1632 2140 peccatum.
1668 2067 1867 2122 Potest
1897 2069 2069 2138 puta-

419 2167 521 2237 ris,
556 2170 689 2234 etc.,
721 2179 890 2237 usque
929 2161 1000 2217 ad
1046 2160 1107 2216 in
1148 2157 1443 2215 voluntate
1491 2154 1899 2213 committitur.
1934 2154 2066 2227 (Id.,

420 2257 519 2312 lib.
554 2254 1017 2319 retractationum,
1050 2254 1191 2305 tom.
1221 2249 1263 2315 Ι,
1297 2246 1387 2302 col
1412 2248 1518 2302 608
1547 2250 1603 2302 et
1632 2245 1779 2317 seq.)

491 2344 842 2401 Condelcctor
868 2340 1017 2396 enim
1047 2338 1158 2408 legi
1184 2338 1283 2393 Dei
1303 2341 1696 2407 repugnantem
1735 2333 1841 2403 legi
1870 2331 2067 2386 mentis

420 2448 580 2502 meae,
613 2437 721 2488 etc.
756 2429 919 2497 Caro,
950 2426 1160 2498 inquit,
1195 2423 1574 2496 concupiscit,
1611 2428 1747 2486 etc.,
1781 2435 1949 2491 usque
1996 2417 2066 2473 ad

418 2516 904 2595 concupiscentiis
960 2515 1079 2571 tuis
1134 2514 1302 2570 vires.
1359 2513 1487 2585 (Id.,
1536 2519 1694 2567 tract.
1725 2511 2062 2577 Evang.sec.

417 2613 554 2670 Joan
582 2628 693 2679 χιι,
726 2613 867 2664 tom.
902 2605 997 2673 Ill,
1027 2621 1084 2676 p.
1118 2621 1179 2671 11,
1213 2601 1320 2659 col.
1354 2602 1490 2657 1697
1521 2604 1578 2656 et
1604 2599 1749 2671 seq.)

487 2700 660 2758 Aliud
691 2700 779 2754 est
807 2713 921 2751 non
969 2709 1250 2766 pugnare,
1283 2695 1340 2747 et
1362 2706 1490 2747 esse
1522 2688 1581 2744 in
1615 2704 1773 2762 pace,
1806 2691 1939 2756 etc.,
1970 2703 2063 2742 uc-

417 2800 521 2863 que
549 2788 620 2845 ad
646 2786 849 2843 Jesum
870 2781 1171 2840 Christum
1198 2779 1512 2838 Dominum
1544 2781 1834 2833 nostrum.
1867 2775 2065 2846 (Id.,in

412 2880 558 2954 psal.
591 2893 759 2947 xxxv,
789 2877 932 2930 tom.
965 2873 1060 2938 1V,
1094 2886 1150 2944 p.
1177 2887 1217 2935 1,
1251 2868 1360 2925 col.
1393 2868 1545 2937 345.)

489 2974 571 3024 De
594 2979 817 3039 corpore
843 2962 1036 3018 mortis
1065 2959 1231 3032 hujus
1262 2975 1375 3015 non
1412 2955 1626 3020 omnis,
1651 2958 1787 3022 etc.,
1808 2971 1976 3027 usque
1995 2953 2065 3009 ad

416 3057 695 3133 quoniam
726 3052 837 3126 ipsi
871 3049 1312 3109 saturabuntur.
1348 3047 1478 3120 (Id.,
1508 3046 1605 3102 lib.
1629 3044 1694 3103 de
1720 3045 2065 3117 Perfect.jus-

415 3150 555 3205 titiz
583 3144 841 3209 hominis,
875 3146 1018 3196 tom.
1050 3138 1116 3204 X,
1148 3155 1205 3209 p,
1241 3154 1278 3205 1,
1312 3135 1421 3191 col.
1450 3134 1603 3203 299.)

2196 555 2359 612 Dicet
2382 556 2632 629 aliquis:
2660 556 2720 613 Si
2742 557 2861 613 haec
2884 561 3095 615 natura
3123 574 3332 632 pura...
3364 558 3546 615 carnis
3574 561 3783 632 peccati.

2194 645 2278 716 (S.
2311 645 2482 720 Aug.,
2515 646 2554 716 ι,
2585 663 2605 702 1
2633 646 2698 703 de
2727 648 2871 719 bapt.
2897 648 3143 719 parvul.,
3166 651 3306 703 tom.
3334 647 3396 719 Χ,
3419 664 3474 720 p.
3495 665 3533 719 1,
3554 647 3785 721 col.l119.)

2266 733 2533 791 Cilicium
2563 735 2809 792 fortasse
2841 734 3154 809 appellavit
3178 735 3455 792 Dominus
3482 736 3660 794 carnis
3686 753 3786 794 sua

2193 823 2632 893 mortalitatem,
2666 829 2798 892 etc.,
2830 841 3001 897 usque
3024 824 3095 880 ad
3122 822 3364 881 delenda
3405 830 3641 897 peccata.
3671 825 3788 897 (Id.,

2192 914 2253 969 in
2276 914 2419 985 psal.
2451 930 2642 981 xxx1v,
2672 917 2793 969 tom
2827 911 2920 981 IV,
2951 930 3009 986 p.
3038 930 3076 981 1,
3110 911 3218 970 col.
3248 911 3394 985 335.)

2262 1001 2409 1067 Quid
2440 1002 2581 1058 dicit
2601 1001 2989 1076 Pelagianism
3003 1002 3030 1059 ‘I
3044 1002 3253 1058 Audite
3270 1001 3407 1074 quid
3425 1000 3789 1058 diciLVidetur

2190 1090 2453 1148 conﬁteri
2478 1091 2773 1148 Christum
2806 1092 2864 1147 in
2896 1108 3068 1147 carne
3099 1090 3345 1159 venisse,
3373 1090 3471 1147 sed
3518 1090 3790 1148 discussus

2188 1179 2501 1237 invenitur.
2535 1180 2798 1238 Christus
2827 1180 2986 1237 enim
3015 1180 3077 1236 in
3108 1196 3280 1237 carne
3305 1178 3492 1236 venit:
3516 1195 3636 1251 qua:
3654 1177 3791 1234 simi-

2187 1267 2372 1324 litudo
2403 1272 2559 1327 esset
2588 1268 2783 1325 carnis
2812 1269 3053 1342 peccati,
3085 1285 3203 1326 non
3230 1271 3384 1324 esset
3409 1283 3536 1323 caro
3576 1264 3788 1338 peccati.

2185 1357 2445 1430 Apostoli
2476 1358 2653 1415 verba
2679 1360 3008 1415 sunt.Micit
3032 1359 3173 1415 Deus
3192 1357 3399 1413 Filium
3420 1372 3572 1412 suum
3590 1356 3645 1411 in
3661 1355 3793 1411 simi-

2188 1446 2478 1503 litudinem
2493 1448 2677 1503 carnis
2687 1447 3051 1520 peccati.Non
3068 1446 3126 1503 in
3146 1443 3585 1504 similitudinem
3599 1442 3789 1513 carnis,

2185 1536 2354 1608 quasi
2386 1553 2518 1593 caro
2551 1553 2665 1592 non
2698 1540 2854 1593 esset
2878 1536 3140 1605 caro,sed
3174 1536 3236 1590 in
3260 1531 3668 1591 similitudinem
3693 1546 3792 1586 car-

2183 1626 2273 1680 nis
2301 1624 2674 1697 peccati,quia
2702 1642 2835 1682 caro
2866 1625 3115 1691 erat,sed
3139 1623 3361 1699 peccati
3384 1638 3515 1679 caro
3535 1638 3643 1677 non
3665 1622 3789 1675 erat.

2184 1715 2298 1772 Iste
2347 1719 2544 1771 autem
2579 1713 2843 1787 Pelagius
2870 1718 2927 1770 et
2956 1718 3223 1770 eaeteram
3253 1727 3485 1769 carnem
3515 1707 3692 1766 omnis
3714 1706 3790 1763 in-

2186 1802 2360 1859 fantis
2408 1802 2622 1860 Christi
2673 1802 2833 1859 carni
2877 1807 3123 1859 conatur
3167 1817 3415 1875 aequare.
3447 1799 3568 1855 Non
3596 1798 3670 1853 ita
3695 1799 3792 1863 est,

2180 1891 2656 1958 charissimi,non
2687 1908 2793 1965 pro
2825 1908 3037 1964 magno
3058 1890 3565 1948 commendaretur
3581 1886 3637 1941 in
3657 1883 3796 1943 Chri-

2180 1985 2268 2037 sto
2299 1980 2624 2038 similitudo
2653 1980 2847 2037 carnis
2877 1980 3118 2054 peccati,
3151 1979 3265 2037 nisi
3296 1976 3488 2036 omnis
3509 1980 3701 2033 caetera
3718 1989 3794 2030 ca-

2178 2087 2243 2126 ro
2272 2074 2425 2127 esset
2454 2087 2586 2127 caro
2619 2069 2861 2143 peccati.

2248 2159 2395 2223 Quid
2428 2176 2563 2233 ergo
2593 2159 2832 2233 prodest
2858 2158 3000 2230 quia
3028 2157 3175 2215 dicis
3204 2157 3500 2215 Christum
3541 2154 3595 2209 in
3641 2165 3793 2208 carne

2174 2248 2427 2316 venisse,
2463 2252 2519 2303 et
2549 2248 2811 2303 omnium
2844 2247 3158 2303 infantium
3203 2245 3368 2303 carni
3414 2261 3543 2300 eum
3590 2238 3792 2297 conaris

2176 2336 2452 2407 sequare?
2484 2336 2550 2391 Et
2579 2336 2684 2391 tibi
2716 2336 2824 2391 hoc
2853 2336 2982 2391 dico
3014 2337 3169 2408 quod
3222 2333 3554 2400 Donatistae,
3586 2346 3690 2385 non
3717 2331 3793 2382 est

2175 2425 2469 2497 ipse.Ecce
2485 2425 2651 2480 video
2664 2424 2980 2481 Ecclesiam
3006 2429 3251 2480 matrem
3276 2421 3666 2480 testimonium
3686 2416 3793 2472 red-

2174 2515 2409 2569 dentem
2440 2513 2585 2586 ipsis
2617 2515 2898 2570 uberibus
2927 2513 3415 2569 suis.Accurrunt
3443 2514 3649 2566 matres
3676 2520 3791 2561 cum

2174 2602 2433 2675 parvulis
2466 2602 2906 2675 ﬁliis,ingerunt
2935 2601 3218 2659 Salvatori
3249 2600 3688 2667 salvandos,non
3714 2594 3794 2648 Pe-

2173 2690 2327 2765 lagio
2376 2691 2763 2747 damnandos.
2801 2692 2986 2748 Mater
3031 2690 3308 2764 quaelibet
3356 2689 3565 2746 mulier
3607 2683 3795 2758 pietate

2174 2797 2418 2837 currens
2447 2797 2583 2837 cum
2613 2780 2855 2854 parvulo
2886 2779 3006 2837 ﬁlio
3037 2778 3541 2855 dicit,baptizetur
3566 2778 3626 2831 ut
3643 2769 3797 2829 salvo-

2172 2873 2286 2926 tur.
2322 2868 2594 2942 Pelagius
2621 2872 2845 2925 contra.

2245 2957 2392 3025 Quid
2424 2957 2721 3013 salvetur?
2748 2958 2874 3014 Non
2905 2962 2995 3015 est
3025 2958 3181 3030 quod
3214 2957 3276 3012 in
3307 2974 3375 3014 eo
3397 2956 3648 3022 sanetur,
3668 2942 3797 3005 nihil

2172 3047 2349 3104 habet
2376 3047 2519 3115 vitii,
2552 3046 2699 3103 nihil
2729 3063 2797 3103 ex
2836 3048 3074 3103 traduce
3121 3043 3521 3103 damnationis
3568 3034 3794 3097 attraxit.

2174 3136 2234 3191 Si
2263 3136 2505 3209 aequalis
2528 3141 2616 3192 est
2636 3135 3073 3208 Christo,quare
3093 3136 3306 3208 quaerit
3324 3128 3654 3191 Christum?
3672 3126 3795 3182 Ecce

486 3233 715 3292 Fideles
741 3208 897 3288 enim
929 3208 1165 3284 orantes
1210 3226 1431 3291 dicunt,
1468 3228 1601 3289 etc.,
1631 3238 1801 3295 usque
1832 3221 1902 3277 ad
1931 3238 2058 3277 cor-
2092 3208 2137 3274 C
2172 3226 2300 3281 dico
2330 3208 2434 3282 tibi
2470 3243 2482 3281 :
2517 3226 2782 3298 Sponsus
2813 3224 2993 3281 Filius
3022 3225 3123 3280 Dei
3163 3224 3265 3297 qui
3316 3222 3474 3281 venit
3517 3220 3576 3276 in
3622 3229 3793 3279 carne,

418 3340 556 3399 pore
605 3321 812 3377 mortis
859 3317 1057 3389 hujus.
1092 3315 1224 3385 (Id.,
1266 3313 1362 3369 lib.
1395 3312 1459 3368 de
1488 3319 1604 3367 nat.
1634 3319 1684 3366 et
1712 3319 1882 3380 grat.,
1915 3315 2059 3365 tom.

418 3414 483 3478 X.
518 3430 574 3486 p.
609 3429 648 3475 1,
683 3406 791 3465 col.
823 3408 974 3474 277.)

491 3484 578 3558 Ita
607 3503 731 3556 erat
759 3502 901 3553 tunc
934 3493 1166 3550 illorum
1205 3490 1514 3547 hominum
1544 3506 1757 3561 corpus
1787 3484 2062 3554 animale,

420 3596 555 3658 etc.,
580 3603 749 3662 usque
780 3584 850 3640 ad
878 3580 1164 3658 supplicio
1196 3581 1297 3636 ﬁat
1326 3578 1622 3635 meritum.
1659 3578 1788 3647 (Id.,
1812 3578 1889 3633 lib
1918 3594 1977 3632 1x
2002 3576 2067 3631 de

423 3680 618 3737 Genesi
644 3676 715 3732 ad
763 3675 1021 3741 litteram,
1054 3676 1195 3727 tom.
1228 3669 1328 3734 Ill,
1360 3687 1417 3742 p.
1451 3686 1490 3732 1,
1522 3666 1632 3723 col.
1663 3668 1769 3723 398
1792 3671 1850 3723 et
1880 3668 2031 3738 seq.)

493 3764 772 3838 Quisquis
802 3759 1095 3817 carnalem
1137 3756 1600 3823 delectationem,
1632 3760 1770 3824 etc.,
1801 3771 1970 3827 usque
1997 3752 2070 3809 ad

422 3853 904 3913 consolabuntur.
937 3848 1069 3917 (1d,,
1103 3848 1200 3903 tib.
1233 3846 1297 3902 de
1326 3847 1498 3902 Serm.
1521 3846 1743 3901 Domi-ni
1772 3845 1835 3900 in
1862 3850 2065 3912 monte,

420 3951 565 4002 tom.
603 3943 701 4011 III,
732 3958 788 4014 p.
819 3957 859 4007 1,
894 3937 1003 3994 col.
1038 3936 1218 4004 1286.)

493 4031 642 4098 Quid
674 4034 765 4086 est
793 4027 946 4101 quod
973 4029 1030 4081 te
1053 4024 1285 4098 jactas?
1314 4023 1459 4097 quid
1492 4026 1580 4079 est
1610 4023 1787 4095 quod,
1819 4024 1954 4090 etc.,
1983 4036 2073 4075 us-

422 4137 525 4198 que
552 4120 625 4177 ad
653 4122 826 4193 egent
852 4115 1040 4190 gloria
1066 4114 1190 4171 Dei.
1224 4114 1355 4187 (Id.,
1390 4114 1449 4168 in
1474 4111 1619 4185 psal.
1642 4128 1774 4179 xxx,
1796 4114 1939 4165 tom.
1975 4107 2067 4179 IV,

424 4229 481 4286 p.
515 4228 555 4278 1,
588 4208 697 4267 col.
723 4207 833 4262 233
861 4208 918 4261 et
947 4202 1094 4276 seq.)

497 4295 755 4355 Liberari
785 4299 876 4352 est
905 4310 940 4349 a
971 4308 1212 4364 corpore
1251 4290 1477 4358 mortis,
1511 4293 1646 4357 etc.,
1679 4303 1848 4362 usque
1874 4286 1943 4342 ad
1972 4285 2073 4343 sed

424 4389 496 4447 ad
528 4387 793 4464 gloriam.
829 4383 960 4457 (Id.,
991 4399 1061 4439 ex
1110 4382 1208 4437 lib.
1250 4380 1401 4435 Sent.
1434 4380 1709 4452 Prosperi,
1742 4382 1884 4433 tom.
1914 4375 1981 4442 X,
2012 4392 2071 4447 p.

424 4496 487 4546 11,
520 4475 627 4533 col.
665 4473 843 4546 1886.)

2174 3314 2425 3371 salvator
2442 3319 2533 3371 est
2553 3316 2845 3387 majorum
2866 3320 2924 3370 et
2948 3313 3532 3382 minorum,salvator
3550 3311 3634 3365 est
3647 3316 3795 3377 gran-

2172 3404 2337 3459 dium
2366 3407 2423 3459 et
2449 3403 2789 3472 infantium,
2819 3406 2877 3459 et
2904 3403 3031 3476 ipse
3061 3406 3151 3458 est
3177 3402 3472 3458 Christus.
3504 3398 3588 3456 Tu
3618 3398 3792 3452 autem

2173 3492 2322 3550 dicis
2350 3492 2709 3548 Salvatorem
2742 3491 3039 3547 Christum
3072 3491 3369 3563 majorum
3400 3494 3457 3546 et
3486 3503 3598 3543 non
3629 3481 3795 3539 mino-

2175 3598 2451 3649 rum,non
2482 3586 2572 3638 est
2602 3580 2814 3654 ipse.Si
2846 3597 2960 3637 non
2991 3584 3081 3637 est
3111 3580 3257 3652 ipse,
3295 3595 3480 3654 negas
3509 3580 3565 3634 et
3583 3578 3644 3631 tu
3663 3566 3799 3627 Chri-

2175 3674 2334 3726 stum
2365 3668 2424 3724 in
2455 3685 2628 3725 carne
2646 3669 2899 3726 venisse.

2248 3759 2525 3832 Magnum
2558 3758 2698 3831 quid
2731 3758 2845 3814 huc
2888 3757 3085 3814 attulit
3128 3760 3422 3814 mercator
3469 3754 3598 3810 iste.
3630 3749 3705 3807 De
3727 3760 3804 3802 re-

2175 3846 2348 3920 gione
2372 3861 2482 3901 sua
2510 3844 2748 3901 veniens
2777 3844 2890 3901 iste
2920 3849 3211 3901 mercator
3237 3843 3465 3900 invenit
3494 3841 3552 3897 in
3597 3836 3804 3911 regione

2178 3938 2377 3990 nostra
2408 3932 2563 4005 quod
2594 3932 2689 3988 hic
2718 3933 3023 3989 abundat?
3049 3932 3218 3993 Nasci
3250 3937 3309 3988 et
3341 3930 3512 4003 mori,
3545 3928 3707 4003 plena
3732 3924 3809 3978 est

2179 4027 2334 4079 terra
2362 4020 2455 4077 his
2487 4021 2969 4091 mercibus,nasci
3001 4025 3061 4078 et
3093 4020 3464 4078 mori.Natus
3482 4022 3573 4077 est
3598 4020 3655 4072 et
3681 4025 3810 4075 mor-

2176 4115 2318 4167 tuus
2350 4110 2576 4167 est.Sed
2602 4127 2719 4184 qua
2746 4109 2842 4167 via
2872 4114 3047 4168 natus
3076 4109 3304 4166 est?Ad
3329 4110 3509 4166 istam
3540 4104 3807 4178 regionem

2176 4199 2463 4272 venit,sed
2498 4216 2613 4255 non
2644 4215 2713 4255 ea
2740 4199 2833 4255 via
2864 4216 2979 4272 qua
3008 4198 3221 4256 nos.De
3252 4198 3399 4255 caelo
3430 4195 3589 4255 enim
3615 4189 3759 4253 venit
3780 4200 3811 4241 ι

2182 4288 2430 4358 Patre,et
2454 4292 2651 4345 tamen
2684 4291 2858 4343 natus
2886 4292 2973 4344 est
2992 4287 3469 4356 mortalis,natus
3499 4288 3587 4342 est
3614 4281 3683 4337 de
3703 4274 3809 4349 Spi-

2182 4380 2299 4433 ritu
2329 4381 2528 4434 sancto
2555 4393 2624 4433 ex
2655 4375 2838 4433 Maria
2867 4375 3399 4448 virgine.Nunquid
3431 4391 3539 4433 nos
3569 4368 3691 4431 sic?
3710 4366 3809 4423 Nos

2182 4467 2252 4523 de
2282 4466 2465 4523 Adam
2497 4469 2555 4522 et
2583 4466 2701 4522 Eva
2733 4482 2747 4521 :
2780 4464 2881 4521 illa
2908 4481 3012 4537 per
3039 4464 3575 4536 concupiscentiam
3606 4453 3807 4521 θαι-αἰαῖ

494 4566 671 4635 Igitur
700 4543 938 4636 ipse—ego
968 4566 1144 4617 mente
1170 4558 1343 4614 servio
1374 4556 1486 4627 legi
1514 4556 1617 4612 Dei
1641 4573 1660 4610 :
1689 4570 1853 4610 carne
1893 4560 2076 4608 autem
2102 4578 2150 4643 Β
2182 4554 2277 4611 ille
2320 4559 2523 4643 autem
2575 4571 2691 4610 non
2735 4570 2838 4627 per
2866 4552 3078 4627 ipsam.
3112 4552 3294 4609 Maria
3324 4552 3487 4611 enim
3515 4550 3673 4623 virgo
3701 4543 3810 4601 sine

427 4633 538 4724 legi
560 4633 787 4725 peccati.
817 4649 1102 4705 Indicitur
1129 4646 1285 4703 enim
1312 4644 1418 4700 tibi
1451 4644 1744 4717 quaedam,
1765 4647 2073 4714 etc.,usque
2102 4633 2144 4643 ”
2180 4642 2330 4699 virili
2361 4642 2795 4716 amplexu,sine
2822 4642 3315 4716 conscupiscenize
3343 4645 3491 4699 testu
3515 4657 3530 4696 :
3553 4633 3810 4713 quoniam

428 4742 499 4799 ad
546 4741 761 4797 habere
817 4756 951 4795 cum
999 4738 1136 4794 Deo.
1174 4736 1303 4810 (Id.,
1336 4736 1397 4791 in
1424 4734 1567 4809 psal.
1604 4750 1767 4802 ων,
1801 4736 1939 4789 tom.
1976 4730 2068 4800 IV,

427 4848 486 4905 p.
513 4847 553 4897 1,
586 4827 693 4884 col.
724 4827 831 4882 959
860 4830 917 4882 et
946 4827 1093 4898 seq.)

499 4917 662 4983 Quod
694 4915 935 4980 dixerat,
966 4916 1087 4970 sine
1116 4915 1232 4983 lege
1257 4909 1851 4983 enim,etc.,usquead
1882 4909 2075 4981 potius

430 5023 606 5082 quam
638 5004 929 5061 edomare.
964 5003 1094 5075 (Id.,
1122 5004 1219 5059 lib.
1246 5002 1315 5058 ad
1346 5004 1528 5073 Bonif.
1551 5017 1755 5072 papam
1773 4998 2076 5054 cont.Peta—

429 5098 604 5170 gium,
636 5098 779 5151 tom.
809 5092 875 5161 X,
905 5110 961 5165 p.
995 5104 1035 5160 1,
1069 5091 1178 5148 col.
1209 5091 1317 5147 559
1345 5095 1402 5147 et
1430 5092 1578 5160 seq.)

1047 5178 1278 5237 CAPUT
1315 5176 1461 5232 VIII.

501 5273 638 5330 Nam
666 5270 808 5344 quod
838 5269 1172 5343 impossibile
1197 5273 1314 5323 erat
1344 5265 1451 5338 legi
1479 5265 1539 5319 in
1569 5279 1670 5336 quo
1693 5263 2078 5335 inﬁrmabatur

427 5379 528 5436 per
553 5376 793 5419 carnem.
826 5355 1163 5432 Segregavit
1193 5354 1391 5425 itaque
1441 5351 1591 5407 hanc
1629 5349 1907 5423 pluviam,
1942 5353 2075 5418 etc.,

433 5466 603 5522 usque
631 5449 702 5505 ad
732 5446 832 5521 qui
862 5447 1037 5503 datus
1066 5448 1156 5500 est
1185 5441 1375 5498 nobis.
1411 5440 1540 5515 (Id.,
1572 5455 1641 5495 ex
1668 5446 1905 5495 tractatu
1928 5438 2076 5510 psal.

435 5552 609 5609 van,
639 5541 785 5597 tom.
821 5533 916 5607 ιν,
948 5551 1006 5606 p.
1038 5549 1079 5601 1,
1112 5548 1164 5588 c.
1195 5531 1348 5599 818.)

504 5627 646 5689 νέω
674 5624 881 5684 Filium
906 5637 1072 5684 suum
1090 5620 1310 5681 mittens
1340 5619 1402 5679 in
1426 5614 1855 5678 similitudinem
1894 5614 2082 5677 carnis

2183 4749 2256 4788 ne
2288 4736 2583 4805 pateretur
2614 4730 2770 4787 hunc
2801 4735 3009 4787 aestum
3038 4730 3166 4787 ideo
3194 4731 3247 4786 ei
3278 4730 3507 4786 dictum
3538 4730 3629 4784 est
3658 4740 3672 4779 :
3701 4719 3814 4805 δρίή

2180 4804 2324 4876 ritus
2379 4826 2598 4875 sanctus
2654 4819 2997 4891 superveniet
3039 4819 3100 4873 in
3149 4824 3217 4884 te,
3248 4824 3299 4872 et
3343 4818 3523 4874 virtus

2183 4909 2531 4967 obumbrabit
2559 4908 2663 4963 tibi
2694 4907 2841 4980 (Luc.
2876 4909 2939 4977 1).

2252 4996 2427 5071 Virgo
2457 5012 2593 5069 ergo
2634 4994 2817 5052 Maria
2837 5011 2953 5051 non
2983 4993 3301 5053 concubuit
3328 4997 3386 5049 et
3413 4988 3696 5064 concepit,
3726 4980 3817 5040 sed

2183 5084 2427 5141 credidit
2454 5086 2512 5139 et
2540 5082 2828 5155 concepit.
2861 5080 3047 5138 Natus
3077 5088 3162 5137 est
3194 5081 3347 5139 enim
3377 5078 3649 5137 mortalis
3677 5087 3818 5131 mer-

2183 5172 2614 5237 talibus.Quare
2643 5168 2906 5227 mortalis
2921 5170 2948 5226 ‘I
2965 5170 3111 5235 Quia
3139 5169 3200 5225 in
3231 5167 3685 5225 similitudinem
3706 5176 3820 5220 car-

2184 5261 2275 5317 nis
2293 5258 2664 5333 peccati.Non
2681 5259 2742 5313 in
2758 5274 2933 5314 carne
2954 5256 3303 5332 peccati,sed
3325 5259 3388 5313 in
3408 5253 3819 5312 similitudith

2183 5349 2368 5404 carnis
2392 5347 2620 5420 peccati.
2657 5344 2804 5413 Quid
2836 5345 3013 5402 habet
3042 5361 3175 5404 caro
3212 5343 3479 5419 peccati?
3507 5346 3745 5400 Mortem

2186 5419 2511 5509 peccatum.
2546 5433 2694 5500 Quid
2726 5432 2934 5489 habuit
2962 5432 3288 5490 similitudo
3326 5430 3524 5489 carnis
3572 5419 3818 5502 peccati?

2187 5525 2432 5582 Mortem
2475 5521 2603 5578 sine
2650 5524 2907 5595 peccato.
2941 5520 3001 5578 Si
3050 5520 3291 5578 haberet
3334 5521 3673 5594 peccatum,
3698 5524 3820 5571 caro

2188 5616 2344 5677 esset
2397 5607 2655 5690 peccati;
2680 5608 2733 5669 si
2789 5614 3041 5672 mortem
3096 5625 3215 5670 non
3271 5607 3543 5682 haberet,
3574 5620 3692 5666 non
3745 5614 3827 5660 es-
