4024 6180
392 386 512 446 303

1589 384 1820 447 FLORI
1865 384 2178 463 DIACON]
2228 383 2608 447 MONACHI.

3675 380 3788 441 304

393 519 629 592 adoptio
663 517 1061 576 Israelitarum
1084 517 1191 575 aisi
1211 534 1315 591 per
1332 517 1546 575 Filium
1568 517 1690 586 Dei,
1709 520 1813 574 etc.
1823 533 2033 590 ,usque,
2064 518 2122 585 Α
2217 516 2415 590 Neque
2445 516 2603 573 enim
2624 516 2804 573 habet
2824 514 3008 572 ullam
3028 514 3789 585 cunctationem,eto.,usque

394 607 466 664 ad
490 606 803 663 anathema
845 606 942 663 sit.
975 606 1105 678 (Id.,
1136 614 1325 662 contra
1369 607 1633 663 Faustum
1679 605 2044 664 Manicheeum

394 700 538 754 tom.
571 695 720 765 VIII,
754 695 862 751 col.
893 697 1001 751 255
1028 698 1085 750 et
1113 698 1263 766 seq.)

468 786 562 844 Sic
592 802 728 860 ergo
753 785 1010 859 pepercit
1032 783 1118 840 illi
1145 784 1305 858 genti
1336 788 1424 853 ut,
1456 788 1588 854 etc.,
1619 801 1790 858 usque
1816 785 1887 842 ad
1917 801 2045 857 pro-

398 878 528 949 pter
572 875 789 947 ipsum.
842 873 972 947 (Id.,
1005 875 1065 930 in
1090 874 1232 946 psal.
1270 891 1476 945 Lxxvn,
1510 878 1654 931 tom.
1687 873 1781 941 IV,
1814 878 1966 947 part.
2003 890 2042 947 1,

400 964 511 1021 col.
541 963 689 1036 997.)

472 1053 533 1110 Si
562 1070 678 1109 non
711 1052 937 1125 Moyses
966 1051 1186 1109 electus
1225 1053 1354 1123 ejus
1401 1052 1678 1121 stetisset,
1710 1056 1847 1121 etc.,
1878 1068 2047 1124 usque

402 1142 472 1199 ad
501 1142 861 1215 disperderet
890 1157 1008 1198 eos.
1045 1142 1174 1215 (Id.,
1208 1142 1270 1196 in
1293 1141 1438 1214 psal.
1472 1158 1561 1211 cv,
1590 1145 1733 1197 tom.
1767 1141 1860 1209 1V,
1894 1144 2043 1214 part.

400 1248 464 1302 11,
497 1231 607 1288 col.
635 1231 823 1303 1412.)

471 1319 594 1376 lllle
623 1336 761 1393 ergo
792 1336 892 1376 rex
939 1320 1068 1391 ejus
1113 1318 1235 1392 qui,
1268 1323 1401 1387 etc.,
1432 1335 1600 1392 usque
1646 1319 1716 1375 ad
1761 1317 2048 1376 Dominus

400 1409 602 1467 David.
655 1409 787 1483 (Id.,
829 1410 889 1464 in
930 1409 1074 1482 psal.
1108 1425 1221 1477 1.111,
1251 1411 1395 1464 tom.
1428 1407 1520 1476 1V,
1554 1413 1701 1481 part.
1732 1426 1773 1478 1,
1802 1407 1908 1464 col.
1940 1408 2043 1464 731

400 1503 461 1557 et
489 1502 640 1571 seq.)

472 1586 749 1653 Quamvis
780 1603 884 1643 nec
927 1586 1011 1643 sic
1059 1586 1298 1659 quidem
1344 1586 1581 1660 (inquit)
1613 1587 1880 1660 dignum,
1913 1590 2047 1656 etc.,

400 1692 572 1751 usque
617 1676 687 1732 ad
731 1676 803 1732 de
857 1675 1083 1750 virgine
1138 1681 1496 1733 nasceretur.
1544 1677 1676 1746 (Id.,
1709 1675 1812 1733 lib.
1861 1683 2052 1733 contra

401 1771 673 1825 Faustum
697 1766 1245 1850 Manicha’umﬁom:
1275 1765 1421 1834 VIII,
1453 1764 1562 1821 col.
1594 1767 1698 1821 257
1727 1769 1784 1821 et
1812 1766 1961 1837 seq.)

475 1856 595 1911 Non
623 1863 803 1911 autem
834 1854 976 1927 quod
1002 1853 1267 1910 exciderit
1292 1857 1517 1911 verbum
1543 1856 1663 1923 Dei,
1696 1859 1828 1923 etc.,
1862 1870 2050 1926 usque

404 1944 476 2001 ad
506 1952 557 2000 et
585 1946 691 2000 erit
715 1945 874 2001 Sorae
900 1942 1313 2015 ﬁlius.Dixerat
1340 1942 1583 2001 Abrahae
1625 1943 1781 1999 Deus
1810 1960 1945 1998 cum
1976 1942 2049 1999 de

404 2031 641 2100 ancilla,
675 2036 807 2100 etc.,
860 2048 1031 2109 usque
1074 2031 1146 2087 ad
1193 2036 1641 2106 congregantur,
1681 2032 1817 2103 (Id.,
1846 2031 1952 2088 lib.
1983 2032 2053 2089 de

405 2124 566 2182 Civil.
598 2123 718 2190 Dei,
754 2125 895 2177 tom.
929 2121 1051 2190 VII,
1085 2119 1193 2177 col.
1218 2123 1329 2177 510
1354 2124 1411 2178 et
1440 2122 1587 2194 seq.)

472 2210 686 2268 Volens
716 2211 896 2286 igitur
923 2210 1130 2267 beatus
1161 2209 1377 2266 Paulus
1396 2211 1721 2280 ostendere,
1745 2214 2055 2283 etc.,usque

402 2301 474 2356 ad
501 2304 707 2373 potens
736 2303 827 2355 est
872 2302 929 2355 et
974 2299 1184 2369 facere,
1212 2299 1347 2372 (Id.,
1378 2298 1480 2354 lib.
1513 2308 1703 2357 contra
1740 2301 2049 2369 lulianum,

402 2389 618 2456 tom.X,
651 2392 801 2461 part.
834 2404 896 2454 11,
924 2387 1032 2444 col.
1060 2387 1200 2443 1139
1229 2390 1287 2443 et
1317 2391 1467 2460 seq.)

482 2478 680 2549 Neque
708 2475 866 2532 enim
897 2476 1191 2532 nesciebat
1219 2475 1359 2548 quid
1380 2476 2055 2550 loqueretur,etc.,usque

411 2564 482 2621 ad
529 2568 917 2639 congruenter
971 2564 1473 2622 ministraverunt.
1519 2565 1649 2636 (Id.,
1679 2565 1781 2623 lib.
1813 2566 1878 2624 de
1907 2570 2052 2624 Gest.

410 2654 624 2727 Pelag.,
656 2656 800 2710 tom.
833 2654 898 2723 X,
933 2652 1043 2710 col.
1074 2653 1227 2724 328.)

477 2745 598 2800 Non
624 2743 804 2799 solum
833 2750 1014 2799 autem
1042 2743 1189 2808 illa.,
1217 2746 1349 2810 etc.,
1382 2760 1551 2817 usque
1576 2745 1647 2800 ad
1682 2747 1831 2801 Esau
1873 2752 2057 2801 autem

407 2831 530 2888 odio
560 2831 1003 2898 habui.Quando
1033 2831 1189 2887 enim
1222 2831 1444 2888 dictum
1483 2836 1591 2905 est,
1623 2838 1757 2901 etc.,
1788 2850 1958 2907 usque
1984 2833 2055 2891 ad

404 2920 771 2977 henedicitur
798 2921 998 2978 Jacob.
1032 2920 1164 2990 (Id.,
1198 2920 1299 2976 lib.
1331 2921 1396 2978 de
1424 2921 1587 2979 Civit.
1619 2924 1738 2992 Dei,
1761 2927 1903 2981 tom.
1929 2923 2053 2990 VII,

404 3008 514 3066 col.
542 3010 694 3082 516.)

474 3099 602 3155 Non
631 3099 828 3173 itaque
858 3098 1269 3156 misericordia
1298 3101 1565 3173 gratuitae
1595 3101 1718 3168 Dei,
1751 3105 1860 3170 etc,
1885 3118 2054 3174 usque

406 3188 476 3245 ad
505 3193 572 3243 ut
602 3187 791 3242 ﬁdelis
821 3204 1033 3244 essem.
1066 3188 1196 3257 (Id.,
1227 3190 1387 3260 epist.
1419 3189 1490 3244 ad
1527 3189 1768 3258 Sixtum,
1801 3195 1944 3246 tom.
1979 3191 2049 3259 II,

405 3276 514 3333 col.
546 3277 652 3331 886
681 3280 738 3331 et
767 3278 916 3347 seq.)

473 3366 595 3421 Non
621 3365 801 3420 solum
828 3372 1029 3432 autem,
1059 3365 1200 3438 quod
1226 3374 1279 3423 et
1308 3367 1538 3423 Rebecca
1579 3384 1649 3424 ea:
1694 3384 1805 3424 uno
1851 3383 2049 3423 concu-

406 3455 521 3511 bitu
542 3453 744 3509 habens
767 3458 925 3510 Isaac
966 3456 1141 3526 patris
1180 3457 1376 3511 nostri.
1407 3456 1534 3511 Non
1582 3455 1774 3512 solum
1827 3461 2046 3526 autem,

403 3546 535 3613 etc.,
569 3559 739 3615 usque
762 3542 833 3598 ad
863 3559 980 3599 uno
1010 3547 1269 3616 tempore
1308 3543 1595 3616 concepti.
1629 3543 1760 3616 (Id.,
1791 3546 1947 3617 epist.
1979 3544 2051 3601 ad

401 3633 598 3704 Simpl.
629 3632 817 3704 episc.,
849 3636 992 3687 tom.
1021 3632 1088 3699 Χ,
1121 3636 1269 3706 part.
1302 3650 1365 3698 11,
1399 3632 1508 3689 col.
1546 3633 1726 3705 1850).

472 3721 633 3786 Quod
666 3724 864 3776 autem
894 3720 1116 3775 dictum
1146 3725 1256 3789 est,
1288 3726 1421 3788 etc.,
1452 3739 1622 3794 usque
1649 3721 1720 3777 ad
1749 3726 1806 3778 et
1825 3722 1932 3779 hoc
1955 3724 2050 3781 ab-

398 3808 496 3866 sit.
525 3809 654 3882 (Id.,
688 3807 792 3864 lib.
822 3808 887 3864 de
918 3809 1076 3864 Civit.
1100 3810 1216 3876 Dei,
1249 3809 1651 3878 tom.VlI,col.
1678 3812 1785 3867 513
1814 3814 1872 3867 et
1900 3815 2047 3885 seq.)

467 3899 651 3969 Moysi
675 3899 825 3954 enim
851 3896 1006 3963 dicit,
1038 3902 1171 3966 etc.,
1205 3915 1393 3972 usque
1422 3899 1493 3955 ad
1521 3899 1614 3955 sed
1642 3902 1952 3957 miserentis
1971 3909 2050 3959 est

397 3988 651 4045 Dei.Hoc
676 3985 725 4041 si
758 3986 1231 4057 attenderes,non
1262 3987 1958 4062 extenderes,etc.,usque
1975 3990 2047 4047 ad

398 4082 455 4133 et
484 4091 658 4149 quem
717 4073 843 4131 vult
901 4075 1156 4131 obturat.
1206 4075 1337 4148 (Id.,
1384 4075 1486 4133 lib.
1517 4084 1707 4133 contra
1734 4078 2042 4148 lulianum,

397 4168 538 4222 tom.
571 4163 637 4233 X,
672 4167 821 4236 part.
855 4182 916 4233 11,
952 4163 1061 4221 col.
1097 4164 1282 4237 1140.)

471 4254 583 4311 Sed
616 4252 927 4309 miseretur
956 4253 1179 4326 utique,
1212 4258 1347 4327 etc.,
1378 4271 1549 4327 usque
1588 4255 1659 4311 ad
1702 4256 2042 4326 ambulatis,

399 4344 532 4415 (Id.,
565 4342 668 4399 lib.
700 4341 771 4398 ad
794 4341 990 4414 Simpl.
1023 4343 1188 4414 episc.
1220 4346 1362 4399 tom.
1395 4343 1491 4412 VI,
1525 4343 1634 4400 col.
1676 4345 1772 4400 120
1800 4349 1858 4402 et
1895 4348 2046 4418 seq.)

469 4431 732 4505 Nunquid
760 4431 895 4487 dirit
922 4431 1260 4503 ﬁgmentum,
1293 4436 1427 4504 etc.,
1457 4449 1645 4504 usque
1689 4434 1763 4489 ad
1802 4434 1958 4490 aliud
1986 4437 2042 4491 in

398 4521 824 4579 contumeliam?
853 4518 963 4577 Ubi
994 4519 1266 4577 universa
1295 4519 1410 4576 ista
1439 4536 1637 4577 massa
1656 4521 1885 4589 merito,
1908 4526 2042 4588 etc.,

398 4626 566 4697 usque
595 4610 665 4664 ad
694 4608 796 4664 via:
827 4609 1112 4681 ejus.(1d.,
1144 4610 1301 4681 epist.
1331 4609 1402 4665 ad
1437 4610 1655 4666 Sixtum
1693 4626 1865 4682 pres.,
1898 4615 1941 4667 t.
1970 4611 2041 4682 II,
2072 4631 2120 4697 D

401 4696 509 4752 col.
541 4698 666 4751 884.

472 4700 509 4751 l.
541 4700 666 4751 884.

472 4784 618 4850 Quid
651 4700 918 4856 A)postolo
948 4785 1287 4859 responsuri
1317 4791 1476 4855 sunt,
1508 4787 1611 4859 qui
1652 4805 1787 4845 cum
1837 4793 1894 4845 et
1937 4789 2044 4848 hos

400 4872 686 4946 geminos,
720 4878 855 4941 etc.,
886 4891 1057 4946 usque
1084 4876 1156 4931 ad
1181 4893 1287 4932 nec
1306 4876 1599 4946 judicium
1633 4883 1869 4935 accuset
1897 4878 2042 4934 invi-

398 4965 503 5017 tat.
539 4961 667 5025 (Id.,
696 4962 793 5016 lib.
826 4961 896 5016 ad
924 4963 1275 5034 Bonifacium
1302 4975 1492 5021 contra
1519 4966 1868 5038 Pelagianos,
1899 4973 1939 5022 t.
1972 4966 2038 5038 X,

401 5054 550 5124 part.
584 5067 622 5117 1,
652 5049 761 5104 col.
792 5051 892 5106 581
926 5055 983 5105 et
1013 5068 1133 5123 seq.
1168 5055 1224 5107 et
1250 5052 1399 5125 621.)

472 5138 606 5194 Cum
637 5139 785 5194 enim
812 5138 1056 5195 nondum
1078 5142 1197 5195 nati
1224 5142 1475 5211 fuissent,
1509 5151 1604 5199 aut
1632 5144 1848 5216 aliquid
1893 5147 2042 5216 egis-

397 5236 518 5285 sent
546 5229 747 5284 bonum
767 5236 864 5284 aut
888 5228 1117 5284 malum.
1138 5230 1280 5284 Cum
1315 5229 1474 5285 Isaae
1506 5235 1688 5287 Deum
1719 5234 1946 5306 roganti
1978 5238 2044 5290 ut

396 5322 628 5391 pareret
646 5333 809 5384 uxor,
825 5320 1138 5390 etc.,usque
1168 5317 1239 5374 ad
1267 5334 1468 5373 eorum
1500 5318 1727 5376 nullum
1759 5323 2041 5396 erat.(ld.,

396 5407 499 5463 lib.
527 5411 611 5463 De
640 5406 754 5463 Civ.
786 5406 902 5473 Dei,
937 5409 1082 5462 tom.
1113 5405 1236 5471 VII,
1271 5404 1379 5461 col.
1411 5407 1563 5477 513.)

466 5497 554 5551 An
587 5496 735 5551 forte
764 5493 908 5549 illud
928 5495 1057 5566 jam
1087 5493 1555 5567 explosum,etc.,
1577 5513 1748 5569 usque
1774 5499 1844 5556 ad
1874 5499 2042 5556 mini-

396 5598 490 5638 me
517 5583 875 5640 dubitemus.
908 5583 1042 5652 (Id.,
1072 5581 1172 5639 lib.
1205 5600 1246 5652 1,
1267 5583 1333 5640 de
1362 5584 2036 5657 Bap.parvulorum,tom.

390 5669 459 5745 Χ,
492 5675 642 5748 part.
673 5689 713 5744 1,
747 5672 856 5733 col.
885 5672 990 5732 126
1018 5675 1075 5732 et
1103 5672 1250 5750 seq.)

2152 604 2223 661 ad
2251 605 2370 662 sive
2397 604 2536 661 boni
2568 604 2688 662 sive
2716 604 2877 664 mali.
2912 605 3044 679 (1d,,
3072 604 3178 662 vlib.
3209 603 3275 661 de
3300 603 3488 660 Genesi
3530 602 3601 658 ad
3644 603 3788 661 litte-

2151 711 2294 763 ram,
2326 698 2469 751 tom.
2502 699 2605 763 III,
2639 698 2791 768 part.
2826 712 2866 764 1,
2901 694 3009 751 col.
3040 695 3194 764 545.)

2223 783 2364 850 Quis
2392 800 2564 856 porro
2595 788 2716 840 tam
2746 783 2926 857 impie
2956 784 3226 856 desipiat,
3259 787 3326 840 ut
3353 782 3527 849 dicat,
3561 785 3800 850 etc.,us-

2153 888 2254 946 que
2280 871 2352 928 ad
2379 871 2439 928 in
2473 871 2715 929 Domino
2746 871 3045 946 glorietur.
3077 873 3211 943 (Id.,
3241 870 3799 939 Enchirid.,tom.Vl,

2153 960 2263 1017 col.
2293 963 2401 1017 277
2430 965 2487 1017 et
2516 962 2664 1034 seq.)

2227 1047 2397 1105 Multi
2427 1048 2499 1106 de
2527 1049 2640 1106 isto
2670 1050 2958 1124 profundo
2989 1051 3315 1122 quaerentes
3345 1049 3585 1105 reddere
3623 1048 3804 1105 ratio-

2155 1155 2313 1207 nem,
2345 1141 2476 1208 etc.,
2510 1155 2680 1211 usque
2708 1137 2778 1194 ad
2805 1137 2895 1195 vel
2927 1138 3065 1195 boni
3092 1136 3180 1195 vel
3212 1137 3804 1208 mali.(Id.,serm.vu,

2154 1227 2219 1285 de
2246 1228 2662 1300 verb.Apostoli,
2695 1231 2838 1284 tom.
2865 1227 2935 1295 V,
2966 1232 3116 1300 part.
3148 1244 3189 1297 1,
3222 1226 3332 1283 col.
3364 1226 3475 1284 905
3503 1231 3561 1284 et
3581 1228 3729 1300 seq.)

2231 1318 2293 1374 Ut
2314 1315 2611 1374 secundum
2646 1316 2961 1374 electionem
3000 1319 3344 1390 propositum
3391 1318 3495 1374 Dei
3538 1324 3808 1384 maneret,

2153 1422 2267 1463 non
2288 1421 2359 1462 ea:
2386 1407 2661 1478 operibus,
2690 1406 2783 1463 sed
2810 1423 2880 1463 ea:
2907 1413 3129 1463 vocante
3156 1405 3365 1463 dictum
3391 1413 3486 1474 est,
3519 1407 3651 1479 quia
3680 1422 3808 1461 ma-

2147 1496 2242 1569 jor
2269 1496 2465 1552 serviet
2512 1497 2739 1552 minori.
2770 1500 2835 1550 In
2865 1512 2933 1552 eo
2965 1495 3121 1567 quod
3159 1494 3444 1552 Dominus
3492 1495 3815 1568 respondet

2159 1584 2491 1652 Rebbeccae,
2514 1589 2647 1651 etc.,
2673 1601 2845 1657 usque
2867 1583 2938 1640 ad
2959 1601 2990 1641 e
3011 1584 3230 1641 cervice
3251 1600 3361 1640 sua
3385 1585 3811 1657 deposuerunt.

2157 1673 2292 1746 (Id.,
2342 1671 2444 1728 lib.
2495 1674 2698 1742 Quaest.
2752 1675 2811 1729 in
2853 1673 2982 1730 Gen.
3016 1689 3115 1746 qu.
3145 1674 3239 1740 73,
3270 1677 3411 1729 tom.
3447 1677 3549 1740 III,
3579 1676 3735 1746 part.
3772 1689 3814 1742 1,

2159 1760 2267 1819 col.
2298 1762 2450 1835 567.)

2228 1851 2381 1907 Sicut
2427 1852 2697 1923 scriptum
2742 1858 2822 1908 est
2840 1869 2860 1906 :
2878 1852 3040 1908 Iacob
3069 1851 3264 1920 dilexi,
3297 1853 3451 1908 Esau
3478 1858 3660 1907 autem
3689 1851 3817 1915 odio

2159 1939 2545 1996 habui.Habes
2576 1944 2773 2013 aperte
2798 1939 3185 2010 Scripturam,
3218 1945 3353 2008 etc.,
3378 1957 3550 2014 usque
3578 1939 3649 1997 ad
3680 1941 3820 1997 odio

2158 2027 2360 2085 habui.
2401 2028 2532 2101 (Id.,
2565 2036 2779 2086 tractat.
2816 2045 2875 2098 11,
2922 2031 2988 2086 in
3031 2031 3189 2086 Joan.
3242 2032 3384 2086 tom.
3431 2033 3534 2084 III.
3583 2033 3718 2102 part
3747 2045 3815 2097 11,

2160 2116 2270 2186 col,
2304 2118 2445 2174 1480
2476 2121 2535 2173 et
2553 2122 2703 2191 seq.)

2232 2206 2374 2275 Quid
2402 2222 2529 2277 ergo
2566 2206 2844 2264 dicemus?
2871 2211 3004 2276 etc.,
3037 2223 3226 2279 usque
3272 2207 3344 2263 ad
3392 2208 3649 2263 misertus
3695 2223 3818 2264 ero.

2160 2294 2265 2352 Ille
2294 2295 2642 2369 intelligitur
2671 2295 2853 2370 loqui,
2888 2300 3021 2363 etc.,
3054 2313 3224 2369 usque
3244 2296 3400 2352 ad'ut
3417 2296 3686 2353 omnium
3709 2296 3825 2353 mi-

2162 2389 2444 2442 sereatur.
2479 2383 2719 2455 (Id.,lih.
2755 2386 2956 2454 Quzst.
2990 2385 3185 2454 Exod,
3227 2401 3326 2458 qu.
3362 2386 3484 2455 154,
3528 2390 3676 2442 tom.
3706 2390 3822 2453 III,

2163 2477 2311 2548 part.
2345 2490 2384 2542 1,
2417 2472 2527 2530 col.
2556 2474 2682 2540 648,
2715 2479 2774 2530 et
2803 2474 2951 2548 seq.)

2233 2563 2316 2619 Ex
2353 2562 2546 2636 prima
2590 2562 2747 2619 enim
2794 2562 3262 2637 transgressione
3308 2563 3483 2636 primi
3529 2562 3824 2633 hominis,

2162 2656 2296 2721 etc.,
2328 2668 2499 2725 usque
2527 2651 2599 2708 ad
2628 2656 2766 2709 nota
2788 2653 2956 2710 vobis
2985 2652 3115 2710 feci.
3140 2653 3270 2726 (Id.,
3292 2669 3454 2710 serm.
3477 2653 3641 2720 n,de
3662 2656 3822 2710 verb.

2161 2743 2366 2814 Apost.)

2232 2832 2410 2902 Igitur
2436 2847 2545 2887 non
2572 2831 2801 2888 volentis
2824 2847 2997 2903 neque
3045 2833 3336 2900 currentis,
3366 2830 3458 2887 sed
3503 2832 3827 2888 miserentis

2160 2927 2239 2976 est
2266 2921 2388 2976 Dei.
2412 2919 2513 2976 Dei
2542 2919 2791 2993 gratiam
2821 2920 2911 2976 vel
2931 2919 3390 2977 misericordiam
3412 2920 3686 2976 volumus
3706 2919 3825 2976 im-

2162 3013 2409 3081 petrare,
2440 3013 2573 3076 etc.,
2604 3025 2775 3082 usque
2803 3009 2873 3065 ad
2903 3009 3276 3066 sermonibus
3299 3009 3466 3066 meis.
3491 3008 3825 3079 (ld.,1ib.de

2160 3100 2310 3170 Perf.
2332 3100 2595 3171 justitiw,
2629 3103 2771 3154 tom.
2802 3098 2868 3167 Χ,
2906 3102 3054 3171 part.
3088 3116 3127 3168 1,
3160 3099 3311 3168 314.)

2233 3187 2305 3243 Ut
2335 3187 2394 3243 in
2424 3187 2608 3244 Deum
2638 3187 2968 3256 credamus,
2993 3191 3122 3244 etc..
3148 3203 3319 3260 usque
3345 3186 3415 3243 ad
3436 3205 3470 3244 a
3491 3187 3657 3243 Patre
3681 3205 3823 3245 meo

2081 3260 2125 3329 C
2162 3276 2296 3347 (Id.,
2327 3278 2482 3348 epist.
2516 3275 2586 3332 ad
2621 3276 2866 3345 Vitalem,
2899 3280 3042 3333 tom.
3076 3281 3151 3344 Il,
3183 3276 3291 3333 col.
3323 3277 3474 3349 983.)

2230 3364 2311 3421 Ne
2341 3365 2657 3438 quisquam
2689 3365 2797 3422 etsi
2829 3381 2946 3421 non
2979 3365 3049 3421 de
3078 3365 3375 3439 operibus,
3409 3369 3721 3438 etc.,usque
3741 3366 3825 3422 ad

2158 3470 2231 3510 ne
2262 3454 2481 3510 frustra
2507 3453 3541 3524 velit.(Id.,Enchir.,tom.Vl,col.247
3571 3458 3628 3510 et
3658 3456 3823 3528 seq.)

2227 3542 2344 3599 Sisi
2371 3544 2645 3600 Dominus
2672 3543 3029 3614 aediﬁcaverit
3058 3543 3301 3607 domum,
3335 3546 3396 3599 in
3424 3559 3630 3599 vanum
3657 3543 3826 3601 labo-

2154 3640 2419 3688 raverunt
2441 3632 2777 3704 aediﬁcantes
2804 3634 3250 3699 eam.Quomodo
3277 3649 3434 3707 ergo,
3464 3632 3639 3702 Deus,
3672 3637 3819 3703 etc.,

2154 3737 2327 3794 usque
2380 3720 2451 3776 ad
2506 3720 2826 3791 adjuverat.
2878 3721 3012 3793 (Id.,
3053 3724 3211 3794 epist.
3242 3721 3313 3777 ad
3341 3721 3505 3777 Paul.
3530 3721 3821 3777 Nolanum

2155 3811 2318 3883 episc.
2351 3813 2493 3865 tom.
2528 3813 2627 3878 II.)

2226 3900 2380 3954 Dicit
2406 3900 2556 3955 enim
2582 3898 2869 3972 Scriptura
2897 3898 3201 3968 Pharaoni,
3233 3901 3368 3972 quia
3394 3900 3457 3955 in
3483 3900 3583 3954 hoc
3626 3901 3817 3971 ipsum

2153 3989 2392 4044 excitavi
2420 3996 2490 4056 te,
2522 3995 2584 4044 ut
2611 3988 2889 4045 ostendam
2918 3990 2979 4045 in
3008 3997 3059 4045 te
3081 3990 3357 4058 virtutem,
3371 3989 3818 4061 etc.Etpropter

2153 4076 2264 4133 hoc
2292 4077 2490 4149 ipsum
2522 4080 2899 4134 conservatus
2928 4094 3011 4145 es,
3045 4082 3179 4147 etc.,
3206 4094 3375 4151 usque
3404 4077 3475 4133 ad
3515 4083 3573 4132 et
3614 4077 3814 4133 exitus

2154 4167 2340 4223 docet.
2373 4166 2505 4238 (Id.,
2538 4165 2850 4235 lib.Quaest.
2881 4167 3182 4239 Exod.,qu.
3213 4169 3452 4233 32,tom.
3476 4169 3581 4238 III,
3604 4170 3811 4239 parta,

2154 4255 2263 4313 col.
2294 4257 2423 4311 606.

2492 4344 2648 4401 Deus
2677 4343 2763 4401 vel
2795 4343 3163 4418 angelorum,
3193 4349 3329 4412 etc.,
3361 4361 3529 4417 usque
3557 4342 3629 4400 ad
3659 4343 3816 4400 anti-

2151 4432 2330 4491 thetis
2378 4433 2732 4489 honestaret.
2786 4434 2918 4506 (Id.,
2958 4433 3060 4490 lib.
3093 4433 3243 4491 Sent.
3274 4435 3532 4506 Prosperi
3557 4437 3705 4489 tom.
3736 4434 3809 4506 X,

2152 4526 2302 4595 part.
2336 4539 2398 4591 11,
2433 4521 2541 4579 col.
2579 4522 2759 4594 1870.)

2221 4611 2363 4681 Ergo
2405 4611 2562 4683 cujus
2608 4610 2726 4666 vult
2770 4612 3134 4677 miseretur,et
3183 4628 3339 4685 quem
3383 4612 3501 4668 vult
3545 4611 3809 4668 obdurat.

2150 4699 2392 4764 Quando
2413 4716 2550 4772 ergo
2583 4699 2750 4756 Pater
2777 4699 2939 4756 intus
2970 4701 3228 4768 auditur,
3259 4704 3581 4773 etc.,usque
3608 4700 3681 4756 ad
3713 4716 3811 4756 re-

2151 4789 2442 4861 spondeas
2490 4787 2627 4843 Deo.
2658 4788 2793 4857 (Id.,
2845 4788 2947 4845 lib.
2998 4790 3070 4846 de
3116 4789 3299 4848 Praed.
3331 4798 3526 4860 sanct.,
3558 4794 3702 4846 tom.
3733 4789 3808 4862 X,

2151 4881 2302 4950 part.
2335 4893 2376 4944 1,
2409 4877 2515 4931 976
2538 4880 2595 4932 et
2624 4876 2772 4949 seq.)

2222 4967 2518 5032 Quantum
2547 4965 2619 5021 ad
2642 4965 2939 5037 justitiam
2987 4971 3214 5040 spectat
3257 4971 3316 5024 et
3356 4968 3627 5042 gratiam,
3662 4972 3807 5034 etc.,

2147 5070 2318 5126 usque
2344 5054 2415 5110 ad
2431 5053 2658 5125 judicia
2684 5055 2832 5127 ejus.
2865 5056 2947 5127 (S.
2978 5056 3152 5129 Aug.,
3186 5058 3262 5113 lib
3290 5057 3358 5114 de
3388 5062 3544 5114 Dono
3586 5073 3808 5129 persev.

2148 5146 2293 5198 tom.
2326 5142 2391 5211 X,
2426 5145 2576 5214 part.
2610 5160 2683 5212 11;
2719 5143 2829 5198 col.
2861 5143 3049 5214 1003.)

2219 5231 2380 5287 None
2411 5230 2520 5286 hoc
2548 5230 2672 5287 loco
2700 5232 3013 5304 Apostolus
3042 5238 3278 5295 sanctos
3307 5234 3629 5308 prohibuit,
3661 5238 3807 5304 etc.,

2147 5334 2315 5392 usque
2343 5318 2413 5374 ad
2435 5318 2492 5375 id
2523 5319 2681 5390 quod
2707 5324 2815 5376 est.
2848 5322 2979 5394 (Id.,
3012 5323 3090 5379 lib
3118 5324 3191 5380 68
3220 5324 3628 5397 Qwslwnum,
3649 5327 3804 5381 tom.

2150 5408 2246 5477 VI,
2279 5407 2387 5464 col.
2417 5408 2508 5477 70,
2540 5413 2597 5464 et
2626 5413 2774 5480 seq.)

2217 5498 2299 5553 ,1η
2327 5512 2438 5554 non
2464 5496 2624 5553 habet
2640 5505 2956 5571 potestatem
2975 5501 3181 5572 ﬁgulus
3200 5504 3307 5559 tuti
3322 5519 3394 5559 ea:
3408 5501 3599 5560 eadem
3617 5518 3805 5558 massa

2144 5589 2326 5661 facere
2368 5585 2525 5643 aliud
2571 5585 2788 5658 quidem
2835 5605 2928 5645 vas
2977 5592 3034 5645 in
3073 5592 3352 5660 honorem,
3385 5591 3554 5649 aliud
3577 5607 3706 5649 vero
3734 5592 3806 5647 in

2145 5676 2528 5735 contumeliam
2547 5678 2573 5731 .9
2604 5675 2844 5750 Figulus
2872 5681 2965 5737 est
2992 5695 3127 5738 cum
3159 5680 3715 5757 fragiles,inﬁrmos,
3735 5684 3805 5741 et
