3914 6166
188 298 283 362 305
986 291 1397 356 EXPOSITIO
1441 291 1520 354 IN
1566 292 1736 353 EPP.
1783 291 2044 354 PAULI.
2077 326 2154 337 —
2185 292 2308 355 EP.
2354 292 2457 355 AD
2502 292 2692 358 ROM.
3414 293 3532 358 306

184 438 405 489 terrenos
433 425 581 495 facit,
613 427 746 494 etc.,
778 441 948 499 usque
975 425 1047 482 ad
1062 425 1259 482 oculos
1290 425 1661 494 fecerat.(1d.,
1693 427 1776 481 Ea:
1804 427 1857 495 Α
1887 442 1945 481 in
1963 427 2107 499 psal.
2142 444 2258 499 cru,
2290 431 2430 485 tom.
2469 427 2562 496 IV,
2605 431 2754 501 part.
2806 445 2868 496 ιι,
2920 426 3030 485 col.
3085 429 3223 485 1375
3279 432 3337 485 et
3381 446 3528 504 seq.,

186 521 452 578 tractatuin
482 517 677 589 psalm.
701 531 860 584 xcnl,
885 518 1028 571 tom.
1062 515 1155 582 IV,
1181 519 1329 588 part.
1354 533 1414 582 ιι,
1447 513 1554 571 col.
1591 516 1776 584 1211.)
1889 517 2027 571 1363
2053 520 2109 572 et
2139 521 2285 590 seq.)

241 611 321 666 Sic
347 607 470 680 ergo
499 607 684 660 factus
735 609 824 659 est
849 604 1022 659 homo
1071 607 1286 671 rectus,
1341 608 1474 672 etc.,
1509 620 1682 676 usque
1708 604 1777 659 ad
1959 605 2100 672 Quid
2127 623 2252 678 ergo
2281 607 2540 672 dicemus,
2573 610 2706 676 etc.,
2736 625 2922 681 usque
2953 609 3023 664 ad
3067 611 3228 680 quasi
3254 625 3324 665 ex
3360 610 3533 680 operi-

185 717 269 756 nec
291 701 341 754 in
368 715 440 753 se.
473 696 604 764 (Id.,
634 696 882 760 Enchir.,
912 697 1056 750 tom.
1088 693 1184 760 VI,
1217 693 1324 749 col.
1355 695 1507 763 282.)
1887 694 2002 750 bus.
2027 696 2236 751 Gentes
2286 714 2412 769 quae
2462 713 2578 752 non
2638 699 3034 764 sectabantur,
3079 703 3211 765 etc.,
3264 715 3433 770 usque
3463 700 3532 754 ad

239 789 289 844 Si
318 789 378 843 de
407 785 640 852 mundo,
675 784 887 856 inquit,
912 783 1404 850 essetis,mundus
1425 785 1578 855 quod
1601 799 1775 839 suum
1886 783 2082 839 salvus
2113 785 2241 840 erit.
2272 786 2377 857 (Id.
2411 787 2506 841 lib.
2540 787 2604 841 de
2630 786 2778 859 Spir.
2810 794 2863 842 et
2889 789 3040 858 Litt.,
3074 791 3194 843 tom
3234 789 3299 854 X,
3333 792 3528 861 parta,

183 883 282 934 erat
305 876 898 948 diligeret,etc.,usque
927 873 997 927 ad
1009 873 1136 944 jam
1168 889 1282 927 non
1317 876 1407 928 est
1426 871 1775 945 gratiu.(ld.,
1886 871 1994 928 col.
2029 875 2136 928 232
2165 877 2221 928 et
2253 876 2398 946 seq.)

179 974 378 1025 tractatu
404 967 468 1019 87
501 965 559 1019 in
587 965 744 1020 Joan.
778 961 1033 1028 tom.'III,
1066 964 1214 1034 part.
1248 978 1310 1029 ιι,
1344 960 1452 1017 col.
1485 961 1670 1030 1853.)
1956 961 2169 1018 Gentes
2201 980 2326 1035 quae
2358 981 2472 1019 non
2505 965 2881 1020 sectabantur
2899 965 3531 1040 justitiam,etc.,usque

236 1056 283 1111 Si
305 1071 410 1126 qua
441 1053 638 1126 igitur,
691 1056 825 1120 etc.,
859 1067 1028 1122 usque
1085 1050 1156 1106 ad
1209 1050 1421 1106 caeteri.
1475 1051 1579 1122 (Id.
1611 1067 1773 1107 serm.
1883 1050 1956 1105 ad
1981 1067 2096 1105 non
2123 1052 2492 1122 adjuvantur.
2526 1053 2658 1123 (Id.,
2688 1071 2849 1110 serm.
2883 1055 2948 1110 de
2976 1055 3122 1110 verb.
3156 1057 3354 1126 Apost,
3384 1059 3526 1110 tom.

183 1147 248 1212 11,
274 1145 330 1200 de
354 1143 521 1200 verbis
551 1141 758 1213 Apost.)
1883 1139 1952 1206 V,
1985 1144 2132 1212 part.
2169 1159 2205 1210 ι,
2240 1141 2348 1197 col.
2379 1141 2487 1197 920
2514 1146 2570 1197 et
2609 1143 2756 1215 seq.)

231 1235 342 1290 Ecce
365 1235 547 1302 Agnus
579 1233 704 1296 Dei,
733 1232 868 1295 etc.,
924 1245 1094 1301 usque
1135 1229 1206 1286 ad
1249 1236 1446 1302 posset
1493 1243 1621 1286 esse
1649 1230 1775 1284 vin-
2539 1285 2609 1302 η,
2631 1285 2768 1302 mm,
2808 1286 2850 1302 ν

181 1285 604 1394 ἀὶίζίῇέῗᾸιιεη
770 1285 916 1376 Sent.
950 1285 1224 1391 Pi'osperi,
1249 1285 1399 1375 tom.
1431 1318 1497 1388 X,
1530 1323 1680 1391 part.
1714 1337 1774 1374 ιι.
2537 1285 2768 1342 CAPUT
2807 1286 2871 1342 Χ·

180 1410 436 1481 c011886.)
1957 1408 2298 1482 Ignorantes
2332 1410 2428 1466 Dei
2448 1410 2767 1482 justitiam,
2816 1413 2948 1478 etc.,
2982 1427 3150 1483 usque
3205 1411 3274 1466 ad
3315 1411 3529 1468 habere

233 1501 367 1574 Quod
391 1501 440 1556 si
483 1503 653 1566 Deus,
703 1501 837 1569 etc.,
888 1514 1076 1570 usque
1125 1498 1195 1552 ad
1257 1499 1316 1552 in
1358 1498 1614 1566 gloriam.
1664 1498 1779 1555 Cur
1878 1498 2196 1568 justitiam.
2234 1499 2363 1571 (Id.,
2399 1500 2497 1555 lib.
2530 1507 2718 1556 contra
2773 1501 3078 1568 Iulianum,
3128 1503 3276 1557 tom.
3315 1501 3380 1568 X,
3415 1500 3524 1557 col.

178 1591 316 1646 etiam
346 1588 568 1661 aliquos
590 1585 1775 1658 Creatorvoluit,elc.,usqueadmeritadici
1885 1588 2036 1658 867.)

177 1679 382 1752 possint.
408 1678 486 1750 (S.
518 1680 692 1750 Aug.,
738 1679 893 1749 epist.
944 1676 1014 1731 ad
1061 1676 1332 1747 Optatum,
1365 1679 1509 1730 tom.
1562 1676 1630 1744 ΙΙ,
1665 1675 1774 1732 col.
1959 1677 2318 1749 Olfenderunt
2349 1681 2410 1734 in
2448 1679 2684 1751 lapidem
2732 1678 3064 1752 oﬂ‘ensionis,
3099 1684 3206 1735 etc.
3263 1679 3528 1737 Christus

174 1768 256 1824 859
278 1771 329 1824 et
356 1767 492 1839 seq.)
1453 1853 1466 1864 _
1528 1854 1543 1864 Ι
1585 1853 1598 1864 ⁸
1627 1852 1639 1864 ι
1807 1799 1853 1864 Β
1885 1767 2230 1837 sperabatur
2258 1772 2559 1834 venturus,
2591 1773 2725 1836 etc.,
2759 1785 2932 1840 usque
2963 1768 3033 1823 ad
3064 1786 3178 1824 non
3206 1769 3530 1825 confunde-

228 1857 345 1912 Deus
369 1871 516 1912 meus
548 1855 962 1919 demonstravit,
995 1856 1128 1924 etc.,
1176 1869 1349 1925 usque
1397 1853 1467 1908 ad
1511 1852 1772 1908 debitum
1807 1852 1852 1864 “’
1882 1856 1997 1909 tur.
2029 1855 2342 1927 (Id.,serm.
2379 1859 2438 1912 in
2468 1859 2626 1929 epist.
2647 1859 2804 1914 Joan.
2836 1872 2919 1927 ιιι,
2954 1861 3093 1914 tom.
3134 1857 3229 1924 III,
3281 1863 3430 1931 part.
3466 1875 3529 1926 ιι,

174 1944 439 2001 relaxatur.
473 1943 558 2016 (S.
581 1944 753 2015 Aug.,
777 1943 834 1997 in
862 1942 1004 2014 psal.
1056 1958 1207 2010 Lvm,
1240 1945 1383 1997 tom.
1426 1942 1519 2008 IV,
1551 1944 1700 2013 part.
1732 1959 1772 2006 1,
1884 1942 1993 1998 col.
2025 1945 2212 2014 2000.)

174 2033 256 2090 col.
281 2035 420 2101 704.)
1955 2032 2192 2096 Omnes,
2225 2034 2438 2107 inquit,
2474 2040 2856 2108 peccaverunt
2887 2041 2942 2092 et
2972 2041 3144 2109 egent
3190 2036 3374 2109 gloria
3405 2036 3528 2104 Dei,

222 2122 364 2196 Apud
395 2121 564 2176 illum
597 2124 876 2193 potestas,
913 2122 1049 2186 etc.,
1079 2135 1250 2190 usque
1295 2120 1366 2174 ad
1403 2135 1576 2192 spera
1605 2118 1777 2175 mise-
1884 2124 1950 2175 ut
1980 2122 2079 2193 qui
2110 2123 2462 2179 crediderint
2490 2124 2550 2178 in
2583 2141 2716 2180 eum
2751 2142 2867 2181 non
2889 2125 3324 2181 confundantur
3353 2127 3526 2197 (Rom.

173 2211 433 2267 ricordiam
480 2211 637 2282 ejus.
687 2210 768 2281 (S.
812 2211 983 2281 Aug.,
1034 2210 1095 2264 in
1145 2210 1289 2281 psal.
1342 2225 1452 2276 LXI,
1501 2213 1644 2264 tom.
1680 2207 1772 2277 IV,
1886 2225 1970 2276 ιιι,
2003 2214 2102 2279 1x).
2137 2211 2299 2267 Sicut
2328 2216 2386 2268 et
2430 2213 2698 2270 Psalmus
2741 2214 2914 2270 dicit:
2948 2215 3189 2270 Accedite
3230 2215 3300 2270 ad
3327 2231 3451 2270 eum
3478 2222 3531 2270 et

171 2305 287 2373 part.
314 2319 346 2368 ι,
377 2300 482 2356 col.
514 2300 675 2366 743.)
1885 2299 2366 2369 illuminamini,et
2392 2303 2575 2358 vultus
2606 2305 2772 2358 vestri
2794 2320 2902 2359 non
2923 2302 3328 2375 confundentur
3357 2303 3526 2376 (Psal.

224 2390 401 2446 Debita
437 2387 708 2445 redditur
755 2404 927 2459 paena
983 2387 1282 2454 damnato,
1328 2391 1462 2453 etc.,
1508 2403 1679 2459 usque
1707 2387 1777 2442 ad
1883 2394 2099 2454 χχχιιι).
2135 2390 2241 2455 Qui
2266 2406 2402 2463 ergo
2433 2391 2493 2446 in
2540 2408 2601 2447 se
2649 2391 2933 2464 gloriatur
2963 2391 3368 2448 confundetur.
3403 2391 3528 2448 Non

170 2477 294 2534 aliud
331 2479 385 2534 in
433 2476 877 2535 contumeliam.
929 2476 1011 2547 (S.
1067 2478 1239 2548 Aug.,
1297 2479 1454 2548 epist.
1513 2477 1583 2531 ad
1630 2476 1772 2532 Sixt.
1885 2475 2043 2531 enim
2069 2477 2194 2533 sine
2224 2479 2480 2550 peccatis
2512 2479 2858 2536 invenietur.
2893 2480 2994 2536 Ille
3044 2480 3239 2552 itaque
3270 2484 3528 2535 tantum-

166 2571 328 2638 presb.,
358 2573 492 2624 tom.
532 2567 608 2634 II,
641 2565 750 2622 col.
783 2567 890 2620 875
917 2569 974 2621 et
1004 2582 1126 2637 seq.
1886 2566 2058 2621 modo
2086 2583 2202 2621 non
2233 2568 2626 2624 confundetur
2657 2569 2755 2642 qui
2785 2570 2842 2624 in
2875 2569 3120 2625 Domino
3152 2568 3454 2642 gloriatur.

221 2657 270 2712 Si
297 2663 479 2713 autem
511 2655 719 2712 volens
749 2655 904 2711 Deus
934 2655 1238 2710 ostendere
1259 2653 1427 2721 iram,
1461 2658 1777 2726 etc.,usque
1957 2655 2300 2728 Quicunque
2339 2657 2505 2713 illum
2539 2659 2652 2714 fide
2702 2664 3061 2732 exspectant,
3095 2662 3228 2724 etc.,
3261 2674 3431 2731 usque
3460 2658 3530 2714 ad

164 2745 289 2802 videt
314 2745 602 2818 supplicia
631 2751 1024 2816 peccatorum.
1059 2744 1138 2815 (S.
1172 2745 1343 2816 Aug.,
1377 2744 1551 2799 lib.ad
1578 2745 1772 2816 Simpl.
1886 2759 2020 2798 cum
2061 2745 2302 2800 venerit.
2352 2746 2483 2817 (Id.,
2533 2764 2694 2802 serm.
2757 2749 2817 2802 in
2872 2749 3028 2819 epist.
3062 2753 3225 2805 Joan.
3276 2765 3352 2816 ιν,
3382 2751 3525 2802 tom.

165 2837 323 2906 episc..
345 2841 479 2891 tom.
511 2833 616 2901 VI,
649 2832 756 2889 col.
789 2833 940 2900 123.)
1885 2835 1986 2897 III,
2020 2838 2170 2905 part.
2205 2851 2266 2902 ιι,
2301 2835 2389 2890 col
2418 2837 2604 2907 2006.)

221 2925 316 2979 Dat
342 2925 559 2996 quibus
591 2923 733 2989 vult,
765 2926 898 2989 etc.,
932 2937 1104 2994 usque
1154 2921 1226 2976 ad
1263 2922 1466 2977 fraude
1504 2922 1773 2977 donatur.
1959 2927 2177 2978 Fratres
2209 2923 2348 2979 bona
2376 2926 2653 2992 voluntas,
2682 2929 2814 2992 etc.,
2849 2941 3034 2998 usque
3079 2925 3150 2979 ad
3198 2927 3260 2996 ﬁt
3285 2941 3384 2997 pro
3416 2925 3531 2980 illis

166 3012 230 3082 (S.
256 3014 406 3086 Aug.,
439 3013 538 3068 lib.
579 3011 644 3066 de
669 3012 818 3067 Dono
845 3027 1077 3084 persev.,
1109 3014 1252 3066 tom.
1289 3010 1355 3076 X,
1387 3015 1536 3082 part.
1571 3027 1632 3076 ιι,
1665 3009 1776 3076 col,
1888 3012 1948 3065 in
1977 3011 2231 3066 salutem.
2267 3012 2412 3074 Quid
2452 3029 2588 3084 ergo
2630 3029 2867 3068 oramus
2905 3031 3007 3085 pro
3056 3012 3391 3068 nolentibus
3417 3029 3535 3067 cre-

167 3101 246 3155 109
265 3105 314 3156 et
340 3103 482 3173 seq.)
1826 3171 1840 3173 _
1887 3098 2042 3165 dere,
2076 3103 2211 3163 etc.,
2244 3115 2413 3171 usque
2442 3101 2512 3155 ad
2539 3101 2684 3156 ﬁdes
2716 3101 2844 3173 ipsa
2874 3102 3143 3156 donetur.
3180 3101 3307 3173 (Id.,
3330 3100 3430 3155 lib.
3469 3099 3534 3156 de

218 3171 629 3246 Etenim—etiam
661 3188 803 3244 illud
837 3189 948 3244 dici
984 3192 1210 3261 potest:
1244 3205 1348 3243 cur
1376 3187 1777 3253 omnino,etc.,
1811 3171 1854 3237 Β
1891 3185 2078 3244 Ρνέεά.
2111 3196 2309 3252 sanet,
2345 3193 2486 3244 tom.
2520 3191 2584 3256 Χ,
2617 3171 2764 3263 partv.
2794 3209 2833 3259 ι,
2870 3190 2976 3246 col.
3011 3192 3160 3259 972.)

164 3280 384 3350 usquead
412 3280 469 3334 in
503 3278 760 3336 Domino
791 3277 1355 3351 glorietur.(S.Aug.,
1382 3278 1478 3332 lib.
1499 3277 1569 3332 ad
1593 3277 1776 3352 Bonif.
1960 3275 2246 3333 Voluntas
2279 3282 2345 3333 ut
2403 3279 2473 3334 ad
2521 3296 2656 3334 vera
2709 3281 2997 3335 credenda
3039 3282 3362 3344 moventur,
3397 3281 3531 3349 etc.,

163 3383 329 3438 papam
358 3370 534 3438 Urbis,
565 3373 708 3423 tom.
743 3367 807 3434 X,
842 3370 991 3437 part.
1026 3385 1065 3432 ι,
1101 3365 1210 3422 col.
1241 3365 1348 3421 619
1377 3370 1433 3421 et
1463 3368 1612 3437 seq.)
1888 3382 2058 3437 usque
2087 3367 2156 3422 ad
2188 3366 2246 3421 in
2278 3367 2549 3424 salutem.
2581 3369 2711 3437 (Id.,
2747 3369 2842 3425 lib.
2875 3370 2955 3424 ad
2993 3369 3216 3424 Paulin.
3262 3368 3535 3423 Nolanum

221 3457 342 3524 Quos
369 3466 418 3514 et
446 3459 667 3514 vocavit
695 3471 814 3524 nos,
846 3460 979 3524 etc.,
1015 3471 1201 3527 usque
1243 3456 1316 3510 ad
1349 3455 1783 3510 misericordiam
1890 3457 2079 3526 episc.,
2112 3459 2251 3510 tom.
2285 3460 2359 3522 II,
2388 3457 2495 3512 col.
2538 3459 2682 3527 181.)
3529 3514 3532 3516 γ

166 3555 465 3602 consecutam
497 3546 578 3619 (II
604 3545 731 3600 Cor.
782 3544 861 3616 x).
916 3543 1042 3600 Una
1096 3547 1186 3599 est
1241 3543 1392 3598 enim
1453 3559 1523 3598 ex
1573 3544 1779 3610 Adam,
1966 3545 2350 3600 Testimonium
2376 3546 2650 3617 perhibeo,
2685 3546 3210 3620 etc.,usqueadnon
3237 3546 3534 3601 secundum

167 3649 344 3702 massa,
375 3640 510 3701 etc.,
543 3650 722 3706 usque
771 3633 840 3688 ad
888 3632 1384 3704 conspersionem.
1420 3632 1552 3703 (Id.,
1583 3631 1682 3687 lib.
1714 3631 1785 3687 ad
1890 3634 2200 3689 scientiam.
2237 3633 2456 3701 Zelum,
2492 3635 2703 3707 inquit,
2734 3637 2828 3692 Dei
2863 3636 3098 3702 habent,
3132 3640 3242 3691 etc.
3266 3651 3436 3706 usque
3463 3633 3534 3688 ad

165 3721 305 3794 Simp.
332 3727 521 3796 episc.,
550 3727 698 3778 tom.
730 3721 826 3787 VI,
854 3720 963 3777 col.
997 3720 1143 3792 124.)
1894 3737 2010 3776 non
2044 3726 2183 3778 sunt
2214 3723 2479 3793 subjecti.
2540 3724 2670 3796 (Id.,
2721 3741 2885 3781 serm.
2930 3724 3018 3790 13,
3059 3724 3124 3779 de
3173 3740 3285 3780 ver.
3340 3739 3532 3794 evang.

218 3813 284 3866 Et
303 3815 404 3868 erit
435 3815 493 3869 iu
526 3813 668 3875 loco,
699 3815 833 3878 etc.,
863 3826 1052 3881 usque
1085 3809 1157 3864 ad
1185 3810 1525 3864 vocabuntur
1543 3809 1652 3879 ﬁlii
1684 3809 1789 3864 Dei
1893 3814 2036 3865 tom.
2069 3811 2136 3878 V,
2171 3817 2318 3882 part.
2353 3829 2414 3882 ιι,
2449 3812 2556 3868 col.
2588 3814 2742 3881 734.)

166 3901 270 3954 vivi.
299 3901 408 3958 Hoc
437 3900 848 3958 testimonium
893 3897 1300 3971 propheticum
1347 3898 1418 3954 de
1465 3898 1784 3965 vocatione,
1966 3900 2378 3970 Apostolorum
2411 3902 2744 3958 audivimus
2787 3902 3052 3958 eamdem
3102 3901 3371 3974 gratiam,
3405 3904 3537 3969 etc.,

167 3991 276 4054 etc.,
303 4007 467 4062 usque
496 3988 574 4044 ad
604 3992 1000 4060 agnoscantur
1029 4003 1062 4041 a
1091 3991 1268 4042 terra.
1302 3986 1434 4054 (Id.,
1460 3985 1556 4041 lib.
1589 3985 1784 4042 deCiv.
1896 4004 2065 4060 usque
2094 3989 2168 4043 ud
2197 3989 2366 4060 quasi
2424 4007 2539 4045 non
2589 3990 2898 4062 acceperis.
2952 3991 3081 4063 (Id.,
3133 3993 3191 4045 in
3237 3991 3382 4062 psal.
3415 4007 3542 4055 Lxx,

167 4079 260 4144 Dei,
287 4098 438 4146 xvm,
469 4085 619 4136 tom.
652 4078 772 4144 VII,
805 4077 913 4134 col.
945 4079 1098 4149 581:.)
1898 4083 2042 4133 tom.
2071 4079 2165 4143 1V,
2202 4083 2350 4150 part.
2376 4097 2414 4146 ι,
2450 4080 2558 4135 col.
2583 4081 2731 4151 8711.)

223 4166 378 4225 Isaias
396 4178 584 4226 cutem
610 4168 831 4234 clamat,
873 4171 1006 4232 etc.,
1057 4181 1246 4238 usque
1295 4166 1366 4220 ad
1414 4166 1581 4236 faciet
1608 4166 1791 4220 Domi-
1968 4168 2209 4223 Justitia
2239 4168 2341 4223 Dei
2373 4173 2480 4235 est,
2514 4172 2647 4234 etc.,
2676 4186 2846 4240 usque
2865 4170 2934 4224 ad
2966 4187 3078 4224 non
3111 4172 3252 4223 sunt
3274 4167 3545 4237 subjecti.

169 4272 251 4312 mss
273 4275 426 4330 super
454 4267 684 4315 terram.
718 4256 920 4328 Neque
965 4256 1119 4310 enim
1167 4254 1307 4326 quia
1337 4254 1502 4308 fracti
1537 4256 1676 4307 sunt
1701 4253 1788 4306 in-
1900 4256 2032 4327 (Id.,
2067 4258 2129 4310 in
2154 4258 2296 4327 psal.
2331 4272 2498 4322 CXLII,
2532 4260 2674 4310 tom.
2711 4257 2806 4325 IV,
2841 4261 2992 4328 part.
3026 4273 3081 4322 ιι,
3116 4255 3223 4310 col.
3258 4254 3442 4325 1848.)

171 4342 360 4414 ﬁdeles,
394 4353 530 4413 etc.,
586 4361 756 4418 usque
795 4345 867 4400 ad
913 4343 1083 4400 salvae
1141 4345 1300 4398 ﬁent.
1351 4342 1481 4410 (1d,,
1525 4342 1626 4398 lib.
1667 4341 1788 4396 adv.
1971 4347 2286 4413 Ignorantes
2311 4347 2458 4400 enim
2488 4345 2586 4400 Dei
2601 4347 2901 4417 justitiam,
2943 4348 3075 4410 etc.,
3128 4359 3317 4415 usque
3368 4343 3437 4398 ad
3457 4343 3550 4414 ju-

169 4434 380 4502 Juda’os,
412 4441 559 4492 tom.
594 4433 745 4500 VIII,
779 4433 889 4489 col.
918 4433 1068 4501 557.)
1899 4435 2070 4491 stitia?
2098 4436 2196 4489 Dei
2225 4450 2335 4489 non
2376 4443 2506 4490 sunt
2539 4435 2786 4506 subjecti.
2839 4433 3063 4488 Dicitur
3117 4432 3360 4504 spiritus
3415 4429 3547 4486 Elite

227 4523 298 4576 Ad
327 4524 792 4580 misericordiam
825 4521 1040 4594 quippe
1085 4519 1422 4593 gratuitam,
1458 4523 1594 4587 etc.,
1626 4536 1796 4592 usque
1825 4539 1880 4604 D
1903 4523 2001 4595 qui
2032 4527 2120 4578 est
2151 4523 2394 4595 spiritus
2425 4523 2726 4595 Dei,cujus
2747 4524 3040 4595 particeps
3063 4522 3250 4577 factus
3266 4519 3422 4576 Elias
3445 4518 3548 4576 illa

172 4609 227 4663 ad
248 4627 309 4666 ex
336 4614 634 4685 gentibus.
671 4612 802 4683 (Id.,
836 4612 932 4667 lib.
984 4618 1173 4666 contra
1215 4610 1526 4677 lulianum,
1560 4612 1704 4664 tom.
1729 4610 1790 4676 X,
1904 4613 2129 4684 potuit:
2165 4613 2249 4668 sic
2282 4613 2497 4668 dicitur
2526 4617 2582 4667 et
2613 4611 2714 4667 Dei
2748 4611 2983 4683 justitia
3030 4627 3156 4682 quae
3207 4612 3407 4664 nostra
3436 4612 3543 4675 est,

173 4705 297 4767 Part.
325 4718 362 4768 ι,
396 4701 507 4758 001.
543 4700 693 4772 871.)
1904 4701 2004 4756 sed
2039 4702 2254 4757 donata
2283 4718 2316 4756 a
2344 4701 2479 4756 Deo.
2515 4701 2594 4756 De
2623 4717 2738 4772 qua
2785 4697 3031 4772 loquens
3081 4697 3416 4771 Apostolus.
3448 4698 3548 4754 Ju-

229 4788 448 4861 Propter
480 4791 640 4862 quod
673 4789 870 4862 posuit
914 4786 1316 4844 testimonium
1357 4787 1428 4841 de
1458 4786 1623 4853 Osee,
1657 4791 1790 4853 etc.,
1904 4789 2059 4844 daeos
2090 4805 2341 4860 arguens
2370 4789 2543 4843 dicit:
2577 4791 2918 4859 Ignorantes
2947 4786 3102 4843 enim
3129 4786 3230 4843 Dei
3253 4785 3548 4858 justitiam

171 4890 313 4946 usque
338 4879 405 4933 ad
435 4879 778 4935 testimonio
837 4877 1104 4950 sequenti
1164 4877 1354 4931 docet.
1408 4875 1543 4947 (Id.,
1596 4876 1691 4931 lib.
1724 4876 1795 4932 ad
1905 4883 1962 4933 et
1992 4893 2160 4932 suam
2191 4876 2447 4932 volentes
2481 4876 2855 4944 constituere,
2878 4875 2934 4931 id
2967 4880 3076 4947 est,
3108 4881 3392 4948 tanquam
3425 4891 3460 4930 a
3487 4890 3550 4930 se

172 4960 388 5036 Simplic.
419 4969 614 5040 episc.,
647 4970 788 5021 tom.
820 4964 915 5034 VI,
949 4963 1062 5020 col.
1113 4965 1260 5032 124.)
1905 4967 2016 5024 sibi
2049 4969 2332 5039 paratam.
2366 4965 2578 5020 Contra
2607 4964 2810 5036 quales
2838 4965 3016 5022 dicit:
3049 4966 3194 5036 Quid
3213 4967 3362 5021 enim
3389 4964 3551 5020 habes

230 5053 286 5107 Et
303 5057 442 5111 sicut
463 5055 739 5127 praedixit
770 5056 961 5120 Isaias,
1011 5058 1146 5119 etc.,
1199 5069 1388 5125 usque
1446 5053 1518 5108 ad
1561 5061 1613 5108 et
1653 5055 1796 5110 sicut
1905 5055 2045 5128 quod
2072 5072 2183 5110 non
2212 5056 2466 5126 accepisti
2495 5056 2545 5122 (I
2587 5055 2706 5110 Cor.
2756 5055 2876 5124 1v)?
2913 5057 3232 5124 lgnbrantes
3279 5056 3426 5110 enim
3457 5054 3553 5108 Dei

173 5141 442 5200 Gmnorrha
463 5146 678 5201 similes
703 5145 1016 5216 fuissemus.
1055 5141 1276 5198 Deinde
1307 5141 1562 5197 ostendit
1591 5148 1795 5215 gentes
1893 5146 2175 5217 justitiam
2193 5151 2245 5199 et
2270 5160 2426 5198 suam
2455 5144 2688 5199 volentes
2710 5145 3055 5210 constituere,
3063 5145 3302 5217 justitia?
3316 5144 3414 5199 Dei
3441 5157 3554 5196 non.

175 5242 232 5282 ex
255 5231 378 5299 ﬁde,
408 5238 547 5302 etc.,
583 5249 748 5305 usque
782 5232 852 5287 ad
890 5232 1157 5303 sequitur
1211 5235 1268 5286 et
1312 5231 1475 5286 dicit.
1529 5232 1660 5301 (Id.,
1695 5234 1792 5288 lib.
1904 5239 2034 5288 sunt
2065 5231 2292 5302 subjecti
2321 5232 2493 5300 (Rom.
2526 5231 2602 5303 x).
2631 5235 2706 5286 De
2736 5231 2954 5286 Judaais
2983 5232 3094 5287 hoc
3141 5233 3305 5296 dixit,
3355 5228 3454 5300 qui
3481 5229 3553 5284 de

173 5326 342 5375 contra
367 5323 679 5387 lulianum,
712 5326 854 5388 tom,
884 5325 956 5389 Χ,
989 5325 1139 5393 part.
1173 5337 1213 5386 ι,
1248 5319 1356 5376 col.
1395 5320 1546 5392 792.)
1907 5339 1968 5378 se
2001 5324 2420 5393 praesumentes
2443 5320 2688 5392 gratiam
2704 5319 3223 5392 repellebant,etin
3251 5317 3547 5373 Christum

233 5412 436 5466 Fratres
465 5412 707 5483 quidem,
755 5414 887 5477 etc.,
938 5426 1108 5483 usque
1157 5408 1227 5464 ad
1276 5409 1574 5466 secundum
1617 5413 1798 5467 scien-
1908 5415 2214 5483 propterea
2245 5426 2358 5465 non
2392 5409 2910 5465 credebant.Suam
2936 5426 3066 5464 vero
3090 5406 3387 5479 justitiam
3413 5405 3554 5462 dicit

176 5493 309 5564 tiam,
338 5498 539 5552 etc.Ex
573 5514 817 5569 persona
845 5497 1001 5554 enim
1033 5514 1234 5553 eorum
1258 5497 1354 5568 qui
1389 5497 1523 5553 inde
1549 5499 1802 5556 credide-
1909 5517 2007 5554 eos
2041 5498 2299 5555 volentes
2330 5499 2702 5564 constituere,
2756 5515 2882 5570 quae
2925 5495 3156 5569 justitia
3203 5498 3293 5551 est
3338 5512 3405 5550 ex
3427 5493 3553 5568 lege

177 5589 316 5650 runt,
345 5592 479 5655 etc.,
509 5602 679 5658 usque
708 5587 777 5642 ad
820 5587 1213 5644 obedientium
1263 5586 1633 5658 populorum.
1668 5588 1799 5655 (Id.,
1914 5605 2024 5644 non
2061 5587 2198 5659 quia
2230 5587 2320 5644 lex
2350 5589 2421 5644 ab
2454 5586 2597 5660 ipsis
2619 5592 2708 5644 est
2737 5585 3178 5653 constituta,sed
3209 5584 3266 5641 in
3290 5583 3556 5659 legeque
