4024 6180
387 239 507 303 807

1588 230 1817 293 FLOIII
1862 227 2175 292 DIACONI
2223 227 2598 291 MONACHI.

3633 232 3732 295 308

391 390 460 430 ex
490 373 603 429 Deo
633 374 722 428 cst
764 387 934 428 suam
974 368 1272 441 justitiam
1323 368 1749 422 constituerant
1800 364 2034 436 quando
2065 371 2120 435 Α
2151 365 2215 417 Iit
2248 364 2319 417 ad
2352 361 2622 418 salutem.
2660 362 2787 432 gld.,
2825 362 2922 415 lib.
2960 376 2998 417 11
3048 359 3114 416 de
3149 361 3414 433 Trinitate,
3444 365 3574 419 tom.
3604 366 3732 436 VIII,

392 463 661 521 eamdem
688 460 879 535 legem
908 460 1034 517 suis
1062 458 1285 514 viribus
1314 472 1375 512 se
1422 455 1666 527 implere
1712 469 1886 526 posse
1915 470 2045 509 cre-

393 552 628 609 debant.
662 552 1008 624 Ignorantes
1040 547 1139 603 Dei
1180 544 1477 618 justitiam
1524 560 1637 599 non
1670 560 1786 615 qua
1808 542 2047 614 justitia

396 640 553 699 Deus
574 641 777 712 justus
808 638 1023 705 est,sed
1050 653 1175 709 quae
1194 633 1429 707 justitia
1458 637 1547 689 est
1567 632 1792 688 homini
1815 647 1885 686 ex
1905 631 2043 687 Deo.

472 732 606 799 Quae
639 729 715 785 sit
746 732 940 784 autem
966 724 1201 799 justitia
1245 722 1366 791 Dei,
1399 727 1532 789 etc.,
1565 737 1736 792 usque
1790 719 1862 775 ad
1908 736 2044 775 san-

402 818 597 893 guinis
628 816 865 873 Christi.
898 816 1029 884 (Id.,
1083 814 1177 869 lib.
1228 811 1292 868 de
1340 813 1462 867 Nat.
1514 818 1566 867 et
1617 810 1767 876 Gra.,
1801 813 1944 865 tom.
1978 809 2043 878 Χ,

401 912 552 982 part.
586 924 624 975 1,
659 905 766 962 col.
790 906 894 961 247
926 908 983 959 et
1014 905 1161 975 seq.)

475 995 748 1053 Carnales
778 992 1072 1061 Israelitie,
1104 996 1345 1047 terrena
1375 987 1699 1045 Jerusalem
1733 987 2046 1055 cives,etc.,

401 1102 569 1159 usque
596 1086 665 1141 ad
694 1083 921 1157 placere
953 1099 1014 1139 se
1045 1082 1179 1138 Deo.
1216 1080 1347 1152 (Id.,
1380 1079 1476 1134 lib.
1506 1078 1571 1133 de
1601 1077 1716 1134 Civ.
1762 1078 1878 1144 Dei,
1910 1092 2047 1147 xm,

401 1180 542 1232 tom.
574 1174 697 1242 VII,
733 1172 842 1229 col.
875 1173 982 1227 528
1013 1174 1071 1226 et
1101 1170 1247 1242 seq.)

470 1262 629 1321 Beati
662 1259 763 1335 qui
794 1260 1061 1318 esuriunt
1089 1262 1146 1314 et
1176 1257 1385 1314 sitiunt
1416 1255 1735 1329 justitiam,
1769 1252 2049 1327 quoniam

401 1352 513 1427 ipsi
544 1351 986 1415 saturabuntur,
1020 1353 1151 1411 etc.,
1184 1363 1356 1419 usque
1386 1346 1455 1401 ad
1489 1344 1589 1417 qui
1619 1345 1791 1400 datas
1831 1347 1921 1399 est
1946 1360 2049 1399 no-

401 1441 513 1498 bis.
545 1441 677 1512 (Id.,
712 1447 869 1496 tract.
902 1438 973 1492 23
1002 1439 1059 1491 in
1108 1438 1314 1505 Evang.
1368 1452 1472 1491 sec.
1529 1439 1717 1502 Joan.,
1770 1437 1911 1489 tom.
1946 1436 2047 1500 III,

401 1535 555 1604 part.
589 1548 650 1598 11,
686 1527 796 1585 col.
830 1528 969 1583 1606
998 1531 1053 1582 et
1084 1526 1231 1598 seq.)

474 1620 577 1675 Est
606 1617 762 1673 enim
783 1615 1021 1689 justitia
1052 1614 1174 1681 Dei,
1208 1631 1334 1686 quae
1367 1617 1422 1669 ct
1449 1616 1649 1669 nostra
1680 1613 1764 1683 fit,
1798 1616 1932 1679 etc.,
1954 1628 2051 1667 us—

2156 449 2265 507 col.
2300 452 2447 521 864.)

2228 541 2449 597 Intrare
2480 540 2794 613 quisquam
2828 538 3142 597 Ecclesiam
3182 543 3368 613 potest
3396 539 3599 609 nolens,
3626 549 3737 601 etc..

2160 645 2327 702 usque
2356 629 2424 685 ad
2474 628 2732 701 loqueris
2780 645 2895 684 non
2954 628 3268 683 conﬁteris.
3326 629 3451 700 (Id.,
3509 638 3651 686 tract.
3694 634 3744 687 in

2154 736 2347 788 evang.
2378 735 2481 775 sec.
2513 723 2700 785 Joan.,
2736 718 3143 790 tom.lII,part.
3178 716 3347 783 11,001.
3384 719 3510 774 1577
3536 724 3589 775 et
3615 727 3741 793 seq.)

2229 807 2424 880 Incipe
2456 807 2792 880 quicunque
2822 824 2914 863 me
2943 805 3112 861 audis
3140 806 3323 862 vivere
3338 808 3745 879 quomodo,etc.,

2156 897 2413 969 usquead
2442 896 2767 953 erubescat.
2800 896 2928 964 (Id.,
2976 902 3132 951 tract.
3186 896 3246 951 in
3294 897 3431 967 psal.
3477 914 3598 965 xxx,
3626 902 3747 955 tom.

2158 986 2252 1052 IV,
2288 990 2436 1057 part.
2475 1004 2511 1051 1,
2545 984 2654 1041 col.
2687 986 2840 1055 252.)

2228 1075 2371 1131 Cum
2405 1075 2629 1130 dictum
2660 1078 2832 1143 esset,
2867 1074 3047 1131 Corde
3078 1073 3348 1142 creditur,
3379 1078 3672 1147 etc.,usque
3696 1077 3755 1132 ad

2158 1163 2360 1221 dolum
2393 1165 2451 1219 in
2475 1163 2678 1237 lingua
2706 1181 2834 1219 sua.
2867 1165 3001 1233 (Id.,
3034 1164 3131 1219 lib.
3184 1163 3381 1220 Contra
3422 1164 3752 1234 mendacium,

2158 1258 2302 1310 tom.
2335 1254 2434 1321 VI,
2465 1252 2576 1309 col.
2608 1254 2716 1308 526
2746 1257 2804 1309 et
2832 1254 2984 1325 seq.)

2230 1343 2412 1399 Corde
2441 1342 2697 1398 creditur
2737 1343 2809 1398 ad
2832 1342 3149 1415 justitiam,
3182 1358 3279 1399 ore
3326 1342 3618 1409 confessio,
3641 1347 3755 1412 etc.,

2158 1448 2329 1506 usque
2357 1432 2565 1488 adnon
2615 1432 2772 1488 unde
2814 1431 2949 1488 fecit
2996 1448 3109 1487 me.
3135 1426 3269 1501 (Id.,
3316 1448 3475 1488 sem.
3525 1431 3587 1489 de
3626 1450 3757 1489 conv.

2159 1529 2327 1595 apost.
2361 1522 2550 1587 Paul.,
2586 1525 2726 1576 tom.
2756 1520 2824 1590 V,
2857 1526 3007 1593 part.
3041 1538 3080 1589 1,
3118 1518 3226 1577 col.
3263 1523 3397 1577 1278
3424 1525 3480 1577 et
3506 1522 3641 1594 seq.)

2232 1610 2530 1683 Scriptum
2560 1614 2669 1678 est,
2699 1615 2756 1666 et
2784 1609 3113 1683 apostolicae
3141 1609 3763 1683 disciplinae,etc.,usque

403 1724 507 1781 que
536 1707 605 1762 ad
634 1704 793 1811 ompi
824 1704 1100 1811 credenti.
1137 1704 1269 1774 (Id.,
1302 1705 1364 1758 in
1406 1703 1547 1775 psal.
1597 1720 1727 1771 xxx,
1777 1704 1921 1757 tom.
1953 1699 2048 1769 IV,
2086 1745 2131 1811 Β
2160 1700 2230 1756 ad
2260 1700 2430 1755 corde
2459 1703 2779 1811 gestamus.
2813 1700 2945 1811 (Αἰξί,
3003 1716 3168 1756 eorm.
3223 1702 3247 1755 1
3302 1701 3366 1755 de
3410 1699 3650 1772 Symbolo
3676 1704 3764 1756 Ro-

405 1800 558 1869 part.
593 1812 632 1865 1,
667 1793 775 1849 col.
807 1793 957 1865 233.)

478 1882 844 1940 Discernitur
873 1881 1109 1954 quidem
1141 1881 1213 1937 ab
1241 1881 1515 1952 operibus
1547 1880 1713 1948 ﬁdes,
1747 1883 2055 1951 etc..u.sque

409 1973 479 2029 ad
507 1970 879 2045 permanebis
910 1970 969 2026 in
1020 1969 1228 2043 patria.
1282 1970 1410 2043 (Id.,
1462 1977 1619 2025 tract.
1652 1971 1800 2025 verb.
1846 1968 2054 2040 Apost.,

409 2065 553 2119 tom.
584 2061 652 2129 V,
686 2064 836 2133 part.
871 2077 910 2128 1,
944 2059 1053 2115 col.
1085 2060 1191 2115 852
1220 2063 1277 2114 et
1303 2058 1449 2130 seq.)

483 2149 643 2207 Finis
673 2149 831 2206 enim
862 2148 1010 2222 legis
1026 2148 1294 2204 Christus
1323 2148 1393 2203 ad
1419 2146 2056 2219 justitiam,etc.,usque

410 2238 625 2312 adipse
657 2237 790 2294 finis
820 2238 1053 2293 dicitur.
1089 2237 1223 2309 (Id.,
1274 2239 1334 2292 in
1384 2237 1529 2309 paal.
1591 2254 1711 2303 xm,
1766 2240 1908 2292 tom.
1957 2234 2056 2302 IV,

411 2332 562 2403 part.
598 2345 637 2395 1,
668 2327 776 2383 col.
811 2327 961 2396 141.)

484 2416 644 2473 Finis
669 2417 826 2472 enim
855 2414 1002 2489 legis
1030 2415 1297 2471 Christus
1326 2415 1396 2471 ad
1420 2414 2059 2486 justitiam,etc.,usque

410 2506 481 2562 ad
510 2504 697 2561 nostri
729 2504 863 2560 ﬁnis
894 2504 1130 2559 dicitur.
1163 2504 1297 2573 (Id.,
1332 2506 1389 2559 in
1433 2504 1578 2575 psal.
1629 2520 1757 2570 xav,
1789 2506 1931 2558 tom.
1959 2505 2055 2571 IV,

411 2598 563 2669 part.
586 2611 625 2662 1,
656 2592 764 2649 col.
798 2594 903 2648 514
934 2597 991 2649 et
1015 2593 1161 2664 seq.)

484 2681 645 2739 Finis
672 2682 827 2738 enim
861 2680 1007 2755 legis
1040 2681 1307 2737 Christus
1333 2685 1421 2737 est
1470 2682 1542 2737 ad
1575 2680 1868 2753 justitiam
1900 2681 2058 2736 omni

413 2772 690 2829 credenti.
741 2770 989 2826 Intentio
1045 2770 1202 2826 enim
1262 2770 1555 2843 dirigitur,
1614 2775 1747 2835 etc.,
1805 2769 2061 2842 wquead

417 2876 590 2918 nemo
620 2859 847 2934 perficit
874 2857 1089 2933 legem.
1131 2859 1326 2931 (Id.,in
1349 2860 1610 2931 psal.1.1v,
1634 2862 1775 2915 tom.
1809 2858 2058 2930 IV,part.

423 2964 466 3019 ι,
496 2948 604 3006 col.
636 2951 743 3004 628
772 2952 829 3005 et
859 2950 1007 3017 662.)

491 3038 735 3095 Initium
764 3040 853 3094 est
880 3037 1060 3094 Vetus
1091 3036 1696 3105 Testamentumﬁnis
1716 3035 2063 3105 Novum,Ti-

2163 1806 2338 1855 mam,
2370 1794 2512 1845 tom.
2546 1787 2640 1857 Vl,
2677 1788 2785 1845 col.
2823 1786 2969 1858 181.)

2232 1878 2507 1942 Querens
2536 1896 2569 1934 a
2598 1878 2713 1934 Deo
2746 1895 2969 1951 pacem,
3001 1881 3136 1947 etc.,
3176 1894 3344 1951 usque
3372 1877 3442 1934 ad
3486 1876 3767 1950 loquenda.

2163 1967 2295 2035 (Id.,
2330 1967 2425 2022 lib.
2464 1984 2499 2023 ιι
2529 1966 2676 2023 Sent.
2725 1967 2998 2039 Prosperi,
3061 1972 3203 2023 tom.
3266 1968 3330 2035 Χ,
3390 1970 3533 2040 part.
3590 1965 3769 2033 11,001.

2236 2148 2385 2204 Dicit
2410 2149 2558 2202 enim
2586 2148 2879 2217 scriptura,
2911 2149 3044 2214 etc.,
3080 2162 3269 2220 usque
3298 2147 3372 2203 ad
3401 2148 3689 2218 quicunque
3707 2144 3776 2199 in-

2166 2237 2434 2291 vocaverit
2460 2251 2652 2291 nomen
2685 2236 2906 2291 Domini
2932 2237 3117 2292 salvus
3146 2238 3274 2292 erit.
3304 2237 3447 2303 Quia
3474 2236 3543 2291 de
3571 2237 3776 2307 peccato

2165 2324 2324 2397 gravi
2358 2322 2597 2381 miseria
2638 2325 3015 2397 premebatur
3059 2342 3246 2399 genus
3297 2325 3633 2392 humanum,
3660 2326 3774 2388 etc.,

2166 2413 2433 2485 usquead
2475 2413 2700 2469 dictum
2742 2418 2848 2470 est.
2897 2415 3027 2487 (Id.,
3085 2416 3180 2471 lib.
3242 2417 3488 2484 Enchir.,
3533 2418 3663 2469 tom.
3715 2410 3777 2463 VI

2168 2501 2278 2559 col.
2310 2503 2464 2570 234.)

2239 2590 2519 2663 Quomodo
2546 2607 2671 2662 ergo
2695 2593 3039 2661 invocabunt,
3074 2596 3416 2666 etc.,usquo
3443 2593 3513 2649 ad
3541 2589 3783 2662 evangeli-

2167 2680 2422 2735 zantium
2452 2682 2612 2735 bona.
2643 2679 2997 2753 Degentibus
3029 2698 3288 2755 namque
3308 2682 3454 2739 dixit
3472 2698 3583 2737 non
3610 2680 3675 2735 de
3700 2678 3784 2734 Ju-

2170 2768 2330 2837 dzeis,
2363 2776 2461 2824 etc.
2496 2784 2662 2841 usque
2679 2769 2749 2824 ad
2780 2786 2907 2826 esse
2955 2770 3295 2827 mittendos.
3328 2771 3462 2840 (Id.,
3496 2770 3590 2825 lib.
3614 2785 3650 2823 11
3677 2782 3784 2823 con-

2171 2865 2258 2914 tra
2282 2858 2576 2914 inimicum
2606 2859 2739 2927 legis
2767 2867 2821 2915 et
2843 2861 3088 2932 prophet.
3121 2864 3265 2915 tom.
3302 2860 3455 2928 VIII,
3487 2857 3589 2914 col.
3622 2856 3757 2921 641.)

2241 2945 2345 3002 Sed
2370 2963 2483 3003 non
2512 2964 2697 3004 omnes
2715 2949 2991 3016 obediunt,
3023 2952 3153 3019 etc.,
3207 2964 3400 3023 usque
3446 2948 3517 3004 ad
3548 2948 3663 3002 anis
3690 2960 3786 3000 cre-

2174 3035 2316 3091 didit
2343 3037 2563 3093 auditui
2586 3046 2766 3094 nostra
2786 3040 2808 3093 ?
2827 3036 3073 3106 Quidam
3106 3038 3255 3094 inter
3285 3055 3350 3094 se
3380 3037 3789 3101 mussitant,etc.

420 3144 551 3185 mor
580 3127 737 3183 enim
769 3126 1038 3198 praevalet
1067 3126 1124 3181 in
1154 3126 1302 3199 lege,
1334 3131 1392 3181 et
1413 3125 1645 3181 initium
1679 3125 1978 3198 sapientia
1999 3125 2065 3180 ti-
2094 3113 2137 3181 C
2177 3141 2344 3196 usque
2372 3126 2442 3181 ad
2473 3143 2588 3183 non
2619 3131 2761 3183 sunt
2790 3127 3058 3199 subjecti.
3091 3128 3225 3200 (Id.,
3248 3137 3410 3185 tract.
3443 3128 3513 3184 53
3543 3128 3599 3182 in
3622 3139 3790 3193 evang.

421 3232 552 3274 mor
579 3214 832 3271 Domini.
848 3214 1004 3269 Finis
1016 3213 1368 3287 autemlegis
1385 3214 1651 3270 Christus
1671 3215 1744 3270 ad
1768 3214 2065 3286 justitiam

422 3305 583 3364 omni
614 3303 870 3359 credenti
895 3320 907 3357 :
943 3320 1059 3375 quo
1090 3304 1340 3358 donante
1365 3301 1713 3358 diffunditur
1733 3303 1989 3360 charitas
2005 3302 2065 3358 in

421 3393 696 3451 cordibus
727 3390 943 3449 nostris
975 3408 1078 3464 per
1107 3391 1390 3464 Spiritum
1439 3396 1709 3447 sanctum
1758 3393 1860 3464 qui
1893 3393 2066 3448 datus

419 3485 510 3540 est
536 3481 723 3538 nobis.
760 3481 828 3536 Et
857 3483 1262 3537 consummata
1292 3479 1549 3536 charitas
1600 3480 1754 3536 foras
1786 3480 1961 3537 mittit
1992 3481 2065 3535 ti-

419 3586 665 3628 morem.

490 3658 649 3715 Finis
678 3657 827 3731 legis
870 3656 1138 3714 Christus
1163 3660 1273 3723 est,
1303 3656 1364 3712 in
1386 3674 1523 3729 quo,
1554 3660 1688 3726 etc.,
1717 3674 1888 3731 usque
1914 3658 1985 3715 ad
2008 3664 2066 3715 et

415 3746 720 3805 charitatis
749 3746 1039 3802 extendat.
1065 3746 1197 3818 (Id.,
1230 3746 1328 3802 lib.
1359 3745 1507 3813 Sent,
1537 3748 1962 3818 Pro:peri,tom.
1995 3747 2060 3817 X,

413 3838 565 3910 part.
600 3850 661 3902 11,
693 3832 803 3890 col.
836 3834 1020 3903 1875.)

485 3921 647 3980 Finis
678 3921 937 3979 ﬁdelium
967 3922 1232 3980 Christus
1262 3926 1351 3980 est
1381 3924 1452 3980 ad
1480 3940 1657 3997 quem
1679 3940 1814 3980 cum
1839 3925 2064 3982 venerit

411 4010 703 4069 currentis
734 4010 1003 4084 intentio,
1036 4029 1150 4068 non
1181 4012 1357 4068 habet
1400 4012 1459 4068 in
1510 4014 1665 4086 quod
1715 4014 1902 4086 possit
1931 4030 2060 4070 am-

412 4099 569 4175 plius
600 4099 881 4168 invenire,
909 4101 1008 4157 sed
1042 4100 1218 4157 habet
1247 4101 1306 4156 in
1331 4117 1446 4173 quo
1468 4101 1672 4158 debeat
1697 4119 2059 4175 permanere.

483 4189 689 4263 Moyses
712 4192 860 4246 enim
903 4192 1140 4263 scripsit,
1201 4195 1335 4258 etc.,
1366 4207 1555 4264 usque
1613 4192 1685 4247 ad
1742 4192 1874 4264 quid
1928 4192 2063 4249 dicit

412 4280 723 4352 Scriptura.
770 4278 881 4334 Lex
931 4282 1127 4335 autem
1175 4296 1291 4335 non
1338 4284 1426 4335 est
1473 4297 1542 4335 ex
1584 4281 1717 4348 fide,
1768 4281 1890 4347 sed,
1926 4286 2060 4353 etc.,

415 4382 585 4440 usque
614 4366 684 4422 ad
711 4365 836 4422 sine
869 4367 1124 4439 querela.
1157 4368 1286 4438 (Id.,
1322 4370 1381 4423 in
1400 4384 1580 4440 expos.
1612 4370 1764 4441 epist.
1797 4370 1867 4425 ad
1879 4372 2057 4427 Galat.

416 4472 501 4524 ιιι,
524 4458 667 4513 tom.
698 4458 797 4525 III,
834 4461 984 4529 part.
1018 4473 1078 4521 11,
1112 4455 1221 4511 col.
1254 4456 1439 4527 2119.)

486 4546 662 4616 Prope
690 4552 767 4601 est
812 4547 1035 4602 verbum
1084 4547 1143 4601 in
1198 4561 1289 4601 ore
1346 4553 1459 4612 tuo,
1516 4549 1651 4614 etc.,
1695 4563 1884 4619 usque
1932 4548 2064 4605 ada

415 4634 651 4689 mortui:
677 4634 862 4688 salvus
886 4637 1015 4690 eris.
1048 4634 1181 4691 Jam
1224 4650 1326 4690 vos
1370 4635 1576 4689 mundi
1631 4634 1773 4692 estis
1831 4641 2067 4709 propter

414 4719 683 4788 verbum,
717 4725 850 4790 etc.,
898 4739 1069 4795 usque
1110 4723 1179 4778 ad
1237 4721 1434 4779 salvus
1476 4722 1613 4780 eris.
1647 4724 1782 4794 (Id.,
1815 4732 1967 4782 tract.
2004 4728 2063 4782 in

415 4823 608 4879 evang.
639 4823 743 4863 see.
765 4810 947 4876 .Ῑοαη.⁷
978 4815 1122 4866 tom.
1150 4814 1249 4877 Ill,
1282 4815 1433 4884 part.
1468 4829 1530 4880 11,
1556 4811 1667 4879 col,
1702 4814 1885 4883 1840.)

488 4895 615 4951 Non
645 4894 804 4951 enim
835 4896 963 4952 laus
993 4898 1128 4954 fidei
1157 4898 1619 4956 Christianorum
1650 4906 1740 4957 est
1767 4903 1905 4974 quia
1934 4920 2063 4959 cre-

418 4983 569 5039 dunt
598 4988 894 5040 mortuum
924 4985 1241 5053 Christum,
1274 4988 1397 5055 sed,
1451 4992 1583 5055 etc.,
1623 5007 1793 5063 usque
1846 4992 1916 5047 ad
1946 5010 2061 5049 non

417 5070 655 5144 adjiciat
684 5077 749 5127 ut
779 5080 1064 5147 resurgat.
1098 5076 1232 5144 (Id.,
1262 5084 1417 5132 tract.
1450 5079 1511 5131 in
1534 5079 1779 5148 psalmi,
1800 5084 1939 5137 tom.
1967 5081 2059 5150 ιν,

416 5164 567 5234 part.
602 5178 663 5229 11,
698 5160 806 5217 col.
844 5163 979 5218 1338
1008 5168 1065 5219 et
1095 5164 1243 5236 seq.)

487 5249 618 5306 Hec
647 5254 736 5306 est
764 5250 907 5307 fides
931 5251 1419 5321 Christianorum,
1445 5257 1754 5327 etc.,usque
1784 5258 1853 5313 ad
1880 5257 2063 5332 loqui-

412 5341 513 5395 tur
542 5339 600 5394 in
629 5339 812 5396 vobis.
846 5341 979 5413 (Id.,
1009 5350 1167 5398 tract.
1216 5343 1276 5397 in
1328 5343 1473 5414 psal.
1533 5358 1723 5414 cxvm,
1784 5350 1927 5403 tom.
1962 5348 2058 5417 IV,

417 5430 568 5500 pert.
601 5445 665 5496 11,
697 5428 806 5485 col.
842 5429 980 5486 1536
1010 5435 1066 5486 et
1096 5433 1244 5503 seq.)

489 5515 599 5570 Sed
628 5517 765 5573 dum
801 5520 1245 5594 peregrinamur
1271 5537 1305 5576 a
1336 5520 1601 5589 Domino,
1636 5527 1767 5590 etc.,
1793 5541 1962 5598 usque
1991 5528 2060 5582 ad

2173 3229 2278 3270 sec.
2311 3216 2491 3271 Joan...
2524 3220 2665 3271 tom.
2691 3217 2791 3283 III,
2825 3221 2975 3289 part.
3028 3234 3089 3285 11,
3149 3216 3260 3273 col.
3327 3218 3487 3287 1776,
3520 3230 3696 3287 usque
3730 3211 3789 3266 ad

2174 3302 2358 3373 me.)

2244 3395 2401 3462 Ergo
2431 3394 2566 3465 ﬁnes
2594 3410 2665 3449 ex
2691 3394 2884 3451 auditu
2907 3414 2926 3449 :
2954 3395 3178 3451 auditu:
3225 3405 3415 3453 autem
3465 3411 3563 3468 per
3597 3392 3794 3449 verbum

2175 3482 2277 3536 Dei
2306 3480 2529 3537 Christi.
2574 3481 2848 3546 Quamvis
2895 3483 3053 3538 enim
3102 3483 3258 3540 Deus
3307 3485 3515 3540 doceat
3541 3480 3794 3538 intrinse-

2174 3584 2299 3636 cus,
2351 3573 2485 3638 etc.,
2538 3587 2706 3643 usque
2744 3570 2815 3626 ad
2871 3587 3059 3644 neque
3118 3572 3437 3645 rigandum
3499 3572 3629 3641 (Id.,
3657 3573 3793 3624 tract.

2174 3657 2236 3712 in
2260 3658 2401 3730 psal.
2435 3676 2623 3729 cxvm,
2657 3665 2798 3716 tom.
2834 3660 2927 3729 IV,
2961 3665 3111 3733 part.
3146 3678 3208 3730 11,
3242 3660 3356 3718 col.
3385 3662 3569 3731 1594.)

2247 3746 2416 3804 Fides
2445 3763 2622 3821 quam
2654 3740 3025 3822 qui'habent,
3066 3753 3202 3817 etc.,
3248 3767 3425 3825 usque
3469 3750 3541 3807 ad
3586 3764 3684 3823 per
3723 3740 3798 3800 di-

2170 3833 2504 3893 lectionem.
2542 3837 2623 3907 (S.
2682 3839 2854 3912 Aug.,
2887 3839 2986 3896 lib.
3044 3839 3110 3896 de
3170 3840 3428 3897 Trinitat.
3478 3844 3617 3896 tom.
3663 3834 3795 3898 VIII.

2172 3922 2281 3979 col.
2318 3926 2499 3996 1016.)

2242 4011 2345 4069 Sed
2372 4014 2511 4082 dico,
2542 4017 2795 4088 nunquid
2823 4033 2935 4072 non
2988 4016 3287 4073 audierunt
3308 4017 3337 4073 ?
3367 4021 3501 4086 etc.,
3536 4028 3714 4087 usque
3738 4008 3799 4065 ad

2171 4105 2410 4174 apparui
2437 4103 2525 4159 his
2554 4107 2653 4176 qui
2674 4122 2759 4161 me
2788 4122 2898 4162 non
2928 4107 3356 4175 interrogabant.
3391 4107 3518 4170 Quo
3556 4106 3714 4179 pacto
3741 4098 3802 4155 ab

2171 4191 2453 4264 apostolis
2483 4197 2569 4248 est
2591 4192 2925 4265 pradicatio
2947 4194 3401 4269 ista,etc.,u:que
3419 4194 3492 4252 ad
3511 4187 3801 4250 crescendo

2169 4285 2480 4338 venturum
2510 4281 2878 4353 (Id.,episLad
2907 4282 3087 4339 Esich.
3118 4285 3462 4356 epiec.,tom.
3495 4283 3568 4351 II,
3601 4275 3802 4336 001.921

2169 4375 2227 4426 et
2256 4371 2405 4442 seq.)
3454 4367 3459 4373 ’

2241 4459 2318 4514 Ad
2349 4460 2522 4515 Israel
2552 4467 2754 4531 autem,
2787 4463 2919 4529 etc.,
2953 4477 3143 4532 usque
3190 4462 3261 4516 ad
3292 4470 3347 4517 et
3364 4460 3805 4517 contradicentem

2172 4550 2332 4604 mihi.
2366 4547 2426 4604 Si
2457 4548 2517 4603 in
2542 4566 2609 4605 eo
2639 4550 2796 4621 quod
2824 4550 2925 4618 ait,
2960 4548 3193 4606 extendi
3219 4565 3438 4606 manus
3472 4564 3653 4613 meas,
3684 4548 3803 4606 etc.,

2172 4653 2342 4709 usque
2370 4637 2442 4692 ad
2470 4638 2985 4694 contradicentem.
3012 4638 3372 4711 (Id.,tract.in
3401 4638 3547 4712 psal.
3581 4645 3806 4695 Lxxxvn,

2172 4729 2314 4783 tom.
2349 4726 2441 4795 IV,
2474 4730 2621 4798 part.
2657 4742 2719 4795 11,
2752 4724 2862 4783 col.
2899 4726 3036 4782 1114
3064 4730 3122 4784 et
3152 4727 3299 4799 seq.)

2814 4870 3047 4927 CAPUT
3082 4871 3189 4945 X1,

2244 4994 2373 5049 Dico
2400 5009 2565 5063 ergo:
2597 4994 2875 5066 Nunquid,
2909 4998 3019 5050 etc.
3071 5011 3258 5067 usque
3305 4995 3379 5051 ad
3424 4994 3641 5067 plebem
3668 5002 3815 5046 suam

2171 5099 2337 5155 quam
2365 5084 2658 5153 praesciuit.
2674 5081 2866 5139 Exillo
2878 5086 3034 5139 enim
3049 5083 3264 5157 populo
3286 5081 3470 5141 Israel
3484 5081 3814 5156 quicunque

2170 5171 2230 5227 in
2262 5169 2511 5239 Christo,
2563 5174 2697 5238 etc.,
2759 5188 2929 5245 usque
2985 5172 3056 5228 ad
3111 5172 3302 5229 caeteri
3357 5189 3498 5229 vero
3557 5162 3813 5227 excaecati

2171 5263 2328 5316 sunt.
2363 5260 2494 5327 (Id.,
2529 5267 2684 5316 tract.
2718 5263 2779 5316 in
2806 5262 2947 5332 psal.
2983 5279 3211 5328 axxvm,
3263 5265 3405 5317 tom.
3462 5259 3564 5328 ιν,
3596 5259 3744 5331 part.
3776 5270 3814 5320 1,

2170 5348 2279 5405 col.
2309 5350 2448 5404 1010
2476 5353 2533 5403 et
2563 5352 2714 5421 seq.)

2238 5436 2565 5510 Aliquando
2597 5439 3030 5509 praedestinatio
3061 5440 3448 5513 significatur,
3484 5441 3624 5503 etc.,
3655 5446 3819 5505 usque

2168 5527 2237 5583 ad
2270 5526 2457 5583 fuerat
2484 5527 2609 5599 ipse
2640 5527 2920 5586 facturus.
2964 5530 3092 5602 (Id.,
3126 5531 3222 5587 tib.
3274 5530 3345 5586 de
3396 5529 3554 5583 Dono
3590 5521 3819 5598 persev.)
