3914 6166
438 294 550 357 311
1656 297 1885 358 FLORI
1926 293 2239 358 DIACONI
2281 293 2664 357 MONACHI.
3646 306 3734 367 312

438 437 570 499 ctc.,
605 447 772 505 usque
819 432 889 488 ad
944 432 1002 488 in
1053 431 1263 489 saecula
1309 431 1679 487 saeculorum.
1712 432 1915 486 Amen.
1950 429 2083 499 (Id.,
2116 431 2170 497 Α
2266 431 2392 486 Dico
2428 432 2576 486 enim
2599 445 2700 503 per
2745 432 3005 503 gratiam,
3035 434 3163 500 ctc.,
3196 444 3370 505 usque
3397 433 3458 489 ad
3502 451 3653 508 sapere
3686 439 3740 495 ad

439 521 534 577 lib.
573 539 628 590 ιι,
661 531 832 578 contr.
862 519 1110 589 Maxim.,
1149 526 1290 576 tom.
1323 521 1449 588 VII,
1484 519 1591 576 col.
1623 519 1732 574 799
1758 525 1814 575 et
1844 519 1991 591 seq.)
2195 519 2970 592 sobrzetatemlntelligamus
3002 537 3175 593 quam
3205 520 3276 576 sit
3301 523 3542 594 Apostolo
3569 527 3742 582 obtem-

515 612 647 680 Quis
677 614 825 667 enim
853 614 1101 682 cognovit
1127 627 1346 666 sensum
1373 611 1617 674 Domini,
1651 617 1747 664 aut
1799 611 1920 680 quis
1957 623 2088 663 con-
2199 608 2523 680 perandum
2578 607 2956 680 przecipienti,
3009 613 3138 676 ctc.,
3190 625 3348 680 usque
3391 610 3454 664 ad
3497 616 3746 685 antequam

440 701 697 757 siliarius
724 702 842 774 ejus
867 703 1015 773 fuit?
1045 701 1157 756 Nec
1190 699 1401 754 mirum
1436 704 1524 754 est
1552 699 1706 770 quod
1741 698 1961 753 sanctis
1993 713 2090 752 an-
2199 700 2439 752 crescat.
2475 697 2607 767 (Id.,
2641 697 2738 765 lib,
2772 714 2850 751 xu
2881 697 2945 754 dc
2975 697 3068 752 Civ
3099 699 3210 764 Dei,
3241 703 3371 753 tom.
3402 699 3746 774 VII,col.365.)

443 789 609 862 gelis,
643 793 776 858 ctc.,
809 807 978 862 usque
1005 790 1076 845 ad
1101 788 1576 860 superferebatur
1623 803 1802 858 super
1851 802 2088 858 aquam.
2269 785 2332 840 Et
2353 787 2650 858 unicuique
2670 788 2814 842 sicut
2844 788 2982 842 Deus
3021 786 3226 858 divisit,
3257 789 3383 859 ctc.,
3412 804 3575 860 usque
3600 791 3657 845 ad
3683 795 3752 864 qui

448 879 578 952 (Id.,
613 880 709 934 lib.
743 880 807 935 de
851 879 978 935 Gen.
1010 879 1081 934 ad
1110 879 1195 933 litt
1227 921 1239 946 ,
1275 881 1416 932 tom.
1453 880 1553 948 III,
1587 879 1735 948 part.
1770 892 1808 942 ι,
1846 873 1954 930 col.
1986 876 2094 929 225
2196 881 2397 946 praeest
2428 876 2487 929 in
2507 875 2898 930 sollicitudine.

449 972 504 1023 et
526 969 673 1039 seq.)
2272 963 2415 1018 Ecce
2462 969 2726 1036 apertam
2775 964 3199 1020 confessionem
3247 963 3396 1019 illius
3443 966 3756 1038 gratim,etc.,

517 1057 620 1111 Aut
649 1058 771 1128 quis
796 1058 974 1128 prior,
1004 1060 1329 1128 ctc.,usque
1361 1054 1430 1109 ad
1461 1055 1569 1126 ipsi
1594 1054 1774 1124 gloria
1801 1055 1860 1107 in
1889 1052 2096 1108 saecula
2201 1068 2368 1124 usque
2397 1053 2466 1108 ad
2497 1053 2818 1125 unicuique
2868 1054 3169 1126 partitum.
3202 1053 3325 1126 (Id.,
3355 1055 3480 1126 epist
3519 1055 3578 1109 ad
3617 1057 3757 1112 Julia-

446 1146 773 1202 seeculorum
802 1162 980 1201 amen.
1004 1145 1069 1200 Et
1101 1145 1295 1216 ipsum
1325 1142 1504 1217 igitur
1533 1141 1766 1197 initium
1800 1140 2094 1208 ﬁdei,etc.,
2201 1159 2358 1212 num,
2390 1146 2532 1197 tom.
2567 1147 2638 1210 II,
2674 1142 2782 1198 col.
2815 1143 2964 1214 853.)

451 1250 614 1305 usque
662 1234 730 1289 ad
779 1238 919 1290 sunt
965 1233 1182 1290 omnia.
1223 1233 1358 1302 (Id.,
1411 1232 1506 1287 lib.
1553 1231 1618 1287 de
1665 1228 1848 1287 Praed.
1896 1236 2094 1295 sanet,
2275 1231 2354 1286 De
2386 1231 2635 1298 ﬁde,hoc
2655 1236 2744 1287 est
2775 1233 2846 1289 de
2877 1231 3172 1288 voluntate
3201 1230 3761 1306 credentis,etc.,usquc

447 1327 588 1378 tom.
622 1325 684 1391 X,
720 1327 868 1395 part.
902 1341 942 1391 Ι,
976 1322 1085 1378 col.
1117 1322 1266 1393 962.)
2205 1319 2275 1374 ad
2304 1318 2548 1375 Domino
2576 1320 2715 1376 Jesu
2745 1320 3134 1392 Christo.(ld.,
3159 1321 3329 1376 lib.de
3359 1320 3543 1376 Grat.et
3569 1321 3764 1389 lib.arb.,

518 1412 700 1468 Aliter
730 1412 882 1468 enim
917 1411 1169 1467 dicimus
1199 1409 2002 1480 homini,debes,etc.,usque
2029 1407 2099 1462 ad
2207 1412 2350 1465 tom.
2383 1408 2448 1475 X,
2482 1414 2629 1482 part.
2666 1427 2706 1481 ι,
2737 1409 2846 1465 col.
2878 1410 3027 1482 891.)

450 1519 523 1557 ne
572 1517 980 1556 remaneamus
1030 1499 1263 1573 ingrati.
1298 1499 1431 1568 (Id.,
1457 1513 1621 1554 serm.
1654 1497 1719 1553 de
1748 1513 1858 1552 ver.
1892 1497 2096 1568 Apost.,
2280 1497 2674 1564 Constat,sine
2705 1498 2923 1572 Spiritu
2957 1503 3161 1554 sancto
3192 1497 3475 1555 Christum
3505 1515 3598 1554 nos
3620 1498 3770 1572 dilige-

451 1594 593 1645 tom.
627 1589 695 1642 V.
730 1593 879 1660 part.
907 1606 945 1655 ι,
980 1588 1087 1644 col.
1122 1589 1226 1643 863
1251 1594 1307 1644 et
1338 1588 1484 1660 seq.)
2209 1592 2354 1652 re,et
2381 1588 2508 1658 ejus
2538 1588 2815 1643 mandata
2835 1605 3063 1644 servare
3088 1605 3199 1644 non
3216 1589 3700 1660 posse,etc.,ubsque
3721 1588 3769 1642 ad

529 1679 798 1746 Quoniam
813 1694 883 1733 ex
914 1681 1028 1749 ipso
1057 1686 1108 1734 et
1131 1694 1232 1749 per
1252 1679 1430 1749 ipsum
1453 1684 1506 1732 et
1535 1678 1590 1731 in
1607 1676 1721 1748 ipso
1743 1682 1875 1730 sunt
1892 1675 2098 1742 omnia,
2211 1674 2364 1731 idem
2413 1682 2606 1732 autem
2657 1677 2918 1750 spiritus.
2959 1677 3088 1749 (Id.,
3122 1685 3278 1734 tract.
3313 1678 3371 1732 in
3413 1678 3597 1748 Evang.
3631 1681 3772 1746 toan,

456 1768 568 1838 ipsi
594 1767 776 1835 gloria
807 1769 864 1822 in
890 1767 1092 1822 strcula
1119 1767 1470 1872 speculorum.
1503 1768 1690 1820 Amen.
1787 1852 1799 1864 .
1822 1852 1864 1872 ῃ
2133 1808 2180 1872 Β
2212 1769 2354 1820 tom.
2391 1770 2491 1834 III,
2527 1770 2678 1838 part.
2712 1784 2774 1835 ιι,
2806 1765 2914 1822 col.
2954 1766 3132 1838 1828.)

529 1854 752 1927 Religet
781 1870 916 1927 ergo
939 1872 1045 1910 nos
1077 1853 1391 1928 religiouni
1418 1852 1802 1926 omnipotenti
1822 1852 2100 1922 Deo,etc.,
2133 1852 2180 1872 "
2281 1857 2475 1925 Ipsam
2509 1855 2683 1911 ﬁdem
2716 1855 2870 1910 unde
2902 1854 3348 1926 omnisjustitia
3377 1853 3546 1910 sumit
3573 1852 3776 1918 initium,

454 1957 624 2015 usque
651 1943 721 1998 ad
751 1943 810 1998 in
843 1942 1054 1999 saecula
1084 1942 1450 1998 saeculorum.
1494 1943 1696 1998 Amen.
1731 1941 1864 2010 (Id.,
1909 1939 2006 1995 lib.
2037 1939 2103 1996 de
2210 1946 2342 2009 ctc.,
2381 1959 2548 2016 usque
2592 1944 2663 1999 ad
2711 1943 2850 2016 quia
2897 1943 3147 2000 occulta.
3199 1944 3331 2014 (Id.,
3377 1945 3525 2016 epist.
3572 1941 3631 1998 ad
3672 1942 3775 1998 Siet.

452 2048 562 2086 ver.
599 2033 896 2102 Religione,
930 2035 1071 2087 tom.
1107 2035 1208 2097 ΙΙΙ,
1242 2035 1388 2103 part.
1425 2048 1465 2099 I,
1493 2031 1600 2086 col.
1640 2030 1784 2103 172.)
2202 2034 2410 2104 presb.,
2443 2038 2585 2088 tom.
2621 2037 2692 2099 II,
2727 2032 2836 2088 col.
2871 2035 2974 2087 877
3006 2036 3062 2087 et
3091 2033 3240 2105 seq.)

524 2121 636 2176 Res
683 2120 864 2194 igitur
906 2121 1122 2193 quibus
1173 2120 1484 2176 fruendum
1530 2123 1637 2187 est,
1671 2123 1805 2185 ctc.,
1837 2134 2006 2190 usque
2031 2117 2100 2173 ad
2282 2121 2388 2189 Qui
2412 2123 2701 2177 miseretur
2731 2123 2786 2176 in
2820 2121 3124 2187 hilaritate,
3159 2126 3294 2192 ctc.,
3321 2137 3498 2193 usque
3531 2121 3594 2175 ad
3621 2119 3779 2175 sollici-

448 2214 686 2282 propter
716 2211 990 2283 spiritum
1023 2213 1313 2267 sanctum.
1349 2207 1670 2280 (Id.,lib.de
1705 2211 1852 2263 Doct.
1874 2207 2095 2274 Christ.,
2207 2209 2395 2266 tudine
2422 2227 2533 2266 non
2561 2210 3024 2282 pigri.Quouiam
3058 2211 3118 2265 in
3144 2210 3344 2267 multis
3369 2209 3680 2266 offendimus
3696 2224 3784 2263 om.

448 2302 593 2355 tom.
631 2304 731 2368 III,
766 2304 917 2372 part.
951 2317 988 2366 ι,
1022 2299 1130 2356 col.
1163 2299 1278 2369 21.)
2206 2317 2311 2355 nes
2369 2301 2630 2372 suggerit
2687 2299 3043 2355 dominicam
3093 2304 3377 2372 tanquam
3426 2296 3779 2371 quotidianam,

515 2387 708 2444 Unum
741 2388 963 2444 scilicet
990 2387 1304 2444 Dominum
1336 2403 1463 2443 esse
1494 2385 1815 2452 solum,cui
1848 2384 2097 2441 servitus
2205 2395 2340 2457 ctc.,
2370 2405 2540 2461 usque
2571 2389 2640 2444 ad
2667 2388 2859 2462 diligit
2889 2389 3062 2444 Deus.
3101 2389 3234 2461 (Id.,
3269 2388 3363 2443 lib.
3398 2404 3432 2444 ιι
3477 2385 3544 2442 ad
3588 2386 3779 2450 Hieron,

447 2475 545 2531 illa
573 2477 818 2533 debetur
855 2493 985 2550 quae
1036 2476 1228 2543 latria,
1261 2480 1396 2542 ctc.,
1429 2491 1598 2546 usque
1636 2474 1705 2528 ad
1750 2475 1807 2528 et
1852 2472 1937 2528 illi
1989 2471 2096 2528 soli
2205 2482 2346 2534 tom,
2384 2482 2453 2549 11,
2484 2477 2592 2534 col.
2625 2480 2732 2533 740
2761 2483 2818 2534 et
2850 2476 2996 2550 seq.)

451 2566 686 2622 servies.
719 2566 854 2636 (Id.,
885 2567 1040 2637 epist.
1074 2564 1144 2620 ad
1184 2565 1568 2632 Maximinum,
1603 2567 1743 2618 tom.
1780 2565 1852 2629 II,
1887 2559 1996 2617 col.
2027 2561 2100 2616 96
2274 2569 2488 2639 Spiritu
2536 2570 2820 2640 ferventes,
2852 2567 3074 2622 domino
3121 2567 3432 2622 seruientes.
3464 2565 3550 2620 Ait
3587 2564 3786 2620 Joannes

455 2658 515 2710 et
544 2657 694 2727 seq.)
2206 2655 2356 2712 inter
2382 2661 2589 2712 caetera
2616 2674 2741 2729 quis
2772 2653 3004 2712 locutus
3032 2659 3122 2712 est
3159 2657 3234 2711 ad
3276 2672 3392 2712 eos.
3423 2659 3548 2721 ctc.,
3576 2651 3786 2726 usquead

521 2744 648 2800 Non
678 2743 832 2800 enim
863 2744 1010 2798 duos
1041 2745 1143 2798 aut
1180 2746 1298 2798 tres
1329 2742 1488 2809 deos,
1517 2745 1650 2808 ctc.,
1684 2756 1852 2813 usque
1879 2739 1951 2795 ad
1995 2739 2095 2795 sed
2206 2745 2462 2801 charitas
2521 2745 2860 2801 multorum.
2917 2745 3052 2815 (Id.,
3107 2761 3274 2800 serm.
3332 2744 3395 2800 de
3449 2743 3637 2815 blasph.
3663 2743 3782 2814 Spir.

452 2833 564 2906 ipsi
609 2833 812 2906 gloria.
848 2834 979 2907 (Id.,
1010 2840 1166 2888 tract.
1201 2835 1261 2888 in
1302 2832 1448 2904 psal.
1480 2849 1536 2900 v,
1568 2835 1710 2886 tom.
1745 2829 1838 2897 IV,
1871 2833 2021 2902 part.
2055 2845 2096 2897 1,
2205 2842 2404 2902 sanct.,
2434 2839 2575 2890 tom.
2608 2834 2674 2902 V,
2713 2837 2858 2907 part.
2896 2852 2932 2901 I,
2964 2833 3073 2890 col.
3108 2835 3260 2906 455.)

453 2921 562 2976 col.
593 2922 704 2994 84.)
2280 2923 2588 2995 Eloquium
2623 2923 2843 2978 domini
2876 2921 3082 2995 ignivit
3109 2927 3580 2993 eum,etc.,usque
3604 2919 3663 2975 ad
3688 2917 3789 2974 cha-

525 3012 692 3067 Pater
721 3027 836 3066 non
868 3011 1042 3066 habet
1071 3013 1294 3083 patrem
1325 3009 1395 3064 de
1423 3025 1536 3080 quo
1569 3007 1664 3076 sit,
1699 3009 1832 3073 ctc.,
1853 3004 2102 3078 usquead
2208 3012 2350 3069 ritas
2377 3012 2717 3068 multorum.
2743 3012 2876 3082 (Id.,
2896 3020 3050 3067 tract.
3073 3013 3133 3067 in
3166 3012 3380 3082 t’sal.x,
3408 3015 3538 3067 tom.
3568 3009 3650 3078 IV,
3677 3009 3787 3080 part.

453 3100 512 3154 in
562 3100 774 3156 saecula
823 3100 1191 3155 saeculorum.
1224 3100 1431 3154 Amen.
1463 3097 1596 3167 (1d,,
1631 3098 1729 3152 lib.
1765 3095 1828 3152 de
1877 3096 2096 3162 Trinit.,
2205 3119 2267 3171 ιι,
2301 3101 2408 3158 col.
2447 3102 2624 3174 1403.)

450 3195 592 3244 tom.
625 3189 777 3254 VIII,
811 3188 918 3244 col.
951 3190 1049 3243 931
1085 3193 1142 3243 et
1173 3190 1322 3259 seq.)
2131 3175 2172 3241 C
2281 3193 2388 3262 Spe
2414 3191 3074 3262 gaudentes,etc.,usque
3105 3190 3178 3244 ad
3215 3190 3449 3262 idipsum
3479 3190 3680 3244 invicem
3702 3200 3790 3239 sen-

522 3276 666 3342 Quia
696 3294 830 3349 ergo
865 3279 1013 3331 Deus
1045 3277 1243 3331 omnia
1273 3294 1400 3347 quae
1425 3292 1536 3329 non
1571 3275 1642 3329 de
1661 3290 1720 3329 se
1739 3274 2100 3346 genuit.etc.,
2210 3282 2420 3336 tientes.
2458 3285 2519 3334 In
2573 3297 2787 3352 magna
2829 3279 3062 3334 videtur
3099 3296 3231 3336 esse
3260 3279 3496 3335 tristitia
3523 3293 3640 3333 cum
3667 3273 3792 3336 dicit,

451 3383 620 3438 usque
649 3366 718 3420 ad
749 3365 998 3420 sollicita
1027 3365 1459 3442 sintmembra.
1492 3364 1624 3432 (Id.,
1658 3363 1753 3418 lib.
1787 3363 1852 3418 de
1893 3367 2104 3420 Natura
2211 3367 2604 3442 concupiscit,
2631 3373 2764 3435 ctc.,
2789 3384 2960 3440 usque
2987 3367 3058 3423 ad
3090 3384 3210 3423 non
3233 3369 3509 3424 aufertur.
3532 3367 3645 3438 (Id.,
3671 3371 3789 3419 tract.

454 3457 599 3524 boni,
631 3459 774 3510 tom.
807 3453 957 3521 VIII,
989 3453 1096 3510 col.
1129 3439 1236 3509 520
1263 3457 1320 3508 et
1341 3455 1489 3524 seq.)

2207 3459 2348 3529 psal.
2385 3439 2612 3524 sxum,
2644 3461 2788 3512 tom.
2819 3439 2913 3526 IV,
2945 3460 3096 3529 part.
3129 3471 3189 3523 Il,
3225 3457 3335 3513 col.
3373 3456 3505 3512 1059
3525 3460 3576 3511 et
3603 3453 3721 3525 seq.)

2281 3547 2428 3611 Quid
2462 3543 2573 3602 sibi
2603 3545 2726 3600 vult
2759 3562 2771 3600 :
2807 3547 3035 3602 Labores
3060 3551 3348 3618 [metuam
3374 3553 3579 3602 tuorum
3611 3541 3792 3598 mandu-

1085 3644 1313 3702 CAPUT
1351 3644 1472 3700 XII.
2210 3638 2381 3702 cabis,
2415 3639 2549 3703 etc,
2579 3651 2747 3707 usque
2776 3634 2847 3690 ad
2875 3634 2975 3690 ubi
3020 3635 3383 3707 sempiterna
3432 3633 3671 3691 felicitas.
3696 3629 3794 3702 (Id.,

2212 3733 2370 3781 tract.
2406 3727 2466 3780 in
2493 3724 2642 3779 Psal.
2681 3740 2886 3789 cxxvu,
2918 3727 3063 3779 tom.
3098 3723 3194 3791 IV,
3230 3729 3380 3798 part.
3415 3739 3470 3791 II,
3503 3721 3600 3779 col.
3630 3720 3794 3775 l683et

530 3809 752 3866 Obsecro
784 3810 984 3879 itaque,
1014 3808 1234 3879 fratres,
1267 3809 1399 3872 ctc.,
1431 3821 1619 3877 usque
1650 3807 1720 3862 ad
1752 3814 1804 3862 et
1853 3807 2100 3880 bcnepla-
2212 3831 2334 3886 seq.
2366 3817 2422 3869 et
2450 3813 2694 3886 pmced.
2729 3811 2920 3883 ejusd.
2955 3812 3089 3884 col.)

460 3913 582 3954 cens
607 3906 657 3953 et
681 3899 940 3969 perfecta.

2282 3905 2398 3960 Non
2454 3903 2570 3958 alta
2613 3904 2905 3974 sapientes,
2955 3903 3048 3958 sed
3094 3903 3401 3960 humilious
3445 3901 3789 3957 consentientes.

529 3987 744 4042 Verum
776 3985 1128 4042 sacriﬁcium
1168 3988 1256 4039 est
1301 3997 1473 4038 omne
1512 3999 1658 4054 opus
1707 3985 1861 4056 quod
1910 3985 2067 4059 agitu

2248 3995 2376 4048 ‘unc
2407 3992 2563 4047 enim
2594 3991 2704 4046 erit
2734 3990 3040 4046 humilitas
3070 4007 3228 4062 vera,
3265 3991 3314 4047 si
3347 4007 3461 4047 non
3509 3988 3624 4046 sola
3654 3989 3794 4042 osten-

459 4081 590 4144 etc.,
626 4093 792 4149 usque
831 4076 901 4130 ad
949 4092 1084 4147 pars
1131 4073 1190 4128 in
1222 4072 1337 4128 illis
1377 4072 1715 4146 cpitulatur.
1752 4075 1880 4146 (Id.,
1913 4075 2010 4130 lib.
2043 4093 2099 4143 x,
2212 4084 2366 4136 tetur
2396 4079 2453 4132 in
2481 4077 2706 4150 lingua,
2755 4083 2886 4142 ctc.,
2919 4095 3090 4150 usque
3141 4078 3214 4134 ad
3269 4095 3447 4152 quam
3497 4084 3711 4134 tumere.
3737 4071 3792 4141 (Ξ.

456 4167 522 4223 de
554 4169 675 4224 Civ.
710 4167 848 4231 Dei.,
882 4170 1022 4220 tom.
1050 4161 1176 4231 VII,
1207 4162 1316 4218 col.
1347 4163 1453 4217 283
1483 4166 1540 4217 et
1570 4163 1716 4234 seq.)

2249 4185 2379 4242 .ug.,
2413 4173 2549 4222 tract
2575 4167 2630 4221 in
2650 4166 2792 4237 psal.
2827 4182 3020 4234 cxvm,
3053 4171 3197 4222 tom.
3229 4168 3324 4237 IV,
3361 4170 3505 4239 part.
3538 4182 3591 4233 ιι,
3625 4159 3736 4218 1532
3757 4158 3795 4213 et

526 4259 590 4314 Et
617 4258 785 4313 nolite
813 4255 1150 4324 conformari
1178 4253 1307 4308 huic
1336 4252 1556 4316 swculo,
1602 4251 1692 4306 sed
1721 4253 2103 4322 reformamini
2208 4257 2356 4328 seq.)

454 4351 509 4404 in
539 4351 776 4404 novitate
804 4361 992 4402 sensus
1045 4344 1228 4399 vestri.
1262 4341 1390 4396 Non
1438 4341 1519 4396 ita
1563 4345 1653 4396 est
1693 4339 2098 4414 accipiendum
2279 4345 2384 4412 Qui
2419 4360 2480 4400 se
2510 4342 3560 4418 exaltathumiliabitur.etc.,usguead
3577 4337 3797 4397 inimicus

453 4438 619 4511 quasi
668 4441 855 4492 totum
907 4431 1170 4489 amiserit
1220 4430 1412 4498 homo,
1453 4434 1585 4498 ctc.,
1619 4446 1789 4502 usque
1834 4431 1904 4485 ad
1953 4448 2099 4486 vane
2207 4433 2486 4504 injustas.
2521 4432 2651 4500 (Id.,
2685 4448 2791 4488 ser.
2823 4431 2888 4488 de
2909 4448 3056 4503 pass.
3091 4434 3338 4502 Domini,
3371 4439 3509 4489 tom.
3535 4431 3594 4499 V,
3628 4430 3794 4502 part1.

450 4527 850 4582 conturbatur.
887 4523 1018 4596 (Id.,
1053 4522 1151 4576 lib.
1184 4537 1201 4574 1
1234 4520 1549 4609 ﬁetractat.,
1582 4522 1723 4573 tom.
1759 4513 1920 4586 I,col.
1943 4513 2096 4587 628.)
2127 4545 2171 4609 D
2207 4520 2315 4576 col.
2352 4522 2536 4588 1087.)

519 4615 623 4677 Qui
655 4632 786 4670 vero
817 4607 1256 4668 commemorati
1287 4611 1724 4672 convertuntur,
1756 4611 1889 4673 ctc.,
1923 4624 2092 4680 usque
2128 4607 2159 4609 ἡ
2271 4611 2445 4665 Nolite
2474 4625 2587 4664 esse
2611 4608 2902 4681 prudentes
2938 4609 3088 4681 apud
3129 4613 3477 4682 nosmetipos,
3508 4616 3623 4674 ctc.,
3653 4615 3796 4672 usque

451 4701 519 4756 ad
546 4702 696 4756 sicut
727 4702 914 4774 potuit
943 4701 1287 4756 deformare.
1320 4697 1452 4768 (Id.,
1488 4696 1583 4751 lib.
1616 4713 1713 4752 xxv
1762 4695 1826 4752 de
1870 4698 2087 4768 Trinit.,
2199 4699 2270 4754 ad
2301 4714 2426 4753 cum
2453 4697 2706 4752 omnibus
2736 4699 3052 4753 hominibus
3070 4714 3262 4766 pacem
3292 4697 3666 4755 habentes.Sex
3691 4691 3798 4746 sunt

449 4793 592 4844 tom.
623 4789 772 4854 VIII,
806 4788 914 4844 col.
953 4789 1133 4856 1053.)
2198 4788 2259 4843 in
2291 4787 2402 4842 isto
2431 4800 2641 4859 genere
2671 4786 3030 4853 differentia,
3063 4791 3201 4855 ctc.,
3232 4804 3407 4860 usque
3451 4787 3521 4842 ad
3547 4782 3796 4860 hominem

524 4878 804 4933 Dominus
852 4877 951 4948 qui
994 4877 1232 4930 verbum
1281 4891 1702 4932 consummans
1735 4878 1792 4931 et
1821 4875 2090 4931 brevians
2200 4877 2310 4933 sibi
2361 4857 2642 4948 expetere.
2679 4875 2810 4946 (Id.,
2843 4884 2999 4931 tract.
3036 4879 3098 4932 in
3143 4857 3502 4948 psal.—cvm,
3554 4879 3681 4930 tom.
3727 4857 3798 4929 Ν,

454 4967 604 5030 fecit,
656 4971 790 5031 ctc.,
834 4981 1002 5036 usque
1050 4965 1118 5018 ad
1167 4965 1445 5035 perducat
1493 4965 1704 5020 ofﬁcio.
1738 4965 1870 5032 (Id.,
1904 4966 1980 5019 lib
2027 4965 2093 5022 de
2202 4970 2354 5038 part.
2390 4982 2450 5030 II,
2479 4963 2590 5019 col.
2627 4965 2766 5019 1432
2794 4968 2851 5019 et
2881 4965 3030 5036 seq.)

449 5058 600 5127 Perf.
624 5056 762 5126 just.
796 5055 962 5122 hom.,
994 5057 1135 5107 tom.
1165 5052 1228 5119 X,
1263 5060 1408 5123 part.
1438 5071 1478 5124 1,
1509 5053 1616 5109 col.
1649 5054 1756 5108 296
1787 5059 1842 5109 et
1873 5055 2018 5127 seq.)
2275 5054 2393 5109 Non
2422 5055 2776 5124 nosmetipsos
2802 5053 3210 5124 defendentes...
3238 5071 3337 5123 ego
3378 5054 3682 5117 retribuam,
3701 5044 3803 5098 dicit

520 5145 665 5212 Quid
699 5148 788 5198 cst
817 5147 1011 5198 autem
1039 5140 1194 5196 aliud
1234 5141 1472 5211 justitia
1501 5159 1636 5197 cum
1668 5142 1726 5198 in
1779 5143 1948 5198 nobis
1979 5147 2088 5210 est,
2201 5144 2480 5200 Dominus.
2503 5141 2665 5206 Quod
2696 5141 2981 5213 scriptum
3014 5146 3103 5198 est
3135 5142 3192 5197 in
3224 5139 3587 5215 Apocalypsi,
3611 5136 3706 5194 sub
3728 5146 3806 5188 ara

446 5240 582 5303 ctc.,
613 5248 784 5304 usque
812 5231 881 5286 ad
911 5231 979 5285 ad
1014 5229 1328 5301 imaginem
1360 5229 1483 5284 Dei.
1516 5231 1650 5300 (Id.,
1683 5234 1818 5302 epist
1850 5232 1920 5287 ad
1954 5234 2090 5288 Con-
2200 5231 2300 5288 Dei
2329 5233 2962 5302 martyres,etc.,usque
2990 5231 3060 5286 ad
3089 5229 3392 5286 voluntate
3413 5225 3671 5286 crudelis.
3702 5220 3801 5294 (qu

444 5326 683 5381 scntium
711 5322 775 5378 de
805 5321 1090 5386 Trinitate,
1122 5323 1262 5372 tom.
1297 5321 1370 5381 II,
1404 5316 1511 5372 col.
1547 5318 1691 5389 462.)
2201 5327 2358 5376 tract.
2396 5321 2453 5373 in
2478 5318 2624 5390 psal.
2658 5335 2882 5390 Lxxvm,
2917 5323 3059 5374 tom.
3094 5319 3188 5386 IV,
3224 5323 3374 5389 part.
3412 5336 3452 5385 ι,
3481 5315 3586 5373 col.
3621 5311 3738 5369 1017
3764 5307 3806 5360 οἱ

516 5415 594 5468 Ex
625 5412 772 5468 libro
804 5408 1235 5466 confessionum
1269 5405 1670 5461 tertiodecimo
1711 5424 1842 5463 cum
1878 5409 1948 5466 de
1980 5410 2091 5465 ini-
2201 5408 2349 5480 seq.)

446 5504 524 5557 tio
557 5501 815 5569 Genesis,
845 5503 982 5565 ctc.,
1013 5512 1183 5567 usque
1213 5495 1281 5550 ad
1324 5494 1644 5566 perfectum
1680 5500 1787 5550 est.
1823 5498 1954 5566 (Id.,
1989 5499 2086 5554 lib.
2270 5497 2370 5553 Sed
2399 5498 2450 5551 si
2476 5497 2734 5551 esurierit
2763 5497 3089 5553 inimicus...
3121 5512 3285 5569 super
3311 5502 3478 5570 caput
3509 5489 3806 5570 ejus.Servaf

447 5593 680 5660 Cautes,
713 5596 854 5647 tom.
890 5593 936 5653 Ι,
967 5585 1075 5643 col.
1107 5584 1258 5653 658.)
2202 5587 2361 5642 bitur
2393 5601 2531 5655 ergo
2566 5583 2622 5637 in
2673 5583 3071 5642 locutionibus
3102 5569 3390 5658 ﬁguratis,
3423 5588 3551 5651 ctc.,
3582 5591 3732 5650 usque
3753 5569 3806 5626 ad
