4024 6180
255 340 359 403 313

1080 331 1494 401 EXPOSITIO
1543 335 1621 398 ΙΝ
1666 335 1838 396 ΕΡΡ.
1883 327 2140 398 PAULI.
2174 370 2251 379 —
2288 335 2410 396 ΕΡ.
2460 336 2562 397 AD
2607 331 2798 398 ROM.

3521 337 3644 399 314

259 471 498 531 miseria:
520 470 881 529 subvenitur.
900 469 1209 541 (Id.,lib.m
1231 468 1296 526 de
1316 467 1887 536 Doctr.Christ.,t.III,
1920 468 1972 534 Α
2070 475 2209 525 Nam
2237 483 2347 523 non
2377 466 2781 524 adulterabis...
2814 467 3011 538 diliges
3030 467 3354 541 proximum
3381 477 3642 544 tanquam

259 566 394 637 part.
427 579 468 630 ι,
504 561 613 618 col.
645 563 717 618 74
745 564 802 616 et
831 564 980 633 seq.)

1999 561 2252 630 teipsum.
2287 557 2401 612 Cur
2431 574 2566 629 ergo
2598 574 2712 612 non
2744 557 2997 613 dicimus
3047 558 3144 630 qui
3187 559 3339 615 hanc
3369 561 3642 618 virtutem

320 652 447 707 Noli
465 652 616 706 vinci
635 668 669 706 a
690 647 956 715 malo,sed
969 652 1120 706 vince
1134 652 1190 706 in
1205 649 1339 707 bono
1359 647 1893 704 malum.Contende
1999 647 2194 712 habet,
2220 651 2353 713 etc.,
2378 664 2548 718 usque
2588 647 2657 702 ad
2687 645 2831 702 nihil
2865 664 2934 702 ex
2964 647 3099 703 vitio
3132 649 3474 704 remanebit.
3511 651 3641 719 (Id.,

259 759 378 798 cum
410 740 584 808 malo,
610 740 1062 812 sed,etc..usque
1090 741 1160 795 ad
1190 741 1305 795 duo
1339 737 1498 794 mali.
1524 739 1817 810 (Id.,tract.
1835 738 1890 790 in
2002 735 2070 790 ad
2103 737 2320 791 Hieron.
2353 737 2511 809 epist.
2547 751 2607 803 ιι,
2640 739 2782 790 tom.
2819 739 2889 801 II,
2920 735 3026 791 col.
3053 736 3203 797 738.)

258 831 384 904 psal.
415 846 606 896 xxxvx,
639 833 780 884 tom.
816 829 910 900 ιν,
944 833 1092 902 part.
1126 847 1167 897 ι,
1202 827 1310 884 col.
1345 828 1493 898 364.)

321 918 376 974 Si
408 923 470 973 tu
495 918 624 990 jam
657 934 773 974 non
803 934 864 973 es
895 917 1440 989 malus,etc.,usque
1468 915 1539 971 ad
1569 931 1722 970 unus
1744 915 1898 969 esset

262 1009 457 1064 bonus.
493 1007 624 1074 (Id.,
656 1023 821 1062 serm.
871 1007 935 1062 de
981 1008 1178 1062 natali.
1220 1008 1277 1063 S.
1312 1006 1618 1070 Laurentii,
1649 1007 1792 1059 tom.
1823 1001 1894 1070 V,

262 1100 396 1168 part.
430 1111 472 1163 I,
507 1094 616 1150 col.
652 1095 835 1164 1389.)

867 1183 1102 1240 CAPUT
1140 1181 1285 1240 XIII.

324 1271 515 1329 Omnis
533 1275 725 1330 anima
741 1275 1097 1346 potestatibus
1124 1273 1536 1330 sublimioribus
1560 1272 1776 1328 subdita
1803 1271 1894 1326 sit.

263 1365 301 1419 A
327 1367 490 1436 parte
521 1363 1176 1435 superiore,etc.,usque
1203 1362 1293 1430 ad,
1323 1360 1514 1417 omnis
1544 1360 1739 1416 homo.
1767 1360 1898 1432 (Id.,

264 1461 408 1508 tract.
448 1453 553 1507 105
583 1454 642 1507 in
671 1467 861 1524 evang.
891 1467 995 1507 sec.
1046 1453 1204 1507 Joan.
1253 1450 1364 1506 col.
1413 1450 1587 1518 1904;
1621 1454 1765 1504 tom.
1797 1451 1898 1514 III,

262 1543 401 1614 part.
436 1557 500 1611 II,
530 1557 691 1596 serm.
722 1558 777 1597 v1
807 1541 872 1596 de
900 1540 1078 1596 verbis
1110 1543 1288 1596 Evan.
1319 1555 1415 1596 seu
1442 1538 1708 1611 Domini.)

324 1630 569 1686 Prodest
624 1647 760 1702 ergo
810 1633 867 1684 et
907 1630 1186 1685 severitas
1222 1633 1433 1694 vestra,
1468 1631 1601 1697 etc.,
1635 1643 1804 1700 usque
1833 1626 1902 1682 ad

262 1717 588 1774 dilectionis
631 1717 927 1790 impletur.
976 1718 1106 1786 (Id.,
1143 1718 1240 1773 lib.
1286 1715 1478 1789 Epist.,
1510 1721 1654 1773 tom.
1691 1721 1760 1785 II,
1792 1715 1902 1772 col.

261 1809 348 1863 661
383 1812 447 1862 et
474 1807 622 1879 seq.)

321 1897 440 1952 Non
471 1904 551 1952 est
575 1898 724 1952 enim
748 1903 982 1968 potestas
1009 1897 1122 1951 nisi
1148 1913 1182 1951 a
1210 1897 1334 1951 Deo.
1370 1895 1506 1964 Qum
1541 1903 1723 1951 autem
1750 1903 1898 1963 sunt,

262 2003 289 2040 a
320 1990 427 2041 Deo
461 1985 716 2041 ordinata
744 1994 893 2040 sunt.
912 1984 1168 2040 Nocendi
1200 1988 1395 2040 autem
1428 1983 1695 2040 voluntas
1717 1986 1907 2056 potest

263 2091 378 2131 esse
412 2092 447 2129 a
479 2091 587 2130 suo
617 2090 852 2147 quoque
883 2073 1080 2129 animo
1113 2089 1311 2146 prava,
1343 2078 1477 2141 etc.,
1510 2089 1678 2146 usque
1700 2073 1770 2129 ad
1794 2073 1906 2128 ini-

265 2165 452 2236 quitas
487 2164 644 2236 apud
676 2164 880 2219 Deum.
913 2163 1045 2235 (Id.,
1078 2164 1175 2218 lib.
1208 2163 1272 2219 de
1302 2165 1599 2231 Patientia,
1633 2165 1776 2218 tom.
1809 2162 1904 2232 VI,

265 2268 423 2325 page.
458 2252 612 2323 622.)

331 2340 559 2397 Malitia
584 2340 894 2397 hominum
918 2340 1301 2413 cupiditatem
1334 2341 1576 2396 nocendi
1602 2345 1793 2414 potest
1811 2341 1911 2396 ha-

266 2430 413 2496 bere,
437 2435 575 2499 etc.,
601 2447 772 2503 usque
795 2429 866 2486 ad
902 2448 1018 2486 non
1047 2429 1279 2486 diabolo
1319 2430 1538 2503 placuit
1589 2432 1720 2503 (Id.,
1753 2439 1908 2487 tract.

263 2520 316 2573 in
340 2520 492 2591 psal.
523 2536 703 2586 xxxv,
735 2524 878 2574 tom.
912 2517 1006 2587 lV,
1040 2522 1189 2592 part.
1225 2536 1259 2583 I,
1294 2518 1403 2574 col.
1435 2519 1534 2574 291
1569 2524 1626 2574 et
1654 2520 1803 2592 seq.)

325 2607 438 2672 Qui
461 2608 641 2663 etiam
667 2608 1002 2664 nocentium
1032 2611 1292 2680 potestas
1315 2624 1428 2663 non
1448 2611 1558 2672 est,
1583 2612 1716 2676 etc.,
1748 2625 1914 2681 usque

259 2696 323 2751 ad
351 2695 589 2770 angelis
619 2697 747 2769 ejus
775 2697 906 2770 (Id.,
943 2697 1040 2752 lib.
1071 2697 1138 2753 de
1167 2702 1364 2755 Natur.
1401 2699 1545 2768 boni,
1583 2702 1723 2754 tom.
1758 2698 1910 2767 VIII,

261 2785 360 2841 col.
407 2787 562 2854 561.)

326 2876 421 2931 Vis
451 2883 637 2930 autem
664 2891 777 2932 non
806 2879 1015 2932 timere.
1051 2917 1063 2930 .
1093 2877 1347 2932 minister
1374 2885 1453 2932 est
1482 2878 1584 2932 tibi
1613 2879 1673 2932 in
1694 2877 1912 2933 bonum.

259 2964 410 3030 Quid
442 2964 621 3037 ergo?
652 2963 753 3037 (ait
774 2964 1007 3037 aliquis)
1039 2969 1283 3022 sanctas
1314 2965 1666 3021 Laurentius
1692 2965 1913 3022 malum

258 3055 476 3110 fecerat
518 3058 586 3108 ut
635 3071 669 3108 a
709 3057 998 3126 potestate
1054 3053 1462 3110 occideretur?
1491 3059 1624 3124 etc.,
1652 3067 1822 3126 usque
1846 3055 1916 3110 ad

2073 823 2262 880 Nolite
2314 825 2510 896 itaque
2559 828 2782 896 putare,
2817 824 3025 881 fratres
3075 826 3210 893 mei,
3244 825 3302 882 in
3347 827 3476 896 hoc,
3510 834 3642 899 etc.,

2003 930 2173 986 usque
2203 913 2272 968 ad
2299 914 2445 969 tanti
2479 913 2686 985 capitis
2709 913 2915 969 simus.
2942 915 3242 986 (Id.,tract.
3265 918 3335 972 62
3359 919 3414 972 in
3437 919 3643 990 Evang.

2003 1019 2108 1058 sec.
2139 1003 2319 1072 Joan.,
2352 1006 2492 1058 tom.
2527 1007 2626 1070 III,
2657 1007 2808 1076 part.
2840 1020 2901 1071 ιι,
2936 1003 3046 1058 col.
3081 1004 3262 1066 1809.)

2078 1092 2242 1147 Tunc
2286 1093 2502 1164 quippe
2547 1097 2637 1147 est
2684 1092 2942 1164 optimus
2988 1092 3186 1159 homo,
3217 1099 3350 1163 etc.,
3383 1113 3552 1170 usque
3580 1100 3650 1156 ad

2009 1179 2360 1236 derivatione
2392 1180 2708 1236 minuatur.
2740 1181 2871 1249 (Id.,
2905 1182 3000 1237 lib.
3039 1198 3054 1237 I
3094 1182 3158 1238 de
3201 1185 3378 1240 Doctr.
3423 1187 3645 1258 Christ.,

2007 1273 2149 1325 tom.
2185 1274 2284 1337 III,
2318 1273 2468 1342 part.
2503 1287 2543 1336 ι,
2577 1269 2684 1324 col.
2717 1271 2787 1324 26
2819 1273 2876 1326 et
2905 1270 3054 1342 seq.)

2079 1357 2402 1432 Decalogus
2431 1357 2578 1432 legis
2600 1359 2798 1414 decem
2821 1365 3106 1432 prmeepta
3127 1360 3318 1430 habet,
3345 1367 3653 1439 etc.,usque

2007 1447 2078 1504 ad
2109 1447 2384 1504 societate
2412 1447 2682 1504 versaris.
2717 1448 2849 1516 (Id.,
2881 1465 3042 1504 serm.
3073 1449 3140 1506 de
3188 1451 3365 1508 decem
3413 1454 3648 1526 chordis,

2009 1529 2151 1592 tdm.
2181 1535 2250 1603 V,
2283 1541 2432 1608 part.
2465 1555 2503 1602 ι,
2539 1535 2646 1592 col.
2680 1531 2749 1592 84
2778 1541 2834 1593 et
2864 1539 3014 1610 seq.)

2083 1626 2437 1682 Charitatem
2469 1625 2692 1682 habens
2723 1644 2848 1698 quae
2879 1630 2968 1682 est
2997 1627 3067 1682 de
3117 1629 3288 1684 corde
3319 1647 3485 1702 puro,
3518 1636 3650 1703 etc.,

2011 1732 2178 1788 usque
2200 1714 2269 1770 ad
2299 1714 2492 1771 odisse
2523 1715 2675 1788 quod
2707 1714 2913 1789 diligit.
2939 1714 3343 1783 (Id.,lib.Sent.
3376 1725 3652 1794 Prosperi,

2015 1809 2156 1860 tom.
2188 1803 2253 1871 X,
2289 1808 2439 1875 part.
2475 1822 2534 1871 ιι,
2564 1802 2669 1858 col.
2702 1805 2885 1867 1891.)

2083 1895 2310 1950 Dilectio
2334 1894 2580 1965 proximi
2619 1894 2829 1949 malum
2872 1911 2984 1950 non
3013 1903 3287 1966 operatur.
3322 1897 3660 1958 Proximum

2015 2000 2248 2038 omnem
2298 1982 2596 2038 hominem
2647 1986 2870 2056 oportet
2913 1982 3180 2057 intelligi,
3234 1990 3366 2056 etc.,
3398 2006 3564 2062 usque
3591 1991 3662 2047 ad

2016 2073 2140 2128 odit
2169 2073 2426 2128 animam
2460 2089 2650 2127 suam.
2686 2073 2816 2140 (Id.,
2838 2081 2995 2128 tract.
3031 2075 3091 2128 in
3116 2076 3260 2147 psal.
3296 2095 3354 2145 ιι,
3385 2081 3528 2135 tom.
3561 2080 3660 2150 ιν,

2017 2166 2164 2234 part.
2203 2179 2238 2228 I,
2273 2159 2380 2217 col.
2419 2162 2563 2234 138.)

2088 2251 2299 2307 Tenete
2326 2266 2463 2322 ergo
2494 2249 2885 2318 dilectionem,
2918 2255 3050 2320 etc.,
3085 2271 3254 2326 usque
3282 2254 3352 2310 ad
3392 2259 3455 2312 ut
3484 2257 3661 2313 corri-

2020 2345 2136 2413 gat.
2168 2341 2296 2408 (Id.,
2328 2356 2490 2395 serm.
2524 2341 2678 2412 epist.
2711 2342 2866 2396 Joan.
2899 2341 2967 2396 ad
2999 2343 3661 2420 Parthos,tom.III,part.

2021 2447 2081 2496 ιι,
2114 2428 2224 2486 col.
2256 2430 2440 2496 2059.)

2091 2519 2383 2576 Plenitudo
2412 2535 2535 2590 ergo
2564 2519 2705 2592 legis
2761 2527 2841 2576 est
2894 2520 3128 2578 dilectio.
3184 2521 3487 2582 Plenitudo
3519 2524 3666 2599 legis

2023 2609 2278 2666 charitas
2310 2611 2419 2676 est,
2455 2613 2587 2675 etc.,
2621 2625 2790 2680 usque
2818 2609 2887 2664 ad
2918 2626 3021 2665 nec
3070 2612 3402 2684 proximum
3453 2615 3663 2688 diligit.

2023 2698 2157 2768 (Id.,
2188 2714 2271 2769 ep.
2306 2715 2368 2752 ιι.
2400 2697 2469 2752 ad
2499 2698 2752 2762 Hieron.,
2780 2703 2921 2753 tom.
2958 2702 3030 2768 II,
3063 2699 3173 2756 col.
3202 2702 3310 2756 739
3339 2705 3396 2758 et
3426 2705 3575 2777 seq.)

2095 2786 2438 2842 Mandatum
2475 2803 2688 2842 novum
2721 2787 2792 2842 de
2823 2787 3004 2858 vobis,
3028 2791 3344 2862 etc.,usque
3373 2792 3443 2847 ad
3471 2792 3670 2850 omnia

2025 2875 2086 2930 in
2120 2875 2418 2930 omnibus.
2452 2875 2581 2942 (Id.,
2604 2883 2761 2931 tract.
2785 2877 2854 2930 84
2876 2878 2935 2931 in
2959 2878 3163 2948 Evang,
3185 2895 3290 2935 sec.
3320 2881 3660 2948 Joan.,tom.

2024 2965 2128 3031 ΙΙΙ,
2159 2967 2308 3036 part.
2343 2980 2404 3029 ιι,
2437 2963 2545 3019 col.
2578 2963 2721 3019 1845
2750 2967 2807 3018 et
2835 2967 2982 3036 seq.)

2097 3053 2204 3116 Qui
2255 3053 2422 3107 sedes
2473 3069 2648 3124 super
2695 3051 3008 3120 Cherubin,
3043 3056 3176 3122 etc.,
3207 3071 3378 3128 usque
3414 3057 3485 3112 ad
3513 3057 3667 3115 Deus

262 3141 633 3198 occasionem
692 3143 1004 3214 praebente.
1037 3144 1171 3212 (Id.,
1203 3157 1366 3199 serm.
1399 3143 1464 3198 de
1507 3142 1695 3199 natali
1737 3146 1919 3200 sancti
1961 3216 1991 3220 _
2027 3141 2283 3197 charitas
2304 3146 2411 3197 est.
2435 3141 2565 3208 (Id.,
2591 3149 2749 3196 tract.
2774 3143 2834 3197 in
2843 3142 2985 3213 psal.
3009 3159 3192 3212 LXXIX,
3225 3147 3366 3200 tom.
3400 3146 3496 3214 IV,
3516 3151 3665 3220 part.

258 3233 573 3296 Laurentii,
606 3235 748 3286 tom.
783 3231 850 3300 V,
883 3235 1034 3303 part.
1067 3246 1131 3298 ιι,
1164 3231 1272 3288 col.
1306 3233 1492 3301 2129.)

325 3321 390 3377 Si
439 3328 626 3375 autem
674 3321 886 3375 malum
928 3323 1191 3392 feceris...
1223 3321 1426 3376 vindex
1464 3323 1522 3377 in
1565 3323 1709 3378 iram
1738 3323 1793 3378 ei
1819 3323 1916 3394 qui

259 3411 404 3465 male
423 3409 564 3480 agit.
591 3408 674 3463 Ex
699 3408 945 3481 cpistola
973 3410 1046 3465 ad
1077 3409 1447 3483 Apringium,
1471 3409 1568 3465 ubi
1592 3427 1694 3483 pro
1726 3411 1916 3466 Dona-

258 3496 440 3565 tistis,
491 3499 626 3565 etc.,
678 3514 847 3570 usque
893 3499 962 3554 ad
1008 3497 1506 3554 intercedentibus
1559 3499 1750 3555 nobis.
1784 3496 1917 3573 (Id.,

260 3589 399 3641 tom.
437 3584 514 3652 ΙΙ,
548 3584 657 3640 col.
689 3586 786 3641 511
821 3590 879 3642 et
905 3587 1054 3660 seq.)

325 3675 453 3731 Ideo
481 3677 803 3731 necessitate
849 3677 1059 3732 subditi
1103 3684 1335 3733 estate...
1368 3678 1461 3732 cui
1507 3678 1784 3750 honorem,
1817 3679 1918 3735 ho-

1949 3216 1992 3283 C
2026 3249 2062 3298 ι,
2098 3230 2208 3286 col.
2245 3231 2373 3286 1021
2412 3234 2469 3285 et
2497 3232 2646 3303 seq.)

2099 3321 2162 3374 Et
2190 3321 2287 3375 hoc
2314 3321 2539 3375 scientes
2569 3328 2798 3392 tempus,
2830 3323 2938 3376 etc.
2972 3338 3160 3394 usque
3210 3323 3280 3378 ad
3329 3323 3444 3381 dies
3489 3333 3672 3382 autem

2026 3409 2501 3481 appropinquavit.
2537 3409 2605 3463 Et
2654 3425 2825 3463 mane
2873 3409 3054 3465 oratio
3096 3427 3226 3466 mea
3255 3411 3563 3483 praeveniet
3591 3417 3668 3481 te,

2027 3502 2158 3563 etc.,
2189 3515 2359 3570 usque
2389 3497 2458 3552 ad
2508 3496 2755 3552 fideliter
2795 3501 3224 3570 exspectamus.
3259 3499 3388 3567 (Id.,
3419 3509 3578 3557 tract.
3609 3504 3671 3558 in

2021 3588 2164 3659 psal.
2204 3604 2442 3654 Lxxxvu,
2479 3591 2619 3642 tom.
2653 3589 2750 3652 IV,
2783 3589 2934 3657 part.
2965 3601 3026 3649 II,
3060 3585 3168 3642 col.
3205 3588 3340 3643 1118
3366 3592 3422 3644 et
3451 3593 3600 3662 seq.)

2096 3677 2432 3749 Abjiciamus
2463 3692 2587 3748 ergo
2616 3691 2779 3747 opera
2813 3676 3177 3743 tenebrarum,
3209 3680 3340 3744 etc.,
3376 3695 3567 3751 usque
3597 3681 3671 3735 ad
3734 3745 3737 3750 ί

261 3777 471 3819 norem.
509 3766 577 3818 In
605 3763 721 3818 ﬁde
765 3763 979 3819 Christi
1031 3781 1146 3820 non
1197 3768 1284 3820 est
1332 3764 1613 3822 distantia
1641 3759 1830 3823 Judaei
1860 3772 1918 3823 et
2028 3765 2246 3822 honeste
2276 3765 2635 3820 ambulemus.
2655 3764 2792 3844 Vita
2821 3763 3082 3820 fidelium
3115 3765 3317 3838 quaein
3335 3765 3446 3822 hac
3476 3784 3668 3838 carne,

261 3851 470 3919 ϐαθεῖ,
503 3857 641 3920 etc.,
674 3868 844 3925 usque
871 3853 946 3909 ad
979 3853 1340 3926 agnitionem
1388 3853 1652 3911 veritatis
1697 3856 1913 3913 venire.

253 3938 391 4010 (Id.,
427 3943 492 3996 in
546 3957 731 4013 expos.
788 3944 942 4014 epist.
1004 3943 1075 3998 ad
1135 3943 1274 4010 Gal.,
1337 3946 1479 3998 tom.
1535 3948 1634 4011 III,
1676 3949 1824 4017 part.
1852 3956 1912 4014 II,

259 4029 365 4085 001.
393 4030 592 4097 2125.)
633 4090 636 4093 ,

327 4118 556 4174 Nemini
585 4117 884 4190 quidquam
908 4118 1142 4174 debeatis
1164 4119 1280 4173 nisi
1299 4127 1360 4174 ut
1384 4121 1621 4175 invicem
1647 4119 1912 4192 diligatis.

259 4204 620 4262 Charitatem
667 4210 830 4262 tanto
888 4207 1080 4281 magis
1135 4207 1439 4276 debemus,
1483 4212 1616 4275 etc.,
1648 4225 1818 4282 usque
1847 4211 1916 4266 ad

259 4308 497 4369 semper
526 4297 794 4352 debetur.
829 4297 959 4369 (Id.,
991 4298 1145 4368 epist.
1165 4295 1235 4352 ad
1264 4293 1524 4351 Severum
1552 4299 1737 4369 episc.,
1769 4302 1912 4354 tom.

259 4387 330 4451 II,
363 4384 476 4441 col.
513 4385 672 4454 420.)

327 4473 642 4530 Sanctitati
666 4478 779 4530 tute
811 4473 1223 4530 salutationem
1255 4473 1512 4530 debitam
1544 4473 1744 4543 reddo,
1777 4479 1910 4541 etc.,

2025 3860 2160 3921 etc.,
2183 3871 2352 3926 usque
2370 3854 2448 3910 ad
2469 3853 2528 3908 in
2555 3853 2831 3909 cordibus
2853 3852 3088 3908 nostris.
3115 3854 3246 3924 (Id.,
3271 3855 3369 3910 lib.
3395 3872 3451 3911 IV
3478 3857 3544 3912 de
3573 3857 3672 3914 Ge-

2024 3959 2138 3999 nes.
2170 3942 2241 3998 ad
2272 3943 2529 4010 litteram,
2576 3945 2721 3996 tom.
2769 3945 2872 4008 III,
2905 3946 3054 4014 part.
3089 3960 3128 4009 ι,
3163 3941 3270 3998 col.
3303 3943 3409 3998 269
3439 3949 3494 4000 et
3521 3949 3674 4019 seq.)

2092 4030 2225 4085 Vita
2246 4029 2506 4086 ﬁdelium
2529 4029 2588 4084 in
2614 4029 3048 4101 comparatione
3067 4029 3194 4084 vitis
3210 4030 3530 4086 infidelium
3547 4031 3671 4090 dies

2025 4123 2133 4188 est,
2158 4123 2291 4184 etc.,
2337 4135 2501 4190 usque
2528 4119 2598 4173 ad
2629 4118 2687 4172 in
2720 4118 3141 4173 resurrectione
3171 4120 3529 4190 promissum
3557 4124 3668 4178 est.

2026 4209 2157 4280 (Id.,
2181 4215 2333 4263 tract.
2359 4209 2419 4262 in
2444 4207 2586 4278 psal.
2615 4223 2795 4272 Lxxv1,
2829 4210 2967 4262 tom.
3006 4206 3098 4274 IV,
3131 4210 3276 4279 part.
3314 4225 3353 4275 ι,
3388 4206 3491 4263 col.
3519 4209 3671 4278 973.)

2093 4301 2212 4352 Non
2246 4297 2304 4351 in
2335 4286 2884 4361 commessationibus,
2908 4297 3042 4362 etc.,
3071 4311 3256 4366 usque
3277 4295 3350 4350 ad
3381 4297 3672 4353 Dominum

2021 4385 2203 4441 Iesum
2221 4384 2514 4442 Christum.
2529 4383 2675 4438 Cum
2697 4381 3008 4455 Apostolus
3031 4383 3142 4438 tria
3162 4383 3414 4440 breviter
3433 4401 3667 4458 genera,

2025 4479 2157 4543 etc.,
2181 4489 2350 4546 usque
2369 4471 2439 4528 ad
2459 4489 2594 4529 ossa
2622 4471 3033 4545 confringeret.
3067 4471 3198 4544 (Id.,
3221 4474 3372 4544 epist.
3407 4473 3477 4529 ad
3505 4474 3672 4530 Aure-

257 4563 521 4650 usguead
542 4562 793 4619 invicem
817 4559 1094 4636 diligatis.
1119 4559 1251 4636 (Id.,
1274 4565 1432 4635 epist.
1457 4563 1526 4620 ad
1565 4563 1914 4620 Caelestinum
1943 4585 1992 4650 Β
2023 4565 2163 4620 lium
2191 4564 2445 4635 episcop.,
2479 4566 2620 4618 tom.
2657 4553 2727 4630 II,
2762 4564 2892 4634 part
2922 4579 2981 4629 ιι,
3013 4561 3121 4617 col.
3158 4561 3223 4618 91
3258 4565 3315 4618 et
3347 4572 3499 4635 seq.)

255 4649 576 4718 diaconum,
604 4656 748 4707 tom.
775 4655 851 4718 II,
883 4652 992 4708 col.
1024 4654 1131 4708 868
1155 4656 1214 4708 et
1244 4656 1396 4724 seq.)

327 4743 448 4810 Qui
473 4743 625 4796 enim
660 4741 850 4810 diligit
869 4744 1212 4813 proximum,
1244 4743 1414 4814 legem
1443 4742 1707 4813 implevit.
1745 4742 1914 4798 Fides

259 4828 444 4899 enim,
467 4828 624 4885 sicut
643 4829 957 4901 Apostolus
979 4830 1081 4897 ait,
1103 4846 1209 4902 per
1224 4829 1594 4886 dilectionem
1620 4835 1910 4902 operatur,

260 4919 397 4984 etc.,
431 4934 606 4991 usque
636 4918 706 4972 ad
737 4917 984 4975 invicem
1015 4918 1294 4992 diligatis.
1328 4919 1915 4989 (Id.,lib.contrtFau-

259 5013 428 5073 stum,
462 5010 607 5063 tom.
641 5005 794 5076 VIII,
830 4999 938 5064 col.
965 5009 1122 5081 366.)

329 5091 468 5149 Haec
495 5100 585 5152 est
615 5101 811 5152 autem
841 5113 978 5152 vera
1016 5095 1268 5165 dilectio,
1294 5101 1358 5152 ut
1387 5091 1736 5168 inhaerentes
1767 5097 1912 5154 veri-

260 5181 390 5251 tati,
427 5188 562 5252 ctc.,
595 5202 766 5258 usque
793 5185 864 5240 ad
894 5189 960 5240 ut
989 5186 1277 5259 praecipue
1306 5185 1490 5242 Deum
1523 5174 1745 5259 diligat.
1777 5187 1912 5256 (Id.,

261 5269 360 5326 lib.
395 5288 497 5328 vm
526 5274 591 5330 de
624 5276 844 5339 Trinit.,
877 5278 1020 5330 tom.
1053 5271 1204 5343 VIII,
1239 5273 1346 5331 col.
1379 5274 1486 5330 956
1515 5278 1571 5330 et
1602 5278 1751 5346 seq.)

330 5358 526 5423 Quaeri
556 5367 749 5434 potest
778 5379 885 5418 cur
910 5363 1225 5434 Apostolus
1256 5363 1442 5418 solam
1492 5379 1914 5420 commemora-

257 5448 412 5502 verit
464 5451 712 5522 proximi
762 5438 1154 5518 dilectionem,
1188 5456 1319 5521 etc.,
1351 5469 1522 5524 usque
1549 5453 1618 5508 ad
1650 5451 1914 5508 moribus

259 5535 438 5592 facile
469 5543 576 5595 est.
630 5540 761 5612 (Id.,
809 5542 868 5595 in
911 5557 1092 5613 cmpos.
1146 5543 1300 5614 epist.
1349 5541 1419 5597 ad
1460 5539 1600 5610 Gal.,
1634 5545 1774 5596 tom.
1810 5543 1910 5610 III,

259 5631 418 5701 part.
457 5643 515 5695 ιι,
548 5627 658 5684 col.
692 5627 830 5684 2137
863 5632 920 5686 et
949 5629 1095 5701 seq.)

2091 4655 2155 4709 Et
2181 4655 2364 4708 carnis
2391 4668 2583 4707 curam
2609 4667 2678 4706 ne
2703 4652 2945 4722 feceritis
2977 4652 3036 4706 in
3051 4650 3670 4710 desideriis.Crastiuus

2023 4741 2182 4798 enim
2237 4740 2381 4808 dies,
2445 4738 2655 4811 inquit,
2705 4737 2990 4794 sollicitus
3035 4739 3146 4795 erit
3194 4739 3305 4796 sibi
3355 4741 3490 4814 ipsi,
3533 4746 3668 4809 etc.,

2023 4847 2192 4904 usque
2220 4830 2289 4884 ad
2320 4832 2460 4885 sunt
2491 4826 2837 4884 necessaria.
2880 4832 2958 4895 (S.
3003 4829 3173 4902 Aug.,
3231 4830 3327 4885 lib.
3381 4830 3447 4886 de
3492 4832 3665 4887 Serm.

2022 4921 2242 4977 Domini
2289 4921 2346 4974 in
2398 4925 2596 4985 monte,
2655 4921 2798 4973 tom.
2859 4922 2960 4984 III,
3011 4923 3161 4992 part.
3215 4937 3253 4988 ι,
3309 4919 3416 4976 col.
3467 4921 3574 4977 293
3613 4925 3672 4977 et

2025 5017 2172 5082 seq.)

2093 5098 2301 5154 Fames
2322 5099 2369 5152 el
2399 5095 2527 5152 sitis
2558 5093 2795 5168 quidem
2823 5095 3052 5152 dolores
3075 5100 3233 5166 sunt,
3257 5101 3391 5165 etc.,
3414 5115 3584 5173 usque
3596 5098 3669 5154 ad

2023 5186 2136 5242 nisi
2165 5191 2226 5242 tu
2258 5185 2382 5241 des.
2417 5185 2498 5251 (S.
2529 5185 2676 5257 Aug.
2709 5185 2804 5240 lib.
2837 5202 2872 5240 x
2904 5185 3162 5258 Confess.,
3207 5191 3350 5244 tom.
3385 5188 3428 5256 Ι,
3461 5187 3568 5243 col.
3597 5187 3669 5241 97

2022 5279 2080 5331 et
2111 5279 2259 5346 seq.)

2094 5365 2210 5420 Nec
2240 5379 2346 5418 nos
2377 5365 2598 5418 terrent
2628 5361 2894 5434 quaedam
2935 5381 3096 5420 more
3145 5363 3521 5437 sapientium,
3553 5367 3664 5422 etc.

2021 5469 2193 5525 usque
2220 5451 2290 5508 ad
2320 5451 2370 5508 si
2402 5451 2527 5525 ipsa
2557 5468 2672 5506 non
2706 5451 2937 5507 desunt.
2975 5452 3053 5516 (S.
3088 5455 3258 5526 Aug.,
3287 5455 3382 5509 lib.
3415 5453 3481 5510 de
3511 5453 3669 5512 beata

2025 5541 2164 5610 Vita,
2199 5545 2340 5596 tom.
2377 5545 2420 5608 Ι,
2454 5539 2566 5596 col.
2594 5540 2743 5603 971).

2096 5629 2302 5687 Carnis
2349 5629 2560 5702 inquit,
2593 5628 3040 5702 providentiam,
3069 5633 3203 5697 etc.,
3234 5647 3404 5704 usque
3430 5635 3501 5690 ad
3531 5651 3671 5697 suas

3364 5857 3373 5880 Ᾱ

3433 5935 3438 5938 -
3482 5922 3508 5942 ἶὶ

3491 5945 3508 5955 4.
