4024 6180
444 243 562 310 315

1639 250 1871 316 FLORI
1912 248 2229 318 DIACONI
2271 252 2658 320 MONACHI.

3677 260 3776 326 316

445 350 835 443 infirmitates.
870 385 951 459 (S.
983 386 1153 461 Aug.,
1199 387 1354 459 epist.
1405 403 1568 454 cxxx,
1621 386 1691 442 ad
1736 388 1991 476 Probum,
2024 386 2088 442 de
2116 392 2169 454 Α
2274 390 2440 445 Omne
2470 399 2651 446 autem
2679 390 2820 463 quod
2846 408 2954 448 non
2985 399 3063 449 est
3091 406 3161 449 es:
3187 390 3289 465 ﬁde
3311 394 3778 466 peccatumﬂmnie

444 482 609 540 orat,
641 478 783 532 tom.
816 474 887 545 ΙΙ,
919 475 1028 532 col.
1064 474 1211 550 497).

1059 663 1289 719 CAPUT
1327 663 1468 719 XIV.

510 834 799 906 Inﬁrmum
826 841 1074 889 autem...
1108 833 1227 888 olus
1246 832 1553 888 manducet.
1574 832 1684 888 Cor
1705 832 1962 889 hominis
1980 850 2085 890 nec

437 924 633 980 videre
680 938 995 996 possumus
1045 938 1149 977 nec
1198 922 1526 977 ostendere.
1561 921 1714 978 Deus
1759 921 1921 990 dicit,
1946 926 2080 992 etc.,

437 1029 604 1087 usque
634 1011 703 1068 ad
733 1011 1059 1067 mercedem
1090 1011 1373 1082 aequalem
1422 1015 1786 1082 accepturus.
1816 1008 1899 1073 (S.
1932 1013 2079 1085 Aug.

433 1120 597 1159 serm.
630 1102 695 1157 de
723 1108 890 1173 apost.
927 1101 1101 1155 Paulo
1150 1102 1208 1155 in
1254 1115 1493 1156 convers.
1540 1098 1824 1172 cujusdam
1869 1104 2077 1169 Fausti,

434 1195 578 1249 tom.
607 1190 676 1260 V,
710 1196 860 1263 part.
895 1208 952 1257 ιι,
988 1188 1095 1245 col.
1132 1190 1269 1244 1729
1301 1194 1359 1245 et
1388 1192 1534 1262 seq.)

504 1285 557 1338 Is
586 1283 682 1355 qui
727 1280 1054 1347 manducat,
1106 1286 1229 1346 etc.,
1281 1294 1466 1350 usque
1525 1280 1596 1335 ad
1655 1282 1951 1353 assumpsit
2001 1269 2081 1337 Ea

434 1372 587 1427 facta
608 1387 733 1443 quae
757 1366 1001 1424 dubium
1027 1372 1117 1423 est
1137 1383 1252 1439 quo
1275 1367 1472 1423 animo
1493 1368 1806 1436 ﬁant,etc.,
1824 1386 1994 1442 usque
2010 1371 2080 1425 ad

431 1460 810 1534 cogitationes
841 1456 1053 1513 cordis.
1089 1457 1165 1521 (S.
1201 1458 1371 1529 Aug.,
1405 1457 1501 1513 lib.
1536 1458 1600 1514 de
1628 1463 1804 1515 Serm.
1837 1464 1997 1521 Dom.
2018 1461 2075 1514 in

428 1557 629 1614 monte,
664 1552 805 1603 tom.
842 1546 935 1613 ΙΙΙ,
969 1549 1117 1618 part.
1149 1562 1183 1612 ι,
1219 1545 1328 1601 col.
1366 1547 1548 1609 1241.)

502 1640 641 1693 Cum
675 1636 970 1703 audimus,
996 1633 1095 1707 qui
1117 1634 1302 1690 credit
1324 1634 1381 1689 in
1412 1635 1731 1704 Christum,
1754 1641 1886 1706 etc.,
1906 1654 2076 1711 usque

428 1726 498 1782 ad
520 1725 597 1781 sit
617 1725 872 1780 futurus.
899 1722 1263 1797 (S.Aug.,lib.
1288 1721 1353 1777 de
1373 1728 1545 1792 Agon.
1572 1723 1905 1792 Christiano,
1929 1729 2070 1780 tom.

428 1813 525 1885 Vl,
560 1811 669 1869 col.
704 1813 853 1878 305.)

507 1904 582 1959 Tu
611 1902 733 1973 quis
761 1917 814 1956 es
837 1901 936 1973 qui
955 1899 1192 1971 judicas,
1225 1907 1345 1964 etc.,
1380 1917 1568 1973 usque
1599 1902 1672 1958 ad
1702 1904 1765 1957 in
1791 1919 1890 1959 suo
1917 1919 2079 1959 sensu

430 1989 691 2049 abundet.
744 1987 1022 2055 Quamvis
1075 1988 1146 2044 de
1199 1988 1476 2045 omnibus
1535 1990 1906 2064 regeneratis,
1941 1996 2076 2057 etc.,

428 2096 597 2154 usque
617 2080 686 2135 ad
715 2077 886 2151 erigit
913 2076 1108 2133 elisos.
1135 2078 1217 2141 (S.
1240 2080 1413 2151 Aug.,
1447 2080 1544 2134 lib.
1575 2080 1640 2136 de
1670 2081 1790 2137 Cor.
1821 2089 1873 2137 et
1902 2081 2074 2150 Grat.,

427 2173 572 2225 tom.
605 2168 670 2237 Χ,
703 2170 852 2240 part.
886 2183 947 2235 ιι,
982 2166 1093 2222 col.
1126 2166 1276 2232 938-.)

500 2258 607 2327 Qui
631 2258 776 2331 sapit
801 2257 968 2329 diem,
994 2258 1224 2313 Domino
1252 2259 1415 2329 sapit.
1433 2257 1548 2314 Nec
1582 2258 1678 2314 isti
1709 2257 1962 2316 ecclesiae
1985 2260 2077 2316 de-

426 2347 545 2404 voti
575 2351 716 2404 sunt
762 2344 864 2419 qui
911 2345 1186 2401 videntur
1231 2362 1358 2402 esse
1409 2346 1588 2414 intus,
1639 2351 1773 2415 etc.,
1807 2365 1978 2422 usque
2005 2349 2076 2404 ad

428 2434 749 2511 deputandi
782 2438 939 2491 sunt.
974 2435 1356 2507 (S.Aug.,lib.
1384 2453 1437 2491 ιν
1455 2436 1520 2492 de
1550 2432 2071 2510 Baptis.paro.cont.

426 2527 758 2594 Donatistas,
792 2528 935 2580 tom.
970 2522 1062 2591 IX,
1096 2523 1203 2579 col.
1242 2524 1344 2580 195
1375 2528 1431 2580 et
1462 2532 1613 2598 seq.)

497 2618 563 2672 Et
590 2616 689 2688 qui
716 2613 1032 2681 manducat,
1061 2621 1183 2681 etc.,
1225 2630 1413 2685 usque
1444 2614 1516 2670 ad
1546 2616 1752 2686 gratias
1780 2616 1930 2671 enim
1959 2618 2078 2688 agit

426 2710 557 2763 Deo.
591 2705 677 2761 Ita
706 2703 928 2759 dictum
960 2705 1068 2771 est,
1085 2701 1534 2759 annuntiabitur
1560 2703 1808 2760 Domino
1839 2720 2075 2777 genera-

425 2792 507 2850 tio
535 2794 799 2858 ventura,
833 2793 965 2857 etc.,
996 2804 1164 2864 usque
1191 2788 1263 2845 ad
1292 2789 1540 2846 Domino
1566 2789 1772 2847 vivere.
1807 2791 2069 2865 (S.Aug.,

423 2896 608 2955 expos.
638 2882 699 2937 in
721 2879 864 2953 psal.
896 2895 1013 2947 χιιι,
1046 2883 1188 2934 tom.
1222 2877 1316 2945 IV,
1350 2882 1501 2951 part.
1535 2896 1575 2946 ι,
1608 2878 1716 2935 col.
1752 2881 1892 2943 170.)

498 2970 591 3027 Sic
616 2968 839 3026 dictum
861 2972 972 3037 est,
994 2967 1095 3040 qui
1117 2967 1436 3024 manducet
1456 2967 1703 3025 Domino
1732 2970 2066 3037 manducet,

425 3063 559 3131 etc.,
579 3074 750 3132 usque
767 3057 836 3114 ad
856 3056 1134 3130 mysterio
1164 3056 1508 3113 celebratur.
1536 3056 1791 3130 (S.Aug.,
1815 3074 1884 3114 ex
1904 3057 2070 3114 lib.de

426 3149 638 3216 Gratia,
668 3153 810 3203 tom.
843 3145 909 3215 X,
942 3149 1093 3218 part.
1126 3163 1164 3213 ι,
1198 3144 1307 3201 col.
1340 3146 1489 3206 382.)

492 3239 654 3294 Nemo
683 3237 831 3292 enim
857 3242 1123 3301 nostrum,
1143 3242 1267 3301 etc.,
1303 3250 1490 3306 usque
1514 3234 1586 3290 ad
1609 3235 1830 3292 Domini
1854 3253 2065 3293 sumus.

424 3326 591 3384 Sicut
609 3322 841 3381 Domini
872 3321 1301 3396 magnitudinis
1322 3339 1436 3379 non
1458 3326 1546 3380 est
1565 3322 1721 3391 ﬁnis,
1744 3327 1875 3394 etc.,
1900 3342 2071 3398 usque

426 3414 497 3472 ad
513 3413 776 3470 vivorum
799 3410 1153 3469 dominetur.
1177 3412 1257 3476 (8.
1280 3413 1451 3485 Aug.,
1477 3419 1631 3468 tract.
1659 3414 1717 3468 in
1732 3414 2065 3485 psal.cxuv,

424 3508 567 3561 tom.
602 3502 694 3571 IV,
726 3504 875 3575 part.
909 3518 969 3569 ιι,
1001 3499 1109 3557 col.
1142 3500 1326 3561 4872.)

493 3593 557 3650 In
579 3593 844 3649 hocenim
875 3591 1138 3658 Christus,
1173 3597 1297 3658 etc.,
1332 3606 1518 3663 usque
1554 3591 1626 3647 ad
1658 3594 1927 3649 rationem
1948 3594 2069 3650 red-

423 3681 512 3739 det
525 3686 654 3738 Deo.
680 3680 817 3735 Ideo
835 3678 1100 3735 Christus
1121 3682 1391 3734 mortuus
1411 3683 1499 3735 est
1510 3683 1568 3735 et
1580 3681 1913 3750 resurrexit,
1933 3687 2068 3751 etc.,

423 3785 596 3842 usque
612 3767 684 3824 ad
702 3766 850 3824 liber
868 3765 930 3822 in
952 3764 1222 3823 mortuis.
1249 3769 1326 3831 (8.
1348 3768 1523 3841 Aug.,
1547 3769 1647 3824 lib.
1671 3769 2067 3840 Enchir.,tom.

422 3857 521 3925 VI,
550 3854 659 3913 col.
689 3855 840 3920 261.)

496 3946 766 4019 Regnent
794 3943 993 4018 itaque
1021 3960 1157 4000 cum
1187 3943 1288 4000 illo
1317 3943 1495 4001 etiam
1522 3962 1679 4003 nunc
1710 3947 1897 4004 sancti
1920 3949 2069 4020 ejus,

426 4038 562 4102 etc.,
589 4049 760 4106 usque
797 4033 869 4089 ad
912 4048 1158 4107 regnum
1189 4032 1420 4090 Christi.
1457 4035 1537 4103 (S.
1571 4037 1743 4109 Aug,
1777 4037 1876 4093 lib.
1908 4055 1981 4093 xx
2008 4037 2075 4094 de

428 4123 590 4180 Civil.
625 4123 745 4191 Dei,
775 4126 918 4178 tom.
952 4121 1074 4190 VII,
1103 4120 1211 4177 col.
1244 4123 1351 4178 675
1378 4126 1435 4179 et
1465 4130 1611 4195 seq.)

498 4212 618 4268 Non
663 4227 788 4282 ergo
844 4210 1105 4283 amplius,
1136 4218 1261 4280 etc.,
1297 4227 1484 4283 usque
1541 4215 1612 4270 ad
1674 4214 2075 4286 blasphemetur

428 4303 631 4360 bonum
666 4304 933 4356 nostrum.
966 4299 1092 4355 Duo
1141 4304 1280 4355 sunt
1330 4302 1392 4356 in
1437 4302 1656 4375 quibus
1698 4305 2074 4361 temerarium

418 4390 737 4464 judicium,
762 4392 894 4455 etc.,
919 4405 1090 4461 usque
1120 4389 1191 4443 ad
1217 4388 1304 4445 vel
1337 4390 1674 4449 invidentia.
1692 4393 1958 4467 (S.Aug.,
1975 4395 2072 4450 lib.

2197 476 2525 551 inﬁdelium
2556 479 2672 535 vita
2702 484 3006 553 peccatum
3036 485 3146 554 est,
3161 484 3291 551 etc.,
3310 498 3467 556 usque
3494 483 3557 539 ad
3585 482 3638 540 in
3657 487 3779 559 opti-

2197 566 2310 623 mis
2341 567 2624 711 moribus.
2656 569 2789 640 (Id.,
2818 571 2914 627 lib.
2947 570 3097 627 Sent.
3128 572 3396 644 Prospcri,
3409 575 3540 628 tom.
3562 572 3623 641 X,
3651 578 3776 647 part.

2196 671 2257 720 ιι,
2294 673 2359 713 co
2390 698 2402 711 .
2447 665 2456 710 ι
2470 658 2619 720 868.)

2244 699 2257 726 ,
2294 673 2402 713 con.
2447 673 2594 713 2808.

2827 767 3057 824 CAPUT
3094 767 3211 825 XV.

2264 872 2523 930 Debemus
2549 882 2740 930 autem
2769 891 2886 943 nos,
2917 884 3041 941 etc.,
3073 891 3263 948 usque
3292 876 3362 931 ad
3397 876 3684 933 ceciderunt
3705 895 3788 933 su-

2188 978 2289 1033 per
2313 978 2417 1019 me.
2453 962 2776 1036 Opprobria
2812 964 3288 1036 exprobrantium
3319 964 3443 1032 tibi,
3474 965 3786 1034 ceciderunt,

2192 1055 2325 1120 etc.,
2352 1068 2525 1124 usque
2568 1052 2638 1107 ad
2692 1069 2784 1108 me
2834 1053 3201 1109 invenerunt.
3235 1054 3365 1123 (Id.,
3398 1061 3546 1109 tract.
3576 1056 3629 1109 in
3666 1056 3787 1125 psal.

2190 1158 2359 1207 van,
2392 1145 2534 1196 tom.
2569 1141 2663 1209 IV,
2695 1146 2843 1214 part.
2876 1159 2914 1211 ι,
2948 1141 3057 1198 col.
3084 1143 3182 1197 851
3216 1141 3447 1215 et‘seq.)

2262 1230 2610 1302 Quacuon
2636 1234 2786 1287 enim
2811 1232 3016 1304 scripta
3041 1239 3521 1303 sunt,etc.,usque
3548 1232 3617 1288 ad
3644 1234 3697 1287 in
3716 1234 3792 1288 ho-

2185 1335 2379 1376 norem
2422 1322 2539 1376 Dei.
2600 1320 2716 1377 Nos
2773 1337 2909 1393 ergo
2968 1324 3026 1377 et
3077 1321 3150 1378 ad
3214 1320 3790 1378 commemorationem

2186 1408 2343 1476 ﬁdei,
2401 1413 2537 1477 etc.,
2597 1425 2768 1481 usque
2821 1409 2893 1464 ad
2949 1408 3238 1466 habemus
3295 1409 3367 1465 ad
3429 1408 3624 1465 Deum.
3679 1409 3791 1481 (Id.,

2187 1499 2285 1553 lib.
2319 1506 2488 1555 contr.
2521 1499 2779 1554 Faustum
2824 1498 3093 1566 Manich.,
3143 1502 3287 1554 tom.
3324 1497 3471 1565 VIII,
3520 1497 3602 1553 col
3632 1499 3723 1553 464
3748 1502 3797 1553 et

2184 1588 2330 1660 seq.)

2256 1679 2389 1733 Dico
2416 1679 2566 1733 enim
2608 1678 2885 1734 Christum
2929 1682 3119 1736 Jesum
3157 1678 3479 1733 ministmm
3522 1678 3682 1749 fuisse
3704 1678 3797 1731 cir-

2104 1763 2152 1828 B
2183 1769 2553 1832 eumcisionis,
2585 1776 2707 1835 etc.,
2742 1784 2931 1840 usque
2960 1768 3031 1822 ad
3061 1769 3113 1823 si
3142 1769 3292 1823 vobis
3321 1768 3643 1839 primumex
3665 1774 3799 1838 parte

2185 1859 2395 1929 fruitus
2422 1860 2599 1930 fuero.
2616 1857 2953 1913 Secundum
2977 1856 3231 1930 speciem
3254 1856 3694 1929 corporisquam
3712 1854 3799 1911 Ju-

2187 1947 2318 2013 daei,
2352 1951 2487 2014 etc.,
2519 1963 2694 2018 usque
2748 1947 2836 2003 ad
2889 1945 3297 2002 conﬁtentium
3356 1943 3642 2001 relaxavit.
3684 1944 3796 2015 (Id.,

2186 2043 2345 2091 tract.
2376 2036 2446 2091 28
2468 2037 2529 2090 in
2559 2037 2764 2104 Evang.
2794 2051 2896 2091 sec.
2928 2038 3124 2101 Joan.,
3155 2038 3300 2091 tom.
3337 2034 3434 2100 IIl,
3467 2037 3613 2107 part.
3629 2050 3683 2099 ιι,
3704 2030 3798 2088 col.

2186 2125 2326 2180 1624
2355 2128 2413 2180 et
2442 2130 2590 2196 seq.)

2255 2214 2564 2285 Propterea
2610 2213 2929 2269 confitebor
2968 2212 3075 2269 tibi
3125 2213 3186 2268 in
3231 2213 3530 2286 gentibus,
3562 2209 3801 2276 Domine,

2183 2306 2489 2380 prOpterea
2508 2301 2615 2358 tibi
2634 2316 2737 2374 per
2756 2317 2850 2358 me
2871 2302 3314 2358 confitebuntur
3331 2299 3798 2375 gentes,Domine.

2185 2391 2252 2446 Et
2281 2390 2504 2447 nomini
2548 2394 2651 2446 tuo
2703 2389 2975 2463 psallam,
3009 2395 3065 2446 et
3092 2390 3276 2447 latius
3310 2391 3653 2456 innotesces,
3683 2391 3804 2455 etc.,

2180 2496 2356 2553 usque
2412 2480 2499 2536 ad
2555 2479 2799 2552 spiritus
2857 2479 2972 2535 sui.
3032 2479 3162 2552 (Id.,
3224 2481 3326 2536 lib.
3359 2479 3426 2536 de
3463 2479 3649 2535 Gratia
3689 2476 3807 2532 Novi

2187 2569 2522 2637 Testamenti,
2554 2571 2698 2624 tom.
2730 2572 2803 2636 II,
2836 2568 2946 2624 col.
2979 2570 3086 2625 556
3113 2573 3172 2625 et
3200 2569 3354 2641 seq.)

2253 2658 2326 2714 Ut
2343 2656 2634 2714 inhabitet
2653 2656 2839 2730 gloria
2866 2658 2925 2712 in
2957 2661 3112 2714 terra
3141 2662 3368 2725 nostra,
3392 2660 3527 2725 etc.,
3552 2672 3718 2730 usque
3742 2653 3809 2710 ad

2180 2750 2559 2803 occurrerunt
2604 2745 2737 2803 sibi.
2791 2746 2922 2819 (Id.,
2956 2755 3114 2803 tract.
3149 2749 3206 2803 in
3233 2748 3379 2819 psal.
3420 2762 3635 2813 LXXXIV,
3678 2748 3804 2799 tom.

2178 2836 2274 2905 IV,
2302 2840 2451 2909 part.
2486 2852 2547 2903 ιι,
2583 2834 2691 2892 col.
2726 2837 2866 2891 1077
2893 2838 2952 2891 et
2983 2837 3133 2908 seq.)

2248 2924 2536 2992 Quoniam
2561 2924 2776 2998 populo
2797 2923 2979 2981 Israel
3009 2925 3205 2993 etiam,
3230 2929 3370 2994 etc.,
3392 2940 3571 2997 usque
3596 2922 3676 2979 ad
3693 2936 3803 2993 pro-

2179 3013 2491 3072 missiones
2520 3017 2778 3087 patrum.
2810 3014 2942 3082 (Id.,
2963 3022 3122 3070 tract.
3145 3016 3206 3070 in
3223 3014 3372 3086 psal.
3410 3016 3801 3080 Lxxxvm,tom.

2099 3133 2142 3200 ρ
2181 3104 2291 3200 IV,
2309 3107 2458 3176 part.
2494 3120 2555 3171 ιι,
2588 3101 2696 3159 col.
2728 3102 2911 3173 1121.)

2253 3193 2438 3249 Gentes
2465 3200 2649 3248 autem
2673 3208 2836 3264 super
2860 3192 3240 3249 misericordia
3290 3192 3605 3266 gloriﬁcare
3634 3194 3805 3247 Deum.

2178 3284 2296 3339 Rex
2315 3298 2453 3355 ergo
2474 3281 2812 3337 Judaaorum
2843 3280 3134 3347 Christus,
3165 3285 3304 3349 etc.,
3329 3298 3510 3356 usque
3538 3280 3624 3338 ad
3650 3292 3811 3334 mere-

2178 3375 2382 3429 rentur
2435 3370 2726 3426 accedere.
2767 3369 2971 3439 (Idem,
3029 3387 3194 3427 serm.
3254 3370 3325 3428 de
3378 3386 3526 3444 pass.
3586 3366 3808 3436 Domini,

2175 3463 2320 3517 tom.
2351 3459 2420 3526 V,
2453 3462 2604 3532 part.
2638 3476 2699 3526 ιι,
2731 3457 2843 3514 col.
2877 3458 3056 3518 1723.)

2250 3548 2536 3604 Dominus
2565 3547 2667 3619 qui
2700 3546 2877 3603 dixit:
2898 3547 3023 3602 Non
3045 3564 3178 3604 sum
3210 3548 3439 3605 missus
3469 3546 3583 3603 nisi
3602 3545 3674 3602 ad
3695 3557 3813 3600 oves

2179 3654 2306 3711 qua:
2339 3637 2997 3709 perierunt,etc.,usque
3024 3637 3112 3693 ad
3139 3653 3276 3693 cum
3311 3637 3487 3710 plebe
3517 3638 3664 3708 ejus.
3697 3632 3812 3700 (Ida

2176 3741 2341 3784 sem.
2355 3726 2420 3782 de
2434 3740 2584 3798 pass.
2601 3725 2843 3782 Domini.
2856 3729 3002 3781 tom.
3013 3724 3082 3792 V,
3099 3729 3251 3798 part.
3270 3743 3338 3796 ιι,
3355 3725 3469 3783 col.
3488 3726 3598 3782 486
3613 3727 3670 3780 et
3685 3722 3815 3792 seq.)

2248 3815 2407 3872 Nunc
2433 3815 2611 3884 igitur
2629 3813 2975 3886 proﬁciscar,
3002 3821 3129 3884 etc.,
3162 3830 3356 3888 usque
3386 3815 3463 3872 ad
3493 3816 3570 3871 sit
3586 3825 3819 3871 cinnam-

2176 3905 2342 3961 nibus
2368 3903 2539 3959 vobis.
2573 3902 2762 3959 Amen.
2795 3900 3139 3959 Communis
3188 3919 3336 3960 cura
3393 3907 3525 3962 erat
3563 3898 3818 3959 omnibus

2179 3990 2479 4066 apostolis,
2514 3994 2648 4058 etc.,
2679 4007 2854 4064 usque
2881 3991 2967 4047 ad
2995 3990 3213 4047 idcirco
3255 3991 3362 4049 ait.
3412 3992 3624 4062 (Idem,
3653 4002 3819 4061 exp“.

2178 4082 2336 4154 epist.
2370 4080 2439 4136 ad
2468 4080 2617 4147 Gal.,
2647 4083 2791 4135 tom.
2825 4081 2925 4148 III,
2955 4084 3106 4152 part.
3142 4098 3200 4147 ιι,
3232 4080 3347 4137 col.
3381 4082 3575 4149 2144.)

2250 4171 2408 4226 Nunc
2434 4176 2614 4225 autem
2641 4184 2886 4241 pergam,
2919 4176 3043 4237 etc.,
3074 4185 3264 4241 usque
3294 4171 3373 4227 ad
3426 4171 3491 4226 in
3522 4164 3824 4226 carnalibus

2182 4261 2497 4315 ministrare
2524 4259 2624 4313 eis.
2658 4257 2765 4324 Qui
2823 4256 2964 4329 quia
3018 4274 3198 4330 prope
3250 4256 3484 4315 inventi
3514 4260 3675 4324 sunt,
3703 4256 3821 4315 etc.,

2180 4364 2355 4421 usque
2383 4346 2471 4403 ad
2497 4346 2831 4401 ministrare
2862 4345 2967 4401 eis.
3000 4347 3203 4415 (Idem,
3237 4348 3337 4403 lib.
3362 4348 3433 4404 de
3465 4351 3638 4420 Oper.
3670 4358 3825 4407 mam,

2182 4440 2327 4492 tom.
2359 4434 2459 4503 VI,
2489 4433 2600 4490 col.
2630 4434 2782 4497 568.)

428 4497 467 4536 "
493 4479 1671 4598 iii”;,?°ﬂ;_"ﬁjfffff',fff";,f";§fﬂ‘;
1699 4481 2077 4598 1,3311%}
2105 4502 2151 4567 D
2186 4479 2908 4580 "Vcia'v'iéékii‘iidsi
2931 4527 3099 4581 tanta
3128 4523 3298 4598 signa
3326 4524 3482 4594 ﬁeri,
3516 4528 3655 4590 etc.,
3675 4531 3829 4594 usque

497 4569 617 4624 Non
645 4575 723 4623 est
747 4568 896 4623 enim
924 4582 1155 4639 regnum
1181 4568 1300 4634 Dei,
1334 4574 1458 4633 etc.,
1482 4584 1671 4640 usque
1698 4570 1769 4625 ad
1798 4570 2074 4628 destruere

427 4671 561 4727 opus
589 4656 704 4711 Dei.
739 4656 900 4721 Quod
948 4658 1144 4712 autem
1196 4655 1519 4728 subjunxit,
1552 4661 1608 4713 et
1636 4658 1963 4730 justificata
1986 4664 2076 4716 est

428 4742 736 4815 sapientia,
794 4747 927 4811 etc.,
986 4760 1155 4816 usque
1210 4744 1281 4801 ad
1338 4749 1617 4818 perpetuo
1672 4747 1908 4804 retineri
1939 4748 2079 4819 (Id.,.

429 4831 527 4888 lib.
560 4837 755 4903 quaest.
786 4833 845 4885 in
870 4833 1109 4904 Evang.,
1130 4836 1275 4889 tom.
1307 4834 1400 4903 III,
1432 4839 1582 4907 part.
1617 4852 1678 4904 ιι,
1712 4835 1823 4893 col.
1858 4838 1997 4894 1337
2014 4842 2073 4894 et

430 4925 580 4992 seq.)

503 5007 701 5063 Omnia
747 5007 965 5079 quidem
1009 5017 1155 5078 sunt,
1186 5018 1313 5078 etc.,
1346 5028 1536 5085 usque
1567 5015 1639 5069 ad
1671 5017 1805 5087 quia
1848 5031 1959 5072 non
2004 5033 2075 5073 ea:

428 5095 553 5168 ﬁde.
585 5096 672 5151 An
704 5112 819 5151 non
849 5094 1118 5152 videmus
1150 5096 1463 5171 Israelitas,
1486 5104 1619 5169 etc.,
1647 5120 1816 5176 usque
1844 5104 1914 5160 ad
1944 5121 2074 5177 pro-

430 5189 562 5259 pter
607 5182 944 5241 lenticulam
994 5186 1266 5258 perdidit.
1300 5186 1429 5258 (Id.,
1463 5197 1618 5247 tract.
1648 5194 1720 5248 73
1767 5194 1828 5249 in
1858 5196 2071 5264 Evang.

426 5291 531 5332 sec.
562 5277 730 5333 Joan.
767 5274 817 5340 1,
851 5277 992 5329 tom.
1026 5277 1128 5343 III,
1160 5278 1308 5347 part.
1343 5293 1403 5344 ιι,
1438 5277 1547 5332 col.
1580 5280 1758 5344 1824.)

500 5362 705 5419 Audivi
738 5361 914 5420 aliam
946 5378 1145 5419 vocem
1188 5366 1374 5431 tuam,
1408 5369 1542 5433 etc.,
1572 5384 1743 5440 usque
1771 5370 1841 5426 ad
1871 5388 2076 5429 omnes

498 5451 781 5508 ribentur.
845 5450 975 5523 (Id.,
1050 5452 1146 5507 lib.
1208 5468 1245 5507 x
1319 5452 1748 5530 Confessionum,
1828 5464 1968 5516 tom.
2029 5462 2072 5530 Ι,

503 5539 543 5597 l.
574 5540 680 5597 799
705 5544 763 5599 et
792 5541 940 5614 seq.)

2180 4614 2267 4669 ad
2290 4611 2573 4668 charitate
2614 4611 3046 4685 copularentur.
3082 4613 3288 4681 (Idem,
3322 4613 3437 4671 lib.
3471 4614 3550 4671 de
3582 4607 3829 4669 Catechi-

2178 4701 2395 4758 mndis
2424 4700 2694 4768 rudibus,
2726 4703 2870 4756 tom.
2901 4699 2997 4768 VI,
3026 4699 3137 4757 col.
3168 4701 3274 4756 340
3303 4705 3364 4757 et
3393 4710 3551 4773 seq.)

2797 4824 3028 4882 CAPUT
3065 4824 3209 4881 XVI.

2253 4932 2574 4992 Commendo
2628 4940 2809 4989 autem
2863 4933 3014 4990 vobis
3069 4932 3331 5005 Phceben,
3361 4941 3500 5001 etc.,
3532 4945 3724 5004 usque
3773 4924 3837 4982 ad

2178 5023 2450 5094 sapientes
2498 5037 2612 5077 esse
2660 5023 2721 5077 in
2769 5024 2924 5090 bono,
2956 5031 3007 5078 et
3034 5020 3311 5094 simplices
3346 5023 3410 5077 in
3446 5022 3624 5077 malo.
3657 5014 3838 5089 Capti-

2183 5113 2351 5165 vatus
2382 5113 2471 5166 est
2500 5109 2754 5183 populus
2784 5109 2962 5167 Israel
3001 5126 3069 5166 ex
3098 5110 3347 5179 civitate,
3380 5114 3528 5177 etc.,
3560 5122 3736 5183 usque
3765 5100 3842 5160 ad

2185 5202 2485 5271 ceperunt
2512 5198 2687 5255 exire.
2722 5199 2926 5267 (Idem,
2958 5205 3130 5257 tract.
3168 5201 3232 5256 in
3256 5190 3841 5274 psal.inv,tom.lV:

2184 5290 2333 5359 part.
2368 5304 2409 5355 ι,
2442 5287 2547 5343 col.
2583 5288 2690 5342 772
2719 5291 2776 5343 et
2805 5297 2954 5360 seq.)

2257 5375 2462 5431 Omnis
2491 5374 2757 5431 eruditus
2780 5375 2839 5431 in
2858 5381 3065 5433 sancta
3095 5375 3370 5442 Ecclesia,
3398 5380 3546 5445 etc.,
3574 5366 3850 5448 usquead

2186 5481 2425 5537 corpore
2455 5465 2870 5538 separandum.
2898 5465 3107 5534 (Idem,
3139 5472 3317 5539 tract.
3337 5465 3406 5521 in
3432 5465 3592 5539 psal.
3630 5474 3845 5523 cxxxvl.

2186 5558 2329 5612 tom.
2364 5553 2458 5622 IV,
2491 5558 2641 5626 part.
2673 5570 2735 5620 ιι,
2768 5552 2878 5611 col.
2916 5554 3043 5612 1761
3083 5559 3140 5612 et
3170 5554 3316 5628 seq.)
