4024 6180
233 268 342 332 817

1068 272 1483 338 EXPOSI’I‘IO
1520 276 1601 347 IN
1643 277 1816 343 EPP.
1862 280 2218 345 PAULL—
2246 285 2425 346 ΕΡ.ιῙ
2472 288 2574 348 AD
2617 288 2793 352 COR.

3517 294 3637 361 318

297 406 431 459 Deus
460 411 645 460 autem
667 406 842 476 pacis,
875 414 997 471 etc.,
1019 423 1205 480 usque
1227 409 1294 464 ad
1312 409 1727 481 praedicationts
1749 416 1871 471 Iesu
1901 414 1960 487 Α
1992 416 2142 489 ignis
2174 435 2289 474 non
2321 419 2472 475 sicut
2501 421 3007 499 Deus,etc.,usquc
3032 426 3104 483 ad
3124 430 3215 484 est
3243 444 3377 485 vera
3406 432 3655 491 aeterni:

237 492 462 549 Christi.
486 489 719 547 Dictum
743 495 834 549 est
849 492 1079 549 mulieri
1110 495 1197 551 vel
1230 497 1425 569 potius
1449 500 1873 573 serpenti,etc.,

232 596 399 654 usque
425 579 497 635 ad
527 581 717 637 factus
748 586 838 639 est
867 583 1155 642 diabolus.
1184 586 1391 655 (Idem,
1413 595 1571 645 tract.
1584 592 1730 662 psal.
1753 609 1872 662 c111,

231 672 364 725 tom.
400 668 493 735 IV,
526 673 659 741 part
687 687 749 735 11,
780 670 889 727 col.
926 671 1028 728 108
1058 677 1113 729 et
1142 676 1291 747 seq.)

1990 511 2101 563 tas.
2165 508 2367 579 (Idem,
2403 509 2498 577 lib,
2549 511 2613 567 de
2666 512 2865 570 Natur.
2928 516 3074 584 boni,
3126 519 3271 573 tom.
3327 517 3481 591 VIII,
3524 521 3632 579 col.

1982 596 2132 669 563.)

2053 690 2121 741 In
2152 685 2251 741 illo
2283 687 2458 743 etiam
2491 688 2827 747 testimonio
2858 692 2957 748 ubi
3011 693 3094 750 ait
3131 695 3465 768 Apostolus,
3498 703 3633 768 etc.,

295 758 596 814 Secundum
626 760 1010 857 reuelationem
1037 767 1308 835 mysterii,
1339 774 1459 836 etc.,
1494 772 1795 842 usque‘ad
1824 780 1877 829 et
1982 792 2150 848 usque
2179 776 2249 831 ad
2276 780 2451 849 atque
2496 778 2904 836 immobilitate
2946 758 3198 840 naturae:
3224 785 3428 857 (Idem,
3451 758 3561 845 lib.
3595 758 3636 845 11

229 847 399 919 gloria
425 848 485 901 in
503 847 712 905 saecula
759 851 1108 907 saeculorum.
1142 853 1329 912 Amen.
1361 860 1627 915 Eternus
1676 866 1875 919 autem
1981 847 2154 921 contr.
2191 847 2455 933 Marium,
2487 870 2630 923 tom.
2663 868 2817 939 VIII,
2848 870 2957 925 col.
2986 871 3091 925 797
3123 877 3180 929 et
3205 847 3327 947 seq.

231 1006 2984 1042 -———-———-————————________________________________

987 1152 1092 1236 IN
1153 1154 1798 1248 EPISTOLAM
1852 1161 1887 1247 1
1944 1163 2086 1249 AD
2146 1102 2875 1255 COIIINTHIOS.

1721 1341 2134 1360 Ἢ

775 1460 1130 1518 ARGUMEN
1137 1462 1313 1520 TUM.

285 1544 567 1602 Corinthii
589 1551 730 1604 sunt
745 1549 1075 1619 Achaici,et
1104 1550 1166 1607 hi
1198 1553 1470 1611 similiter
1498 1556 1570 1612 ab
1591 1558 1867 1631 Apostolo

222 1634 529 1691 audierunt
559 1637 803 1693 verbum
834 1638 1116 1707 veritatis,
1135 1646 1191 1697 et
1223 1643 1486 1700 subversi
1508 1651 1647 1703 sunt
1669 1646 1868 1704 multi-

220 1723 349 1780 farie
367 1741 403 1780 a
425 1724 594 1782 falsis
605 1727 1152 1802 apostolis,quidam
1176 1748 1210 1787 a
1224 1731 1607 1807 philosOphiaa
1624 1737 1868 1793 verbosa

219 1811 567 1885 eloquentia,
603 1814 700 1869 alii
734 1821 893 1872 secta
939 1817 1085 1891 legis
1132 1820 1390 1877 Iudaicae
1442 1822 1666 1880 inducti
1708 1829 1864 1881 sunt-

216 1904 324 1958 Hos
354 1909 591 1959 revocat
618 1905 934 1977 Apostolus
964 1908 1037 1963 ad
1067 1925 1263 1966 veram
1288 1910 1463 1967 fidem
1486 1916 1543 1968 et
1576 1914 1865 1986 evangeli-

1974 1478 2254 1531 venerant
2275 1474 2513 1532 ostium.
2531 1477 2736 1549 (Idem,
2750 1486 2904 1535 tract.
2922 1480 2990 1534 47
3013 1481 3073 1534 in
3092 1482 3308 1552 Evang.
3325 1499 3428 1539 sec.
3442 1487 3598 1542 Ioan.
3611 1528 3625 1555 ,

1976 1565 2120 1617 tom.
2154 1567 2256 1632 III,
2292 1569 2441 1636 part.
2477 1583 2537 1633 11,
2570 1566 2680 1622 col.
2714 1568 2854 1624 1734
2876 1572 2933 1623 et
2962 1571 3113 1641 seq.)

2048 1659 2263 1718 Discite
2295 1668 2581 1735 quantum
2616 1666 2987 1737 presumatis
3016 1667 3088 1723 de
3119 1667 3257 1736 Deo,
3289 1672 3422 1738 etc.,
3466 1688 3632 1745 usque

1977 1748 2047 1803 ad
2069 1749 2481 1822 mysteriorum
2506 1754 2627 1810 Dei.
2652 1754 2857 1824 (Idem,
2873 1764 3031 1812 tract.
3066 1758 3128 1811 in
3142 1758 3286 1828 psal.
3310 1763 3626 1828 xxxv,tom.

1978 1837 2071 1905 IV,
2106 1844 2255 1909 part.
2291 1854 2330 1912 1,
2365 1840 2475 1897 col.
2508 1841 2615 1898 547
2635 1847 2693 1899 et
2711 1861 2834 1917 seq.

2046 1935 2311 1994 Ecclesia:
2342 1937 2475 1994 filiae
2496 1940 2918 2012 apostolorum,
2941 1945 3074 2011 etc.,
3090 1958 3262 2016 usque
3291 1943 3362 1999 ad
3380 1944 3628 2018 gloriam

218 1992 744 2106 ςεξιδεαρίεηιίαω,
779 1996 1043 2053 scribens
1068 1998 1153 2055 eis
1183 1999 1256 2055 ab
1286 1999 1514 2073 Epheso
1546 2018 1648 2075 per
1678 2004 1869 2060 τίιηο·
1975 2040 2251 2095 φωρ...
2287 1992 2918 2101 gestias-535.1:
3122 1992 3263 2087 ιδ...
3296 1992 3625 2106 ινξρεηα,

220 2079 440 2135 theam.

745 2172 980 2231 CAPUT
1020 2175 1328 2234 PRIMUM.

277 2258 493 2315 Paulus
524 2268 743 2318 vocatus
764 2264 1036 2335 apostolus
1053 2267 1179 2322 Iesu
1206 2266 1429 2337 Christi,
1443 2277 1760 2341 etc.,usque
1789 2270 1862 2326 ad

218 2347 271 2401 in
298 2348 525 2404 Christo
542 2353 677 2406 Iesu
706 2354 906 2407 vocatis
933 2355 1156 2410 sanctis.
1181 2355 1398 2413 Paulus
1419 2358 1609 2430 primo
1627 2358 1860 2427 Saulus,

213 2434 312 2492 hoc
330 2441 428 2492 est
448 2437 640 2508 primo
666 2441 976 2512 superbus,
1000 2447 1133 2510 etc.,
1148 2461 1318 2517 usque
1337 2445 1408 2501 ad
1433 2445 1565 2519 plus
1587 2447 1862 2505 omnibus

212 2524 455 2581 sanavit.
495 2526 576 2597 (S.
629 2528 796 2602 Aug.,
825 2546 988 2585 serm.
1038 2533 1244 2603 Evang.
1277 2533 1343 2590 de
1390 2536 1619 2593 muliere
1661 2539 1859 2609 Chan.,

206 2791 320 2850 Iesu
348 2793 587 2851 Christo.
604 2794 712 2862 Qui
737 2797 1015 2854 devorant
1037 2799 1320 2873 populum
1344 2818 1541 2858 meum
1579 2807 1642 2858 ut
1663 2804 1860 2862 cibum

206 2881 398 2954 panis,
428 2886 563 2953 etc.,
597 2901 764 2957 usque
792 2886 862 2942 ad
912 2888 1183 2945 invocant
1229 2894 1427 2959 Deum.
1464 2892 1663 2963 (Idem,
1697 2902 1856 2950 tract.

205 2971 262 3024 in
281 2972 437 3043 psal.
472 2986 570 3039 1.11,
603 2977 745 3030 tom.
770 2975 861 3043 IV,
894 2982 1041 3049 part.
1078 2996 1116 3049 1,
1149 2977 1257 3035 col.
1281 2981 1434 3049 617.)

266 3061 334 3115 Et
362 3059 631 3117 multum
653 3062 985 3122 misericors
1015 3067 1645 3143 omnibus,etc.,usquc
1673 3070 1744 3127 ad
1775 3071 1859 3126 in-

204 3150 553 3207 vocantibus
594 3156 670 3206 te.
703 3152 903 3224 (Idem,
935 3162 1086 3212 tract.
1123 3163 1183 3213 in
1206 3159 1353 3231 psal.
1390 3176 1553 3226 ωαχ,

206 3241 347 3308 part.
380 3254 453 3306 11,
489 3238 598 3295 col.
632 3240 772 3297 1038
802 3246 859 3298 et
891 3249 1036 3316 seq.)

206 3324 379 3400 Prope
415 3331 505 3383 est
524 3328 813 3387 Dominus
835 3333 1109 3390 omnibus
1128 3335 1530 3393 invocantibus
1561 3342 1855 3407 eum,etc.,

203 3428 359 3487 usque
389 3416 469 3471 ad
498 3416 730 3474 invocat
762 3420 941 3477 Deum
972 3421 1031 3477 in
1079 3423 1335 3480 veritate.
1368 3426 1575 3495 (Idem,
1608 3435 1763 3484 tract.
1797 3430 1858 3484 in

196 3505 324 3575 psal.
359 3522 554 3575 cxuv,
588 3511 734 3563 tom.
769 3509 866 3579 IV,
898 3516 1045 3583 part.
1077 3528 1138 3581 11,
1167 3512 1275 3569 col.
1304 3514 1465 3583 1882,
1501 3516 1686 3588 1883.)

264 3593 507 3651 Invocat
554 3600 634 3662 te,
672 3597 934 3668 Domine,
978 3601 1123 3657 fides
1173 3618 1321 3672 mea,
1373 3608 1507 3673 etc.,
1561 3622 1731 3678 usque
1785 3607 1856 3663 ad

200 3695 324 3738 cum
370 3683 663 3740 invocabo
712 3700 868 3744 eum.
911 3688 1117 3760 (Idem,
1152 3690 1245 3748 lib.
1282 3706 1303 3749 1
1334 3693 1569 3766 Confes.,
1618 3698 1762 3752 tom.
1803 3700 1849 3765 Ι,

199 3768 299 3829 ool.
328 3773 493 3843 661.)

261 3858 484 3918 Gratias
514 3878 622 3933 ago
649 3867 760 3921 Deo
787 3881 926 3933 meo,
956 3873 1080 3938 etc.,
1112 3884 1301 3942 usque
1339 3871 1410 3928 ad
1438 3871 1699 3929 adventus
1744 3875 1850 3931 Do-

196 3949 329 4004 mini
349 3952 538 4008 nostri
551 3952 677 4009 Iesu
701 3953 923 4012 Christi.
941 3955 1005 4012 In
1029 3973 1382 4032 quacunque
1395 3961 1490 4018 die
1510 3961 1849 4020 invocavero

194 4037 266 4103 te,
294 4042 429 4107 etc.,
465 4056 641 4113 usque
680 4041 753 4097 ad
796 4042 922 4116 ipse
968 4044 1046 4101 sit
1092 4050 1307 4103 noster.
1341 4048 1541 4121 (Idem.
1578 4058 1735 4107 tract.
1785 4052 1848 4107 in

190 4126 321 4196 psal.
354 4145 447 4195 LV,
482 4133 629 4185 tom.
662 4130 753 4197 IV,
787 4136 935 4203 part.
970 4151 1007 4202 1,
1043 4134 1150 4191 col.
1173 4136 1322 4209 657.)

253 4215 463 4273 Fidelis
511 4218 674 4286 Deus,
705 4227 827 4289 etc.,
852 4238 1040 4294 usque
1080 4225 1151 4279 ad
1198 4229 1333 4282 Iesu
1381 4224 1589 4282 Christi
1622 4228 1847 4285 Domini

192 4307 378 4361 nostri.
412 4306 634 4364 Fidelis
662 4308 838 4378 Deus,
871 4311 972 4382 qui
1002 4329 1065 4368 se
1096 4317 1363 4370 nostrum
1404 4315 1725 4372 debitorem
1756 4317 1842 4373 fe-

190 4389 278 4458 cit,
307 4399 448 4461 etc.,
482 4412 656 4469 usque
684 4397 756 4453 ad
802 4398 984 4473 gratis
1033 4401 1287 4458 daretur.
1341 4403 1547 4475 (Idem,
1574 4412 1729 4462 tract.
1782 4409 1840 4463 in

184 4482 318 4549 psal.
350 4500 468 4550 c111,
500 4488 646 4540 tom.
679 4485 770 4556 IV,
805 4492 952 4561 part.
988 4506 1046 4557 ιι,
1079 4489 1190 4547 col.
1226 4492 1365 4548 1445
1391 4496 1449 4549 et
1474 4496 1622 4566 seq.)

250 4569 481 4629 Obsecro
511 4582 696 4631 autem
724 4593 835 4645 vos,
862 4585 988 4645 etc.,
1020 4595 1206 4652 usque
1236 4581 1309 4636 ad
1341 4583 1402 4636 in
1426 4581 1612 4638 eadem
1656 4586 1837 4640 scien—

188 4656 279 4713 tia.
310 4659 485 4716 Multi
515 4667 685 4718 erant
713 4665 959 4738 apostoli
993 4671 1050 4723 et
1080 4667 1181 4722 uni
1212 4667 1429 4725 dicitur
1451 4687 1464 4725 :
1490 4672 1682 4739 Pasce,
1702 4676 1836 4740 etc.,

186 4760 343 4819 usque
365 4750 441 4806 ad
470 4752 996 4811 contristabuntur.
1048 4756 1258 4826 (Idem,
1287 4775 1357 4816 ea:
1385 4776 1548 4817 serm.
1596 4761 1663 4818 de
1687 4778 1836 4834 pass.

184 4837 427 4912 Donum,
461 4842 607 4896 tom.
640 4840 708 4910 V,
732 4847 884 4915 part.
917 4861 956 4912 1,
990 4843 1099 4901 col.
1131 4846 1239 4902 279
1259 4851 1318 4904 et
1347 4863 1469 4921 seq.

248 4925 636 4999 Signiﬁcatu":
661 4939 741 4988 est
764 4934 916 4989 enim
942 4933 1105 5003 mihi,
1137 4943 1259 5004 etc.,
1295 4953 1484 5007 usque
1508 4938 1593 4994 ad
1610 4954 1705 5011 ego
1735 4956 1835 4995 au-

183 5018 283 5068 tem
312 5015 541 5075 Christi.
574 5021 801 5093 Agebat
823 5023 1161 5095 Apostolus,
1183 5042 1255 5081 ne
1285 5026 1537 5100 quisque
1564 5027 1838 5101 gloriare-

184 5103 294 5167 tur,
315 5108 455 5172 etc.,
476 5110 736 5179 usquead
783 5111 1064 5169 adversus
1111 5112 1363 5171 alterum
1394 5116 1597 5186 (Idem,
1631 5118 1728 5184 lib,
1769 5118 1835 5176 de

183 5190 363 5249 Przd.
394 5204 592 5265 sanet,
622 5201 764 5253 tom.
792 5198 861 5267 X,
887 5204 1036 5272 part.
1072 5219 1111 5272 1,
1144 5202 1253 5259 col.
1284 5206 1391 5259 967
1413 5208 1470 5260 et
1497 5208 1645 5278 seq.)

249 5280 343 5335 Vae
377 5281 499 5339 illis
528 5286 627 5358 qui
656 5286 909 5344 oderunt
935 5291 1240 5361 unitatem,
1273 5297 1409 5363 etc.,
1438 5311 1610 5368 usque
1635 5295 1705 5352 ad
1743 5303 1832 5354 est

182 5368 484 5456 vobiscum
530 5374 767 5432 Paulus.
802 5376 1007 5449 (Idem,
1061 5388 1215 5439 tract.
1262 5382 1334 5439 12
1380 5385 1443 5439 in
1486 5385 1692 5456 Evang.
1724 5402 1826 5442 sec.

178 5455 361 5526 Ioan.,
396 5462 540 5516 tom.
574 5462 670 5533 III,
701 5469 856 5537 part.
889 5485 950 5538 ιι,
987 5469 1096 5526 col.
1130 5471 1315 5541 1489.)

245 5544 435 5603 Nemo
477 5550 630 5607 novit
661 5552 871 5613 Filium
904 5557 1017 5615 nisi
1048 5560 1233 5630 Pater,
1256 5564 1388 5630 etc.,
1422 5577 1592 5634 usque
1620 5562 1691 5618 ad
1735 5564 1830 5620 in-

1974 2112 2083 2169 col.
2107 2114 2214 2170 508
2239 2119 2296 2171 et
2319 2120 2470 2189 seq.)

2044 2201 2403 2262 Excellentes
2433 2204 2648 2278 quippe
2677 2206 2736 2262 in
2771 2206 3038 2277 ecclesia,
3065 2212 3200 2279 etc.,
3226 2226 3397 2283 usque
3423 2211 3493 2267 ad
3513 2228 3625 2269 caa-

1973 2288 2096 2347 lum
2130 2296 2187 2347 et
2212 2297 2448 2350 terram.
2472 2296 2680 2367 (Idem,
2714 2303 2872 2351 tract.
2907 2298 2966 2352 in
2993 2298 3134 2369 psal.
3171 2315 3315 2354 1.xx1.
3348 2302 3491 2356 tom.
3525 2302 3622 2373 IV,

1972 2383 2123 2451 part.
2155 2398 2194 2448 1,
2215 2381 2324 2437 col.
2349 2382 2501 2451 904.)

2044 2468 2113 2524 Et
2138 2485 2244 2542 ego
2267 2471 2396 2527 dico
2427 2470 2533 2527 tibi
2569 2489 2581 2527 :
2611 2474 2699 2529 Tu
2730 2489 2792 2529 es
2824 2474 3050 2543 Petrus,
3085 2478 3217 2544 etc.,
3242 2493 3409 2549 usque
3437 2477 3509 2534 ad
3529 2479 3628 2537 ba-

1972 2557 2203 2629 ptizatis
2250 2561 2412 2617 estis.
2449 2561 2652 2634 (Idem,
2682 2579 2790 2619 ser.
2833 2565 3065 2634 Evang.,
3099 2569 3242 2621 tom.
3275 2565 3347 2639 V,
3379 2572 3529 2639 part.
3583 2586 3622 2638 1,

1971 2643 2082 2701 col.
2117 2646 2222 2703 479
2251 2652 2309 2704 et
2336 2654 2486 2722 seq.)

2038 2745 2258 2801 Divisus
2285 2756 2382 2813 est,
2417 2757 2540 2817 etc.,
2574 2766 2762 2822 usque
2789 2751 2862 2806 ad
2901 2752 3167 2823 baptimti
3191 2754 3366 2809 estis?
3394 2754 3617 2828 Baptis-

1968 2846 2103 2888 mus
2124 2833 2353 2891 Domini
2384 2836 2637 2905 divinus,
2659 2839 2800 2910 quia
2819 2839 3097 2897 dominus
3109 2840 3283 2897 Deus.
3309 2842 3502 2900 Potuit
3519 2861 3618 2900 au-

1967 2923 2085 2976 tem
2114 2922 2287 2980 Iesus
2310 2924 2602 2993 Christus,
2635 2931 2767 2993 etc.,
2800 2944 2970 2999 usque
2998 2928 3069 2983 ad
3098 2928 3432 3001 baptizandi
3462 2937 3620 3004 pote-

1969 3013 2201 3067 statem.
2226 3013 2432 3081 (Idem,
2467 3022 2623 3070 tract.
2655 3017 2691 3070 5
2719 3017 2779 3070 in
2806 3017 3131 3086 Evang.sec.
3158 3020 3500 3088 Ioan.,tom.
3519 3025 3618 3090 III,

1969 3102 2116 3169 part.
2150 3117 2210 3168 ιι,
2244 3100 2353 3157 col.
2391 3104 2529 3158 1417
2561 3106 2619 3159 et
2648 3105 2795 3176 seq.)

1584 3164 1727 3216 δοίη·
1763 3160 1854 3230 Iv’
1889 3163 1931 3231 α
1969 3160 1988 3169 ⁵
2040 3160 2395 3271 Ειιεοᾜονθε
2426 3160 2864 3267 illi,Dominum
2896 3200 3357 3277 magniﬁcabant
3385 3224 3501 3263 non
3534 3224 3618 3275 εει

1968 3290 2102 3357 etc.,
2134 3304 2303 3359 usque
2332 3289 2402 3344 ad
2433 3290 2861 3347 incrementum
2891 3292 2990 3348 dat
3019 3293 3191 3350 Deus.
3228 3294 3434 3366 (Idem,
3460 3304 3617 3354 tract.

1970 3375 2056 3443 10,
2090 3377 2146 3431 in
2195 3377 2401 3448 Evang.
2449 3395 2555 3435 sec.
2606 3383 2795 3449 Ioan.,
2849 3385 2990 3437 tom.
3045 3385 3145 3454 III,
3196 3387 3345 3456 part.
3399 3402 3459 3453 ιι,
3504 3385 3614 3442 col.

1966 3463 2238 3612 HIgici'ibo
2268 3557 2452 3625 vobis,
2489 3555 2673 3626 ﬁlioli,
2707 3557 2846 3631 quia
2876 3559 3259 3617 remittuntur
3286 3560 3450 3618 vobis
3476 3578 3618 3634 pec-

1961 3646 2111 3710 cata,
2141 3647 2274 3713 etc.,
2306 3661 2478 3718 usque
2504 3647 2575 3702 ad
2609 3645 2932 3704 schismata
2960 3648 3274 3705 faciebant.
3297 3650 3613 3720 (ldem,ser.

1962 3732 2025 3787 in
2077 3734 2235 3806 epist.
2287 3738 2479 3804 Joan.,
2537 3743 2698 3792 tract.
2747 3738 2802 3805 2,
2852 3740 2997 3793 tom.
3047 3741 3148 3808 III,
3190 3742 3340 3811 part.
3387 3756 3449 3809 11,
3501 3739 3611 3797 col.

1962 3819 2145 3895 1992.)

2028 3917 2149 3975 Hoc
2177 3917 2444 3992 ipsorum
2474 3925 2599 3978 erat
2643 3922 2950 3996 proprium
2996 3923 3343 3983 detestabile
3382 3925 3612 3984 vitium.

1957 4006 2120 4071 Quod
2149 4024 2282 4065 vero
2313 4008 2596 4077 sciebant,
2629 4013 2764 4083 etc.,
2798 4027 2970 4085 usque
2998 4012 3070 4068 ad
3116 4029 3234 4069 non
3276 4015 3610 4073 credebant.

1955 4095 2162 4166 (Idem,
2197 4099 2295 4154 lib.
2328 4098 2394 4154 de
2423 4101 2587 4155 unico
2619 4099 2915 4172 Baptismo,
2951 4104 3094 4157 tom.
3128 4102 3246 4170 IX.)

2026 4193 2169 4250 Vide
2202 4197 2700 4268 quemadmodum
2732 4214 2983 4272 magnus
3013 4197 3110 4254 ille
3150 4198 3323 4255 miles
3371 4199 3607 4269 Christi,

1953 4285 2084 4350 etc.,
2116 4299 2286 4355 usque
2312 4285 2382 4340 ad
2412 4302 2527 4340 non
2558 4301 2760 4342 sexum
2794 4286 2998 4358 (Idem,
3032 4294 3188 4342 tract.
3224 4288 3285 4343 in
3312 4289 3454 4360 psal.
3496 4306 3606 4344 LIV.

1953 4372 2095 4425 tom.
2131 4372 2225 4435 IV,
2253 4377 2403 4444 part.
2438 4373 2606 4439 1,col.
2636 4373 2789 4442 509.)

2020 4467 2371 4528 Illuminans
2386 4474 2449 4527 tu
2473 4470 2823 4530 mirabiliter
2842 4490 2876 4529 a
2897 4473 3197 4530 montibus
3212 4472 3606 4542 aaternis,etc.,

1945 4573 2118 4630 usque
2144 4559 2216 4616 ad
2245 4559 2615 4617 illuminatus
2636 4579 2670 4617 a
2689 4562 2957 4618 Domino.
2974 4563 3177 4635 (Idem,
3195 4568 3358 4618 tract.
3379 4566 3439 4619 in
3455 4565 3602 4636 psal.

1946 4665 2107 4717 Lxxv,
2136 4652 2279 4705 tom.
2314 4650 2406 4718 IV,
2440 4655 2591 4722 part.
2626 4667 2664 4718 1,
2698 4649 2810 4707 col.
2842 4650 2943 4706 961
2975 4654 3032 4706 et
3061 4667 3185 4724 seq.

2020 4743 2238 4803 Gratias
2262 4763 2364 4816 ago
2398 4752 2508 4804 Deo
2538 4763 2654 4803 meo
2681 4756 3008 4820 etc.,usque
3034 4748 3106 4804 ad
3151 4750 3330 4806 alium
3366 4758 3606 4807 vestrum

1948 4833 2616 4907 baptimverim.Poterat
2663 4835 2713 4891 si
2761 4833 3044 4892 voluisset
3081 4836 3368 4893 Dominus
3403 4837 3600 4909 Iesus,

1944 4926 2080 4991 etc.,
2109 4939 2281 4996 usque
2308 4923 2379 4979 ad
2404 4927 2461 4979 et
2490 4924 2713 4995 majore
2742 4923 3091 4997 baptizetur.
3126 4927 3329 5001 (Idem,
3364 4928 3512 4984 lib.v
3530 4927 3605 4985 de

1942 5014 2176 5085 Baptis.,
2206 5017 2349 5069 tom.
2382 5012 2475 5080 IX,
2509 5012 2621 5068 col.
2654 5012 2761 5069 184
2789 5017 2845 5070 et
2874 5017 3022 5088 seq.)

2012 5111 2131 5167 Non
2158 5112 2307 5166 enim
2336 5112 2490 5166 misit
2508 5127 2614 5177 me,
2646 5119 2766 5179 etc.,
2793 5128 2981 5184 usque
3012 5113 3081 5169 ad
3121 5121 3409 5171 evacuetur
3459 5130 3601 5169 crux

1943 5199 2161 5257 Christi.
2182 5198 2545 5256 Miserabiles
2575 5200 2848 5257 tenebras
2874 5200 2936 5256 in
2967 5200 3164 5258 animo
3196 5200 3597 5265 humano.Qui

1941 5289 2053 5345 scit
2100 5287 2598 5361 quemadmodum
2643 5289 2851 5345 debeat
2898 5288 3126 5347 leonem
3169 5291 3426 5356 domare,
3460 5294 3594 5357 etc.,

1937 5394 2105 5451 usque
2133 5376 2204 5433 ad
2231 5377 2305 5432 ad
2323 5376 2624 5449 justitiam
2656 5378 2816 5434 omni
2844 5380 3120 5436 credenti.
3153 5380 3359 5449 (Idem,
3402 5378 3498 5433 lib.
3530 5377 3597 5434 de

1937 5471 2064 5525 Nat.
2098 5475 2149 5523 et
2181 5466 2353 5535 Grat.,
2377 5470 2522 5522 tom.
2553 5466 2621 5535 Χ,
2654 5471 2803 5539 part.
2836 5484 2878 5531 ι.
2911 5468 3023 5524 col.
3054 5469 3203 5539 270.)

2005 5564 2130 5621 Non
2164 5581 2353 5639 usque
2374 5565 2545 5631 adeo,
2570 5565 2832 5638 inquam,
2858 5565 2989 5625 duci
3008 5581 3102 5622 me
3122 5570 3295 5641 putes
3315 5563 3593 5632 laudibus
3662 5570 3665 5573 ’
