3964 6168
409 273 530 338 319

1630 271 1861 335 FLOBI
1905 269 2219 333 DIACONI
2262 271 2648 336 MONACHI.

3655 281 3754 346 320

411 409 580 478 meis,
610 412 742 479 etc.,
776 425 949 484 usque
973 407 1044 467 ad
1074 425 1251 483 quam
1283 406 1508 464 ratione
1540 406 1823 472 redditur,
1857 405 2065 486 (Idem,
2095 405 2151 472 Α
2179 410 2313 474 etc.,
2345 423 2516 480 usque
2543 407 2613 463 ad
2638 407 3015 467 minueretur.
3053 406 3179 482 (Id.,
3207 414 3356 467 tract.
3389 410 3443 466 in
3479 413 3606 484 psal.
3651 432 3752 487 ων,

408 501 507 556 lib.
540 508 710 568 contr,
745 501 1102 565 Felicianum,
1130 504 1270 554 tom.
1300 498 1450 564 VIII,
1484 495 1592 553 col.
1630 496 1810 567 1157.)

483 590 710 646 Verbum
756 593 904 645 enim
945 592 1144 654 erucis,
1178 597 1300 654 etc.,
1344 604 1531 659 usque
1579 587 1650 641 ad
1706 584 2062 657 prudentiam

405 680 761 754 prudentium
799 678 1117 751 reprobabo.
1144 677 1202 734 Si
1235 677 1558 734 secundum
1612 675 1944 746 Scripturas
1975 690 2061 728 sa-

408 771 662 842 piamus,
695 773 1014 840 etc.,usque
1043 768 1112 822 ad
1145 766 1428 839 perveniri
1462 781 1632 836 posse
1661 764 1907 819 dicatur.
1925 763 2057 835 (Id.,

408 860 506 914 lib.
539 859 603 913 de
632 859 754 914 Nat.
788 865 841 913 et
871 857 1043 922 Grat.,
1076 860 1217 910 tom.
1247 855 1310 921 Χ,
1346 859 1494 926 part.
1524 870 1564 918 1,
1598 851 1707 906 col.
1743 851 1892 922 250.)

476 948 720 1004 Perdam
769 945 1119 1018 sapientiam
1171 943 1549 1016 sapientium,
1603 945 1738 1007 etc.,
1769 957 1938 1013 usque
1989 940 2060 995 ad

405 1036 702 1092 miseriam
753 1035 1095 1090 confitcntes
1148 1033 1352 1102 (Idem,
1389 1031 1484 1086 lib.
1536 1048 1570 1084 x
1610 1029 1674 1086 de
1727 1031 1886 1086 Civil.
1937 1029 2054 1097 Dei,

403 1130 543 1182 tom.
576 1125 698 1191 VII,
733 1124 838 1180 col.
874 1126 1024 1193 307.)

477 1216 575 1272 Ubi
595 1217 854 1287 sapiens?
882 1215 982 1268 ubi
1009 1213 1225 1267 scriba?
1249 1211 1347 1266 ubi
1369 1211 1706 1282 conquisitor
1734 1209 1900 1279 hujus
1953 1223 2058 1264 sx-

399 1305 553 1360 culi?
570 1303 912 1360 Audivimus
932 1301 1033 1357 Fili
1046 1317 1144 1354 um
1159 1299 1256 1355 Dei
1279 1299 1568 1354 dicentem
1591 1315 1602 1352 :
1625 1296 2053 1363 Confiteortibi,

400 1397 588 1455 Pater,
623 1397 756 1455 etc.,
790 1407 957 1461 usque
986 1389 1056 1444 ad
1087 1389 1300 1444 tradita
1329 1392 1468 1444 sunt
1498 1405 1530 1442 a
1565 1387 1730 1442 Patre
1753 1403 1900 1442 meo.
1923 1387 2052 1453 (Id.,

396 1499 559 1539 serm.
592 1483 656 1538 de
687 1483 804 1536 lect.
839 1481 1070 1548 Evang.,
1102 1482 1245 1533 tom.
1281 1480 1380 1544 III,
1437 1480 1584 1548 part.
1641 1492 1698 1542 ιι,
1753 1475 1864 1530 col.
1917 1476 2055 1530 1389

400 1575 457 1628 et
486 1571 634 1643 seq.)

469 1665 659 1718 Nonne
686 1659 907 1714 stultam
934 1658 1064 1729 fecit
1093 1656 1232 1711 Deus
1263 1657 1594 1727 sapientiam
1622 1655 1782 1724 hujus
1821 1652 2054 1708 mundi?

2171 501 2212 550 t.
2248 495 2342 562 IV,
2373 501 2521 569 part.
2557 515 2594 564 1,
2627 496 2734 553 col.
2766 501 2917 567 788.)

2243 584 2445 641 Petrus
2476 586 2584 641 iste
2613 587 2711 659 qui
2743 586 2827 643 sic
2855 586 3115 660 loquitur
3134 587 3382 660 piscator
3403 589 3518 657 fuit,
3549 596 3756 657 etc.,us-

2170 690 2273 747 que
2299 675 2369 730 ad
2399 681 2768 731 evacuentur.
2795 677 2922 748 (Id.,
2947 694 3108 733 serm.
3132 676 3196 733 de
3225 679 3363 733 verb.
3383 680 3526 749 epist.
3548 683 3758 751 B.Petri,

2168 766 2310 820 tom.
2345 763 2412 830 V,
2445 770 2595 836 part.
2627 779 2664 832 1,
2700 765 2809 820 col.
2837 767 2944 822 256
2975 770 3031 821 et
3062 767 3208 838 seq.)

2244 855 2305 910 Ut
2333 871 2444 910 non
2472 855 2739 924 glorietur
2767 859 2945 912 omnis
2975 873 3101 912 caro
3133 859 3192 912 in
3221 866 3486 928 conspectu
3530 859 3651 930 ejus.
3677 861 3762 915 Vi-

2168 943 2298 998 dete
2331 945 2828 1015 quemadmodum
2862 946 3030 1001 nobis
3059 945 3304 1001 abstulit
3331 945 3580 1018 gloriam,
3613 953 3668 1003 ut
3685 951 3762 1004 da-

2168 1037 2256 1087 ret
2284 1032 2552 1106 gloriam,
2573 1037 2889 1106 etc.,usque
2905 1035 2975 1089 ad
3003 1035 3062 1090 in
3089 1034 3331 1090 Domino
3361 1034 3762 1107 glorietur.(Id.,

2167 1122 2264 1178 lib.
2326 1123 2391 1178 de
2441 1125 2568 1179 Cor.
2617 1132 2668 1180 et
2715 1124 2886 1192 Grat.,
2939 1129 3081 1180 tom.
3115 1125 3178 1192 Χ,
3212 1130 3359 1196 part.
3411 1143 3446 1193 1,
3477 1124 3578 1181 col.
3603 1127 3694 1183 933
3720 1134 3766 1184 t-t

2165 1209 2313 1281 seq)

2233 1300 2318 1354 Ea:
2346 1300 2460 1370 ipso
2491 1306 2671 1354 autem
2701 1316 2810 1366 vos,
2843 1303 2976 1366 etc.,
3019 1316 3206 1371 usque
3255 1301 3326 1355 ad
3371 1302 3704 1371 sanctiﬁcatio
3729 1311 3770 1358 et

2163 1386 2476 1459 redemptio.
2511 1387 2690 1445 Filius
2719 1389 2907 1444 factus
2937 1392 3024 1445 est
3054 1387 3225 1444 nobis
3269 1406 3302 1444 a
3348 1389 3458 1445 Deo
3497 1390 3766 1461 sapientia,

2163 1480 2298 1541 etc.,
2319 1493 2491 1548 usque
2521 1477 2590 1531 ad
2624 1477 2994 1549 potissimum
3028 1476 3379 1534 insinuatur.
3410 1478 3538 1547 (Id.,
3569 1479 3655 1534 lib.
3684 1495 3768 1546 v11,

2161 1565 2226 1621 de
2262 1567 2433 1633 Trin.,
2466 1570 2608 1621 tom.
2637 1565 2792 1632 VIII,
2824 1565 2931 1622 col.
2959 1567 3111 1638 937.)

2232 1654 2312 1710 Ea
2339 1671 2510 1727 porro
2527 1654 2780 1726 justitia,
2811 1672 2938 1727 quae
2968 1655 3125 1722 vivit,
3160 1659 3296 1720 etc.,
3327 1672 3493 1728 usque
3519 1655 3584 1711 ad
3628 1655 3773 1728 plena

398 1749 620 1804 Dicitur
643 1747 959 1820 aliquando
991 1746 1049 1800 in
1075 1744 1388 1817 Scripturis
1421 1743 2052 1816 sapientia,etc.,usque
2082 1776 2129 1841 Β
2153 1743 2404 1816 justitia.
2437 1744 2572 1813 (Id.,
2601 1746 2757 1816 epist.
2811 1744 2881 1798 ad
2913 1748 3161 1802 Consent.
3193 1743 3260 1799 de
3296 1745 3508 1812 Trinit.,
3542 1748 3670 1800 tom.
3709 1749 3768 1812 II,

399 1838 468 1893 ad
500 1836 776 1910 quoniam
823 1853 985 1891 vanae
1035 1839 1192 1890 sunt.
1247 1834 1450 1906 (Idem,
1485 1833 1580 1888 lib.
1623 1833 1687 1888 de
1713 1833 2048 1897 Pastoribus,

397 1931 540 1982 tom.
571 1925 640 1992 V,
672 1929 821 1997 part.
855 1942 894 1991 1,
929 1922 1036 1980 col.
1067 1925 1218 1989 286.)

467 2015 757 2071 Turbetur
780 2013 950 2086 plane
982 2013 1215 2068 animus
1236 2010 1623 2077 Christianus,
1642 2026 1757 2065 non
1791 2008 2048 2075 miseria,

397 2108 715 2176 etc.,usque
744 2102 814 2157 ad
839 2101 1056 2157 doloris
1087 2101 1351 2156 amiserit
1381 2099 1866 2167 sensum.(ldem,
1887 2105 2046 2153 tract.

393 2195 465 2250 60
520 2195 578 2249 in
631 2194 833 2261 Evang.
881 2207 987 2247 sec.
1035 2194 1224 2258 Joan.,
1275 2194 1418 2245 tom.
1473 2193 1570 2256 III,
1617 2191 1764 2261 part.
1825 2205 1883 2256 ιι,
1937 2185 2045 2242 col.

398 2282 579 2354 1798)

465 2372 604 2428 Nam
632 2373 760 2444 quia
792 2372 852 2426 in
880 2371 980 2425 Dei
1005 2371 1298 2441 sapientia,
1342 2377 1466 2438 etc,,
1517 2383 1705 2438 usque
1757 2366 1828 2421 ad
1871 2366 2050 2421 salvos

393 2463 573 2534 facere
601 2461 891 2527 credentes,
925 2458 1071 2514 Cum
1106 2459 1164 2512 in
1191 2473 1365 2512 carne
1399 2456 1806 2511 manifestatus
1839 2459 1928 2510 est
1959 2453 2046 2510 Fi-

395 2551 512 2607 lius
546 2550 662 2617 Dei,
696 2553 832 2617 etc.,
866 2564 1038 2620 usque
1084 2547 1153 2602 ad
1182 2547 1473 2602 habitaret
1513 2545 1572 2599 in
1615 2543 1804 2598 nobis.
1840 2543 2046 2615 (Idem,

397 2641 492 2696 lib.
524 2640 589 2696 de
619 2641 847 2704 Trinit.,
882 2642 1024 2692 tom.
1057 2635 1207 2703 VIII,
1243 2634 1351 2691 col.
1382 2635 1530 2706 997.)

469 2729 738 2798 Quoniam
760 2726 945 2786 Judwi
971 2728 1150 2798 signa,
1174 2733 1297 2791 etc.,
1318 2739 1502 2796 usque
1524 2723 1596 2778 ad
1617 2730 1668 2778 et
1702 2723 1802 2777 Dei
1828 2723 2052 2792 sapien-'

395 2820 552 2874 tiam.
573 2816 804 2886 Omnia,
828 2815 1089 2883 Domine,
1115 2815 1174 2869 in
1207 2811 1491 2885 sapientia
1521 2811 2052 2882 fecisti,etc.,usque

397 2905 466 2962 ad
486 2911 545 2963 et
577 2905 675 2962 Dei
707 2902 1076 2978 sapientiam.
1113 2903 1490 2977 (Idem,tract.
1524 2902 1581 2956 in
1610 2901 1749 2973 psal.
1769 2903 2046 2966 cm,tom.

395 2995 491 3061 IV,
525 2999 671 3068 part.
705 3011 766 3064 ιι,
795 2992 904 3050 col.
939 2993 1122 3064 1377.)

466 3085 620 3141 Deus
649 3084 824 3139 verbo
856 3083 992 3138 fecit
1023 3081 1240 3136 omnia.
1275 3079 1484 3136 Omnia
1512 3095 1616 3150 per
1663 3077 1857 3150 ipsum
1897 3077 2051 3133 facta

2164 1831 2272 1888 col.
2308 1833 2455 1900 461.)

2235 1924 2296 1979 Ut
2327 1921 2776 1995 quemadmodum
2821 1924 3084 1994 scriptum
3140 1931 3238 1989 est,
3273 1921 3370 1996 'qui
3425 1924 3684 1993 gloriatur
3723 1924 3773 1978 in

2158 2014 2387 2068 Domino
2413 2013 2694 2084 glorietur.
2714 2011 2808 2068 Sie
2837 2010 2995 2067 enim
3019 2013 3118 2084 qui
3143 2013 3429 2086 gloriatur
3466 2030 3574 2068 non
3599 2011 3697 2068 nisi
3725 2012 3775 2066 in

2160 2101 2426 2166 Domino,
2453 2105 2584 2169 etc.,
2618 2117 2787 2173 usque
2815 2101 2884 2156 ad
2915 2106 3270 2174 praeceptum
3316 2106 3421 2158 est.
3455 2103 3581 2175 (Id.,
3610 2103 3695 2157 lib.
3728 2117 3774 2154 ιιι

2157 2189 2222 2246 de
2255 2189 2381 2245 Gen.
2410 2189 2480 2244 ad
2512 2191 2642 2246 litt..
2676 2193 2818 2245 tom.
2845 2194 2943 2256 III,
2978 2195 3127 2261 part.
3164 2208 3199 2258 1,
3234 2190 3346 2246 col.
3381 2191 3526 2258 141.)

2229 2279 2299 2333 Et
2325 2277 2434 2334 hoc
2465 2281 2816 2350 praeceptum
2848 2278 3183 2334 obedienter
3212 2279 3437 2345 audire,
3471 2283 3596 2343 etc.,
3635 2292 3778 2350 usque

2157 2367 2229 2422 ad
2260 2367 2514 2422 inaniter
2544 2367 2887 2439 habet.(ld.,
2914 2367 3013 2423 lib.
3044 2367 3109 2423 de
3138 2371 3289 2424 Dono
3319 2370 3693 2435 Persev.,tom.
3721 2365 3775 2424 X.

2157 2462 2306 2529 part.
2344 2471 2405 2524 11,
2431 2455 2540 2511 col.
2570 2455 2752 2528 1015.)

2227 2546 2372 2601 Cum
2405 2544 2664 2612 dixisset,
2682 2545 3023 2600 Laudamini
3051 2546 3230 2617 (quod
3265 2546 3468 2619 utique
3505 2547 3642 2601 bene
3668 2560 3778 2616 ope-

2159 2640 2355 2691 rantes
2388 2633 2594 2690 merito
2625 2638 2889 2707 possunt)
2921 2635 3148 2690 addidit
3178 2651 3194 2689 :
3228 2636 3292 2690 In
3332 2635 3564 2692 nomine
3608 2636 3779 2688 sancto

2157 2725 2305 2796 ejus,
2339 2727 2470 2791 etc.,
2502 2739 2672 2795 usque
2701 2723 2770 2778 ad
2799 2726 2856 2778 et
2884 2722 3172 2779 laetentur.
3209 2725 3343 2796 (Id.,
3377 2733 3532 2780 tract.
3564 2725 3616 2778 in
3654 2721 3776 2794 psal.

2156 2827 2269 2880 σιν,
2302 2815 2444 2867 tom.
2479 2811 2570 2879 IV,
2606 2814 2755 2883 part.
2788 2827 2850 2882 11,
2883 2811 2992 2867 col.
3029 2811 3212 2882 1391.)

2814 2953 3044 3010 CAPUT
3085 2954 3151 3011 II.

2231 3081 2293 3135 Et
2319 3095 2415 3149 ego
2445 3095 2570 3135 eum
2599 3080 2864 3136 venissem
2911 3081 2982 3136 ad
3028 3096 3139 3150 vos,
3174 3084 3312 3149 etc.,
3334 3096 3522 3154 usque
3553 3079 3618 3135 ad
3643 3078 3782 3150 prin-

396 3178 554 3241 sunt,
579 3176 712 3239 etc.,
746 3188 915 3242 usque
940 3170 1009 3225 ad
1049 3171 1267 3224 factum
1317 3172 1407 3224 est
1448 3148 1617 3222 nihil.
1639 3148 1855 3238 (Idem,
1889 3173 2045 3222 tract.
2079 3148 2122 3216 C
2159 3148 2532 3240 cipumrhuius
2561 3169 2756 3225 saeculi
2795 3170 2891 3241 qui
2926 3148 3305 3226 destruuntur.
3338 3148 3482 3226 Vide
3526 3148 3784 3225 amatores

396 3265 458 3320 in
481 3263 621 3335 psal.
650 3277 808 3324 xvm,
839 3264 984 3314 tom.
1010 3258 1104 3324 IV,
1139 3262 1287 3329 part.
1323 3274 1381 3323 11,
1412 3255 1520 3311 col.
1554 3255 1658 3310 158
1680 3259 1736 3310 et
1765 3258 1912 3326 seq.)

467 3350 526 3407 Si
554 3350 710 3406 enim
743 3347 904 3404 solus
934 3347 1013 3403 ibi
1050 3345 1230 3402 Filius
1280 3343 1571 3416 intelligit,
1607 3347 1738 3409 etc.,
1763 3360 1933 3415 usque
1979 3343 2050 3398 ad

398 3439 551 3513 quod
583 3442 672 3494 est
702 3437 888 3492 Pater.
919 3437 1128 3503 (Idem,
1163 3435 1252 3490 lic.
1287 3451 1358 3488 xv
1387 3434 1452 3489 de
1484 3435 1700 3502 Trinit.,
1735 3437 1876 3488 tom.
1903 3432 2046 3500 VIII,

401 3527 510 3586 col.
549 3529 686 3584 1065
716 3531 773 3582 et
803 3525 952 3598 seq.)

466 3617 649 3673 Vocat
668 3614 823 3672 enim
843 3615 995 3669 Deus
1013 3611 1455 3685 praedestinatos
1478 3609 1696 3667 multos
1723 3609 1872 3666 ﬁlios
1886 3626 2048 3678 suos,

396 3710 530 3772 etc.,
563 3720 732 3776 usque
759 3702 831 3759 ad
878 3706 936 3758 et
981 3700 1203 3756 vocatio
1252 3699 1375 3766 Dei,
1407 3699 1611 3768 (Idem,
1640 3700 1737 3756 lib.
1769 3699 1834 3754 de
1862 3698 2047 3756 Praed.

393 3802 592 3862 sanct,,
626 3797 768 3848 tom.
801 3790 866 3862 X,
902 3792 1047 3862 part.
1085 3806 1120 3855 1,
1159 3788 1268 3844 col.
1292 3789 1444 3857 983.)

469 3883 612 3950 Quia
658 3878 798 3953 quod
838 3878 1067 3934 stultum
1089 3884 1189 3942 est,
1222 3885 1343 3943 etc,,
1379 3893 1566 3948 usque
1617 3876 1688 3931 ad
1735 3877 1935 3940 fortius
1973 3883 2053 3931 est

397 3970 728 4026 hominibus.
763 3967 888 4023 Non
931 3966 1086 4022 enim
1120 3965 1191 4020 ad
1224 3981 1359 4020 eum
1400 3965 1498 4037 qui
1539 3963 1755 4037 ubique
1795 3980 2051 4035 praesens

396 4063 504 4127 est,
538 4062 671 4124 etc.,
697 4073 866 4130 usque
895 4055 965 4110 ad
989 4053 1446 4126 imprudentiam
1479 4069 1693 4110 meam.
1728 4053 2046 4121 (Idem,lib.

396 4148 460 4204 de
485 4149 660 4204 Doctr.
693 4145 924 4212 Christ.,
959 4149 1101 4199 tom.
1134 4147 1231 4210 III,
1262 4147 1410 4216 part.
1461 4160 1500 4209 1,
1534 4141 1642 4198 col.
1691 4142 1782 4207 23,
1815 4145 1872 4196 et
1900 4143 2050 4213 seq.)

467 4237 600 4301 Quae
632 4233 1030 4308 imprudentia
1059 4231 1117 4288 in
1149 4232 1552 4298 Christo,etc.,
1572 4247 1740 4303 usque
1769 4230 1839 4285 ad
1871 4230 2053 4285 cruci-

396 4326 679 4382 fixissent.
723 4326 803 4397 (S.
838 4326 1010 4396 Aug.,
1053 4330 1209 4378 tract.
1262 4323 1322 4376 in
1359 4321 1504 4393 psal.
1543 4337 1730 4385 vam,
1764 4323 1906 4374 tom.
1950 4319 2042 4389 IV,

397 4419 546 4488 part.
580 4437 616 4482 1,
650 4413 760 4470 col.
792 4413 943 4478 8119.)

2156 3256 2437 3322 veritatis,
2472 3273 2585 3311 non
2613 3255 2963 3328 accipientes
2995 3257 3054 3312 in
3085 3275 3303 3314 vanum
3341 3275 3552 3314 nomen
3583 3251 3786 3312 Domini

2158 3345 2257 3401 Dei
2292 3345 2404 3415 sui,
2437 3350 2570 3412 etc.,
2598 3362 2769 3418 usque
2797 3346 2867 3400 ad
2911 3363 3026 3402 non
3077 3348 3279 3403 cibum
3333 3347 3640 3404 mentibus.
3673 3341 3785 3414 (ἰὰ-ν

2155 3452 2318 3492 serm.
2349 3436 2606 3504 Deealogi
2624 3435 2693 3490 ad
2719 3437 3002 3508 populum,
3037 3440 3180 3492 tom.
3210 3435 3284 3504 V,
3321 3441 3473 3511 part.
3506 3435 3568 3505 1.)

2230 3524 2571 3580 Necessaria
2591 3527 2679 3579 est
2696 3524 2965 3596 purgatio
2989 3524 3202 3581 mentis
3225 3531 3464 3592 nostra,
3491 3529 3618 3592 etc.,
3644 3533 3788 3594 usque

2157 3613 2228 3668 ad
2248 3617 2304 3668 et
2325 3613 2481 3668 hunc
2504 3613 2869 3669 cruciﬁxum.
2889 3615 3018 3686 (Id.,
3040 3615 3136 3670 lib.
3155 3615 3220 3670 de
3260 3617 3485 3681 Trinit.,
3505 3620 3641 3670 tom.
3661 3608 3788 3673 Vlll,

2160 3700 2268 3756 col.
2301 3691 2452 3772 821.)

2229 3789 2553 3845 Eisautcm
2576 3787 2956 3861 loquebatur,
2987 3794 3122 3855 etc.,
3155 3807 3329 3862 usque
3360 3790 3431 3846 ad
3478 3785 3792 3844 hominibus

2159 3877 2650 3950 loquuntur.(Id.,
2679 3879 2776 3933 lib.
2806 3893 2844 3933 ιι
2872 3878 2937 3934 de
2971 3879 3189 3946 Trinit.,
3214 3871 3788 3946 tom.VIlI,coI.837.)

2230 3967 2348 4022 Hoc
2379 3971 2468 4022 est
2498 3965 2654 4022 enim
2687 3967 3082 4040 evangelizare
3111 3968 3438 4035 Christum,
3475 3971 3606 4032 etc.,
3647 3973 3792 4035 usque

2158 4057 2228 4112 ad
2259 4056 2403 4112 bene
2433 4055 2571 4110 vivit
2597 4072 2696 4127 per
2726 4055 3126 4127 Evangelium.
3161 4057 3295 4128 (Id.,
3332 4059 3458 4126 lib.,
3487 4056 3551 4112 de
3597 4051 3713 4109 Fide
3753 4053 3793 4104 et

2159 4162 2332 4218 oper.,
2364 4147 2506 4199 tom.
2542 4145 2636 4211 VI,
2662 4142 2771 4199 col.
2804 4145 2912 4199 206
2939 4149 2996 4200 et
3025 4148 3176 4217 seq.)

2229 4233 2332 4290 Sed
2362 4235 2640 4306 loquimur
2684 4234 2786 4289 Dei
2823 4235 3170 4305 sapientiam,
3205 4239 3344 4300 etc.,
3381 4250 3572 4306 usque
3615 4230 3679 4286 ad
3709 4227 3797 4282 Do-

2158 4325 2374 4378 minum
2397 4323 2593 4393 gloriae
2621 4322 3043 4392 cruciﬁxissent.
3077 4321 3278 4377 Gratia
3326 4321 3446 4378 ista
3493 4316 3798 4378 Christiana

2164 4411 2325 4484 (quia
2346 4409 2545 4466 omnia
2561 4414 2699 4466 sunt
2720 4410 2934 4466 tradita
2951 4410 3178 4466 Christo
3199 4428 3234 4466 a
3256 4412 3430 4466 Patre
3453 4410 3798 4482 ejus)omnes

469 4501 745 4558 Inﬁrmus
778 4517 952 4557 carne
973 4499 1166 4566 Jesus,
1188 4501 1502 4569 etc.,usque
1520 4495 1590 4551 ad
1612 4500 1813 4554 nostra
1833 4501 1920 4552 est
1944 4497 2054 4551 for-
2084 4518 2129 4582 Π
2158 4500 2348 4567 latuit,
2382 4504 2516 4567 etc.,
2549 4515 2718 4572 usque
2745 4499 2816 4554 ad
2844 4500 3232 4556 trementibus
3279 4501 3464 4557 verba
3506 4499 3651 4570 ejus.
3685 4493 3798 4566 (Id.,

395 4591 603 4648 titudo.
639 4591 770 4660 (Id.,
804 4595 968 4646 tract.
1000 4591 1058 4644 in
1087 4604 1305 4656 evang.,
1337 4602 1440 4642 sec.
1485 4587 1642 4642 Joan.
1675 4603 1728 4652 v,
1763 4591 1906 4640 tom.
1929 4585 2047 4654 VII,

399 4685 548 4754 part.
584 4697 643 4745 ιι,
680 4678 789 4734 col.
827 4679 1007 4750 1513.)

473 4767 664 4823 Videte
711 4769 860 4823 enim
915 4769 1315 4823 vocationem...
1377 4780 1497 4838 quae
1545 4771 1675 4819 sunt
1727 4763 2047 4820 destrueret.

399 4854 759 4914 Humiliatus
792 4859 881 4910 est
909 4854 1193 4911 Dominus
1223 4855 1515 4925 Christus,
1547 4858 1679 4918 etc.,
1704 4869 1873 4926 usque
1900 4853 1970 4908 ad
1989 4853 2049 4908 in

400 4945 642 5018 pudoris
656 4960 787 4998 arce
808 4943 1191 4998 constituunt.
1209 4944 1504 5010 (Id.,serm.
1519 4943 1582 4999 de
1604 4943 1802 5015 Quinq.
1817 4959 2047 5012 resurr.,

399 5037 542 5089 tom.
573 5032 641 5100 V,
678 5036 825 5105 part.
856 5048 916 5099 11,
951 5031 1058 5087 coI.
1093 5030 1275 5102 1729.)

472 5122 661 5188 Quare
692 5125 891 5177 autem
923 5121 1111 5194 primo
1139 5119 1447 5192 ignobiles,
1482 5123 1619 5186 etc.,
1641 5137 1809 5193 usque
1837 5121 1908 5176 ad
1937 5119 2052 5176 nisi
2087 5168 2090 5172 .

402 5227 506 5285 per
534 5210 893 5283 superbiam.
928 5209 1057 5280 (Id.,
1081 5225 1246 5265 senm.
1277 5207 1342 5262 de
1370 5208 1542 5262 tribus
1574 5209 1772 5278 Virgis,
1804 5213 1946 5266 tom.
1980 5209 2048 5279 V,

401 5303 551 5374 part.
587 5317 646 5368 11,
681 5297 791 5354 col.
827 5296 954 5353 1731
1001 5301 1057 5352 et
1087 5296 1234 5368 seq.)

475 5389 585 5445 Sed
611 5389 804 5444 forsan
831 5386 1047 5442 diceret
1069 5385 1302 5458 aliquis,
1321 5389 1638 5458 etc.,usque
1657 5385 1727 5441 ad
1757 5385 1905 5442 falsa
1934 5404 2049 5443 non

404 5476 533 5533 erit.
566 5477 696 5546 (Id.,
730 5476 875 5534 verb.
909 5476 1141 5545 Evang.,
1167 5479 1304 5530 tom.
1339 5478 1406 5542 V,
1440 5479 1589 5547 part.
1635 5492 1671 5540 1,
1705 5474 1814 5530 col.
1866 5459 2049 5549 1023⁸.)

477 5563 786 5633 Descendit
820 5565 1104 5622 Dominus
1150 5563 1302 5620 Deus
1333 5568 1531 5620 noster
1559 5565 1727 5620 Jesus
1761 5564 2050 5635 Christus,

2158 4606 2320 4646 serm.
2351 4589 2416 4644 de
2440 4589 2559 4645 lect.
2589 4603 2779 4660 evang.
2811 4594 3000 4656 Joan.,
3033 4581 3176 4644 tom.
3211 4593 3279 4658 V,
3315 4594 3472 4662 part.
3509 4607 3548 4660 1,
3583 4585 3685 4643 col.
3709 4581 3800 4636 776

2159 4682 2217 4735 et
2246 4680 2401 4750 seq.)

2230 4767 2353 4822 Nisi
2378 4767 2502 4840 ipse
2529 4769 2684 4822 esset
2703 4770 2761 4822 et
2780 4766 2938 4823 filius
2957 4767 3233 4834 hominis,
3257 4772 3371 4823 etc.
3387 4782 3580 4840 ,usque
3598 4763 3666 4820 ad
3685 4774 3805 4816 cum

2151 4855 2496 4928 loqueretur
2526 4855 2584 4911 in
2614 4859 2788 4910 terra.
2815 4854 3061 4926 (Id.,lib.
3084 4872 3186 4911 χιιι
3217 4855 3281 4911 ἀι
3314 4848 3802 4924 Trin.,tom.VIII,

2159 4945 2269 5002 col.
2305 4946 2442 5000 1028
2472 4948 2530 4999 et
2559 4943 2706 5015 seq.)

2229 5033 2358 5089 Una
2386 5049 2636 5106 persona
2682 5037 2774 5088 est
2825 5033 3094 5089 Christus
3140 5033 3295 5090 Deus
3344 5037 3404 5089 et
3453 5033 3656 5095 homo,
3685 5031 3804 5092 etc.,

2159 5138 2327 5194 usque
2356 5121 2425 5177 ad
2455 5138 2589 5177 cum
2621 5121 2958 5193 loqueretur
2987 5123 3045 5177 in
3076 5128 3250 5178 terra.
3283 5122 3426 5191 (Id.,
3452 5123 3553 5178 lib.
3582 5137 3622 5176 ιι
3647 5124 3806 5176 contr.

2160 5213 2422 5276 Maxim.,
2453 5213 2595 5265 tom.
2630 5209 2779 5275 VIII,
2811 5209 2920 5266 col.
2951 5211 3100 5284 781.)

2229 5299 2383 5355 Sicut
2410 5301 2675 5370 scriptum
2702 5307 2798 5363 est,
2831 5304 2963 5366 etc.,
3007 5317 3195 5374 usque
3226 5300 3296 5356 ad
3330 5301 3404 5355 iis
3435 5315 3534 5372 qui
3583 5297 3811 5365 diligunt

2159 5405 2302 5444 eum.
2329 5388 2473 5459 Spes
2501 5391 2701 5443 nostra
2719 5404 2833 5443 non
2858 5389 2928 5443 de
2946 5387 3058 5444 isto
3079 5393 3362 5462 tempore,
3391 5392 3532 5455 etc.,
3556 5399 3724 5458 usque
3749 5379 3813 5437 ad

2161 5478 2232 5533 ab
2265 5475 2487 5550 origine
2517 5475 2744 5531 mundi.
2783 5476 2912 5545 (Id.,
2943 5494 3102 5532 serm.
3137 5478 3202 5534 de
3223 5475 3429 5534 eisdem
3459 5477 3810 5546 verb.apost..

2161 5569 2304 5624 tom.
2336 5565 2406 5631 V,
2441 5567 2590 5636 part.
2624 5582 2663 5633 1,
2697 5564 2805 5621 col.
2836 5565 2945 5622 705
2973 5570 3030 5622 et
3059 5567 3207 5640 seq.)
