3964 6168
189 334 290 408 321

1043 337 1453 400 EXPOSITIO
1499 338 1575 398 IN
1623 336 1745 398 ΕΡ.
1793 335 2053 398 PAULI.
2087 334 2312 396 —EP.
2362 337 2384 396 Ι
2428 336 2530 396 AD
2577 337 2752 398 COR.

3473 338 3590 403 332

256 467 426 523 Dedit
456 467 626 524 nobis
655 471 927 525 naturam
959 475 1024 526 ut
1053 487 1340 538 essemus,
1361 470 1519 526 dedit
1549 469 1831 539 animam,
1861 476 1916 544 Α
2017 473 2183 525 Hunc
2213 469 2487 540 spiritum
2520 470 2672 542 quod
2704 468 2788 525 illi
2815 487 2930 526 non
2962 469 3233 539 habeant,
3264 474 3351 527 etc
3382 515 3394 540 ,
3428 489 3594 544 usque

189 559 319 623 etc.,
361 572 529 629 usque
567 557 637 612 ad
667 560 725 613 et
753 558 971 614 sufficit
1001 559 1188 616 nobis.
1222 560 1354 633 (Id.,
1384 577 1546 616 serm.
1580 561 1639 615 in
1659 559 1840 615 natali
1947 559 2017 616 ad
2043 559 2302 625 alendos,
2338 576 2450 614 non
2485 576 2636 615 esca.
2668 559 2796 630 (Id.,
2829 577 2897 617 ex
2924 577 3086 617 serm.
3118 561 3182 618 de
3214 562 3421 633 blasph.
3444 561 3590 634 Spir.

186 662 349 710 man,
381 649 526 701 tom.
550 645 617 714 V,
653 651 803 720 part.
835 665 874 713 1,
907 647 1012 703 col.
1049 649 1186 704 1460
1214 654 1272 704 et
1300 649 1445 723 seq.)

256 733 364 800 Qui
412 739 609 790 autem
670 741 1060 809 susceperunt
1117 754 1342 810 pacem,
1377 742 1509 806 etc.,
1555 753 1725 810 usque
1769 737 1839 793 ad

189 821 530 879 amittamus
583 825 738 897 quod
799 842 1029 882 sumus.
1063 827 1172 899 (Id.
1225 835 1379 884 tract.
1441 828 1496 882 in
1545 843 1701 882 evan.
1733 844 1837 884 sec.

187 912 341 968 Joan.
371 927 434 978 11,
469 917 610 968 tom.
642 913 739 982 III,
770 918 921 986 part.
957 932 1017 982 11,
1053 913 1162 970 col.
1198 917 1335 972 1393
1362 920 1420 970 et
1451 919 1601 988 seq.)

252 999 421 1057 Nobis
450 1011 631 1058 autem
664 1003 942 1070 revelavit,
975 1007 1108 1068 etc.,
1145 1021 1332 1076 usque
1380 1005 1454 1060 ad
1502 1007 1667 1060 etiam
1704 1021 1839 1076 pro-

187 1088 359 1160 funda
388 1089 504 1145 Dei.
522 1090 775 1163 Spiritus
806 1091 960 1146 enim
993 1091 1192 1148 omnia
1213 1098 1842 1166 scrutatur,etc.,usque

188 1177 254 1233 ad
282 1183 346 1234 tu
380 1196 496 1234 non
530 1179 766 1236 faceres.
799 1181 934 1250 (Id.,
961 1189 1120 1238 tract.
1155 1183 1212 1238 in
1258 1183 1402 1254 psal.
1439 1201 1534 1252 LII,
1572 1186 1712 1240 tom.
1747 1181 1840 1250 IV,

189 1270 334 1340 part.
366 1285 407 1334 1,
442 1265 552 1323 col.
585 1268 738 1340 616.)

250 1356 385 1424 Quis
413 1360 565 1412 enim
590 1359 710 1422 scit,
744 1361 880 1424 etc.,
914 1376 1103 1432 usque
1135 1359 1209 1415 ad
1256 1362 1374 1416 nisi
1421 1362 1658 1432 spiritus
1718 1362 1839 1416 Dei.

187 1445 455 1503 Humana
484 1451 694 1503 natura
732 1452 960 1504 constat
1009 1466 1078 1505 ex
1127 1466 1389 1522 corpore,
1421 1455 1556 1518 etc.,
1584 1466 1752 1523 usque
1774 1449 1844 1504 ad

188 1551 282 1606 per
312 1536 567 1607 gratiam
605 1536 724 1592 Dei.
757 1537 892 1606 (Id.,
926 1539 1026 1593 lib.
1062 1538 1268 1606 Quaest.
1323 1541 1383 1595 in
1433 1544 1599 1597 Num.
1631 1541 1718 1594 tit.
1755 1539 1843 1606 I8,

188 1629 327 1679 tom.
361 1625 459 1691 III,
491 1629 642 1697 part.
674 1640 711 1694 1,
745 1625 852 1681 col.
886 1626 1033 1699 125.)

250 1712 400 1768 Cum
420 1714 671 1786 quisque
691 1715 914 1771 venerit
937 1717 1009 1771 ad
1037 1733 1166 1772 eam
1184 1721 1414 1773 aetatem
1439 1721 1503 1773 ut
1515 1719 1642 1789 jam
1662 1717 1850 1790 possit

189 1818 368 1873 capax
413 1803 817 1871 esserationis,
850 1809 986 1871 etc.,
1019 1822 1192 1878 usque
1223 1806 1292 1862 ad
1325 1807 1516 1879 possis
1561 1806 1843 1878 accipere.

1944 657 2141 716 sanet,
2173 652 2317 704 tom.
2349 648 2418 716 V,
2452 652 2600 720 part.
2635 666 2675 716 1,
2708 647 2817 705 col.
2852 649 2999 721 1161,)

2019 738 2082 794 In
2099 737 2248 793 libro
2272 736 2372 809 qui
2399 737 2740 793 inscribitur
2756 743 2960 794 contra
2984 739 3598 807 Donatistas,comme-

1948 830 2171 883 morato
2201 826 2364 881 Juda:
2396 825 2640 899 apostoli
2690 827 3044 894 testimonio,
3066 833 3198 894 etc.,
3233 845 3401 901 usque
3432 827 3500 883 ad
3543 831 3600 883 et

1948 915 2219 971 inventus
2275 918 2382 970 est.
2443 915 2574 984 (Id.,
2629 915 2725 970 lib.
2780 932 2820 970 11
2878 917 3136 982 Retract.,
3188 920 3329 972 tom.
3391 918 3433 984 I,
3485 915 3596 972 col.

1947 1005 2099 1072 642.)

2020 1094 2300 1166 Spiritalis
2357 1101 2537 1148 autem
2586 1092 2823 1165 judicat,
2855 1097 2987 1161 etc.,
3022 1110 3209 1166 usque
3266 1096 3336 1150 ad
3381 1111 3602 1150 sensum

1952 1182 2156 1238 Christi
2183 1182 2464 1237 habemus.
2497 1180 2570 1237 Ut
2601 1180 2756 1236 enim
2789 1197 2894 1237 nos
2926 1198 3128 1237 omnes
3167 1181 3375 1237 anima:
3421 1182 3603 1237 ratio-

1952 1271 2134 1339 nales,
2187 1276 2317 1342 etc.,
2345 1287 2514 1342 usque
2562 1270 2631 1326 ad
2664 1287 2774 1325 non
2811 1271 2898 1326 fas
2929 1276 3036 1326 est.
3073 1271 3202 1340 (Id.,
3236 1271 3336 1327 lib.
3369 1271 3433 1326 de
3478 1288 3603 1327 vera

1951 1361 2148 1429 Relig.,
2184 1364 2327 1416 tom.
2364 1359 2459 1426 ΙΙΙ,
2493 1363 2643 1431 part.
2677 1376 2716 1426 1,
2751 1358 2858 1414 col.
2901 1361 3001 1414 147
3033 1364 3090 1418 et
3119 1360 3264 1432 seq.)

2023 1447 2326 1521 Spiritales
2357 1465 2492 1521 ergo
2517 1447 2635 1504 sive
2665 1448 2766 1520 qui
2798 1451 3076 1520 praesunt,
3103 1448 3221 1504 sive
3253 1449 3352 1522 qui
3383 1449 3604 1506 obtem-

1954 1542 2178 1610 perant,
2214 1543 2346 1606 etc.,
2370 1554 2538 1610 usque
2564 1536 2634 1592 ad
2667 1541 3013 1608 potestatem
3042 1537 3369 1610 corrigendi
3405 1538 3601 1595 habet.

1956 1627 2085 1698 (Id.,
2120 1628 2216 1682 lib.
2251 1644 2350 1682 x111
2385 1628 2624 1698 Confess.
2658 1633 2800 1682 tom.
2835 1627 2877 1696 Ι,
2912 1626 3019 1683 col.
3052 1626 3158 1682 859
3187 1632 3244 1683 et
3274 1631 3428 1699 seq.)

2597 1767 2830 1824 CAPUT
2870 1768 2964 1824 III.

1009 1855 1113 1951 tit?
1127 1855 1528 1966 8'3,"t"01r11'.-VI,
1880 1855 1926 1920 Β
2028 1898 2090 1951 Et
2117 1911 2234 1965 ego,
2256 1898 2601 1968 fratres,non
2627 1896 2784 1966 potui
2811 1895 2964 1966 loqui
2989 1895 3135 1950 vobis
3166 1896 3328 1967 quasi
3345 1896 3611 1968 spiritali-

188 1981 334 2052 εθίιο)

249 2069 676 2143 Unusquisque
699 2070 872 2128 homo
895 2089 1012 2128 non
1036 2072 1298 2139 habet,in
1318 2090 1400 2142 se,
1426 2076 1562 2140 etc.,
1582 2090 1749 2145 usque
1777 2073 1847 2128 ad

185 2157 400 2214 donata
427 2163 569 2214 sunt
599 2159 787 2216 nobis.
809 2161 938 2233 (Id.,
963 2170 1122 2218 tract.
1147 2162 1217 2217 32
1236 2164 1296 2218 in
1317 2179 1508 2232 evang.
1534 2179 1639 2219 sec.
1660 2165 1842 2232 101112.,

183 2249 322 2303 tom.
363 2247 457 2315 III,
492 2253 642 2320 part.
676 2265 738 2316 11,
773 2248 878 2304 col.
918 2250 1101 2322 1644.)

247 2335 421 2401 Quod
452 2337 610 2392 enim
642 2338 712 2393 de
743 2342 906 2409 patre
937 2343 1142 2394 natum
1179 2344 1288 2408 est,
1323 2341 1393 2396 ad
1427 2344 1674 2413 patrem,
1709 2348 1842 2408 etc.,

185 2441 355 2497 usque
400 2425 471 2480 ad
511 2426 638 2496 jam
670 2426 775 2482 tibi
809 2427 962 2483 dedi.
997 2428 1130 2498 (Id.,
1163 2429 1262 2484 lib.
1300 2447 1354 2486 ιχ
1382 2429 1448 2486 de
1492 2431 1665 2498 Trin.,
1697 2434 1841 2486 tom.

185 2513 333 2581 VIII,
369 2513 480 2570 col.
511 2515 664 2588 921.)

251 2604 441 2660 Nemo
460 2603 617 2659 enim
639 2605 750 2660 scit
772 2605 913 2677 quid
945 2609 1154 2679 agatur
1173 2606 1231 2661 in
1264 2606 1521 2676 homine,
1537 2612 1846 2680 etc.,usque

188 2692 253 2747 ad
280 2691 413 2748 noti
436 2708 667 2748 sumus.
702 2694 834 2766 (Id.,
868 2696 965 2750 lib.
1001 2695 1070 2750 ad
1100 2697 1325 2752 Paulin.
1360 2697 1423 2752 de
1452 2697 1680 2753 videndo
1715 2703 1843 2766 Deo,

189 2785 330 2836 tom.
371 2779 443 2851 Il,
475 2780 582 2836 col.
603 2781 770 2853 602.)

255 2869 395 2924 Haec
425 2874 513 2924 est
534 2875 731 2927 autem
761 2871 879 2927 vita
907 2877 1214 2939 aeterna,ut
1234 2879 1588 2947 cognoscant
1609 2879 1682 2942 te,
1708 2880 1841 2945 etc.,

188 2975 363 3030 usque
413 2959 483 3013 ad
530 2967 583 3015 et
635 2978 802 3016 renes
851 2961 972 3017 Dei.
1007 2963 1135 3035 (Id.,
1169 2964 1265 3020 lib.
1301 2980 1338 3019 ιι
1390 2974 1559 3021 contr.
1594 2965 1841 3033 Maxim.,

187 3051 323 3104 tom.
363 3047 513 3117 VIII,
547 3048 656 3104 col.
688 3050 838 3122 771.)

253 3137 367 3193 Nos
398 3147 581 3193 autem
605 3141 884 3210 spiritum,
908 3145 1040 3209 etc.,
1075 3158 1240 3214 usque
1271 3143 1341 3198 ad
1366 3159 1491 3216 qua?
1517 3161 1551 3199 a
1590 3150 1692 3201 Deo
1740 3145 1843 3200 do-

1957 1986 2074 2050 bus,
2094 2001 2150 2040 se
2179 1987 2342 2056 quasi
2368 1985 2705 2050 carnalibus.
2736 1984 2837 2039 Est
2866 1987 3062 2038 autem
3109 1983 3373 2056 qumstio,
3410 1989 3609 2040 utrum

1956 2071 2251 2144 spiritales
2281 2072 2549 2128 homines
2581 2072 2834 2128 habeant
2856 2071 3074 2143 aliquid
3102 2071 3158 2128 in
3183 2073 3606 2142 doctrina,etc.,

1954 2178 2122 2234 usque
2151 2161 2218 2216 ad
2251 2178 2355 2235 ego
2386 2179 2518 2218 sum
2550 2161 2785 2217 Christi.
2818 2161 2949 2234 (Id.,
2973 2169 3134 2216 tract.
3167 2160 3236 2216 98
3281 2164 3337 2216 in
3389 2165 3608 2232 Evang.

1953 2267 2056 2307 sec.
2088 2253 2274 2319 Joan.,
2307 2255 2449 2307 tom.
2486 2252 2584 2315 ΙΙΙ,
2617 2254 2766 2323 part.
2804 2267 2861 2319 ιι,
2895 2249 3002 2306 col.
3029 2251 3167 2305 1880
3196 2253 3253 2306 et
3274 2255 3421 2322 seq.)

2027 2339 2239 2396 Filium
2271 2338 2546 2408 hominis,
2578 2338 2636 2394 id
2668 2342 2756 2394 est
2803 2338 3102 2394 hominem
3153 2355 3389 2407 novum,
3426 2337 3611 2415 paeni-

1953 2428 2136 2484 tentia
2163 2429 2372 2484 veteris
2401 2428 2671 2501 parturit,
2696 2432 2829 2496 etc.,
2863 2444 3033 2499 usque
3060 2427 3130 2482 ad
3156 2429 3480 2484 secundum
3513 2427 3612 2485 ho-

1955 2518 2175 2574 minem
2207 2516 2544 2573 ambulatis.
2578 2517 2710 2588 (Id.,
2743 2524 2900 2574 tract.
2933 2519 2993 2572 in
3019 2518 3164 2589 psal.
3198 2534 3318 2587 VIII,
3346 2521 3485 2574 tom.
3515 2517 3608 2586 IV,

1955 2611 2104 2680 part.
2141 2625 2180 2678 1,
2215 2606 2325 2662 col.
2361 2608 2464 2662 113
2495 2610 2554 2662 et
2580 2606 2726 2678 seq,)
2962 2679 2967 2684 δ

2026 2696 2175 2768 Ipsis
2205 2696 2453 2751 libenter
2482 2694 3204 2767 audientibus,etc.,usque
3232 2695 3302 2750 ad
3332 2712 3524 2751 cresce
3547 2699 3613 2752 ut

1955 2785 2172 2857 capias.
2207 2785 2341 2854 (Id.,
2365 2792 2521 2841 tract.
2557 2787 2613 2839 in
2642 2784 2784 2856 psal.
2815 2800 3048 2856 xxxvm,
3081 2789 3223 2840 tom.
3259 2783 3352 2856 IV,
3386 2788 3533 2856 part.
3568 2802 3608 2855 1,

2053 2916 2064 2928 .
2100 2879 2224 2929 415.

1955 2873 2288 3017 ΟΟΙΙυᾷἀιὶῗΙέε
2311 2977 2444 3016 cum
2459 2961 2770 3033 Apostolus
2789 2960 3247 3033 legeretueron
3269 2959 3610 3032 potuivobis

1954 3050 2115 3123 loqui
2149 3050 2318 3122 quasi
2349 3049 2733 3123 spiritalibus,
2768 3055 2906 3116 etc.,
2923 3066 3092 3122 usque
3113 3049 3182 3104 ad
3206 3052 3261 3104 et
3291 3065 3516 3104 cresces
3537 3049 3610 3105 ad

1954 3141 2013 3195 id
2049 3140 2203 3212 quod
2236 3142 2342 3195 est.
2378 3139 2668 3212 (Id.,tract.
2691 3140 2751 3194 in
2767 3137 3362 3211 psal.cxv111,tom.lV.
3383 3142 3605 3211 part.11,

191 3235 318 3282 nata
366 3236 495 3282 sunt
541 3229 720 3284 nobis.
751 3228 847 3284 Ait
894 3229 1200 3300 Dominus,
1234 3231 1372 3304 quia
1423 3249 1625 3289 servus
1657 3232 1844 3288 nescit
1874 3226 1916 3292 C
1955 3229 2064 3286 col.
2099 3230 2230 3284 1551
2265 3232 2321 3284 et
2347 3232 2497 3300 seq.)

197 3316 330 3387 quid
391 3315 586 3382 faciat,
618 3321 750 3385 etc.,
784 3335 954 3391 usque
995 3320 1068 3375 all
1120 3320 1182 3376 in
1238 3320 1488 3377 Domino
1546 3321 1846 3394 glorietur.

193 3403 318 3475 (Id.,
356 3412 516 3460 tract.
549 3407 621 3460 85
651 3407 709 3461 in
738 3407 946 3478 Evang.
977 3425 1082 3465 sec.
1114 3411 1291 3478 Joan.,
1325 3415 1467 3466 tom.
1501 3410 1759 3484 III,part.
1784 3428 1846 3479 11,

195 3492 297 3548 col.
332 3494 481 3549 1849
507 3498 566 3550 et
595 3495 743 3568 seq.)

257 3582 394 3638 Haec
415 3584 573 3639 dona
594 3584 694 3640 Dei
716 3602 843 3642 esse
865 3590 1082 3659 quanto
1105 3586 1293 3660 magis
1315 3587 1492 3654 nosti,
1524 3593 1658 3655 etc.,
1681 3606 1851 3662 usque

193 3670 256 3724 ad
273 3673 770 3729 commendantur
786 3675 1077 3747 agnoscis.
1092 3676 1224 3748 (Id.,
1241 3677 1322 3732 Ea:
1343 3677 1438 3734 lib.
1461 3677 1524 3732 de
1543 3679 1692 3734 Dono
1710 3679 1845 3747 vid.,

193 3764 328 3816 tom.
362 3761 462 3829 VI,
499 3760 609 3816 col.
641 3764 749 3818 442
777 3769 833 3819 et
865 3764 1012 3836 seq.)

255 3848 364 3911 Qui
387 3848 548 3904 enim
582 3849 760 3906 habet
780 3851 1016 3907 dabitur
1031 3851 1104 3921 ei,
1124 3856 1256 3921 etc.,
1286 3871 1452 3925 usque
1481 3855 1551 3910 ad
1590 3859 1728 3910 sunt
1757 3855 1846 3910 in-

190 3935 403 3993 felices.
438 3938 569 4009 (Id.,
603 3947 758 3995 tract.
790 3940 854 3996 de
879 3943 1060 3997 natali
1085 3949 1250 3998 mari.
1282 3944 1539 4015 Massyl.,
1575 3948 1718 4001 tom.
1752 3947 1844 4014 V.,

190 4031 332 4096 part.
371 4044 412 4092 1,
445 4025 560 4082 col.
599 4029 778 4100 1287.)

257 4115 394 4182 Quae
422 4125 476 4171 et
510 4118 810 4189 loquimur,
842 4122 976 4186 etc.,
1010 4137 1198 4192 usque
1229 4121 1300 4176 ad
1327 4123 1609 4192 spiritalia
1629 4139 1845 4194 compa-

187 4215 385 4260 rantes.
405 4205 765 4278 Intelligitur
787 4207 960 4264 Jesus
990 4209 1311 4282 discipulos
1341 4227 1480 4266 suos
1511 4211 1582 4266 de
1604 4210 1847 4266 carnali-

189 4291 318 4361 bus,
349 4300 490 4362 etc.,
521 4311 692 4367 usque
719 4296 790 4352 ad
837 4297 1076 4353 omnino
1124 4315 1254 4354 esse
1305 4299 1676 4356 convincunt.
1713 4301 1844 4373 (Id.,

190 4389 340 4438 tract.
379 4385 488 4439 102
534 4385 613 4439 in'
639 4388 853 4459 Evang.
885 4403 990 4444 sec.
1036 4391 1226 4457 Joan.,
1258 4391 1400 4444 tom.
1451 4388 1548 4458 III,
1583 4395 1731 4461 part.
1784 4407 1842 4461 11,

191 4471 292 4526 col.
338 4475 484 4528 1897
514 4479 571 4530 et
600 4477 751 4547 seq.)

2038 3321 2313 3390 Tanquam
2336 3318 2609 3390 parvulis,
2632 3323 2767 3386 etc.,
2785 3333 2973 3390 usque
2994 3317 3064 3372 ad
3100 3317 3277 3372 adhuc
3306 3318 3454 3374 enim
3483 3319 3610 3374 estis

1956 3409 2225 3464 carnales.
2260 3407 2368 3464 Ubi
2402 3407 2640 3476 dicitur,
2665 3407 2928 3462 nondum
2951 3405 3038 3462 vel
3070 3423 3186 3462 non
3225 3406 3438 3474 adhuc,
3470 3423 3608 3479 pro-

1958 3497 2106 3552 fecto
2137 3513 2253 3552 non
2285 3497 2648 3568 desperatur,
2681 3499 2813 3564 etc.,
2837 3512 3004 3568 usque
3033 3495 3101 3550 ad
3152 3494 3332 3568 fugiet
3383 3495 3608 3550 ﬁctum.

1960 3586 2267 3659 (Id.,serm.
2292 3585 2356 3642 de
2401 3585 2614 3658 blasph.
2649 3586 2798 3658 Spir.
2847 3593 3046 3655 sanct.,
3088 3588 3231 3641 tom.
3265 3583 3332 3639 V.
3385 3587 3534 3656 part.
3569 3601 3607 3653 1,

1958 3675 2064 3731 col.
2103 3677 2207 3730 462
2238 3679 2294 3730 et
2325 3673 2472 3746 seq.)

2028 3767 2152 3821 Non
2187 3782 2390 3821 omnes
2421 3782 2568 3837 quos
2599 3763 2846 3820 ecclesia
2873 3768 3131 3837 generat,
3172 3764 3243 3819 ad
3275 3764 3401 3835 ejus
3431 3762 3609 3834 perti-

1958 3859 2096 3910 nent
2129 3854 2436 3919 unitatem,
2455 3858 2589 3920 etc.,
2609 3870 2778 3925 usque
2800 3854 2868 3908 ad
2897 3852 3199 3908 vinculum
3231 3852 3607 3924 pertinerent.

1958 3944 2088 4016 (Id.,
2124 3944 2219 4002 lib.
2255 3961 2269 3998 1
2300 3943 2364 3999 de
2397 3947 2528 4015 Bap.
2554 3959 2737 4014 parv.,
2771 3945 2912 3997 tom.
2943 3941 3032 4010 IX,
3068 3940 3175 3997 col.
3215 3941 3360 4012 117.)

2027 4034 2144 4089 Hoc
2170 4051 2203 4088 a
2234 4032 2465 4105 magnis
2495 4035 2553 4087 et
2576 4029 2940 4104 spiritalibus
2968 4029 3393 4086 viris'Ecclesia:
3419 4029 3612 4085 catho-

1955 4122 2079 4178 lica:
2110 4121 2411 4188 aluminis,
2443 4125 2581 4190 etc.,
2609 4136 2777 4193 usque
2835 4120 2905 4175 ad
2947 4119 3250 4174 inferiores
3300 4117 3607 4188 adjuverit.

1958 4211 2087 4284 (Id.,
2123 4211 2220 4266 lib.
2255 4210 2318 4266 de
2346 4225 2473 4264 vera
2504 4209 2701 4277 Relig.,
2735 4212 2875 4263 tom.
2912 4207 3008 4277 III,
3043 4211 3192 4278 part.
3227 4223 3265 4272 1,
3301 4204 3409 4261 col.
3465 4203 3609 4277 143.)

2027 4304 2187 4354 Εἰᾶε
2218 4297 2480 4371 corporis
2511 4314 2628 4352 non
2677 4299 2766 4352 est
2815 4295 2873 4350 in
2921 4293 3238 4362 voluntate,
3272 4297 3408 4360 etc.,
3440 4308 3612 4365 usque

1955 4388 2025 4444 ad
2053 4392 2116 4444 ut
2145 4404 2293 4460 pane
2342 4389 2561 4460 pascat.
2599 4384 2729 4458 (Id.,
2763 4392 2919 4440 tract.
2952 4385 3109 4457 epist.
3141 4381 3302 4439 Joan.
3336 4386 3478 4438 tom.
3511 4381 3606 4449 III,

1956 4481 2102 4550 part.
2133 4493 2195 4548 ιι,
2231 4475 2340 4532 col.
2377 4475 2514 4531 1997
2545 4478 2601 4530 et
2630 4477 2776 4547 seq.)

256 4562 422 4662 Tuus
445 4567 537 4619 est
567 4563 712 4620 dies.
745 4564 852 4629 Qui
887 4569 1028 4622 sunt
1057 4566 1176 4634 isti,
1207 4571 1340 4635 etc.,
1374 4583 1543 4640 usque
1591 4568 1662 4624 ad
1704 4567 1846 4624 luna
1878 4595 1922 4662 Β
2027 4566 2388 4631 Quibusdam
2439 4563 2690 4620 infirmis
2751 4561 2889 4662 dicit
2944 4559 3276 4662 Apostolus.
3303 4558 3414 4614 Lac
3444 4557 3608 4662 vonb‘is

189 4650 503 4706 consolans
535 4658 784 4709 noctem.
809 4656 940 4728 (Id.,
960 4663 1114 4712 tract.
1145 4658 1204 4712 in
1220 4657 1364 4728 psal.
1389 4657 1842 4726 Lxx111,tom.1V,

189 4745 334 4810 part.
371 4757 412 4808 1,
445 4741 556 4796 col.
591 4741 739 4815 940.)

254 4828 531 4886 Animalis
553 4841 758 4904 autem,
792 4838 926 4903 etc.,
954 4852 1142 4908 usque
1173 4835 1243 4890 ad
1272 4835 1602 4906 spiritaliter
1633 4837 1844 4891 exami-

188 4926 370 4973 natur.
405 4919 467 4975 In
501 4919 631 4993 ipsa
660 4927 816 4979 sorte
848 4924 1225 4980 mortalitatis
1257 4929 1464 4980 nostrae
1499 4941 1567 4981 ex
1605 4941 1722 4997 qua
1775 4925 1846 4981 de

188 5007 373 5062 Adam
409 5010 726 5080 nascimur,
760 5018 896 5082 etc.,
947 5031 1116 5086 usque
1145 5013 1216 5069 ad
1245 5031 1450 5070 omnes
1492 5015 1841 5070 scribentur.

190 5093 316 5166 (Id.,
352 5097 452 5152 lib.
476 5115 495 5152 1
525 5099 592 5156 de
619 5103 923 5173 Baptismo,
958 5107 1098 5159 tom.
1138 5103 1227 5172 IX,
1262 5103 1369 5159 col.
1403 5103 1510 5159 122
1538 5106 1596 5160 et
1625 5104 1770 5176 seq.)

258 5185 405 5248 Quis
426 5192 620 5245 autem
653 5191 904 5248 carnalis
935 5196 990 5248 et
1015 5191 1288 5249 animalis
1311 5192 1506 5262 homo,
1524 5198 1656 5260 etc.,
1677 5209 1844 5264 usque

189 5271 255 5325 ad
293 5276 460 5329 omni
489 5283 659 5335 vento
705 5281 1002 5337 doctrinm.
1027 5283 1160 5352 (Id.,
1195 5283 1293 5337 lib.
1327 5299 1391 5338 ιιι
1436 5282 1502 5338 de
1542 5283 1839 5354 Baptismo,

187 5364 328 5418 tom.
366 5363 462 5430 ΙΧ,
494 5367 602 5422 col.
642 5370 742 5426 146
771 5375 828 5427 et
859 5371 1006 5444 seq.)

253 5451 363 5514 Qui
401 5468 533 5527 ergo
554 5456 691 5514 vivit
721 5475 789 5515 ex
818 5476 1079 5532 corpore,
1105 5459 1356 5515 carnalis
1375 5458 1571 5525 homo,
1595 5461 1730 5527 etc.,
1752 5476 1841 5515 us-

186 5554 287 5611 que
320 5541 396 5596 ad
429 5543 648 5601 nullam
679 5547 1437 5620 patietur.(ld.,lib.Quwst.
1465 5549 1555 5618 88,
1579 5549 1836 5620 tom.lll,

187 5633 337 5710 part.
373 5647 442 5701 11,
472 5632 575 5692 col.
614 5635 744 5696 1881
769 5641 828 5695 et
857 5643 1008 5713 seq.)
1670 5636 1675 5642 ’

1956 4661 2159 4730 potum
2193 4655 2348 4721 dedi,
2381 4658 2516 4720 etc.,
2548 4668 2718 4723 usque
2764 4651 2834 4706 ad
2887 4667 3000 4705 non
3047 4650 3388 4704 recedamus
3433 4665 3465 4702 a
3496 4647 3608 4703 fide

1956 4744 2124 4800 lactis
2154 4744 2357 4799 nostri.
2391 4743 2524 4812 (Id.,
2558 4749 2715 4796 tract.
2743 4740 2884 4812 psal.
2912 4742 3232 4804 cxxx,tom.
3251 4740 3346 4804 IV,
3371 4741 3519 4810 part.
3540 4751 3604 4792 11.

1955 4833 2066 4890 col.
2103 4834 2240 4888 1710
2270 4835 2326 4887 et
2358 4831 2506 4902 seq.)

2029 4925 2170 4980 Cum
2197 4923 2347 4977 enim
2373 4921 2446 4975 sit
2477 4921 2622 4974 inter
2648 4933 2736 4973 vos
2755 4917 2968 4973 zelus...
2985 4932 3164 4973 nonne
3184 4916 3429 4972 homines
3444 4911 3607 4969 estis?

1955 5013 2117 5079 Quod
2142 5028 2277 5084 ergo
2309 5012 2399 5064 est
2430 5004 2732 5063 ambulare
2771 5005 3096 5061 secundum
3145 5003 3464 5070 hominem,
3498 5001 3606 5057 hoc

1954 5107 2044 5158 est
2092 5117 2220 5156 esse
2275 5095 2595 5164 carnalem,
2627 5099 2763 5164 etc.,
2793 5111 2961 5168 usque
3007 5094 3076 5150 ad
3113 5093 3162 5149 si
3213 5091 3492 5158 vixeritis,
3524 5089 3604 5144 dii

1953 5191 2117 5248 estis.
2153 5188 2285 5261 (Id.,
2319 5186 2414 5242 lib.
2447 5203 2540 5241 xxv
2588 5185 2652 5242 de
2690 5186 2851 5251 Civit,
2884 5184 3002 5253 Dei,
3034 5188 3176 5240 tom.
3209 5181 3334 5251 VII,
3368 5178 3476 5236 col.
3502 5179 3606 5232 407

1953 5285 2010 5338 et
2040 5279 2187 5351 seq.)

2026 5369 2165 5438 Quid
2196 5369 2371 5437 igitur
2406 5372 2483 5422 est
2529 5363 2784 5436 Apollo...
2815 5365 2956 5419 Deus
3007 5365 3400 5420 incrementum
3435 5355 3601 5412 dedit.

1951 5461 2069 5533 Ego
2098 5475 2252 5524 sum,
2287 5453 2479 5528 inquit
2513 5453 2820 5520 Dominus,
2851 5453 2985 5508 vitis
3014 5468 3169 5516 vera,
3187 5452 3505 5517 etc.,usque
3532 5445 3605 5500 ad

1951 5550 2023 5606 ad
2071 5545 2387 5621 agricolam
2433 5542 2802 5599 Trinitatem.
2832 5543 2965 5611 (Id.,
2997 5547 3149 5596 tract.
3183 5538 3253 5591 80
3297 5537 3358 5591 in
3403 5536 3600 5609 Epist.,

1946 5655 2052 5698 sec.
2083 5640 2264 5704 Joan.,
2295 5639 2437 5691 tom.
2469 5635 2571 5700 III,
2603 5634 2754 5706 part.
2781 5647 2841 5700 ιι,
2875 5628 2982 5686 col.
3018 5626 3157 5684 1839
3185 5628 3243 5684 et
3272 5625 3419 5701 seq.)
