3964 6168
387 386 507 459 323

1586 386 1818 453 FLOR]
1862 385 2177 447 DIACONI
2224 383 2599 446 MUNACHI.

3637 391 3740 453 324

460 516 709 574 Interior
757 534 895 590 ergo
946 516 1228 590 magister
1275 522 1366 572 est
1415 517 1514 589 qui
1554 518 1738 573 docet.
1773 516 2043 573 Christus
2071 516 2125 585 Α
2157 519 2315 572 stum
2340 531 2510 588 usque
2538 516 2607 571 ad
2638 515 2879 572 forsitan
2928 532 3126 572 verum
3174 520 3277 572 est.
3320 516 3506 588 (Idem.
3553 518 3640 575 lib.
3687 522 3743 579 de

391 607 575 676 docet,
610 610 767 662 etc...
800 606 902 678 qui
929 603 1161 661 diabolo
1191 622 1307 661 non
1339 607 1615 678 praebent.
1649 606 1779 674 (Id.,
1805 608 2041 662 lract.in
2149 605 2307 662 Civil.
2342 606 2460 672 Dei,
2495 609 2637 661 tom.
2669 603 2790 669 VII,
2824 604 2933 660 col.
2963 605 3072 659 743
3101 607 3158 660 et
3186 609 3328 677 seq.)

389 698 547 767 epist.
579 696 760 762 10071.,
792 699 933 750 tom.
969 698 1066 762 III,
1102 700 1249 765 part.
1290 712 1349 763 ιι,
1387 694 1493 750 Col.
1526 695 1707 763 2004.)

461 782 772 856 Apostolus
821 784 1159 839 discernens
1204 783 1448 836 interius
1508 785 1690 838 Deum
1742 788 2033 842 meantem

390 878 564 945 atque
599 873 966 939 formantem,
1003 875 1134 938 etc.,
1181 889 1348 943 usque
1399 872 1470 927 ad
1510 880 1674 927 terra:
1726 872 2039 944 agricultu-

390 977 516 1017 ram
564 960 696 1031 (Id.,
732 961 829 1016 lib.
877 978 940 1016 111
993 960 1057 1017 de
1108 962 1281 1027 Trin.,
1313 966 1454 1018 tom.
1492 962 1643 1028 VIII,
1676 959 1783 1016 col.
1828 962 1934 1016 876
1982 964 2038 1017 et

388 1052 537 1121 seq.)

457 1137 518 1193 Si
567 1136 743 1193 fuerit
792 1140 995 1210 justus
1046 1136 1332 1205 minister,
1366 1141 1643 1211 computo
1690 1136 1856 1194 illum
1900 1156 2035 1195 cum

385 1225 585 1293 Paulo,
618 1231 752 1296 etc.,
786 1243 958 1299 usque
981 1225 1051 1282 ad
1084 1243 1199 1281 non
1232 1229 1428 1283 tamen
1456 1227 1744 1299 inquinat.
1776 1228 1856 1294 (S.
1886 1231 2033 1302 Aug.

384 1322 539 1371 tract.
571 1316 608 1370 5
639 1318 698 1371 in
730 1321 934 1388 Evang.
966 1331 1052 1371 sec
1078 1319 1268 1384 Joan.,
1304 1319 1446 1371 tom.
1481 1315 1582 1386 ΙΙΙ,
1631 1306 1779 1390 ριὶιιι.
1830 1335 1890 1386 ιι,
1924 1317 2031 1374 col.

386 1404 524 1460 1418
547 1409 604 1461 et
635 1404 784 1477 seq.)

454 1492 601 1557 Quid
632 1491 860 1548 volebat
906 1493 1129 1564 Simon,
1165 1491 1277 1549 nisi
1324 1492 1551 1550 laudari
1600 1494 1659 1550 in
1711 1494 2032 1564 miraculis,

380 1586 517 1649 etc.,
546 1598 716 1654 usque
746 1581 815 1636 ad
840 1581 1125 1638 aediﬁcare
1155 1582 1445 1654 cupiebat.
1481 1584 1790 1656 (Id.,serm.
1816 1584 1879 1640 de
1899 1584 2030 1641 Kal.

378 1672 529 1737 Jan.,
562 1674 704 1726 tom.
736 1670 807 1741 V,
840 1676 989 1743 part.
1024 1688 1063 1736 1,
1097 1670 1204 1727 col.
1241 1673 1422 1743 1024.)

451 1760 637 1830 Itaque
666 1775 836 1830 neque
864 1762 962 1831 qui
984 1760 1220 1832 plantat,
1245 1766 1378 1829 etc.,
1414 1779 1601 1834 usque
1632 1764 1703 1819 ad
1737 1765 2035 1820 incremen-

526 1848 620 1903 dat
650 1851 816 1953 Deus.
836 1848 1051 1905 Omnes
1073 1848 1425 1953 regpiillius
1454 1850 2033 1953 hominesidocibiles
2066 1887 2114 1953 Β

381 1936 483 1993 Dei
515 1939 706 2004 erunt,
741 1940 870 2004 etc.,
904 1954 1072 2010 usque
1117 1938 1187 1994 ad
1235 1938 1662 1996 incrementum
1713 1941 1814 1996 dat
1859 1941 2032 1998 Deus.

384 2025 512 2096 (Id.,
546 2034 701 2081 tract.
735 2026 807 2081 26
837 2028 896 2082 in
921 2027 1127 2099 Evang.
1159 2044 1263 2084 sec.
1293 2030 1451 2085 Joan.
1485 2033 1624 2085 tom.
1658 2029 1753 2097 Ill,
1779 2035 1927 2102 part.
1971 2048 2033 2098 11,

382 2112 491 2169 col.
524 2115 663 2169 1609
694 2120 751 2171 et
781 2116 930 2188 seq.)

453 2203 699 2269 Quidam
734 2209 963 2276 putant,
997 2222 1131 2261 cum
1162 2206 1396 2279 aliquos
1430 2208 1501 2263 ad
1525 2208 1819 2278 justitiam
1853 2209 2034 2281 pieta-

382 2296 620 2365 temque
643 2292 1043 2364 exhortantur,
1077 2300 1210 2362 etc.,
1242 2312 1413 2368 usque
1451 2296 1521 2352 ad
1550 2295 1797 2353 latenter
1826 2314 2035 2371 opera-

384 2384 562 2437 retur.
596 2382 724 2454 (Id.,
759 2382 858 2438 lib.
891 2382 957 2439 de
985 2388 1134 2441 Bono
1163 2384 1381 2454 viduit.,
1406 2390 1548 2442 tom.
1583 2385 1679 2453 VI,
1711 2386 1818 2443 col.
1854 2386 1959 2442 444
1979 2392 2037 2444 et

384 2470 534 2543 seq.)

451 2561 563 2629 Qui
614 2560 916 2632 plantat...
970 2561 1269 2617 secundum
1314 2578 1476 2618 suum
1535 2563 1794 2620 laborem.
1829 2564 2034 2621 Nescio

381 2651 581 2704 utrum
614 2648 946 2706 inveniatur
993 2650 1053 2705 in
1103 2650 1419 2723 Scripturis
1470 2651 1710 2721 dictum,
1746 2658 1811 2708 ut
1847 2671 2033 2710 unum

382 2736 519 2807 sint,
553 2740 685 2805 etc.,
717 2756 887 2813 usque
932 2739 1001 2794 ad
1031 2743 1089 2795 et
1119 2756 1224 2795 nos
1266 2756 1450 2795 unum
1503 2757 1731 2796 sumus.
1765 2743 1898 2814 (Id.,
1932 2743 2029 2799 lib.

383 2843 435 2883 γι
458 2827 523 2883 de
559 2828 731 2896 Trin.,
766 2834 910 2884 tom.
942 2828 1096 2893 VIII,
1129 2827 1239 2884 col.
1270 2829 1420 2902 926.)

452 2918 557 2972 Dei
582 2917 1104 2988 enim....edi/icatio
1132 2919 1279 2974 estis.
1296 2919 1674 2991 Apertissime
1697 2920 1849 2976 Deus
1867 2921 2036 2977 Pater

381 3004 572 3062 dictus
606 3010 694 3062 est
728 3006 1025 3080 agricola.,
1056 3010 1192 3076 etc.,
1222 3023 1389 3080 usque
1435 3007 1505 3063 ad
1554 3009 1807 3082 agricola
1840 3013 2037 3067 noster

381 3098 488 3150 est.
522 3094 653 3167 (Id.,
680 3103 837 3151 tract.
871 3097 929 3151 in
972 3097 1117 3168 psal.
1171 3113 1318 3163 1.xv1,
1350 3100 1491 3153 tom.
1546 3097 1639 3164 IV,
1674 3103 1822 3170 part.
1855 3116 1892 3170 1,
1921 3099 2029 3156 col.

381 3182 530 3254 802.)

449 3270 755 3327 Secundum
783 3274 1091 3342 gratiam...
1115 3272 1256 3344 quod
1284 3282 1364 3328 est
1413 3273 1661 3329 Christus
1689 3276 1860 3331 Iesus.
1895 3275 2026 3331 Cer-
2062 3258 2104 3324 (ἶ

380 3364 510 3413 tum
560 3358 984 3432 propriumque
1033 3359 1330 3416 catholieze
1386 3361 1522 3416 ﬁdei
1582 3362 2035 3420 fundamentum

383 3446 652 3503 Christus
682 3452 790 3514 est,
824 3452 959 3516 etc.,
992 3464 1163 3520 usque
1192 3448 1262 3504 ad
1294 3451 1741 3507 monstrandum
1770 3457 1877 3509 est.
1902 3452 2033 3524 (Id.,

383 3536 481 3592 lib.
516 3537 737 3593 Enchir.
770 3540 914 3593 tom.
940 3537 1036 3605 VI,
1064 3537 1173 3594 col.
1207 3539 1363 3608 233.)

456 3626 928 3682 Fundamentum
959 3628 1196 3699 quando
1228 3628 1468 3699 ponitur
1497 3630 1554 3684 in
1588 3633 1762 3699 terra,
1786 3636 1918 3701 etc.,
1942 3649 2034 3688 us-

381 3731 485 3787 que
511 3714 713 3781 adubi
742 3714 1116 3771 adiﬁcemur.
1152 3716 1280 3787 (Id.,
1300 3725 1458 3774 tract.
1485 3720 1545 3774 in
1568 3720 1711 3791 psal.
1736 3725 2033 3790 cxx1,tom.

383 3803 475 3870 IV,
509 3807 656 3876 part.
690 3821 750 3873 11,
787 3803 899 3858 col.
935 3803 1121 3876 1621.)

453 3892 616 3949 Sicut
644 3891 1096 3949 fundamentum
1130 3910 1419 3967 corporeae
1448 3896 1699 3964 fabricas,
1719 3903 2037 3972 etc.,usque

383 3982 454 4037 ad
499 3982 707 4038 crescit
752 3983 1003 4039 exordio.
1039 3983 1169 4056 (Id.,
1202 3983 1353 4042 Sent.
1387 3991 1578 4059 Prosp.
1631 3991 1771 4043 tom.
1823 3988 1889 4057 Χ,
1924 3988 2033 4046 col.

385 4072 570 4140 1868,)

451 4157 514 4216 Si
543 4162 668 4233 quis
690 4169 872 4218 autem
897 4163 1362 4235 superati/teat...
1409 4165 1739 4222 sacerdotem
1787 4169 2034 4240 accipiet.

381 4248 594 4307 Beatus
627 4249 833 4307 Petrus
865 4252 1715 4327 apostolus,sciensetc.,usque
1733 4255 1804 4311 ad
1824 4260 2036 4314 esterno

381 4338 515 4413 igne
542 4342 930 4414 torquebitur.
965 4342 1094 4412 (Id.,
1129 4343 1224 4399 lib.
1259 4343 1323 4400 de
1352 4343 1469 4400 Fid.
1493 4352 1545 4401 et
1574 4343 1912 4417 Oper.,tom.
1937 4346 2033 4413 VI,

382 4428 492 4485 col.
525 4431 634 4486 212
662 4434 720 4486 et
750 4435 900 4503 seq.)

451 4520 779 4592 Antequam
810 4520 1005 4577 veniat
1034 4519 1159 4575 dies
1188 4519 1570 4577 dedicationis
1600 4523 2036 4593 domus,videa-

2217 692 2478 758 Domino,
2513 711 2582 748 ne
2613 693 2665 746 in
2703 692 3098 767 indignatione
3131 709 3337 766 arguas
3363 711 3465 757 me,
3498 712 3646 767 usque
3688 698 3744 751 ml

2148 799 2218 835 ne
2263 780 2359 836 illa
2405 781 2668 855 graviora
2724 780 3036 851 patiantur.
3074 782 3273 846 (Ideni,
3307 785 3363 835 in
3402 785 3532 852 psal.
3576 801 3737 843 nm.

2149 875 2287 924 tom.
2322 869 2417 938 IV,
2451 876 2598 945 part.
2634 888 2671 937 1,
2702 870 2809 925 col.
2844 870 2951 925 389
2978 876 3035 925 et
3064 877 3211 942 seq.)

2216 960 2362 1015 Aves
2404 963 2603 1016 autem
2656 975 2772 1015 non
2818 959 3033 1015 divisit.
3064 958 3361 1031 Spiritales
3407 976 3515 1015 non
3561 960 3750 1017 habent

2145 1047 2490 1103 divisionem
2510 1064 2683 1120 usque
2709 1047 2778 1104 ad
2808 1047 3241 1122 quodammodo
3263 1046 3553 1121 eliquabit.
3571 1049 3749 1121 (Idem,

2144 1137 2205 1191 in
2230 1137 2369 1209 psal.
2403 1154 2516 1206 c111,
2546 1142 2688 1193 tom.
2723 1137 2814 1204 IV,
2846 1142 2996 1210 part.
3028 1154 3089 1205 ιι,
3120 1136 3229 1192 col.
3266 1137 3403 1192 1362
3430 1142 3484 1193 et
3512 1142 3648 1209 seq.)

2216 1227 2445 1284 Nescitis
2470 1228 2568 1298 qui
2596 1227 2856 1299 templum
2883 1227 2982 1283 Dei
3008 1227 3157 1292 estis,
3186 1233 3237 1282 et
3262 1226 3483 1297 spiritus
3511 1228 3606 1282 Dei
3623 1227 3754 1282 habi-'

2143 1322 2221 1371 tat
2250 1316 2310 1371 in
2326 1317 2494 1372 vobis.
2510 1315 2725 1372 Omnes
2743 1315 2933 1372 adhuc
2954 1314 3255 1381 inﬁrmi,et
3275 1314 3582 1370 secundum
3604 1315 3755 1371 ﬁdem

2142 1402 2513 1460 ambulantes
2556 1405 2883 1460 secundum
2939 1404 3116 1460 {idem
3164 1401 3447 1475 templum
3494 1401 3591 1459 Dei
3636 1406 3756 1458 sunt

2143 1509 2312 1565 usque
2340 1492 2411 1549 ad
2440 1494 2566 1566 ipse
2611 1492 2741 1550 illos
2790 1491 3068 1549 continet.
3103 1492 3309 1566 (Idem,
3344 1494 3400 1547 in
3441 1492 3577 1565 psal.
3609 1506 3755 1561 cxxn,

2144 1586 2283 1638 tom.
2320 1581 2413 1649 IV,
2448 1587 2597 1655 part.
2635 1599 2696 1649 ιι,
2729 1581 2839 1638 col.
2876 1581 3058 1653 1632.)

2214 1670 2520 1743 Suscipere
2550 1677 2605 1727 te
2637 1670 2783 1727 dicis
2813 1670 2969 1743 quod
3001 1669 3239 1744 protuli.
3264 1669 3510 1726 Nescitis
3536 1668 3760 1743 usquead

2144 1760 2281 1815 sede
2309 1759 2489 1815 efficit
2538 1760 2766 1832 dignos.
2804 1759 3006 1831 (Idem,
3040 1758 3142 1816 lib.
3176 1767 3363 1815 contra
3411 1758 3759 1826 Maximinum,

2144 1851 2284 1905 tom.
2308 1847 2458 1917 VIII,
2493 1849 2602 1904 col.
2633 1849 2741 1903 790
2770 1852 2826 1905 et
2852 1848 2997 1921 seq.)

2217 1936 2402 1993 Deum
2431 1953 2560 1993 esse
2583 1934 2864 2010 Spiritum
2914 1940 3204 2005 sanctum,
3240 1935 3536 2011 Scriptura
3575 1935 3764 1993 clamat

2143 2042 2312 2099 usque
2338 2026 2409 2083 ad
2438 2026 2497 2080 in
2529 2042 2767 2098 corpore
2795 2031 3010 2082 vestro.
3040 2026 3249 2096 (Idem,
3282 2026 3347 2081 de
3393 2026 3599 2091 Trinit.,
3635 2029 3758 2081 tom.

2144 2114 2291 2182 VIII,
2326 2114 2435 2171 col.
2465 2114 2571 2170 938
2599 2118 2657 2171 et
2686 2114 2828 2187 seq.)

2214 2202 2321 2271 Qui
2353 2202 2791 2276 supplicaturus
2822 2203 2937 2259 Deo
2968 2201 3161 2259 locum
3200 2208 3471 2261 sanctum
3516 2218 3669 2276 usque
3704 2201 3763 2258 ad

2144 2293 2223 2347 ibi
2254 2292 2499 2349 habitat.
2536 2292 2739 2365 (Idem,
2772 2292 2874 2348 lib’.
2906 2292 3055 2349 Sent.
3088 2294 3367 2366 Prosperi,
3401 2297 3539 2349 tom.
3567 2291 3760 2365 X,part.

2144 2400 2203 2452 11,
2236 2382 2345 2439 col.
2385 2383 2567 2456 1889.)

2216 2471 2275 2528 Si
2307 2470 2505 2528 anima
2534 2471 2593 2527 in
2626 2487 2865 2544 corpore
2898 2472 3219 2529 constituta
3241 2489 3358 2528 non
3381 2472 3567 2527 solum
3596 2467 3764 2525 nullas

2144 2560 2447 2634 angustias
2475 2577 2646 2633 usque
2672 2561 2743 2617 ad
2773 2576 2876 2634 per
2917 2560 3052 2616 ﬁdei
3085 2561 3388 2634 pietatem,
3414 2560 3605 2634 (Idem,
3626 2561 3761 2629 epist.

2142 2650 2213 2706 ad
2258 2649 2593 2719 Dardanum,
2631 2654 2769 2706 tom.
2805 2650 2875 2718 II,
2908 2649 3015 2706 col.
3066 2651 3170 2706 837
3224 2655 3284 2707 et
3328 2666 3448 2722 seq.
3501 2655 3555 2705 et
3598 2648 3688 2705 841
3719 2650 3766 2702 et

2143 2744 2288 2811 seq.)

2213 2828 2274 2884 Si
2330 2830 2450 2900 quis
2497 2836 2680 2884 autem
2738 2829 2997 2900 templum
3043 2829 3142 2885 Dei
3189 2830 3497 2899 violaverit,
3529 2823 3769 2898 disperdet

2143 2917 2303 2972 illum
2332 2917 2612 2973 Dominus.
2650 2918 2925 2990 Templum
2951 2918 3100 2973 enim
3130 2918 3232 2973 Dei
3257 2926 3505 2974 sanctum
3533 2924 3625 2982 est,
3647 2912 3766 2988 quod

2141 3008 2270 3062 estis
2300 3022 2411 3063 vos.
2443 3004 2787 3078 Apostolum
2818 3006 3014 3063 audite
3039 3023 3210 3079 usque
3240 3007 3314 3063 ad
3344 3005 3543 3063 domui
3584 3002 3765 3078 ipsius.

2143 3094 2347 3167 (Idem,
2379 3111 2486 3151 ser.
2520 3094 2585 3151 de
2627 3094 2807 3151 decem
2850 3095 3087 3163 chordis,
3117 3099 3263 3153 tom.
3300 3096 3368 3165 V,
3403 3100 3550 3169 part.
3590 3108 3627 3160 1,
3674 3088 3767 3147 col.

2144 3185 2213 3239 86
2244 3187 2303 3240 et
2331 3183 2478 3256 seq.)

2213 3273 2343 3329 Jam
2375 3271 2527 3329 nosti
2561 3272 2815 3345 pretium
2849 3277 3038 3340 tuum,
3054 3275 3183 3346 jam
3216 3274 3375 3331 nosti
3406 3290 3520 3348 quo
3568 3268 3770 3329 accedis

2143 3377 2314 3435 usque
2342 3361 2413 3417 ad
2440 3362 2597 3434 quod
2628 3361 2771 3418 estis
2803 3379 2925 3419 vos.
2961 3363 3164 3436 (Idem,
3194 3380 3364 3420 senn.
3394 3364 3460 3421 de
3487 3363 3655 3421 verbis
3684 3362 3771 3415 Do-

2142 3454 2290 3507 mini
2317 3453 2379 3506 in
2409 3459 2610 3519 monte,
2644 3454 2788 3507 tom.
2824 3450 2919 3519 Ill,
2946 3456 3098 3524 part.
3126 3470 3165 3520 1,
3199 3452 3313 3509 col.
3340 3452 3523 3525 1276.)

2216 3539 2522 3613 Apostslue
2543 3539 2681 3596 dicit
2706 3557 2719 3595 :
2744 3539 3056 3613 Templum
3081 3540 3237 3597 enim
3267 3542 3373 3598 Dei
3395 3545 3656 3598 sanctum
3677 3537 3769 3604 est,

2145 3629 2300 3703 quod
2322 3630 2465 3685 estis
2484 3647 2587 3685 vos
2608 3646 2777 3702 usque
2800 3628 2870 3686 ad
2892 3629 3168 3686 societate
3186 3630 3571 3706 disjungitur.
3592 3628 3771 3701 (Idem,

2146 3722 2207 3775 in
2233 3719 2375 3792 psal.
2408 3735 2462 3784 ιι,
2494 3722 2636 3775 tom.
2661 3718 2753 3787 IV,
2789 3722 2939 3790 part.
2973 3735 3012 3785 1,
3041 3716 3150 3775 col.
3188 3719 3294 3776 135
3324 3725 3382 3777 et
3412 3719 3557 3791 seq.)

2215 3808 2341 3865 Duo
2372 3811 2512 3863 sunt
2559 3811 2846 3880 praecepta
2893 3811 2951 3864 et
2999 3809 3113 3864 duo
3158 3823 3378 3881 genera
3427 3810 3773 3882 peccatorum

2146 3912 2316 3971 usque
2361 3896 2431 3952 ad
2477 3912 2579 3968 per
2624 3897 3137 3970 intemperantiam
3183 3896 3564 3956 vulneratur?
3592 3894 3772 3964 (Idem,

2143 4004 2306 4044 serm.
2328 3986 2392 4042 de
2421 3988 2782 4044 Couversione
2802 3993 2997 4058 apost.,
3017 3990 3159 4041 tom.
3192 3985 3260 4055 V,
3282 3990 3437 4059 part.
3467 4004 3506 4057 1,
3540 3977 3769 4041 col.l27l

2145 4080 2202 4132 et
2231 4076 2377 4147 seq.)

2215 4164 2431 4220 Verum
2446 4162 2733 4235 templum
2748 4161 2849 4220 Dei
2868 4163 3244 4237 agnoscimus
3257 4179 3431 4236 usque
3448 4163 3517 4219 ad
3534 4162 3777 4219 mortuus

2144 4258 2233 4311 est
2261 4269 2364 4327 pro
2394 4256 2470 4309 te.
2502 4253 2709 4322 (Idem,
2742 4255 2803 4308 in
2846 4253 2989 4325 psal.
3039 4268 3189 4321 χειν,
3223 4255 3369 4309 tom.
3406 4252 3504 4321 IV,
3538 4254 3679 4325 part.
3724 4261 3775 4315 ιι,

2145 4340 2252 4397 col.
2287 4342 2426 4397 1220
2455 4344 2512 4397 et
2541 4344 2688 4413 seq.)

2214 4432 2379 4488 Nemo
2406 4446 2464 4487 se
2491 4429 2713 4486 seducat
2740 4446 2926 4502 usque
2958 4430 3028 4485 ad
3052 4432 3315 4502 quoniam
3335 4446 3501 4489 varix
3533 4436 3674 4486 sunt.
3704 4424 3780 4480 'I‘u

2145 4518 2334 4577 nescis
2365 4518 2747 4593 cogitationes
2776 4518 2877 4575 Dei
2907 4519 3185 4592 quoniam
3224 4520 3402 4591 justas
3453 4524 3591 4575 sunt
3632 4526 3783 4587 usque

382 4620 516 4660 mus
548 4605 690 4678 quia
711 4606 839 4675 jam
868 4605 1204 4662 dedicatum
1235 4609 1324 4663 est
1355 4613 1531 4681 caput
1562 4613 1876 4678 nostrum.,
1901 4615 2034 4680 etc.,
2067 4623 2116 4691 D
2145 4609 2215 4666 ad
2238 4625 2363 4682 quo:
2395 4607 2690 4681 sapientes
2710 4612 2867 4664 sunt.
2889 4608 3092 4681 (Idem,
3111 4610 3171 4664 in
3192 4610 3338 4681 psal.
3364 4626 3524 4675 xcm,
3548 4600 3781 4670 tom.IV,

382 4708 553 4765 usque
581 4692 652 4748 ad
683 4694 753 4748 ad
786 4694 1046 4752 dextram
1079 4695 1285 4754 Patris.
1320 4696 1400 4769 (S.
1434 4698 1581 4771 Aug.
1616 4700 1677 4753 in
1700 4700 1844 4771 psal.
1877 4717 2031 4769 xxv1,

382 4786 526 4836 tom.
552 4778 644 4850 IV,
669 4780 776 4837 col.
809 4784 965 4853 204.)

457 4867 640 4941 Ligna
670 4869 908 4942 quippe,
940 4876 997 4927 et
1028 4873 1249 4941 fenum,
1286 4879 1343 4930 et
1374 4874 1593 4949 stipula
1624 4892 1740 4932 non
1784 4878 2036 4936 absurde

385 4956 569 5029 accipi
626 4963 876 5030 possunt
931 4978 1127 5017 rerum
1183 4962 1551 5021 saecularium
1608 4982 1776 5038 usque
1833 4968 1903 5023 ad
1976 4969 2036 5024 in

385 5044 582 5118 ignem
615 5050 916 5104 eternum.
955 5049 1161 5122 (Idem,
1194 5051 1501 5116 Enchirid..
1532 5057 1671 5111 tom.
1706 5053 1801 5120 VI,
1833 5056 1938 5112 264
1982 5062 2039 5114 et

387 5134 539 5207 seq.)

458 5223 583 5281 Non
614 5223 728 5281 sibi
762 5225 1105 5298 polliceatur
1153 5230 1566 5302 unusquisque
1612 5232 1838 5289 habens
1887 5235 2040 5292 facta

387 5312 611 5369 nefaria
639 5330 808 5386 usque
827 5315 897 5371 ad
917 5333 1020 5390 per
1039 5316 1316 5374 idoneum
1340 5318 1811 5377 fundamentum.
1827 5322 2035 5393 (Idem,

388 5403 449 5457 in
473 5404 615 5474 psal.
652 5420 815 5473 Lxxx,
848 5410 992 5461 tom.
1025 5405 1119 5474 IV,
1143 5412 1293 5480 part.
1327 5423 1390 5476 ιι,
1423 5408 1533 5465 col.
1564 5410 1701 5465 1043
1731 5414 1789 5466 et
1819 5413 1966 5485 seq.)

457 5490 521 5546 Si
546 5494 702 5564 cujus
748 5509 882 5566 opus
933 5497 1135 5552 arserit
1182 5495 1569 5554 detrimentum
1612 5500 1895 5570 patietur:
1926 5503 2041 5573 ipse

386 5593 497 5633 non
526 5580 705 5635 salvus
734 5585 859 5649 erit,
891 5585 973 5639 sic
1002 5592 1183 5641 tamen
1231 5587 1391 5657 quasi
1433 5601 1534 5656 per
1582 5587 1782 5655 ignem.
1815 5587 2042 5644 Habent

457 5668 603 5733 Sunt
630 5666 969 5745 Christiani,
1003 5672 1274 5733 catholici
1330 5671 1389 5729 in
1444 5673 1824 5732 fundamento
1873 5675 2041 5734 Chri-

2144 4703 2295 4773 part.
2329 4715 2367 4762 1,
2403 4696 2510 4753 col.
2547 4696 2730 4769 1202.)

2216 4787 2324 4854 Qui
2356 4786 2450 4842 hic
2499 4785 2652 4842 beati
2702 4802 2850 4854 esse,
2880 4789 2937 4841 et
2965 4802 2999 4841 a
3030 4786 3241 4859 seipsis
3290 4786 3451 4843 beati
3502 4784 3626 4842 ﬁeri
3654 4780 3786 4838 mira

2145 4876 2399 4932 vanitate
2427 4873 2755 4941 voluerunt,
2790 4873 2973 4929 irrisit
3002 4874 3111 4930 hos
3142 4875 3356 4931 veritas
3386 4890 3558 4948 usque
3601 4871 3670 4927 ad
3704 4884 3785 4925 sa-

2147 4966 2426 5039 pientiam
2452 4964 2632 5036 hujus
2656 4962 3215 5045 mundi.(ldem,lib.
3238 4963 3303 5020 de
3329 4965 3495 5020 Civil.
3522 4963 3641 5030 Dei,
3656 4966 3785 5016 tom.

2146 5056 2269 5123 VII,
2303 5052 2414 5110 col.
2446 5054 2604 5125 618.)

2217 5142 2403 5199 Nolite
2433 5140 2689 5217 gloriari,
2715 5146 2773 5199 et
2795 5140 2972 5198 nolite
3001 5140 3167 5215 loqui
3197 5140 3432 5199 excelsa
3455 5156 3629 5214 usque
3657 5136 3723 5195 ad
3740 5136 3790 5191 et

2148 5233 2220 5289 ab
2254 5230 2353 5289 illo
2384 5248 2499 5288 non
2541 5235 2702 5288 sunt.
2754 5231 2957 5304 (Idem.
3007 5230 3072 5288 de
3123 5231 3287 5289 Civil.
3337 5232 3460 5300 Dei,
3512 5225 3786 5289 tom.VIL

2148 5320 2257 5378 col.
2288 5322 2394 5377 528
2422 5324 2482 5377 et
2510 5323 2661 5392 seq.)

2218 5410 2382 5466 Nemo
2429 5410 2613 5481 itaque
2651 5409 2919 5478 glorietur
2962 5411 3023 5465 in
3067 5409 3403 5477 hominibus,
3426 5409 3616 5465 omnia
3655 5402 3791 5461 enim

2147 5508 2321 5558 vestra
2352 5506 2499 5564 sunt,
2530 5499 2643 5553 sive
2670 5498 2897 5566 Paulus,
2920 5500 3033 5556 sive
3062 5499 3281 5571 Apollo,
3304 5500 3420 5554 sive
3449 5495 3680 5570 Cephas,
3691 5490 3794 5549 sive

2148 5588 2406 5656 mundus,
2438 5588 2551 5643 sive
2578 5589 2708 5653 vita,
2737 5589 2850 5644 sive
2874 5604 3041 5655 mors,
3073 5590 3184 5645 sive
3207 5588 3538 5662 praesentia,
3568 5587 3684 5641 sive
3708 5583 3793 5655 fu-

2150 5686 2294 5738 tura.
2328 5677 2531 5740 Omnia
2588 5677 2736 5736 enim
2793 5684 2969 5736 vestra
3018 5684 3166 5751 sunt,
3200 5692 3290 5737 vos
3342 5682 3532 5735 autem
3576 5668 3792 5733 Christi.
