3914 6166
177 413 274 473 395

965 409 1372 472 EXPOSI'I‘IO
1415 410 1492 470 IN
1542 410 1709 470 EPP.
1755 411 2012 472 PAULI.
2044 442 2121 453 --
2151 410 2273 471 EP.
2320 410 2343 471 Ι
2385 412 2489 474 ΑΙ)
2534 413 2710 477 COR.

3419 420 3537 482 326

177 546 386 603 Christus
413 552 595 599 autem
641 544 760 599 Dei.
795 542 853 597 Si
886 559 921 598 a
949 542 1135 615 capite
1186 546 1587 611 numerentur,
1623 542 1779 599 inve-
1809 543 1865 611 Α
1965 545 2113 615 Quia
2161 546 2523 616 spectaculum
2569 549 2703 618 facti
2747 564 2937 605 sumus
2983 550 3186 606 mundo
3234 567 3420 623 usque
3464 554 3537 608 ad

172 635 379 690 niuntur
405 647 588 687 unum
622 631 758 695 duo,
777 634 896 686 tres
916 639 1169 703 quatuor
1196 647 1366 702 usque
1391 630 1461 686 ad
1492 629 1777 685 mercedis

175 724 391 778 nomine.
424 720 630 785 (Idem,
668 727 809 776 tom.
846 719 939 789 VI,
972 720 1078 774 col.
1115 722 1201 774 Il‘QI.

231 814 352 866 Cum
381 811 604 865 dictum
635 809 1034 875 est,Quoniam
1067 815 1216 864 Deus
1239 810 1480 881 spiritus
1503 816 1590 865 est
1616 826 1781 882 usque

175 902 229 957 ad
254 901 366 973 ipsa
391 898 695 955 connexio.
729 898 934 969 (Idem,
966 915 1127 954 serm.
1161 899 1225 955 de
1253 900 1387 956 Fide
1433 908 1482 956 et
1524 899 1779 971 symbol.,

173 996 290 1047 tom.
319 987 407 1055 VI,
440 986 551 1044 col.
587 987 732 1055 192.)

774 1076 1005 1133 CAPUT
1046 1076 1139 1132 IV.

227 1168 307 1224 Sic
329 1183 422 1223 nos
444 1168 721 1223 existimet
747 1167 903 1222 homo
931 1182 1118 1239 usque
1154 1166 1227 1222 ad
1276 1168 1399 1239 quis
1446 1167 1780 1222 inveniatur.

176 1256 518 1330 Dispensator
545 1254 717 1328 plane
745 1253 956 1312 salutis
986 1260 1211 1312 aeternae
1249 1272 1418 1328 usque
1446 1255 1518 1311 ad
1546 1272 1782 1311 mensu-

175 1364 275 1402 ram
314 1343 466 1403 fidei.
517 1344 722 1416 (Idem,
754 1345 909 1416 epist.
956 1343 1026 1400 ad
1071 1344 1359 1409 Audacem,
1392 1348 1532 1399 tom.
1570 1344 1638 1412 ll,
1671 1341 1782 1399 col.

174 1437 287 1491 1076
311 1440 363 1490 et
392 1437 545 1506 seq.)

224 1525 352 1583 Mihi
376 1532 565 1579 autem
587 1538 691 1595 pro
718 1523 949 1578 minimo
973 1530 1052 1578 est
1093 1538 1279 1594 usque
1329 1521 1401 1577 ad
1444 1524 1556 1592 Qui
1601 1530 1789 1578 autem

164 1616 345 1686 judicat
370 1629 459 1668 me
484 1614 748 1669 Dominus
771 1610 1288 1683 est.Unusquisque
1317 1610 1473 1667 enim
1495 1626 1598 1683 pro
1619 1626 1681 1666 se
1702 1627 1788 1665 ra-

170 1705 354 1760 tionem
379 1702 587 1758 reddet
616 1717 787 1774 usque
807 1700 876 1756 ad
898 1699 1011 1757 nisi
1033 1699 1277 1773 spiritus
1298 1698 1783 1772 hominis.(ldem,

170 1798 286 1850 tom.
314 1791 404 1860 VI,
439 1789 553 1848 col.
585 1790 697 1863 46.)

1887 634 2133 687 omnium
2160 635 2464 705 peripsema
2494 652 2662 707 usque
2688 636 3535 711 adhuc.0pprobrium,inquit,

1890 721 2183 791 insipienti
2220 723 2427 777 dedisti
2454 742 2544 779 me
2570 743 2740 796 usque
2764 728 2830 780 ml
2860 728 2904 780 si
2934 745 3041 781 non
3071 729 3533 799 frnugor.(lden‘..

1891 812 1948 863 in.
1973 812 2116 881 psal.
2152 830 2385 882 .xxmu,
2420 818 2559 867 tom.
2596 814 2687 879 IV,
2724 822 2874 886 puri.
2911 834 2944 881 ι,
2981 818 3086 871 ('Ol.
3129 819 3269 891 £26.)

1958 903 2080 957 Non
2112 908 2171 955 ut
2199 902 2531 972 confundam
2564 920 2654 959 vos
2699 905 2818 961 lucc
2860 907 3059 976 scribo,
3095 923 3281 978 usque
3328 909 3401 964 ad
3448 910 3539 965 sed

1890 989 1952 1042 in
1980 989 2226 1043 veritate.
2260 987 2423 1052 Quod
2454 989 2765 1046 Psalmista
2784 992 2928 1047 dicit
2946 1009 3115 1065 usque
3139 994 3211 1049 ad
3230 1011 3358 1052 esse
3380 997 3537 1069 quod

1891 1075 1993 1131 Dei
2043 1080 2151 1132 est.
2188 1077 2394 1149 (Idem,
2426 1080 2487 1134 in
2527 1080 2670 1151 psal.
2723 1097 2927 1150 Lxxvu,
2977 1085 3118 1138 tom.
3167 1082 3261 1153 IV,
3311 1090 3461 1156 part.
3496 1100 3536 1155 ι,

1890 1163 1999 1220 col.
2030 1164 2180 1236 992.)

1964 1254 2107 1322 Quid
2138 1255 2303 1311 vultis
2328 1258 2351 1311 ?
2379 1256 2445 1311 In
2473 1256 2632 1325 virga
2660 1259 2873 1314 veniam
2895 1260 2965 1315 ad
2984 1276 3173 1329 vos,an
3196 1263 3257 1317 in
3274 1263 3542 1320 charitate

1891 1350 1943 1398 et
1970 1344 2173 1415 spiritu
2202 1345 2683 1402 mansuetudinis?
2703 1346 2963 1404 Visitabo
2985 1349 3044 1404 in
3074 1350 3237 1423 virga
3268 1351 3542 1424 iniquita-

1893 1435 1979 1487 tes
2010 1448 2211 1487 eorum
2246 1449 2414 1506 usque
2441 1434 2511 1489 ad
2536 1436 2723 1507 perire
2753 1439 3064 1509 praedonis.
3097 1439 3365 1511 (Idem,in
3392 1442 3535 1514 psal.

1895 1536 2160 1577 Lxxxvm.
2195 1525 2337 1578 tom.
2373 1522 2467 1591 IV,
2495 1517 2646 1597 part.
2679 1542 2755 1593 ιν,
2789 1525 2900 1582 col.
2936 1526 3067 1583 1331
3102 1532 3159 1583 et
3180 1533 3328 1601 seq.)

2551 1674 2782 1732 CAPUT
2817 1677 2886 1732 V.

1966 1785 2199 1845 Omnino
2228 1788 2452 1846 auditur
2481 1807 2669 1864 usque
2697 1793 2768 1849 ad
2798 1794 3023 1851 Domini
3040 1799 3217 1853 nostri
3233 1803 3367 1855 Jesu
3386 1800 3545 1856 Chri-

228 1882 351 1938 Mihi
381 1885 585 1937 autem
616 1880 930 1936 minimum
960 1882 1051 1936 est
1078 1896 1246 1952 usque
1287 1879 1359 1935 ad
1404 1878 1557 1934 Deus
1606 1894 1784 1950 quam
1816 1926 1862 1955 η
1894 1877 1986 1931 sti.
2020 1875 2169 1943 Quid
2214 1878 2446 1935 crudele
2478 1880 2707 1953 Moyses
2755 1886 2858 1938 aut
2905 1885 3224 1955 mandavit,
3258 1891 3364 1943 aut
3410 1888 3547 1944 fecit

170 1989 271 2045 ego.
301 1971 509 2042 (Idem,
540 1971 603 2025 in
624 1969 770 2041 psal.
803 1985 991 2037 xxxvn,
1024 1972 1174 2040 part.
1207 1985 1245 2033 ι,
1279 1967 1390 2024 col.
1423 1967 1573 2038 394.)

224 2059 401 2115 Sancti
431 2056 848 2131 praedicatores
869 2056 1029 2112 verbi
1058 2056 1159 2112 Dei
1191 2059 1250 2112 et
1278 2055 1390 2129 ipsi
1423 2055 1671 2127 abyssus
1702 2071 1791 2110 us-

169 2165 252 2221 que
273 2148 337 2205 ad
362 2148 496 2221 ipse
525 2145 853 2221 ignorabat.
886 2145 1089 2217 (Idem,
1120 2162 1190 2201 ex
1224 2152 1457 2201 tractatu
1501 2145 1640 2216 psal,
1673 2160 1784 2212 xu,

168 2244 286 2293 tom.
317 2237 405 2306 IV,
442 2240 599 2310 part.
631 2252 672 2302 ι,
703 2233 791 2291 col
821 2234 970 2302 473.)

222 2325 351 2383 Mihi
378 2324 703 2382 minimum
733 2338 903 2396 usque
925 2322 998 2378 ad
1027 2322 1274 2379 salutem
1294 2322 1785 2391 vestram.(ldem,

166 2418 215 2471 in
233 2416 360 2489 psal.
391 2430 571 2480 exul,
599 2416 742 2469 tom.
777 2412 868 2480 IV,
900 2415 1050 2484 part.
1084 2426 1146 2482 II,
1173 2410 1283 2468 col.
1316 2412 1486 2480 l851;
1519 2415 1577 2468 et
1619 2427 1785 2468 serm.

161 2507 236 2573 50,
261 2505 321 2561 de
348 2504 509 2562 νει-ὸ.
541 2503 774 2572 Evang.,
803 2505 946 2558 tom.
978 2500 1069 2569 V.)

219 2594 389 2666 Itaque
414 2594 596 2649 nolite
623 2599 750 2647 ante
773 2599 982 2663 tempus
1002 2590 1258 2662 judicare
1296 2606 1483 2662 usque
1527 2591 1597 2646 ad
1646 2606 1789 2645 unus

161 2683 389 2740 adversus
414 2683 665 2738 alterum
692 2681 915 2751 inﬂetur
927 2695 1031 2751 pro
1060 2680 1193 2735 alio.
1225 2679 1575 2751 Plerumque
1606 2679 1665 2734 in
1696 2678 1789 2734 his

164 2777 337 2828 nostra
364 2770 690 2827 credulitas
720 2768 940 2824 fallitur
969 2784 1137 2840 usque
1165 2767 1235 2824 ad
1274 2767 1516 2824 venialis
1564 2772 1652 2824 est
1682 2768 1789 2823 hu-

163 2878 315 2917 mana
360 2859 637 2917 tentatio.
689 2859 897 2928 (Idem,
930 2860 989 2913 in
1017 2859 1199 2924 Joan.,
1234 2862 1377 2913 tom.
1414 2857 1508 2923 Ill,
1542 2862 1693 2929 part.
1727 2875 1790 2923 ιι,

163 2951 254 3007 col.
282 2951 465 3022 I859.)

218 3040 490 3098 Nondum
521 3037 839 3094 revelatum
866 3041 955 3093 est
965 3035 1409 3109 judicium.Nox
1427 3039 1518 3092 est
1537 3052 1706 3109 usque
1723 3036 1795 3091 ad

162 3147 246 3186 cor
268 3136 436 3187 tuum
477 3145 594 3186 nox
619 3131 729 3185 est.
759 3127 1035 3198 (Idem,in
1056 3127 1255 3199 psal.c,
1288 3129 1431 3183 tom.
1455 3124 1548 3192 IV,
1570 3129 1789 3198 part.u,

162 3219 254 3278 οοι.
283 3219 467 3292 1294.)

1815 1926 1865 1991 Β

1897 1981 2065 2038 usque
2097 1967 2168 2022 ad
2199 1971 2262 2022 ut
2291 1967 2588 2025 discerent
2614 1987 2730 2026 non
2763 1970 3192 2044 blasphemare.
3226 1975 3406 2048 (Idem
3438 1976 3542 2035 lib.

1896 2062 2084 2111 contra
2115 2057 2395 2128 Faustum,
2428 2061 2569 2114 tom.
2604 2058 2757 2127 VIII,
2789 2060 2898 2117 col.
2932 2062 3080 2135 452.)

1970 2144 2165 2217 Magni
2191 2149 2248 2201 et
2275 2145 2462 2202 sancti
2491 2146 2597 2202 viri
2631 2147 2732 2220 qui
2747 2150 2873 2220 jam
2899 2150 3118 2223 optime
3139 2153 3356 2210 scirent
3374 2172 3571 2228 usque.

1896 2231 1968 2289 ad
2014 2237 2082 2288 ut
2130 2233 2328 2290 anima
2375 2234 2535 2291 salva
2583 2237 2680 2292 sit.
2714 2236 2916 2306 (Idem,
2947 2239 3013 2296 de
3037 2256 3200 2297 serm.
3231 2243 3455 2301 Domini
3484 2247 3545 2302 in

1896 2329 2098 2388 monte,
2129 2324 2272 2377 tom.
2306 2322 2401 2392 III,
2435 2325 2584 2394 part.
2620 2340 2658 2392 ι,
2685 2322 2795 2380 col.
2831 2325 2971 2382 1262
2998 2330 3056 2383 et
3083 2328 3230 2401 seq.)

1967 2411 2083 2467 Non
2113 2418 2194 2467 est
2223 2413 2361 2467 bona
2389 2412 2648 2481 gloriatio
2684 2422 2883 2470 vestra.
2919 2415 3144 2473 Nescitis
3191 2420 3325 2490 quia
3368 2419 3546 2477 modi-

1898 2517 2021 2557 cum
2046 2502 2374 2572 fermentum
2404 2508 2567 2557 totam
2601 2520 2841 2560 massam
2884 2507 3228 2579 corrumpit?
3255 2508 3403 2575 Quid
3435 2508 3549 2566 sibi

1897 2588 2022 2644 vult
2044 2592 2245 2659 tantus
2275 2589 2436 2645 furor
2464 2590 2846 2663 separationis
2894 2610 3064 2666 usque
3090 2595 3160 2651 ad
3190 2597 3263 2652 ab
3292 2597 3550 2655 Ecclesia

1901 2679 2125 2735 unitate
2173 2679 2506 2737 discedunt.
2556 2680 2762 2750 (Idem,
2796 2681 2897 2738 lib.
2930 2683 2994 2739 de
3035 2687 3198 2741 unico
3247 2690 3543 2761 Baptismo,

1900 2772 2043 2823 tom.
2076 2768 2167 2834 IX,
2200 2768 2308 2823 col.
2340 2770 2446 2824 608
2476 2773 2532 2824 et
2562 2770 2708 2841 seq.)

1972 2859 2282 2929 Expurgate
2313 2865 2463 2913 vetus
2493 2861 2823 2929 fermentum
2871 2878 3059 2933 usque
3108 2863 3180 2917 ad
3232 2865 3546 2921 immolatus

1901 2954 1979 3000 est
2038 2945 2301 3001 Christus.
2355 2945 2596 3015 Pascha,
2652 2947 2881 3017 fratres,
2922 2966 3039 3005 non
3095 2950 3250 3006 sicut
3306 2951 3546 3023 quidam

1903 3033 2241 3090 existimant
2271 3034 2535 3090 Graecum
2569 3051 2783 3092 nomen
2814 3040 2904 3093 est
2930 3054 3100 3111 usque
3145 3039 3216 3094 ad
3261 3040 3548 3098 transitus

1902 3127 2118 3180 noster.
2151 3122 2353 3195 (Idem,
2387 3125 2444 3179 in
2476 3124 2633 3181 Joan.
2685 3128 2826 3181 tom.
2861 3126 2957 3196 Ill,
2992 3131 3140 3200 part.
3172 3145 3233 3197 ιι,
3266 3128 3375 3186 col.
3411 3131 3550 3187 1784

1901 3217 1960 3270 et
1988 3212 2135 3286 seq.)

216 3311 332 3366 Non
361 3309 529 3366 enim
561 3306 784 3364 scimus
813 3304 1090 3362 mortales
1118 3304 1295 3362 corda
1330 3302 1671 3361 mortalium
1697 3320 1793 3359 us-
1822 3295 1865 3363 C
1972 3301 2271 3359 Innovatio
2301 3305 2390 3357 est
2417 3301 2543 3357 vita
2566 3305 2873 3361 nostras.Et
2891 3309 2982 3362 est
3003 3306 3243 3378 quidam
3264 3308 3549 3366 transitus

162 3415 248 3470 que
268 3399 335 3455 ad
362 3399 437 3455 ab
470 3399 608 3471 ipso
647 3393 1081 3451 illuminabitur
1127 3395 1264 3450 Deo.
1308 3393 1511 3464 (Idem.
1542 3393 1788 3461 Επειδὴ-η

158 3493 281 3544 tom.
309 3489 406 3556 VI,
440 3484 570 3544 col.‘
590 3484 741 3557 288.)

217 3577 421 3633 Notitia
454 3575 651 3632 nostri
671 3573 882 3630 certior
902 3572 1063 3629 intus
1086 3571 1302 3641 est,ubi
1325 3588 1493 3645 usque
1512 3571 1583 3627 ad
1605 3586 1793 3643 neque

157 3669 280 3723 tunc
323 3665 568 3739 poterit.
616 3662 822 3733 (Idem,
853 3660 924 3717 ad
966 3662 1233 3729 Italicam,
1267 3665 1408 3717 tom.
1444 3661 1512 3730 II,
1544 3660 1654 3717 col.
1688 3661 1794 3716 3l8

160 3758 206 3809 et
228 3759 369 3828 seq.)

218 3844 295 3901 Ita
316 3844 476 3901 Deus
508 3840 685 3898 nobis
713 3840 823 3897 erit
851 3843 1025 3895 notus
1055 3842 1231 3911 atque
1251 3838 1605 3912 conspicuus
1623 3854 1795 3910 usque

161 3931 218 3987 ad
233 3933 586 3989 saeculorum
609 3929 937 3986 laudabunt
955 3933 1030 3984 te.
1055 3928 1261 3999 (Idem,
1285 3926 1384 3984 lib.
1408 3927 1473 3985 de
1494 3926 1655 3984 Civil.
1666 3929 1790 3997 Dei,

157 4025 278 4078 tom.
309 4022 433 4090 VII,
468 4019 587 4078 col.
619 4020 772 4087 801.)

216 4111 335 4178 Quis
359 4113 518 4169 enim
550 4117 603 4165 te
628 4108 933 4164 discernit!
966 4122 1155 4179 usque
1194 4107 1268 4163 ad
1316 4114 1580 4180 tanquam
1624 4108 1796 4163 morti

155 4198 453 4258 destinatos.
487 4197 774 4256 Prohibet
824 4195 1128 4268 apostolus
1176 4196 1377 4252 dicens
1410 4213 1423 4251 :
1457 4196 1638 4252 Nemo
1670 4194 1792 4268 glo-

158 4287 315 4344 rietur
339 4290 401 4345 in
431 4287 683 4345 homine
711 4301 881 4357 usque
910 4284 980 4340 ad
1011 4301 1126 4340 non
1155 4283 1215 4340 in
1246 4282 1494 4340 Domino
1532 4283 1793 4358 glorian-

156 4377 251 4432 tur.
280 4377 489 4450 (Idem,
523 4378 684 4450 epist.
712 4373 783 4431 ad
836 4374 1198 4442 Valentinum,
1247 4377 1391 4430 tom.
1444 4373 1514 4440 II,
1547 4372 1656 4430 col.
1687 4372 1793 4429 969

154 4468 201 4518 et
224 4481 341 4521 sea.

210 4554 500 4611 Euntibus
529 4553 809 4611 omnibus
837 4570 905 4610 ex
940 4568 1058 4608 uno
1106 4551 1165 4607 in
1215 4551 1787 4620 condemnationem,

1900 3408 2070 3465 usque
2104 3391 2175 3447 ad
2222 3392 2281 3446 in
2328 3391 2668 3447 vicesimam
2725 3393 2999 3466 primam.
3035 3395 3219 3467 (Idem
3242 3396 3312 3454 ad
3339 3399 3549 3455 Janua-

1900 3483 2069 3550 rium,
2101 3484 2245 3538 tom.
2279 3484 2352 3549 II,
2385 3480 2496 3541 col.
2524 3482 2632 3536 206
2660 3485 2718 3538 et
2744 3484 2891 3557 seq.)

1971 3570 2157 3643 Itaque
2179 3570 2463 3641 epulemur
2493 3587 2682 3643 usque
2712 3572 2784 3627 ad
2815 3580 2869 3628 et
2892 3575 3162 3631 veritatis.
3185 3577 3356 3645 Quid,
3387 3578 3544 3649 quod

1902 3663 1960 3715 et
1989 3659 2207 3732 pascha
2235 3675 2269 3714 a
2294 3657 2464 3715 nobis
2493 3658 2696 3731 objicit
2723 3660 2999 3717 celebrari
3028 3680 3201 3736 usque
3228 3665 3299 3720 ad
3318 3667 3547 3723 venturi

1899 3748 2020 3804 veri
2076 3747 2489 3820 praeﬁguratio.
2540 3748 2745 3821 (Idem,
2796 3748 2899 3807 lib.
2943 3760 3132 3808 contra
3181 3758 3368 3811 Faust.
3399 3759 3544 3813 tom.

1899 3838 2047 3907 VIII,
2081 3836 2189 3893 col.
2223 3837 2374 3906 503.)

1970 3927 2184 4000 Scripsi
2210 3928 2362 3983 vobis
2389 3929 2450 3983 in
2477 3928 2706 3999 epistola
2736 3946 2921 4002 usque
2949 3931 3021 3986 ad
3059 3947 3185 3987 cum
3230 3932 3547 4005 hujasmodz

1901 4032 1999 4073 nec
2021 4018 2205 4072 cibum
2250 4032 2481 4073 sumere.
2513 4016 2772 4074 Joannes
2820 4017 2981 4087 dicit,
3015 4019 3216 4076 alienae
3268 4021 3545 4079 doctrinas

1900 4104 2242 4162 hominibus
2270 4121 2440 4178 usque
2466 4105 2538 4161 ad
2568 4106 2716 4161 satis
2741 4106 2963 4162 dictum
2989 4111 3098 4165 est.
3130 4109 3336 4180 (Idem,
3362 4109 3547 4167 lib.vu

1900 4195 1965 4251 de
1993 4196 2284 4267 Baptism,
2321 4199 2463 4250 tom.
2498 4193 2587 4261 IX,
2622 4193 2733 4250 col.
2763 4196 2870 4250 238
2899 4200 2957 4251 et
2985 4197 3132 4269 seq.)

1972 4283 2140 4340 Multi
2172 4282 2487 4339 Christiani
2518 4282 2788 4339 catholici
2814 4288 3182 4353 vocantur,et
3206 4290 3346 4342 sunt
3374 4285 3546 4343 adul-

1900 4372 2006 4430 teri
2035 4388 2205 4446 usque
2236 4372 2306 4428 ad
2336 4389 2594 4428 massam
2625 4372 2905 4429 frumenti
2933 4373 3090 4447 facit.
3123 4374 3328 4445 (Idem,
3359 4383 3549 4433 contra

1900 4465 2107 4530 Faust.,
2140 4467 2286 4518 tom.
2316 4461 2468 4531 VIII,
2501 4460 2610 4518 col.
2642 4462 2747 4517 387
2780 4466 2837 4519 et
2861 4462 3007 4535 seq.)

1971 4551 2236 4625 Plerique
2270 4554 2466 4607 autem
2497 4551 2634 4608 boni
2659 4550 2977 4606 Christiani
3006 4554 3311 4624 propterea
3352 4556 3548 4609 tacent

154 4640 563 4730 discernuntur
590 4659 706 4698 non
746 4641 970 4699 meritis
1014 4641 1139 4698 suis
1186 4656 1357 4713 usque
1401 4640 1472 4696 ad
1522 4644 1789 4730 nostrum
1820 4664 1868 4730 Β
1900 4658 2066 4715 usque
2094 4642 2165 4698 ad
2190 4641 2435 4730 crimine
2472 4640 2869 4730 nominantur.
2902 4639 3105 4711 (Idem,
3132 4639 3234 4696 lib.
3266 4642 3332 4699 de
3360 4645 3545 4699 Paeni-

154 4729 279 4787 nihil
326 4732 424 4789 sit.
481 4731 695 4801 (Idem,
745 4730 848 4787 lib.
889 4730 955 4788 de
985 4730 1222 4803 Corrept.
1250 4738 1301 4786 et
1346 4737 1513 4800 grat.,
1547 4733 1690 4785 tom.
1722 4729 1788 4796 Χ,

153 4819 244 4874 col.
272 4820 377 4877 923
406 4825 468 4877 et
503 4823 660 4892 seq.)

210 4907 521 4983 Propterea
552 4908 672 4964 dixi
718 4908 904 4976 vobis,
940 4908 1154 4981 inquit,
1187 4907 1327 4980 quia
1374 4924 1547 4963 nemo
1599 4911 1792 4981 potest

153 4997 324 5053 venire
353 4999 429 5053 ad
457 5013 562 5053 me
591 5013 763 5069 usque
806 4998 877 5053 ad
920 4997 1075 5071 quod
1108 5013 1223 5053 non
1253 4996 1549 5069 accepisti.
1584 4996 1787 5069 (Idem,

152 5083 207 5138 in
226 5084 406 5155 leam,
433 5090 568 5143 tom
598 5086 698 5155 III,
727 5089 878 5158 part.
912 5103 973 5153 ιι,
1004 5084 1114 5143 col.
1151 5087 1289 5142 1618
1313 5088 1371 5141 et
1399 5085 1547 5159 seq.)

210 5173 614 5232 Misericordia
661 5174 793 5246 ejus
840 5173 1151 5247 praeveniet
1195 5189 1308 5230 me.
1342 5173 1602 5247 Cogitate
1634 5176 1791 5247 quod

151 5258 354 5319 dictum
384 5267 505 5330 est,
535 5263 844 5335 praeveniet
869 5279 962 5319 me
990 5279 1162 5336 usque
1188 5262 1261 5318 ad
1287 5262 1442 5320 Deus
1480 5279 1649 5319 meus
1681 5262 1789 5319 mi-

150 5351 453 5409 sericordia
482 5367 640 5408 mea.
672 5352 876 5424 (Idem,
911 5354 971 5409 in
993 5353 1139 5425 psal.
1175 5369 1330 5420 LVIII,
1361 5356 1506 5410 tom.
1537 5352 1788 5425 IV,part.

148 5453 184 5502 ι,
213 5440 316 5497 col.
344 5442 462 5498 712
490 5444 559 5497 et
585 5440 735 5513 seq.)

205 5531 470 5602 Arguens
501 5528 664 5586 enim
692 5529 1032 5602 superbiam
1061 5529 1394 5603 Apostolus,
1428 5546 1544 5586 non
1566 5528 1789 5596 ait,non

148 5614 331 5687 habes,
365 5620 474 5676 sed
526 5616 613 5675 ait
652 5635 824 5692 usque
869 5618 941 5675 ad
996 5635 1101 5675 nec
1157 5618 1444 5692 ingratus.
1489 5618 1698 5689 (Idem,
1728 5619 1790 5675 in

151 5707 271 5783 μαι.
303 5723 520 5786 LXXXV,
558 5709 695 5765 tom.
734 5707 826 5780 IV,
858 5711 1006 5794 part.
1042 5725 1101 5781 ιι,
1137 5706 1246 5766 col.
1279 5708 1464 5779 1084.)

1900 4734 2090 4799 tentia,
2124 4735 2268 4786 tom.
2299 4729 2368 4796 V,
2401 4733 2551 4801 part.
2583 4744 2646 4795 ιι,
2679 4727 2787 4784 col.
2826 4729 2963 4784 1546
2991 4733 3048 4786 et
3077 4735 3226 4803 seq.)

1970 4819 2115 4890 Quid
2143 4821 2293 4875 enim
2316 4819 2461 4873 mihi
2487 4818 2551 4873 de
2578 4819 2651 4873 iis
2681 4818 2779 4889 qui
2800 4819 2939 4889 foris
2965 4827 3098 4876 sunt
3121 4820 3417 4892 judicare?
3444 4838 3547 4879 us-

1901 4926 2014 4982 que
2046 4909 2118 4965 ad
2141 4911 2281 4964 Deus
2302 4906 2595 4978 judicabit.
2631 4907 2883 4975 Fratres,
2902 4908 2973 4964 ad
3007 4925 3113 4965 nos
3145 4910 3417 4982 pertinet,
3448 4927 3547 4967 vo-

1900 4997 1992 5054 bis
2021 4996 2211 5054 dicere
2243 5014 2256 5052 :
2291 4996 2364 5052 ad
2396 5012 2503 5052 nos
2534 4995 2805 5069 pertinet,
2836 4995 3183 5055 Christianis
3213 4998 3547 5072 loqui.Quid

1898 5089 2048 5145 enim
2075 5088 2217 5142 mihi
2244 5086 2308 5142 de
2335 5086 2413 5142 eis
2441 5087 2540 5157 qui
2564 5087 2705 5158 foris
2731 5094 2863 5143 sunt
2879 5086 3156 5159 judicare,
3190 5088 3318 5161 ipse
3360 5090 3546 5161 Apos-

1900 5176 2055 5233 tolus
2088 5176 2188 5231 ait.
2212 5174 2350 5232 Illos
2378 5174 2547 5231 aliter
2576 5174 2936 5248 alloquimur
2951 5179 3235 5249 tanquam
3256 5176 3541 5232 inﬁmos.

1900 5264 2325 5321 Blandiendum
2356 5268 2446 5320 est
2476 5262 2595 5320 illis
2624 5268 2689 5319 ut
2718 5264 2962 5321 audiant
2997 5266 3319 5322 veritatem.
3353 5264 3416 5320 In
3445 5278 3544 5319 vo-

1899 5354 1991 5410 bis
2022 5353 2281 5410 secunda
2304 5353 2550 5425 putredo
2581 5356 2687 5409 est.

1967 5442 2187 5516 Auferte
2214 5443 2424 5498 malum
2452 5458 2523 5498 ea:
2550 5442 2860 5516 vobisipsis.
2888 5443 3080 5516 Aliqui
3112 5442 3170 5498 id
3218 5440 3373 5514 quod
3424 5440 3544 5498 dic-

1896 5535 2025 5588 tum
2056 5536 2165 5601 est,
2201 5549 2269 5589 ex
2292 5530 2628 5605 vobisipsis,
2660 5532 2741 5589 ita
2767 5531 3123 5605 intelligunt,
3157 5533 3223 5585 ut
3253 5546 3322 5586 ex
3351 5531 3546 5606 seipse

1898 5622 2312 5695 unusquisque
2339 5638 2509 5695 usque
2537 5622 2608 5678 ad
2638 5622 2908 5694 corripite
2939 5624 3005 5676 ut
3044 5620 3305 5677 fratrem.
3340 5619 3544 5695 (Idem,

1899 5710 2000 5771 lib.
2034 5712 2098 5774 de
2124 5711 2254 5773 Fide
2280 5719 2332 5771 et
2362 5710 2645 5786 Operibus,
2677 5714 2816 5783 tom,
2854 5713 2948 5781 VI,
2983 5707 3091 5769 col.
3127 5707 3273 5785 199.)
