3964 6168
359 322 472 383 3ΞἾ

1548 320 1778 382 FLORI
1823 316 2139 379 DIACONI
2185 315 2568 384 MONACHI.
3604 335 3704 394 328

430 455 591 522 Quod
625 454 708 511 ait
737 453 1050 528 Apostolus
1083 472 1096 510 :
1129 453 1360 510 Auferte
1391 453 1613 509 malum
1640 428 1717 508 ex.
1753 450 2004 524 vobisipo
2031 448 2086 517 Α
2119 451 2367 509 nesciret
2387 471 2557 526 usque
2577 456 2646 512 ad
2670 474 2974 531 nunquam
3006 476 3238 532 peccare
3266 461 3510 520 delectet.
3523 465 3704 534 (Idem.

361 545 443 600 sis
469 560 641 616 usque
669 543 739 599 ad
768 559 884 600 non
926 543 1035 600 hoc
1083 542 1325 599 malum.
1356 543 1565 612 (Idem,
1598 544 1827 598 Retract.
1862 544 2005 597 tom.

357 637 407 703 Ι,
439 633 549 690 col.
577 634 729 703 637.)

999 755 1230 812 CAPUT
1269 755 1363 811 VI.

428 899 598 955 Audet
627 901 838 973 aliquis
868 907 1101 956 vestrum
1131 898 1335 955 habens
1354 901 1632 968 negotium
1652 915 1838 970 usque
1863 897 1934 953 ad
1953 905 2007 954 et

357 989 455 1044 hoc
497 990 788 1061 fratribus.
822 988 925 1044 Hic
973 991 1171 1061 posset
1217 987 1410 1059 putari
1452 986 1742 1059 judicium
1791 986 2004 1042 habere

357 1078 634 1133 adversus
666 1076 911 1133 alterum
943 1093 1114 1149 usque
1133 1077 1204 1132 ad
1229 1081 1448 1150 quanto
1472 1076 1659 1150 magis
1680 1074 2000 1131 saecularia.

354 1166 558 1238 (Idem,
587 1167 894 1232 Enchirid.,
926 1171 1068 1223 tom.
1101 1167 1195 1231 VI,
1227 1166 1333 1223 col.
1368 1165 1475 1220 269
1505 1171 1561 1220 et
1590 1165 1738 1236 seq.)

425 1256 869 1312 Sacramentum
913 1271 1195 1328 magnum
1247 1260 1337 1311 est
1385 1254 1724 1311 duodenarii
1774 1252 2000 1310 numeri

353 1361 526 1415 usque
555 1343 624 1399 ad
653 1344 868 1400 veritas
898 1347 952 1399 et
976 1343 1290 1414 judicium.
1325 1343 1528 1416 (Idem,
1553 1345 1613 1399 in
1629 1344 1999 1415 psal.1.xxxv1,

351 1437 493 1489 tom.
528 1433 620 1500 IV,
654 1437 804 1504 part.
837 1450 897 1500 11,
931 1431 1040 1486 col.
1076 1433 1213 1487 1103
1242 1436 1298 1488 et
1328 1436 1476 1504 seq.)

423 1523 718 1577 Teueatur
747 1521 957 1576 veritas
986 1520 1057 1576 ab
1090 1519 1161 1576 iis
1193 1520 1292 1593 qui
1336 1521 1680 1592 judicantur
1707 1519 1801 1576 hic
1834 1536 2002 1592 usque

353 1610 425 1665 ad
471 1609 726 1677 nuditas,
780 1608 1034 1681 gladius.
1089 1608 1287 1682 (Idem,
1341 1612 1399 1666 in
1428 1611 1568 1682 psal.
1602 1627 1691 1676 cx,
1725 1613 1869 1665 tom.
1903 1608 1995 1677 IV,

351 1703 501 1771 part.
535 1715 596 1765 11,
630 1695 739 1753 col.
775 1699 914 1752 1465
935 1702 992 1752 et
1019 1702 1167 1769 seq.)

2117 538 2217 595 lib.
2251 541 2316 598 de
2351 545 2633 610 Trinitate,
2667 550 2808 602 tom.
2842 546 2986 617 VIII,
3019 547 3128 604 col.
3165 550 3338 619 1051.)

2186 629 2666 692 Commemorans
2696 635 3083 708 apostolicum
3114 638 3496 696 testimonium
3525 643 3662 713 quod
3681 659 3709 698 a

2115 733 2210 774 me
2238 721 2493 792 positum
2523 727 2613 778 est
2637 740 2809 795 usque
2851 725 2922 780 ad
2971 725 3019 781 si
3069 725 3206 798 quid
3254 725 3575 798 hujusmodi
3617 734 3708 785 est.

2117 807 2427 880 (ldem,lib.
2461 820 2648 868 contra
2677 803 3357 882 Maxim.,tom.VIII,col.
3379 817 3479 872 788
3506 822 3558 872 et
3579 817 3712 886 794.)

2185 897 2504 954 ΑάΙιωι-ειιε
2535 899 2650 956 Deo
2679 917 2850 973 usque
2868 901 2938 957 ad
2968 901 3071 958 sed
3098 903 3385 974 probatur.
3416 904 3603 976 (Idem,
3623 904 3710 960 lib.

2112 986 2260 1042 Sent.
2295 990 2564 1060 Prosperi,
2599 993 2739 1045 tom.
2772 989 2838 1058 X,
2873 989 2982 1046 col.
3019 992 3198 1059 1867.)

2183 1064 2400 1146 Fugitel
2428 1080 2848 1148 fornicationem
2904 1096 3090 1152 usque
3139 1081 3210 1135 ad
3253 1082 3307 1135 in
3355 1097 3536 1153 corpus
3577 1097 3717 1137 suum

2107 1174 2310 1237 peccat.
2345 1166 2448 1221 Hic
2480 1166 2624 1223 nihil
2656 1168 2886 1224 videtur
2916 1168 3301 1242 praetermisso
3329 1169 3536 1242 peccati
3572 1187 3718 1242 usque

2111 1254 2182 1310 ad
2236 1254 2295 1310 in
2348 1272 2562 1328 corpus
2615 1258 2918 1330 proprium
2978 1263 3199 1330 peccat.
3231 1258 3431 1328 (Idem,
3462 1261 3518 1314 in
3547 1261 3716 1328 Leuit,

2111 1347 2254 1399 tom.
2289 1343 2386 1411 ΙΙΙ,
2421 1349 2571 1416 part.
2599 1363 2638 1410 1,
2671 1345 2780 1401 col.
2810 1345 2962 1419 678.)

2181 1433 2393 1488 Totum
2427 1432 2605 1488 istum
2629 1433 2819 1490 locum
2845 1434 3143 1507 apostolus
3166 1440 3398 1508 propter
3417 1434 3599 1508 ipsum
3619 1453 3721 1492 cor-

2109 1537 2220 1594 pus
2253 1538 2422 1593 usque
2450 1523 2521 1578 ad
2541 1521 2840 1580 desolatus
2861 1527 3035 1596 atque
3056 1524 3384 1581 derelictus.
3405 1525 3718 1597 (Idem,ibid.

2111 1615 2254 1666 tom.
2286 1610 2354 1678 V,
2389 1615 2537 1684 part.
2571 1629 2609 1676 1,
2645 1611 2752 1669 col.
2785 1613 2891 1668 889
2919 1617 2975 1669 et
3003 1614 3150 1685 seq.)

2178 1699 2323 1754 Cum
2355 1717 2522 1756 mens
2553 1701 2812 1757 humana
2841 1702 2995 1758 bona
3024 1702 3321 1758 voluntate
3357 1703 3426 1759 ad
3477 1702 3725 1758 interiora

421 1786 727 1843 Saecularia
758 1787 937 1854 igitur
944 1785 1162 1857 judicia
1181 1787 1235 1840 si
1250 1785 1998 1883 habueritis,conte1nptibiles
2026 1819 2073 1883 B
2106 1804 2277 1860 usque
2321 1789 2392 1844 ad
2441 1789 2704 1846 inanitur
2744 1790 2986 1846 viribus.
3029 1792 3229 1864 (Idem,
3262 1791 3327 1848 de
3359 1793 3567 1860 Trinit.,
3597 1795 3721 1847 tom.

352 1876 449 1946 qui
474 1883 602 1929 sunt
632 1876 691 1929 in
721 1875 975 1942 Ecclesia,
1008 1875 1131 1930 illos
1159 1875 1465 1931 constituite
1503 1875 1573 1930 ad
1610 1874 1994 1946 judicandum,

350 1961 778 2018 etc.Dominum
802 1963 1006 2018 Jesum
1029 1963 1111 2031 (in
1144 1965 1314 2034 cujus
1346 1963 1581 2019 nomine
1612 1980 1856 2018 securus
1875 1963 1997 2020 haec

351 2051 500 2124 dico)
536 2067 703 2122 usque
734 2051 804 2106 ad
835 2051 1101 2108 membra
1151 2052 1359 2108 simus.
1394 2053 1598 2124 (Idem,
1632 2051 1734 2107 lib.
1767 2052 1832 2108 de
1861 2052 1993 2124 Opp.

349 2142 627 2206 monach.,
663 2145 804 2196 tom.
837 2139 930 2206 VI,
965 2146 1113 2212 part.
1147 2158 1186 2208 1,
1219 2141 1329 2197 col.
1355 2143 1462 2196 576
1491 2147 1549 2197 et
1581 2145 1729 2212 seq.)

422 2229 600 2297 Quare
627 2244 739 2284 non
768 2230 946 2298 magis
975 2229 1244 2300 injuriam
1273 2229 1560 2301 accipitis?
1590 2246 1777 2301 usque
1807 2229 1880 2284 ad
1901 2231 2000 2284 hoc

348 2319 640 2390 fratribus.
679 2317 914 2373 Faciens
937 2317 1229 2389 judicium
1261 2317 1540 2389 injuriam
1575 2319 1998 2391 accipientibus

346 2423 518 2478 usque
544 2407 613 2462 ad
632 2407 734 2478 jus
763 2406 998 2479 pateris.
1033 2407 1236 2479 (Idem,
1271 2408 1332 2462 in
1356 2408 1498 2479 psal.
1531 2425 1691 2473 cxnv,
1723 2411 1864 2462 tom.
1901 2407 1996 2470 IV,

345 2500 498 2568 part.
531 2513 594 2567 11,
626 2495 734 2552 col.
767 2495 947 2567 1894.)

415 2585 498 2640 An
526 2586 814 2640 nescitis...
847 2600 1081 2653 regnum
1109 2584 1206 2639 Dei
1230 2583 1600 2656 possidebunt.
1636 2585 1784 2641 Illud
1826 2585 1998 2657 quale

345 2673 524 2729 estin
555 2690 669 2746 quo
702 2672 814 2729 sibi
864 2672 1248 2728 blandiuntur
1294 2673 1434 2744 quia
1480 2690 1588 2728 sua
1632 2691 1696 2729 se
1742 2675 1998 2730 vanitate

345 2763 637 2818 seducunt
674 2779 844 2834 usque
889 2761 959 2817 ad
1006 2767 1396 2834 naturamque
1445 2767 1756 2818 mereatur.
1794 2763 1992 2835 (Idem,

346 2851 448 2907 lib.
481 2851 546 2907 de
576 2853 925 2916 Ptenitentia,
949 2854 1092 2906 tom.
1116 2850 1184 2918 V,
1209 2855 1356 2923 part.
1381 2868 1442 2917 ιι,
1469 2851 1579 2907 col.
1611 2853 1750 2907 1543
1770 2855 1826 2907 et
1848 2856 1996 2924 seq.)

415 2942 479 2996 Et
508 2943 626 2997 ἠως
653 2941 869 3013 quidem
894 2943 1102 3012 fuistis,
1134 2940 1226 2996 sed
1255 2942 1433 2996 abluti
1459 2943 1604 3008 estis,
1631 2941 1725 2996 sed
1751 2944 1995 3014 sanctiﬁ-

344 3032 456 3086 cati
482 3033 632 3099 estis,
660 3030 756 3086 sed
773 3031 1068 3102 justiﬁcati
1094 3032 1222 3086 estis
1253 3032 1310 3085 in
1343 3033 1564 3086 nomine
1593 3033 1822 3086 Domini
1867 3048 1996 3088 nos-

2106 1877 2256 1944 VIII,
2291 1877 2399 1933 col.
2435 1879 2621 1948 1006.)

2178 1967 2260 2021 An.
2291 1969 2510 2023 nescitis
2540 1969 2669 2040 quia
2699 1969 2939 2024 membra
2971 1977 3150 2025 vestra
3171 1971 3430 2042 templum
3473 1977 3594 2025 sunt
3617 1968 3726 2040 Spi-

2106 2057 2248 2111 ritus
2295 2059 2477 2112 sancti
2521 2058 2621 2129 qui
2665 2059 2725 2112 in
2771 2059 2921 2114 vobis
2961 2066 3059 2129 est,
3092 2075 3254 2130 quem
3296 2059 3500 2115 habetis
3527 2076 3558 2114 a
3590 2056 3728 2114 Deo?

2107 2144 2299 2200 Unum
2331 2145 2643 2200 Dominum
2677 2147 2947 2202 novimus
2979 2164 3107 2204 esse
3139 2147 3353 2214 solum,
3386 2148 3476 2202 cui
3505 2147 3737 2202 servitus-

2107 2232 2209 2288 illa
2228 2233 2474 2288 debetur
2502 2251 2669 2306 usque
2690 2235 2759 2289 ad
2803 2235 2904 2289 sed
2954 2252 3183 2291 sumus.
3219 2237 3424 2307 (Idem,
3456 2235 3526 2291 ad
3569 2236 3735 2294 Maxi-

2105 2324 2344 2388 minum,
2378 2326 2521 2377 tom.
2555 2323 2623 2388 II,
2659 2321 2767 2378 col.
2801 2324 2870 2377 97
2901 2327 2958 2378 et
2988 2329 3137 2395 seq.)

2180 2410 2433 2482 Spiritus
2467 2415 2705 2467 sanctus
2737 2411 2786 2466 si
2820 2417 3086 2468 creatura
3117 2430 3234 2468 non
3258 2417 3481 2469 creator
3501 2427 3660 2484 usque
3679 2409 3738 2465 ad

2108 2498 2166 2554 in
2211 2498 2352 2556 caelo
2401 2504 2459 2555 et
2506 2499 2565 2554 in
2617 2504 2791 2556 terra.
2841 2500 3042 2572 (Idem,
3072 2503 3322 2570 Enchir.,
3356 2507 3495 2558 tom.
3525 2500 3614 2568 VI,
3641 2499 3734 2556 col.

2104 2588 2255 2658 259.)

2177 2677 2236 2733 Si
2270 2677 2447 2745 Deus,
2475 2677 2718 2752 spiritus
2749 2681 2988 2734 sanctus
3022 2696 3135 2735 non
3167 2684 3348 2745 esset,
3363 2677 3640 2750 templum
3661 2691 3738 2729 us-

2107 2784 2209 2840 que
2237 2766 2308 2821 ad
2337 2767 2483 2821 etde
2506 2766 2785 2822 membris
2807 2767 3352 2839 Dei.(Idem,contra
3373 2767 3734 2829 Maximinum,

2105 2861 2247 2911 tom.
2278 2854 2426 2923 VIII,
2462 2855 2569 2910 col.
2601 2855 2709 2910 752
2738 2859 2796 2910 et
2821 2857 2972 2924 760.)

2177 2944 2240 2999 Et
2268 2960 2379 2999 non
2406 2945 2535 2999 estis
2565 2946 2749 3000 vestri.
2787 2947 2970 3016 Empti
2987 2947 3137 3000 enim
3158 2949 3293 3002 estis
3319 2947 3494 3018 pretio
3537 2956 3732 3013 magno,

2104 3033 2402 3104 gloriﬁcate
2429 3040 2482 3088 et
2505 3041 2716 3105 portate
2743 3036 3031 3089 Dominum
3061 3037 3120 3088 in
3149 3051 3377 3107 corpore
3412 3041 3596 3090 vestio.
3629 3031 3736 3087 Duo

345 3121 423 3176 tri
447 3121 572 3176 Jesu
604 3120 827 3185 Christi,
860 3128 912 3175 et
941 3121 998 3174 in
1023 3121 1226 3191 spiritu
1255 3122 1355 3175 Dei
1381 3120 1839 3176 nostri.Sanctus
1861 3139 1992 3177 sum
2034 3185 2068 3195 __
2105 3125 2244 3176 sunt
2271 3127 2526 3194 peccata,
2558 3126 2615 3177 et
2643 3122 2759 3177 duo
2799 3138 3013 3194 genera
3059 3128 3433 3195 peccatorum
3481 3137 3642 3194 usque
3677 3118 3736 3173 ad

345 3224 477 3263 cum
511 3207 704 3275 audio,
737 3207 950 3262 Vocem
979 3185 1210 3262 Domini
1245 3223 1496 3278 agnosco
1525 3224 1695 3279 usque
1722 3209 1792 3264 ad
1815 3209 1874 3264 in
1897 3209 1995 3266 illo
2027 3185 2069 3250 Ο
2104 3185 2401 3282 disperdet
2431 3185 2597 3266 illum
2629 3185 3168 3283 Deus.v(ldem,lib.
3200 3212 3270 3269 de
3295 3215 3517 3272 Duobus
3543 3185 3738 3284 queri.-

347 3294 447 3350 lux
479 3295 704 3351 ﬁeritis.
739 3295 940 3366 (Idem,
974 3296 1033 3350 in
1060 3295 1202 3366 psal.
1238 3312 1438 3366 Lxxxv,
1463 3300 1605 3350 tom.
1640 3295 1732 3364 IV,
1768 3301 1990 3368 part.11,

346 3382 454 3439 col.
495 3384 633 3438 1084
665 3387 725 3438 ot
755 3386 903 3454 seq.)

418 3470 621 3527 Omnia
651 3473 794 3527 mihi
822 3473 1005 3540 licent,
1027 3472 1120 3528 sed
1141 3489 1252 3528 non
1273 3474 1458 3528 omnia
1477 3473 1995 3545 expediunt.0mnia

341 3561 483 3616 mihi
512 3562 693 3628 licent,
725 3560 817 3616 sed
845 3577 939 3632 ego
967 3563 1068 3617 sub
1099 3562 1313 3616 nullius
1343 3562 1573 3635 redigar
1603 3571 1880 3635 potestate.
1914 3565 1994 3620 De

344 3650 700 3722 quibusdam
732 3666 857 3721 qua
891 3650 962 3705 ad
992 3666 1185 3705 escam
1219 3650 1527 3722 pertinent,
1550 3653 1780 3723 Omnia,
1804 3653 1995 3725 inquit

346 3737 682 3810 Apostolus,
715 3737 859 3792 mihi
892 3737 1053 3793 licita
1093 3744 1230 3793 sunt
1277 3755 1446 3810 usque
1492 3740 1563 3795 ad
1614 3742 1995 3798 beneficentia

344 3830 673 3882 caveantur.
707 3826 909 3898 (Idem,
944 3825 1045 3881 lib.
1080 3827 1151 3882 ad
1191 3829 1544 3897 Pollentium,
1577 3834 1718 3886 tom.
1750 3831 1847 3898 VI,
1881 3830 1989 3887 col.

344 3916 451 3970 460
482 3918 538 3970 et
567 3913 715 3986 seq.)

410 4003 547 4058 Esca
573 4005 758 4058 ventri
783 4012 834 4060 et
863 4011 1048 4059 venter
1075 4007 1208 4060 escis
1240 4023 1426 4078 usque
1466 4007 1538 4062 ad
1586 4009 1870 4064 suscitabit
1892 4027 1994 4081 per

340 4093 596 4148 virtutem
624 4109 800 4149 suam.
835 4093 905 4148 Et
956 4092 1072 4149 alia
1131 4094 1357 4150 malitia
1408 4095 1541 4164 diei,
1578 4091 1703 4169 quae
1762 4099 1990 4154 utinam

341 4181 597 4237 sufﬁciat
625 4182 675 4237 ei
706 4198 876 4254 usque
904 4182 977 4238 ad
998 4184 1370 4256 corruptione
1401 4186 1987 4259 sempiterna.(ldem,

343 4271 608 4342 Confess.,
641 4274 783 4326 tom.
820 4272 865 4336 Ι,
899 4271 1008 4328 col.
1041 4273 1192 4336 862.)

411 4359 557 4415 Cum
590 4359 762 4415 fuerit
793 4358 955 4414 salus
980 4361 1232 4431 perlecta
1254 4361 1312 4416 in
1336 4362 1447 4417 isto
1475 4379 1712 4435 corpore
1732 4382 1902 4437 usque
1921 4367 1992 4422 ad

341 4447 527 4503 reﬁcit
551 4463 656 4504 nec
686 4447 905 4504 deﬁcit.
941 4447 1142 4519 (Idem,
1176 4451 1235 4504 in
1261 4451 1403 4521 psal.
1435 4467 1482 4517 1.,
1517 4455 1656 4506 tom.
1689 4452 1986 4525 1V,part.1,

343 4535 453 4592 col.
485 4536 637 4604 597.)

412 4626 643 4681 Nescitis
674 4642 860 4697 usque
891 4627 962 4682 ad
996 4629 1102 4682 duo
1125 4627 1182 4682 in
1203 4643 1368 4682 carne
1386 4627 1776 4701 una.Corpora
1796 4635 1996 4688 nostra

2106 3299 2206 3354 bus
2232 3307 2592 3371 peccatorum,
2625 3303 2768 3355 tom.
2803 3299 2870 3364 V.
2905 3305 3055 3372 part.
3085 3317 3127 3372 1,
3159 3301 3270 3356 col.
3302 3301 3456 3374 512.)

2731 3485 2965 3541 CAPUT
3003 3485 3124 3542 VII.

2171 3658 2245 3712 De
2276 3655 2472 3728 quibus
2497 3663 2681 3711 autem
2712 3672 2900 3727 usque
2930 3657 3000 3712 ad
3032 3658 3300 3712 similiter
3327 3666 3513 3714 autem
3540 3664 3589 3712 et
3617 3669 3744 3709 uxor

2100 3747 2237 3801 viro.
2275 3746 2503 3800 Fratres
2536 3745 2671 3811 mei,
2706 3745 2954 3800 audiunt
2985 3761 3077 3800 me
3107 3745 3234 3814 viri,
3271 3747 3522 3803 audiunt
3553 3759 3642 3800 me
3671 3742 3743 3797 fe-

2102 3833 2273 3889 minae
2297 3849 2466 3905 usque
2493 3833 2564 3888 ad
2607 3832 2841 3890 tabulas
2884 3833 3055 3907 legat.
3092 3834 3298 3906 (Idem,
3332 3853 3496 3891 serm.
3530 3833 3600 3890 ad
3628 3834 3744 3887 Con-

2089 3924 2330 3996 jugatos,
2364 3924 2504 3976 tom.
2537 3920 2605 3988 V,
2639 3924 2790 3993 part.
2825 3939 2880 3988 ιι,
2915 3920 3023 3977 col.
3058 3921 3245 3991 ΠΗ.)

2169 4010 2555 4066 Vehementer
2583 4009 2764 4075 dolui,
2793 4010 2875 4065 sic
2897 4015 2954 4065 te
2981 4009 3235 4066 voluisse
3263 4028 3447 4085 agere
3477 4027 3608 4067 cum
3640 4024 3748 4064 ma-

2101 4100 2230 4167 rito,
2264 4103 2330 4155 ut
2355 4099 2663 4154 aediﬁcium
2698 4099 3070 4155 continentiae
3098 4115 3267 4171 usque
3310 4102 3384 4157 ad
3431 4099 3743 4157 secundum

2098 4188 2286 4262 ipsius
2344 4185 2724 4243 voluntatem.
2775 4187 2980 4258 (Idem,
3032 4188 3102 4246 ad
3158 4187 3468 4258 Ecdicium,
3511 4195 3651 4246 tom.
3684 4185 3745 4250 ΙΙ,

2098 4277 2208 4334 col.
2244 4278 2427 4344 1078.)

2170 4367 2309 4434 Quis
2337 4365 2496 4421 enim
2529 4364 2718 4420 nescit
2748 4381 2987 4421 uxorem
3021 4365 3233 4422 marito
3263 4371 3560 4441 tanquam
3583 4362 3754 4422 domi-

2102 4473 2173 4512 no
2204 4455 2412 4510 debere
2440 4452 2653 4509 servire
2683 4469 2855 4524 usque
2881 4454 2950 4510 ad
2979 4458 3036 4510 et
3065 4472 3209 4510 uxor
3237 4455 3295 4510 in
3330 4455 3748 4529 virum.(ldem,

2025 4553 2071 4618 1)
2100 4551 2287 4602 contra
2309 4544 2514 4609 Faust.,
2547 4545 2691 4598 tom.
2717 4542 2871 4610 VIII,
2907 4542 3013 4598 col.
3051 4544 3196 4612 420.)

2177 4634 2405 4690 Fratres
2461 4631 2598 4697 mei,
2627 4630 2731 4686 filii
2789 4631 2924 4697 mei,
2969 4631 3265 4688 sufﬁciant
3321 4634 3495 4691 vobis
3555 4645 3756 4690 uxores

342 4712 608 4768 membra
635 4729 763 4769 esse
791 4715 1206 4784 Christi,dixit,
1227 4716 1505 4788 quoniam
1534 4716 1800 4774 Christus
1822 4726 1998 4794 caput
2103 4729 2304 4778 vestrae
2334 4736 2504 4792 usque
2531 4719 2603 4775 ad
2631 4723 2688 4774 et
2711 4736 2815 4785 vos
2840 4719 3022 4776 eritis.
3058 4720 3258 4792 (Idem,
3287 4739 3461 4782 sem.
3485 4723 3552 4779 de
3575 4719 3759 4778 Natali

343 4803 611 4856 nostrum
661 4805 750 4856 est
794 4819 965 4874 usque
1011 4805 1082 4860 ad
1127 4806 1298 4877 cujus
1349 4805 1635 4878 templum
1667 4823 1749 4863 es.
1786 4809 1990 4880 (Idem,

342 4905 506 4946 serm.
539 4888 603 4945 de
637 4889 786 4945 Verb.
825 4900 1025 4962 Apost,
1057 4897 1195 4948 tom.
1233 4893 1300 4963 V,
1335 4899 1484 4967 part.
1519 4910 1558 4963 1,
1595 4895 1703 4951 col.
1735 4899 1884 4968 878.)

2097 4819 2429 4883 martyrum,
2461 4813 2604 4864 tom.
2636 4808 2704 4876 V,
2740 4813 2886 4880 part.
2922 4826 2962 4878 1,
2997 4808 3104 4865 col.
3138 4811 3321 4883 1463.)

2169 4901 2346 4956 Nolite
2375 4896 2696 4969 fraudarem
2721 4898 2953 4952 invicem
2978 4915 3163 4970 usque
3190 4899 3264 4954 ad
3294 4917 3410 4956 non
3461 4898 3755 4957 secundum

414 4977 529 5032 Nec
578 4977 676 5033 isti
727 4995 863 5051 ergo
912 4980 1144 5035 dicendi
1191 4989 1331 5038 sunt
1378 4985 1733 5041 manducare
1783 5003 1995 5060 corpus
2101 4991 2415 5062 imperium.
2439 4984 2802 5041 Venerabilis
2825 4985 3038 5042 Paulus
3060 4988 3418 5061 conjugibus
3437 4987 3758 5045 aitzNolite

345 5064 560 5121 Christi
605 5083 774 5137 usque
821 5067 891 5123 ad
939 5069 1408 5127 reconciliatione
1456 5072 1750 5129 redierint.
1785 5075 1991 5145 (Idem,

347 5153 449 5210 lib.
480 5152 546 5211 de
576 5153 738 5210 Civit.
768 5157 888 5224 Dei,
925 5160 1065 5212 tom.
1098 5156 1222 5223 VII,
1257 5156 1365 5212 col.
1399 5159 1506 5214 742
1534 5164 1590 5215 et
1619 5162 1766 5233 seq.)

419 5243 525 5310 Qui
581 5251 765 5298 autem
821 5245 1069 5302 adhaeret
1119 5247 1367 5314 Domino,
1419 5263 1561 5304 unus
1611 5252 1839 5321 spiritus
1895 5259 1992 5308 est.

2099 5077 2364 5150 fraudare
2395 5076 2649 5140 invicem,
2668 5078 2800 5142 etc.,
2819 5091 2988 5147 usque
3017 5075 3086 5130 ad
3116 5076 3487 5133 debitoribus
3519 5075 3754 5133 nostris.

2103 5167 2308 5241 (Idem,
2341 5164 2648 5231 Enchirid.,
2683 5168 2827 5219 tom.
2857 5163 2954 5229 VI,
2988 5163 3098 5220 col.
3131 5167 3237 5220 269
3263 5171 3323 5222 et
3352 5171 3511 5240 seq.)

2180 5256 2301 5312 Volo
2329 5260 2519 5310 autem
2545 5268 2730 5308 omnes
2759 5252 3003 5307 homines
3031 5253 3219 5325 usque
3241 5255 3313 5310 ad
3335 5256 3494 5312 alius
3513 5271 3642 5312 vero
3658 5255 3754 5309 sic.

348 5330 683 5404 Corporalia
713 5332 1085 5403 adjunctione
1135 5334 1223 5391 sui
1274 5341 1542 5392 crescunt
1588 5355 1758 5410 usque
1794 5341 1864 5395 ad
1895 5341 1994 5413 qui
2107 5347 2183 5400 De
2213 5345 2342 5416 ipsa
2371 5358 2606 5415 quoque
2635 5341 2920 5413 pudicitia
2948 5343 3242 5415 conjugali
3273 5359 3492 5416 nempe
3516 5347 3762 5417 Aposto-

349 5419 595 5476 Domino
644 5421 920 5478 adhaeret.
955 5424 1158 5496 (Idem,
1188 5423 1289 5480 lib.
1317 5426 1385 5482 de
1417 5427 1635 5495 Trinit.,
1668 5431 1810 5483 tom.
1843 5429 1992 5498 VIII,

349 5507 454 5566 col.
491 5509 642 5582 926.)

418 5597 583 5659 Mens
635 5599 874 5678 diligere
924 5602 1182 5682 seipsam
1216 5621 1330 5663 non
1358 5607 1557 5684 posset
1585 5604 1633 5662 si
1665 5621 1728 5662 se
1757 5607 1996 5666 omnino

2104 5433 2198 5488 lus
2229 5433 2310 5488 ait
2339 5447 2509 5503 usque
2537 5429 2608 5485 ad
2639 5429 2789 5485 alius
2819 5434 3015 5486 autem
3049 5431 3154 5486 sic.
3181 5432 3595 5503 (Idem,lib.de
3617 5432 3763 5489 Grut.

2103 5529 2154 5578 et
2185 5521 2356 5578 libero
2385 5520 2577 5585 arbit.,
2607 5522 2745 5573 tsm.
2779 5517 2845 5584 Χ,
2878 5522 3027 5590 part.
3060 5536 3100 5587 1,
3134 5519 3242 5576 col.
3271 5519 3427 5593 886.)

2175 5609 2420 5680 Vellem,
2454 5606 2666 5683 inquit,
2700 5623 2905 5664 omnes
2945 5607 3215 5669 homines
3258 5609 3414 5669 sicut
3465 5610 3765 5688 meipsum
