3964 6168
446 329 561 391 331

1646 326 1877 387 FLOR]
1920 325 2236 387 DIACONI
2282 322 2657 387 MONACHI.

3690 337 3794 400 332

522 464 665 517 Nam
692 460 792 533 qui
816 462 1009 517 statuit
1040 462 1101 515 in
1124 458 1282 516 corde
1307 475 1405 515 suo
1433 460 1785 530 ﬁrmus,etc.,
1810 474 1995 529 usque
2021 457 2093 512 ad
2126 457 2177 524 Α
2208 457 2307 511 sed
2340 461 2539 513 tamen
2568 473 2721 513 vera.
2757 459 2837 530 (S.
2870 459 3648 533 August.,cont.Faust.,tom.
3667 468 3793 539 VIII,

452 552 581 609 bene
608 552 761 624 facit.
793 549 1037 605 Videtur
1064 548 1374 617 Apostolus
1423 547 1494 604 de
1535 551 1699 620 patre
1741 546 1922 617 loqui,
1956 552 2090 614 etc.,

448 657 619 713 usque
645 639 715 695 ad
746 638 1213 695 inusitatissima.
1250 638 1329 711 (S.
1361 640 1531 710 Aug.,
1566 641 1705 693 tom.
1743 636 1841 702 III,
1873 640 2020 708 part.
2058 655 2093 704 ι,

450 728 558 786 col.
591 728 741 801 744.)

523 820 684 890 Saepe
714 822 908 873 autem
939 816 1151 873 accidit
1180 821 1245 872 ut
1267 817 1605 889 quisquisir.
1630 815 1868 872 meliore
1885 816 2092 888 gradu,

450 912 583 976 etc.,
616 923 783 979 usque
812 908 881 962 ad
912 923 1027 962 non
1062 910 1249 979 potest
1279 905 1443 978 erigi.
1482 908 1559 978 (S.
1594 908 1865 979 August,
1900 906 1998 961 lib.
2032 905 2098 961 de

450 998 593 1054 Doct.
620 997 847 1065 Christ.,
878 1000 1019 1052 tom.
1054 996 1153 1063 III,
1189 1000 1337 1068 part.
1372 1013 1409 1063 1,
1445 995 1552 1051 col.
1592 999 1707 1064 42.)

518 1087 693 1156 Igitur
719 1093 769 1142 et
794 1087 890 1158 qui
918 1086 1265 1141 matrimonio
1284 1086 1476 1158 jungit
1507 1087 1775 1156 virginem
1790 1102 1948 1141 suam
1967 1085 2097 1140 bene

445 1176 601 1248 facit,
633 1182 684 1231 et
725 1175 822 1246 qui
849 1191 959 1230 non
993 1174 1187 1246 jungit
1212 1174 1410 1228 melius
1438 1175 1591 1245 facit.
1626 1174 1687 1229 In
1720 1172 1813 1230 his
1863 1174 2094 1228 duabus

449 1263 643 1320 causis
671 1281 790 1319 una
820 1264 890 1319 de
921 1263 1195 1318 nubendo
1226 1262 1312 1317 vel
1346 1279 1461 1316 non
1494 1263 1790 1329 nubendo,
1811 1263 1994 1319 altera
2022 1264 2094 1318 de

446 1352 669 1409 infideli
702 1354 949 1424 conjuge
980 1352 1330 1406 dimittendo
1348 1350 1562 1407 velnon
1578 1351 2092 1424 dimittendo,etc.,

448 1458 619 1516 usque
648 1442 717 1498 ad
744 1441 896 1513 quod
932 1440 1064 1495 licet
1094 1458 1197 1495 nec
1231 1441 1477 1512 expedit.
1514 1441 1642 1511 (Id.,
1679 1440 1854 1497 lib.ad
1883 1443 2096 1499 Pollen-

450 1533 608 1600 tium,
644 1534 783 1586 tom.
820 1529 915 1595 VI,
948 1529 1057 1584 col.
1094 1531 1214 1583 464.
1250 1534 1305 1584 et
1327 1530 1422 1584 lib.
1456 1531 1520 1585 de
1549 1532 1704 1603 Bapt.
1736 1536 1916 1603 parv.)

520 1619 717 1675 Mulier
744 1619 974 1689 alligata
993 1627 1088 1685 est,
1122 1622 1451 1691 etc.,usque
1482 1620 1550 1674 ad
1583 1637 1765 1675 meum
1782 1624 2091 1677 consilium.

451 1708 607 1765 Satis
638 1706 891 1764 ostendit
922 1708 1157 1763 beatum
1189 1724 1315 1763 esse
1346 1709 1404 1763 in
1434 1709 2095 1783 Domino,etc.,usquead

452 1796 664 1853 melius
715 1796 1044 1852 serviretur.
1095 1797 1226 1869 (Id.,
1260 1798 1356 1852 lib.
1408 1798 1473 1853 de
1523 1808 1710 1855 sancta
1768 1801 1912 1868 νί(1.,
1948 1805 2088 1856 tom.

449 1885 546 1954 VI,
580 1885 688 1943 col.
724 1886 827 1940 433
856 1889 912 1940 et
943 1888 1091 1957 seq.)

524 1974 584 2031 Si
614 1991 747 2031 vero
778 1973 953 2030 etiam
984 1974 1206 2031 sciebat
1235 1975 1389 2030 Ruth
1421 1992 1702 2048 persuam
1717 1994 1950 2035 carnem
1966 1997 2097 2052 pro-

448 2062 651 2136 pagari
682 2079 904 2131 semen,
937 2067 1069 2129 etc.,
1093 2080 1261 2135 usque
1290 2065 1359 2119 ad
1388 2066 1628 2121 vovendi
1663 2067 2091 2125 necessitatem.

450 2152 580 2226 (Id.,
613 2154 710 2207 lib.
741 2153 807 2208 de
833 2161 1007 2208 sanet.
1044 2153 1267 2220 Viduit.,
1302 2158 1444 2209 tom.
1477 2154 1572 2220 VI,
1606 2155 1835 2211 001.436
1865 2161 1922 2212 et
1948 2162 2096 2229 seq.)

520 2241 601 2297 De
630 2241 839 2306 tertiis,
865 2245 921 2297 et
948 2242 1019 2297 de
1052 2242 1297 2314 quartis,
1330 2247 1386 2298 et
1417 2243 1487 2298 de
1520 2243 1674 2299 ultra
1705 2245 1970 2317 pluribus
1989 2264 2096 2301 nu-

449 2328 611 2404 ptiis,
643 2333 774 2399 etc.,
800 2347 969 2402 usque
998 2330 1067 2386 ad
1099 2331 1147 2386 si
1181 2330 1264 2387 sic
1294 2334 1701 2404 permanserit.
1738 2335 1869 2405 (Id.,
1903 2336 1999 2391 lib.
2033 2335 2097 2391 de

449 2427 620 2476 sanet.
658 2420 797 2491 Vid.,
827 2423 970 2475 tom.
1002 2419 1099 2487 VI,
1133 2420 1241 2477 col.
1277 2420 1381 2475 439
1411 2426 1467 2477 et
1496 2422 1642 2494 seq.)

518 2512 656 2565 Puto
687 2516 866 2564 autem
899 2508 1039 2580 quod
1067 2516 1119 2563 et
1143 2525 1236 2580 ego
1282 2512 1542 2581 spiritum
1584 2514 1684 2567 Dei
1729 2512 1915 2570 habeo.
1949 2515 2094 2569 Cum

448 2597 694 2655 dixisset
713 2598 783 2654 de
797 2597 1039 2654 muliere
1056 2599 1225 2669 cujus
1240 2598 1325 2654 vir
1346 2605 1613 2657 mortuus
1634 2602 1840 2669 fuerat,
1865 2603 2097 2660 Beatior

450 2691 646 2744 autem
693 2688 822 2755 erit,
856 2691 989 2754 etc.,
1037 2704 1208 2760 usque
1254 2687 1325 2743 ad
1377 2705 1553 2761 opera
1601 2690 1922 2747 Trinitatis.
1956 2693 2090 2763 (Id.,

449 2777 548 2833 lib.
580 2776 649 2833 ad
676 2777 840 2844 Poll.,
870 2781 1010 2832 tom.
1045 2776 1138 2845 VI,
1174 2776 1281 2833 col.
1316 2778 1462 2850 463.)

520 2865 581 2922 Si
611 2865 769 2922 enim
800 2882 894 2922 me
933 2865 1178 2933 sciretis,
1212 2870 1270 2922 et
1317 2867 1547 2923 Patrem
1599 2886 1794 2925 meum
1846 2872 2091 2927 forsitan

447 2954 695 3022 sciretis,
728 2959 1047 3027 etc.,usque
1075 2955 1146 3013 ad
1176 2955 1351 3011 {idem
1383 2957 1443 3011 in
1474 2961 1645 3014 terra.
1680 2960 1812 3029 (Id.,
1837 2962 1897 3016 iu
1925 2965 2088 3033 Joan,

444 3048 588 3102 tom.
623 3044 719 3101 III.
753 3047 903 3116 part.
938 3062 998 3113 11,
1032 3043 1142 3100 col.
1180 3045 1360 3117 1671.)

1066 3143 1296 3199 CAPUT
1328 3144 1470 3200 VIII.

2206 545 2317 600 col.
2349 548 2454 601 346
2482 550 2537 602 et
2568 550 2719 619 seq.)

2277 633 2479 693 Solent
2496 635 2662 691 multi
2687 636 2838 693 male
2858 636 3403 712 intelligentes,etc.,
3426 659 3582 715 usque
3600 646 3664 701 ad
3681 653 3797 703 sunt

2204 724 2263 779 in
2296 724 2803 794 creaturis.(ld.,in
2830 728 3262 796 Joan.,tom.IIl,
3280 734 3423 801 part.
3443 748 3502 797 11,
3520 733 3618 789 col.
3644 736 3795 809 1385.)

2274 815 2340 868 Et
2368 814 2508 885 quod
2535 815 2721 871 null-us
2750 816 2850 871 Dei
2894 818 3009 872 nisi
3058 833 3219 872 unus.
3255 818 3421 874 Nulla
3467 820 3529 875 Iit
3575 824 3797 894 partium

2206 901 2264 958 in
2296 903 2527 959 deitatis
2558 904 2780 960 unitate
2811 905 3038 972 divisio,
3060 910 3195 973 etc.,
3228 923 3394 980 usque
3439 910 3507 964 ad
3536 910 3693 967 Iidem
3719 929 3798 968 ca-

2202 991 2481 1047 tholicam
2532 992 2693 1049 dicis.
2732 993 2859 1065 (Id.,
2893 994 2990 1049 lib.
3023 1003 3212 1051 contra
3240 997 3483 1063 Maxim,
3515 1001 3644 1055 tom.
3676 1000 3796 1057 VIII.

2203 1081 2311 1138 col.
2342 1083 2443 1137 771
2477 1085 2533 1137 et
2564 1085 2710 1154 seq.)

2271 1175 2415 1226 Nam
2460 1180 2512 1227 et
2553 1173 2606 1227 si
2651 1180 2781 1227 sunt
2825 1174 2923 1244 qui
2968 1173 3229 1229 dicuntur
3256 1174 3357 1241 dii,
3386 1179 3473 1232 etc
3504 1218 3516 1241 ,
3547 1193 3716 1249 usque
3741 1179 3799 1233 ad

2201 1266 2252 1314 et
2280 1260 2610 1315 conscientia
2633 1260 2874 1331 ipsorum
2904 1276 3029 1315 cum
3056 1263 3131 1317 sit
3166 1262 3385 1332 inﬁrmo
3412 1263 3676 1333 polluitur.
3708 1266 3800 1320 Ad-

2203 1348 2392 1403 dendo
2424 1348 2578 1403 sicut
2607 1352 2766 1415 sunt,
2790 1352 2923 1416 etc.,
2956 1366 3126 1421 usque
3153 1350 3223 1405 ad
3253 1351 3540 1407 honorari.
3574 1353 3688 1423 (Id.,
3717 1354 3798 1409 lib.

2205 1437 2408 1504 Quaest.
2444 1439 2503 1492 in
2531 1437 2725 1502 Exod.,
2760 1442 2899 1493 tom.
2935 1438 3032 1504 III,
3061 1443 3209 1510 part.
3235 1457 3274 1506 1,
3303 1438 3411 1495 col.
3442 1442 3584 1511 628.)

2275 1525 2558 1592 Quoniam
2591 1527 2743 1581 Deus
2774 1544 3025 1600 magnus
3056 1528 3360 1597 Dominus,
3380 1532 3436 1584 et
3465 1546 3558 1585 rex
3585 1547 3801 1602 magnus

2204 1632 2382 1687 super
2410 1632 2613 1671 omnes
2645 1616 2941 1686 deos,etc.,
2975 1633 3143 1689 usque
3172 1619 3242 1673 ad
3282 1634 3429 1690 quos
3475 1618 3639 1674 homo
3674 1619 3801 1675 facit.

2204 1705 2332 1778 (Id.,
2350 1707 2405 1760 in
2433 1706 2574 1776 psal.
2599 1722 2746 1772 xcw,
2768 1710 2911 1760 tom.
2937 1705 3029 1774 IV,
3054 1710 3203 1779 part.
3228 1725 3292 1776 11,
3315 1706 3424 1763 col.
3452 1708 3582 1763 1220
3606 1711 3658 1764 et
3683 1709 3805 1780 seq.)

2274 1794 2645 1850 Conﬁtemini
2662 1794 2908 1850 Domino
2921 1794 3590 1869 dominorum,quoniam
3611 1796 3661 1851 in
3676 1803 3809 1851 ater-

2209 1900 2352 1939 num
2387 1883 2785 1939 misericordia
2815 1885 2964 1955 ejus,
2998 1891 3130 1952 etc.,
3167 1902 3340 1958 usque
3387 1885 3457 1942 ad
3501 1890 3555 1942 et
3601 1903 3697 1941 nos
3730 1901 3811 1957 per

2207 1971 2423 2044 ipsum.
2459 1972 2587 2042 (Id.,
2622 1975 2683 2027 in
2724 1974 2865 2044 psal.
2899 1990 3099 2029 cxxxv.
3153 1977 3297 2031 tom.
3333 1974 3425 2043 IV,
3456 1979 3599 2048 part.
3640 1989 3693 2039 ιι,
3722 1972 3809 2029 col.

2208 2063 2347 2117 1756
2376 2066 2435 2117 et
2465 2062 2621 2134 seq.)

2277 2150 2427 2206 Illud
2461 2168 2592 2206 vero
2624 2152 2724 2207 ubi
2758 2151 2993 2221 dicitur,
3027 2151 3182 2208 Deus
3225 2155 3487 2222 deorum,
3520 2157 3645 2219 etc.,
3675 2166 3814 2224 usque

2204 2240 2274 2295 ad
2294 2244 2351 2295 et
2380 2257 2487 2295 nos
2518 2257 2621 2312 per
2650 2240 2867 2314 ipsum.
2905 2242 3036 2315 (Id.,
3067 2242 3133 2299 de
3181 2242 3342 2299 Civil.
3378 2245 3497 2313 Dei,
3530 2246 3660 2298 tom.
3689 2239 3810 2306 VIII,

2205 2328 2317 2384 col.
2350 2330 2499 2401 275.)

2278 2418 2462 2486 Unus,
2496 2417 2706 2492 inquit,
2742 2419 2897 2476 Deus
2940 2421 3112 2477 Pater
3143 2439 3213 2478 ex
3246 2439 3363 2495 quo
3415 2420 3622 2487 omnia,
3652 2422 3702 2475 et
3726 2433 3810 2472 nos

2204 2508 2262 2563 in
2292 2508 2587 2579 ipso,etc.,
2620 2525 2792 2581 usque
2817 2515 2886 2564 ad
2915 2513 3113 2570 autem
3145 2510 3365 2568 Christi
3397 2511 3547 2567 Deus
3575 2512 3673 2565 est.
3700 2506 3805 2577 (Id.,

2201 2597 2266 2653 de
2302 2599 2473 2664 Trin.,
2506 2600 2650 2653 tom.
2682 2597 2833 2667 VIII,
2868 2598 2977 2654 col.
3010 2599 3161 2672 827.)

2271 2686 2406 2742 Esca
2433 2694 2616 2742 autem
2644 2703 2738 2743 nos
2765 2703 2877 2743 non
2905 2689 3216 2745 commendo
3246 2693 3376 2762 Deo,
3408 2693 3538 2756 etc.,
3561 2701 3728 2757 usque
3752 2682 3806 2739 ad

2200 2774 2528 2845 deﬁciamus.
2561 2775 2790 2845 Audivi,
2822 2776 3066 2833 Domine
3107 2778 3291 2848 Deus,
3323 2794 3541 2843 vocem,
3586 2780 3707 2839 etc.,
3731 2789 3811 2827 ω·

2202 2880 2302 2936 que
2344 2864 2415 2920 ad
2445 2864 2503 2919 in
2535 2863 2781 2920 Domino
2825 2863 3123 2938 glorietur.
3159 2867 3265 2937 (Id.
3286 2911 3300 2937 ,
3331 2869 3587 2939 Con/655.,
3624 2868 3745 2920 tom.
3774 2860 3809 2929 Ι,

2202 2951 2311 3009 col.
2341 2953 2499 3022 789.)

2275 3042 2467 3098 Videte
2511 3051 2712 3111 autem,
2746 3048 2882 3111 etc.,
2919 3061 3108 3116 usque
3156 3046 3227 3100 ad
3278 3062 3353 3102 ne
3400 3048 3622 3119 fratrem
3662 3054 3810 3096 meum

2197 3131 2586 3187 scandalizem.
2615 3132 2927 3200 Attendite,
2960 3134 3188 3189 fratres.
3220 3135 3346 3192 Hoc
3394 3134 3546 3191 enim
3587 3129 3730 3193 estis,
3756 3142 3810 3183 ex

514 3225 588 3279 De
602 3225 671 3278 iis
684 3229 860 3278 autem
875 3237 1000 3294 qua:
1011 3222 1170 3277 idolis
1180 3225 1583 3293 sacriﬁcantur,
1606 3228 1808 3283 scimus
1822 3230 1953 3300 quia
1973 3246 2080 3285 om-

2228 3237 2311 3276 ιοο
2338 3220 2551 3293 populo
2581 3221 2742 3287 estis,
2775 3225 2913 3286 etc.,
2938 3238 3107 3294 usque
3135 3223 3206 3278 ad
3225 3225 3575 3280 erubescant
3603 3215 3808 3276 falsitati

441 3329 537 3369 nes
550 3312 835 3369 scientiam
845 3310 1449 3367 habemus.Humilium
1470 3314 1656 3370 virtus
1670 3320 1757 3372 est
1768 3318 1838 3373 de
1853 3318 2096 3374 scientia

444 3418 560 3456 non
591 3399 1163 3473 gloriari,etc.,usque
1194 3400 1263 3454 ad
1286 3401 1652 3474 participatio
1674 3404 2088 3476 veritatis.(Id.,

445 3489 543 3545 lib.
574 3490 719 3545 Sent.
756 3490 1035 3560 Prosperi,
1069 3492 1209 3543 tom.
1245 3489 1308 3557 Χ,
1345 3494 1492 3561 part.
1524 3508 1587 3562 11,
1621 3493 1728 3548 col.
1750 3480 1947 3565 1879.)

512 3578 755 3633 Scientia
775 3578 949 3647 inflat,
983 3577 1222 3633 charitus
1252 3594 1376 3634 vero
1412 3580 1666 3651 azdiﬁcat.
1700 3582 1825 3638 Non
1857 3589 1945 3640 est
1974 3586 2087 3641 mi-

441 3684 574 3723 rum
605 3667 655 3722 si
680 3666 781 3721 lux
810 3664 965 3721 lucet
994 3666 1050 3720 in
1083 3666 1357 3735 tenebris,
1392 3673 1525 3738 etc.,
1561 3688 1730 3743 usque
1767 3674 1835 3729 ad
1866 3691 1980 3730 non
2007 3676 2090 3731 in-

443 3755 638 3811 ﬂatur.
674 3755 800 3828 (Id.,
836 3756 934 3811 lib.
967 3754 1032 3811 de
1064 3756 1210 3811 Grat.
1243 3766 1293 3812 et
1338 3759 1507 3815 libero
1555 3762 1807 3829 arbitrio,
1842 3766 1983 3821 tom.
2018 3766 2083 3834 X,

439 3849 592 3917 part.
624 3860 667 3911 1,
702 3843 811 3900 col.
842 3844 948 3900 905
976 3848 1033 3900 et
1065 3845 1210 3917 seq.)

510 3934 658 3997 Quid
689 3937 883 3989 autem
916 3937 1003 3989 est
1031 3934 1217 4006 pietas
1251 3936 1363 3992 nisi
1396 3937 1496 3993 Dei
1528 3938 1879 4009 cultus,etc.,
1916 3959 2085 4015 usque

433 4022 505 4079 ad
533 4023 633 4079 sed
662 4039 765 4095 per
793 4022 1154 4080 charitatem.
1181 4024 1310 4097 (Id.,
1335 4026 1435 4082 lib.
1460 4027 1529 4082 ad
1561 4030 1812 4098 Hieron.,
1838 4034 1978 4087 tom.
2006 4033 2077 4102 II,

432 4110 540 4168 col.
573 4113 681 4168 737
709 4116 768 4168 et
795 4115 944 4185 seq.)

492 4200 626 4273 Ipsa
655 4201 816 4275 origo
850 4202 1105 4259 nominis
1127 4204 1801 4279 daemonum,etc.,usque
1824 4208 1894 4265 ad
1920 4227 2075 4267 reve-

420 4288 581 4347 latio.
614 4291 748 4360 (Id.,
779 4291 844 4347 de
875 4293 1033 4348 Civit.
1064 4294 1183 4358 Dei,
1221 4296 1362 4348 tom.
1391 4294 1513 4361 VII,
1545 4295 1653 4350 col.
1686 4297 1792 4352 263
1824 4302 1881 4353 et
1909 4314 2072 4354 serm.

418 4379 484 4437 de
515 4380 666 4437 Verb.
698 4380 929 4451 Evang.)

490 4467 808 4525 Scientiam
841 4467 1679 4542 terrestrium,coelestiumque
1714 4480 2070 4545 rerum,etc.,

2204 3327 2343 3365 suae.
2379 3310 2507 3383 (Id.,
2538 3326 2698 3366 serm.
2750 3310 2815 3367 de
2867 3312 3016 3367 Verb.
3066 3314 3306 3384 Evang.,
3341 3318 3482 3369 tom.
3529 3310 3593 3377 V,
3620 3310 3750 3381 part-
3777 3321 3806 3371 ly

2204 3398 2311 3454 col.
2344 3400 2448 3454 417
2475 3403 2531 3455 et
2561 3401 2711 3471 seq,)

2271 3492 2406 3560 Ipsa
2431 3491 2520 3543 est
2549 3484 2684 3561 ergo
2714 3487 2803 3544 lex
2824 3488 3061 3555 Christi,
3088 3495 3153 3545 ut
3182 3490 3438 3548 invicem
3455 3505 3623 3546 onera
3641 3488 3808 3542 nostra

2198 3580 2519 3649 portemus,
2553 3582 2866 3650 etc.,usque
2894 3579 2962 3634 ad
2991 3579 3231 3653 diligere
3260 3585 3502 3654 propter
3528 3576 3805 3635 Christum.

2197 3666 2324 3739 (Id.,
2359 3666 2457 3721 lib.
2490 3671 2727 3737 Quaest,
2754 3672 2897 3723 tom.
2925 3668 3020 3735 VI,
3054 3669 3161 3725 col.
3193 3671 3316 3743 83.)

2266 3754 2414 3821 Quid
2444 3760 2528 3811 est
2560 3772 2696 3828 ergo
2728 3757 2883 3828 quod
2914 3756 3464 3829 pleriqlehomines
3488 3754 3807 3829 istapeccata

2192 3848 2597 3911 contemnunt,
2615 3850 2922 3916 etc.,usque
2949 3846 3019 3900 ad
3041 3846 3374 3904 remedium
3408 3848 3522 3904 cito
3552 3837 3802 3900 invenisti.

2191 3933 2320 4007 (Id.,
2352 3949 2512 3989 serm.
2545 3933 2609 3989 de
2639 3935 2812 4003 Verb.,
2845 3935 3022 4001 Dom.,
3054 3939 3197 3991 tom.
3220 3936 3290 4005 V,
3319 3942 3469 4011 part.
3496 3952 3536 4004 1,
3560 3933 3661 3991 col.
3681 3926 3802 3997 508.)

2829 4032 3062 4089 CAPUT
3095 4034 3189 4090 IX.

2258 4116 2380 4169 Non
2405 4129 2528 4167 sum
2557 4110 2736 4168 liber?
2759 4129 2944 4185 usque
2968 4112 3040 4169 ad
3068 4116 3272 4186 fratres
3284 4118 3513 4174 Domini
3530 4123 3581 4172 et
3601 4103 3804 4184 Cephm?

2184 4199 2330 4256 Vide
2358 4201 2857 4273 quemadmodum
2889 4201 3077 4275 primo
3119 4207 3394 4262 ostendat
3441 4204 3579 4278 quid
3625 4199 3723 4257 sibi
3750 4194 3805 4250 li-

2185 4295 2332 4358 ceat,
2366 4295 2498 4359 etc.,
2543 4306 2644 4362 per
2672 4291 2896 4347 librum
2940 4294 3237 4361 integrum.
3294 4295 3377 4367 (S.
3430 4297 3600 4365 Aug.,
3632 4290 3721 4345 lib.
3754 4281 3805 4338 ἀι

2185 4379 2352 4451 Opere
2379 4380 2786 4449 monachorum,
2820 4386 2961 4436 tom.
2993 4381 3088 4449 VI,
3125 4381 3234 4437 col.
3257 4383 3370 4440 552
3398 4387 3453 4439 et
3487 4381 3630 4453 seq.)

2254 4468 2385 4536 Quis
2409 4469 2632 4535 militat,
2656 4474 2787 4535 etc.,
2812 4471 3081 4543 usquead
3097 4471 3315 4528 delacte
3336 4474 3522 4544 gregis
3552 4486 3653 4526 non
3674 4479 3804 4521 man-

416 4574 587 4629 usque
615 4555 685 4612 ad
723 4556 876 4611 beati
911 4556 1010 4613 Dei
1064 4556 1176 4612 sui.
1213 4558 1343 4630 (Id.,
1378 4558 1443 4613 de
1495 4560 1711 4629 Trinit.,
1746 4566 1887 4619 tom.
1918 4565 2067 4639 VIII,
2102 4577 2147 4642 Π
2178 4556 2388 4612 ducat?
2418 4557 2754 4614 Invenimus
2784 4575 2920 4631 ergo
2954 4575 3080 4615 esse
3110 4558 3200 4615 lac
3230 4562 3452 4635 gregis,
3487 4553 3803 4642 quidquid?

419 4644 528 4701 col.
559 4646 664 4699 885
694 4648 749 4700 et
779 4649 930 4717 seq.)

488 4733 748 4789 Scidntia
779 4734 963 4803 inflat,
998 4740 1132 4806 etc.,
1175 4755 1343 4811 usque
1384 4739 1455 4794 ad
1503 4740 1746 4811 probata
1797 4746 1903 4798 est.
1938 4744 2068 4813 (Id.,

417 4822 514 4879 lib.
547 4838 588 4877 11
620 4821 690 4877 ad
717 4824 976 4895 Januar.,
1010 4829 1149 4881 tom.
1185 4826 1254 4898 II,
1287 4827 1394 4883 col.
1427 4830 1577 4900 223.)

2142 4638 2147 4643 ’
2178 4646 2389 4718 plebe.,
2414 4650 2546 4713 etc.,
2579 4663 2747 4718 usque
2794 4648 2864 4702 ad
2913 4653 2970 4703 et
3018 4649 3117 4705 isti
3161 4648 3441 4706 salutem.
3476 4649 3604 4723 (Id.,
3638 4645 3725 4701 lib.
3749 4639 3802 4695 de

2180 4736 2523 4803 Pastoribus,
2556 4740 2698 4792 tom.
2730 4735 2800 4803 V,
2830 4742 2980 4809 part.
3011 4755 3050 4806 1,
3084 4738 3194 4793 col.
3227 4741 3328 4795 271
3365 4744 3425 4796 et
3454 4736 3600 4811 seq.)

2250 4826 2526 4898 Scriptum
2549 4834 2646 4893 est,
2680 4830 3017 4899 etc.,usque
3048 4829 3119 4883 ad
3151 4829 3216 4884 de
3246 4828 3414 4885 bobus
3435 4845 3572 4884 cura
3599 4832 3673 4882 est
3692 4817 3802 4876 Deo?

483 4911 547 4967 Si
568 4913 691 4982 quis
723 4929 779 4968 se
806 4916 1087 4970 existimat
1114 4917 1255 4972 scire
1282 4919 1515 4990 aliquid,
1548 4920 1793 4976 nondum
1822 4926 2073 4992 cognovit
2178 4914 2341 4979 Ουοά
2372 4914 2577 4970 attinet
2607 4915 2677 4969 ad
2712 4920 3018 4989 ρνωοθρῐει,
3049 4922 3183 4985 εἰει,
3218 4934 3390 4990 usque
3438 4917 3510 4973 ad
3539 4908 3799 4972 CODSUIat'

412 5000 870 5072 quemadmodum
899 5012 1140 5074 oporteat
1167 5022 1291 5060 eum
1320 5010 1478 5063 scire.
1512 5009 1575 5063 Si
1601 5011 1724 5080 quis
1770 5018 1949 5066 autem
1980 5012 2069 5068 di-

2179 5004 2307 5076 (Id.,
2343 5004 2439 5059 lib.
2469 5008 2679 5076 Quaest.
2715 5006 2777 5060 in
2804 5005 3007 5072 Exod.,
3043 5006 3130 5061 tit.
3163 5006 3255 5073 89,
3294 5010 3439 5063 tom.
3475 5005 3571 5072 III,
3604 5003 3741 5076 part.
3768 5011 3801 5063 ιν

412 5089 539 5158 ligit
568 5093 756 5158 Deum,
786 5090 875 5146 hic
903 5094 1151 5161 cognitus
1182 5102 1260 5149 est
1291 5095 1358 5149 ab
1396 5112 1477 5152 eo.
1521 5097 1856 5154 Nescientes
1912 5101 2069 5159 unde
2179 5093 2287 5149 εοι-
2319 5094 2425 5148 628
2455 5097 2512 5149 6t
2539 5095 2689 5166 569-)

408 5177 663 5235 habeant
695 5181 846 5251 quod
882 5186 1041 5249 sunt,
1074 5182 1264 5237 stultae
1297 5184 1550 5257 virgines
1582 5192 2068 5263 sunt,etc.,usque

2247 5182 2403 5238 Fecit
2451 5181 2627 5248 enim,
2679 5187 2811 5252 etc.,
2858 5199 3028 5255 usque
3075 5183 3146 5239 ad
3201 5185 3383 5259 patris
3445 5181 3640 5240 vestri.
3687 5175 3800 5246 (Id.,

406 5267 477 5323 ad
521 5266 580 5323 in
635 5268 881 5325 Domino
928 5271 1223 5343 glorietur.
1260 5272 1388 5345 (Id.,
1432 5274 1531 5329 lib.
1582 5275 1649 5331 de
1694 5276 1877 5334 Gratia
1930 5280 2066 5340 Νουί
2175 5279 2333 5327 tract.
2368 5272 2429 5325 in
2453 5271 2596 5342 psal.
2632 5286 2795 5339 cxnv,
2826 5274 2968 5327 tom.
3005 5272 3097 5343 IV,
3134 5279 3284 5345 part.
3317 5291 3376 5344 11,
3413 5272 3524 5329 col.
3564 5266 3735 5338 1893.)

410 5358 754 5426 Testamenti,
786 5363 929 5415 tom.
965 5359 1032 5427 II,
1066 5358 1174 5416 col.
1205 5363 1357 5431 576.)

2245 5361 2314 5416 Ut
2356 5358 2444 5413 ha:
2495 5358 2722 5427 animae,
2766 5365 2899 5427 etc.,
2949 5378 3119 5433 usque
3163 5363 3234 5418 ad
3279 5364 3654 5435 acceperunt.
3682 5353 3799 5428 (ῐάι,

477 5449 553 5500 De
580 5448 715 5501 escis
745 5455 927 5502 autem
958 5463 1082 5519 quae
1113 5448 1274 5505 idolis
1306 5452 1680 5523 immolantur,
1700 5458 1901 5512 scimus
1927 5460 2058 5530 quia
2168 5450 2265 5506 lib.
2297 5447 2362 5504 de
2388 5450 2568 5517 Agone
2595 5447 2826 5514 Christi,
2862 5454 3003 5506 tom.
3033 5450 3125 5519 VI,
3161 5451 3267 5509 col.
3303 5451 3412 5507 295
3441 5455 3500 5507 et
3528 5450 3675 5520 seq-)

399 5531 548 5588 nihil
576 5542 657 5590 est
684 5535 891 5591 idolum
918 5538 973 5592 in
1006 5537 1227 5593 mundo.
1252 5539 1451 5613 Neque
1480 5543 1634 5598 enim
1670 5561 1769 5599 vos
1794 5562 2054 5619 paganos

2233 5538 2300 5595 Si
2324 5554 2423 5593 nos
2452 5536 2602 5593 vobis
2629 5539 2933 5609 spiritalia,
2967 5543 3307 5614 etc.,usque
3337 5540 3410 5596 ad
3432 5537 3687 5595 carnalia
3707 5545 3798 5587 ηια-
3896 5582 3897 5605 η

401 5619 673 5698 dicimus,
707 5629 808 5683 aut
854 5626 1115 5685 schisma
1171 5644 1557 5704 paganorum,
1596 5637 1729 5704 etc.,
1764 5618 1933 5710 usque
1982 5635 2052 5693 ad
2161 5630 2373 5687 tamus?
2387 5626 2527 5695 Quis
2557 5625 2708 5684 sicut
2737 5627 3025 5688 Dominus
3052 5628 3207 5689 Deus
3238 5634 3459 5701 noster,
3482 5626 3661 5703 quiin
3677 5618 3794 5680 altis
3896 5624 3897 5629 ‘
