3914 6166
156 343 239 408 341
971 337 1382 401 EXPOSI'I‘IO
1427 337 1507 399 IN
1551 337 1721 400 EPP.
1767 336 2029 402 PAULI.
2060 374 2137 384 —
2169 340 2292 401 EP.
2338 337 2441 402 AD
2486 339 2659 403 COR.
3380 336 3499 403 349

153 487 255 543 etc.,
282 487 445 546 usque
484 468 553 527 ad
604 468 852 527 eumdem
905 470 1194 543 Spiritum.
1229 470 1414 527 Habet
1467 470 1624 528 enim
1682 473 1737 528 et
1765 472 1819 540 Α
1849 472 1980 541 bus,
2007 477 2138 544 etc.,
2164 490 2334 547 usque
2362 474 2433 531 ad
2467 472 3010 530 anathematizetur.
3034 471 3166 543 (Id.,
3199 471 3296 530 lib.
3318 480 3498 531 contr-

150 564 348 625 scientia
375 561 603 618 modum
636 577 813 616 suum
845 560 1086 628 bonum,
1116 560 1164 615 si
1196 561 1371 633 quod,
1404 564 1539 629 etc.,
1570 578 1741 633 usque
1851 568 2061 630 Faust,
2094 568 2237 620 tom.
2269 564 2417 631 VIII,
2452 564 2560 620 col.
2596 565 2701 619 474
2732 567 2790 620 et
2828 566 2978 636 seq.)

149 657 203 713 ad
233 651 458 725 corporis
494 649 788 706 sensibus.
822 650 927 723 (Id.
938 690 952 717 ,
985 650 1086 705 lib.
1125 667 1204 705 χιι
1233 650 1297 706 de
1342 652 1561 723 Trinit,
1590 654 1734 706 tom.
1919 652 2022 708 Sed
2051 654 2221 708 multo
2248 654 2423 724 magis
2446 668 2572 724 quae
2600 653 2856 708 videntur
2880 654 3122 708 membra
3142 654 3384 725 corporis
3413 655 3498 709 in-
3536 682 3543 691 κ

147 745 264 809 νιιι,
291 741 385 798 col.
419 738 550 795 1009
579 743 637 795 et
666 743 814 811 seq.)
1845 742 2097 813 ﬁrmiora
2126 758 2257 809 esse,
2289 744 2594 798 necessaria
2621 750 2767 797 sunt.
2804 744 2867 797 Et
2897 757 3022 813 quae
3045 749 3307 814 putamus
3336 744 3498 813 igno-

201 832 330 891 Fecit
354 832 498 887 Deus
526 830 587 884 in
617 829 921 885 intellectu
954 830 1127 886 ccelos
1154 829 1468 903 spiritales,
1502 834 1735 887 sanctos
1848 832 2045 887 biliora
2072 833 2313 887 membra
2360 848 2472 888 esse
2519 832 2779 904 corporis,
2811 835 2945 899 etc.,
2978 848 3165 902 usque
3196 833 3267 887 ad
3299 840 3361 888 ut
3386 848 3496 888 non

147 940 254 981 suos
280 939 291 977 :
320 920 521 992 quibus
551 936 690 983 non,
722 923 856 988 etc.,
888 935 1057 992 usque
1103 920 1174 975 ad
1221 919 1336 975 ista
1387 936 1504 975 non
1542 924 1731 975 erunt.
1842 923 1914 976 sit
1941 920 2179 975 schisma
2210 922 2269 975 in
2300 936 2536 992 corpore.
2571 919 2733 976 Absit
2762 923 2979 988 autem,
3014 924 3079 975 ut
3109 920 3185 975 sit
3212 920 3272 975 in
3304 938 3495 977 mem-

144 1014 245 1085 (Id.,
270 1018 404 1067 tract.
433 1009 574 1081 psal.
612 1025 812 1077 cxxxv,
853 1013 997 1066 tom.
1031 1008 1126 1077 ιν,
1158 1012 1308 1081 part.
1342 1026 1402 1078 ιι,
1441 1008 1552 1064 col.
1601 1008 1735 1064 I759
1843 1010 1965 1065 bris
1997 1014 2361 1077 sanctorum,
2384 1014 2515 1075 etc.,
2539 1027 2708 1082 usque
2731 1010 2801 1065 ad
2832 1008 3040 1064 rationi
3074 1009 3335 1065 serviret.
3362 1011 3491 1082 (Id.,

145 1106 187 1157 et
203 1100 323 1172 seq.)
1844 1099 1971 1154 libr.
2004 1107 2175 1169 contr.
2208 1100 2415 1164 Faust.,
2441 1115 2491 1154 c.
2514 1099 2604 1167 29,
2635 1102 2778 1153 tom.
2812 1097 2960 1165 VIII,
2993 1097 3103 1153 col.
3139 1098 3287 1170 490.)

191 1189 382 1244 λειθιιιο
412 1191 559 1243 Deus
588 1202 756 1243 meus
796 1186 1058 1257 consilio,
1091 1187 1245 1243 bona
1291 1185 1550 1243 ccelestia
1599 1202 1727 1258 pro-
1910 1188 2026 1243 Vos
2056 1187 2234 1255 enim,
2271 1188 2502 1256 fratres,
2535 1186 2787 1259 populus
2821 1187 2919 1242 Dei
2966 1187 3128 1254 estis,
3161 1186 3335 1242 sicuti
3365 1187 3492 1259 ipse

141 1278 266 1352 priis,
293 1282 411 1344 etc.,
442 1292 611 1347 usque
638 1276 708 1331 ad
736 1280 1046 1332 contentus
1085 1276 1182 1332 sit.
1217 1277 1348 1349 (Id.,
1390 1276 1484 1331 lib.
1520 1275 1733 1347 Confes-
1841 1277 2004 1346 dixit,
2039 1282 2096 1333 et
2124 1295 2258 1334 oves
2301 1293 2532 1349 pascua:
2579 1276 2729 1347 ejus.
2765 1276 2999 1332 llabetis
3029 1277 3089 1331 in
3120 1276 3357 1332 nomine
3388 1276 3490 1333 Dei

137 1369 308 1424 sianum
333 1383 445 1428 x111,
477 1368 623 1420 tom.
655 1366 703 1432 Ι,
733 1364 842 1421 col.
874 1366 980 1421 854
1009 1368 1066 1421 et
1095 1368 1244 1438 seq.)
1840 1371 2124 1440 pastores,
2160 1370 2292 1435 etc.,
2327 1382 2497 1439 usque
2536 1366 2605 1422 ad
2650 1365 2710 1421 in
2760 1382 3016 1439 corpore.
3059 1365 3190 1437 (Id.,
3229 1370 3392 1422 δοῦ-ιη.
3424 1365 3490 1424 de

189 1457 333 1512 Alteri
350 1454 473 1525 ﬁdes
512 1456 573 1509 in
602 1454 786 1510 eodem
813 1453 1048 1526 Spiritu,
1081 1456 1184 1510 alii
1211 1457 1394 1526 gratia
1420 1457 1731 1511 sanitatum
1842 1456 1982 1531 Ver.)

140 1548 181 1601 in
202 1561 290 1601 uno
312 1544 539 1616 Spiritu,
562 1544 679 1599 alii
704 1545 945 1615 operatio
976 1546 1262 1611 virtutum,
1293 1545 1399 1599 alii
1423 1546 1724 1617 prophetia.
1909 1546 2012 1602 Sed
2042 1548 2099 1601 in
2134 1546 2375 1618 idipsum
2414 1562 2513 1618 pro
2545 1547 2776 1601 invicem
2802 1546 3041 1600 sollicita
3066 1552 3198 1601 sunt
3222 1547 3485 1616 membra,

136 1634 242 1690 Vide
264 1633 425 1690 etiam
455 1632 649 1705 ipsam
676 1631 848 1688 Iidem
883 1632 1035 1689 inter
1060 1633 1161 1688 Dei
1190 1649 1437 1688 munera
1466 1634 1724 1705 reperiri,
1837 1643 1889 1691 et
1916 1638 1969 1691 si
1997 1635 2131 1708 quid
2156 1638 2370 1707 patitur
2398 1652 2572 1690 unum
2601 1635 2924 1701 membrum,
2953 1638 3087 1700 etc.,
3120 1650 3306 1706 usque
3338 1635 3410 1690 ad
3438 1641 3491 1691 et

136 1728 231 1792 etc.,
250 1721 488 1797 usquead
507 1722 650 1779 Jesu
676 1721 925 1778 Christo.
949 1722 1083 1792 (Id.,
1107 1723 1205 1777 lib.
1232 1723 1487 1790 Retract.,
1511 1726 1653 1778 tom.
1681 1723 1723 1792 Ι,
1834 1726 2140 1781 membrum
2167 1725 2231 1781 de
2270 1726 2528 1780 membro.
2565 1724 2701 1779 Plus
2734 1740 2875 1779 sane
2921 1740 3099 1796 quam
3131 1722 3247 1778 dici
3296 1727 3490 1795 potest

135 1812 212 1869 col.
234 1814 366 1881 621.)
1757 1850 1804 1915 Β
1836 1813 2084 1870 miratus
2117 1830 2273 1881 sum,
2296 1814 2453 1885 quod
2503 1829 2609 1868 nec
2658 1816 2841 1875 tanta,
2874 1815 3006 1881 etc.,
3037 1826 3205 1915 usque
3233 1810 3304 1865 ad
3335 1810 3489 1915 dona

182 1902 271 1957 Alii
292 1901 537 1959 discretio
564 1902 882 1972 spirituum,
915 1901 1022 1957 alii
1040 1918 1243 1970 genera
1264 1902 1601 1974 linguarum,
1625 1904 1730 1959 alii
1757 1898 1804 1915 ”
1838 1901 2179 1959 victoribus.
2203 1903 2337 1972 (Id.,
2368 1904 2525 1974 epist.
2558 1901 2628 1957 ad
2659 1902 2804 1969 Ital.,
2836 1904 2980 1956 tom.
3012 1900 3080 1968 II,
3104 1898 3214 1954 col.
3248 1898 3399 1970 365.)

134 1989 1081 2062 intapretatzosermonum.Discretio
1099 2006 1240 2045 sane
1256 1990 1729 2058 difﬁcillimaest,
1909 1996 1985 2049 Et
2011 1993 2269 2065 quosdvm
2299 1993 2515 2065 quidem
2546 1992 2796 2062 exposuit
2823 1990 2962 2046 Deus
2991 1990 3053 2044 in
3083 1988 3342 2055 Ecclesia,
3373 1989 3487 2058 pri-

134 2095 231 2135 cum
248 2080 470 2152 spiritus
490 2078 1458 2153 malignus,etc.,usqueadmalus
1479 2079 1726 2153 sit.(Id.,
1836 2098 1988 2137 mum
2041 2084 2305 2154 apostolos
2359 2081 2592 2137 secundo
2644 2080 2956 2153 praphetas,
3009 2079 3167 2134 tertio
3222 2077 3480 2146 doctores,

129 2168 198 2224 lib.
214 2186 280 2225 ιιι
301 2169 359 2225 de
384 2172 516 2226 Gen.
549 2168 622 2224 ad
642 2169 751 2224 lit..
774 2171 919 2224 tom.
942 2168 1038 2236 ΙΙΙ,
1062 2172 1213 2241 part.
1237 2186 1279 2235 1,
1303 2167 1411 2224 col.
1436 2170 1585 2237 465.)
1833 2169 2027 2227 deinde
2055 2174 2300 2239 virtutes,
2330 2175 2463 2237 etc.,
2497 2187 2685 2241 usque
2715 2169 2788 2224 ad
2817 2166 3072 2239 nunquid
3099 2182 3282 2222 omnes
3313 2167 3483 2221 inter-

176 2259 278 2315 lh'ec
300 2266 470 2314 autem
497 2259 693 2315 omnia
720 2265 978 2330 operatur
1003 2274 1148 2313 unus
1178 2265 1340 2330 atque
1368 2258 1513 2313 idem
1539 2258 1724 2331 Spiri-
1827 2264 2159 2330 pretantur?
2187 2261 2301 2315 Lex
2331 2259 2485 2315 enim
2537 2276 2641 2331 per
2684 2258 2921 2329 Moysen
2970 2256 3105 2311 data
3149 2257 3260 2320 est,
3292 2253 3482 2327 gratia

128 2354 191 2401 tus
207 2347 425 2404 dividens
447 2347 696 2417 singulis
714 2355 879 2419 prout
896 2348 1032 2403 vult.
1057 2347 1310 2418 Spiritus
1335 2351 1576 2403 sanctus
1600 2364 1726 2405 coo-
1831 2352 2028 2404 autem
2060 2353 2117 2405 et
2143 2348 2356 2405 veritas
2385 2365 2488 2420 per
2515 2348 2718 2403 Jesum
2749 2345 3045 2401 Christum
3077 2343 3228 2398 facta
3256 2348 3365 2399 est.
3399 2343 3480 2398 Ex

127 2439 307 2503 perator
340 2441 425 2492 est
474 2437 671 2493 Patris
718 2441 775 2493 et
822 2435 972 2492 Filii.
1005 2434 1168 2492 Unde
1224 2434 1551 2508 Apostolus,
1584 2442 1719 2510 etc.,
1831 2438 2022 2509 cujus,
2074 2442 2206 2505 etc.,
2246 2454 2417 2509 usque
2463 2436 2533 2492 ad
2580 2440 2779 2508 posset
2826 2432 3182 2507 prophetari.
3215 2432 3348 2502 (Id.,
3377 2432 3474 2488 lib.

127 2540 252 2596 usque
274 2526 337 2581 ad
362 2530 658 2599 cperetur.
702 2526 834 2599 (Id.,
866 2533 1026 2582 tract.
1065 2525 1206 2597 psal.
1238 2542 1427 2594 cxvm,
1450 2529 1592 2582 tom.
1623 2527 1718 2597 IV,
1827 2534 1999 2583 contr.
2031 2532 2240 2597 Fa-ust.,
2264 2544 2315 2582 c.
2350 2527 2434 2594 19,
2467 2528 2624 2583 Joan.
2657 2542 2696 2593 1,
2729 2529 2871 2580 tom.
2903 2523 3056 2590 VIII,
3090 2521 3200 2578 col.
3231 2522 3384 2591 353.)

124 2618 235 2684 Wt-
263 2632 319 2680 ῐῐ»
347 2615 452 2671 οοῘο
484 2614 678 2682 455ίῆ
1900 2615 2049 2671 Illud
2109 2633 2341 2688 quoque
2392 2615 2544 2671 sicut
2602 2612 3104 2687 imperitissimus,
3139 2628 3275 2679 non,
3337 2615 3470 2679 etc.,

171 2701 344 2759 Omnia
371 2709 574 2760 autem
603 2703 724 2760 haec
746 2708 1021 2777 operatur
1039 2721 1196 2759 unus
1222 2707 1396 2777 atque
1417 2705 1571 2761 idem
1594 2704 1719 2777 Spi-
1825 2720 1992 2777 usque
2023 2706 2093 2761 ad
2130 2706 2455 2761 secundum
2496 2721 2753 2760 carnem.
2788 2703 2917 2771 (1d,,
2953 2703 3052 2757 lib.
3082 2708 3253 2756 contr.
3290 2701 3478 2757 inimi-

121 2790 506 2859 ritus,dividens
539 2792 858 2866 unicuique
889 2792 1123 2866 propria
1143 2797 1316 2866 prout
1332 2793 1476 2849 vult.
1502 2792 1614 2849 Alii
1646 2792 1715 2849 il-
1823 2810 1949 2850 cum
1980 2796 2111 2864 legis
2142 2803 2192 2851 et
2214 2796 2432 2868 proph.,
2458 2800 2601 2850 tom.
2624 2794 2777 2863 VIII,
2804 2792 2911 2848 col.
2943 2793 3049 2848 644
3077 2795 3136 2846 et
3165 2793 3315 2862 seq.)

119 2876 210 2947 Iud,
249 2880 335 2937 alii
380 2882 505 2950 hoc,
548 2881 864 2939 divisiones
910 2886 1052 2937 sunt
1098 2882 1474 2954 operationis.
1507 2882 1718 2939 Omnia
1893 2885 2259 2940 Emulamini
2305 2893 2488 2939 autem
2531 2884 2863 2938 charismata
2907 2881 3157 2945 meliora,
3199 2887 3251 2934 et
3298 2878 3475 2933 adhuc

117 2967 206 3024 haec
231 2977 482 3044 operatur
522 2990 688 3028 unus
730 2976 906 3044 atque
937 2972 1092 3028 idem
1124 2972 1398 3044 Spiritus,
1432 2972 1597 3028 radix
1627 2977 1717 3030 est
1822 2974 2257 3029 emcellentiorem
2284 2975 2431 3028 viam
2450 2974 2599 3027 vobis
2623 2972 2946 3026 demonstro.
2974 2967 3216 3039 Respice
3243 2966 3316 3021 ad
3351 2983 3476 3021 mn-

118 3057 328 3117 nnitatis.
359 3063 461 3119 Fec
490 3079 820 3136 possumus
851 3061 1042 3117 dicere
1080 3061 1235 3133 quod
1280 3062 1544 3133 spiritus,
1577 3066 1711 3130 etc.,
1823 3078 1963 3117 nera
1993 3061 2179 3134 ipsius
2214 3060 2502 3117 Ecclesiae.
2527 3061 2742 3115 Munus
2783 3060 3303 3119 sacramentorum,
3337 3059 3471 3123 etc.,

116 3161 243 3217 usque
281 3151 345 3204 ad
389 3149 843 3223 significationis
885 3149 1017 3205 fuit.
1058 3150 1191 3219 (Id.,
1225 3151 1323 3205 lib.
1357 3166 1411 3206 Iv
1439 3150 1504 3205 de
1538 3152 1710 3219 Trin.,
1762 3221 1772 3223 _
1823 3167 1995 3223 usque
2049 3150 2119 3205 ad
2175 3166 2420 3222 regnum
2468 3147 2766 3204 cmlorum.
2810 3147 2940 3218 (Id.,
2975 3152 3130 3201 tract.
3174 3143 3319 3215 psal.
3352 3160 3471 3211 c111,

118 3238 223 3291 tom.
250 3237 386 3307 VIII,
417 3221 527 3295 col.
570 3238 722 3311 908.)
1744 3221 1786 3288 Π
1825 3221 1968 3295 tom.
2004 3239 2096 3308 IV,
2128 3221 2280 3311 part.
2314 3257 2375 3306 11,
2409 3238 2519 3294 col.
2553 3237 2691 3293 1343
2720 3241 2777 3292 et
2806 3236 2953 3307 seq.)

162 3326 488 3385 Admonendi
516 3333 667 3385 Iunt
694 3328 1467 3402 legentes,quandoquidem
1491 3327 1712 3383 donum
1893 3328 2177 3394 Quoniam
2209 3344 2429 3400 egenus
2468 3331 2642 3398 atque
2690 3325 2927 3396 indigus
2957 3340 3121 3380 amor
3148 3322 3230 3377 ita
3259 3321 3470 3393 diligit,

113 3410 201 3480 Dei,
229 3420 345 3484 etc.,
373 3434 552 3490 usque
581 3417 651 3472 ad
681 3421 739 3474 et
767 3417 1054 3473 dentium.
1078 3418 1210 3487 (Id.,
1236 3418 1332 3473 lib.
1358 3417 1424 3473 de
1458 3419 1709 3473 Trinitat.
1821 3420 1956 3485 etc.,
1986 3434 2153 3489 usque
2177 3418 2247 3473 ad
2276 3416 2616 3473 eharitatem
2649 3412 2883 3470 Christi.
2913 3413 3043 3481 (Id.,
3069 3411 3164 3467 lib.
3188 3411 3252 3467 de
3277 3411 3473 3467 Genesi

109 3516 176 3572 xv,
199 3508 322 3562 tom.
352 3506 496 3575 VIII,
528 3506 647 3563 col.
682 3508 866 3575 1086.)
1819 3507 1890 3561 ad
1921 3508 2182 3573 litteram,
2212 3506 2264 3570 1,
2293 3509 2435 3560 tom.
2470 3504 2565 3558 III.
2600 3507 2749 3575 part.
2786 3520 2827 3567 1,
2859 3501 2966 3556 col.
2998 3499 3148 3568 251.)

160 3590 298 3649 Forte
324 3595 453 3667 quis
482 3597 649 3652 dicat
679 3595 963 3668 Spiritum
992 3598 1262 3651 sanctum
1295 3595 1418 3650 dari
1453 3596 1647 3668 potius
1679 3613 1714 3652 a
1892 3594 2063 3651 Oliva:
2086 3592 2673 3650 fructuscharitatcm
2697 3586 3465 3663 signiﬁcat.Undehoc,etc.,

114 3676 236 3737 Patre
261 3689 311 3738 et
339 3683 501 3753 Filio,
526 3689 669 3752 etc.,
702 3700 874 3756 usque
904 3683 974 3739 ad
1002 3701 1066 3740 se
1101 3684 1227 3756 ipse
1257 3684 1541 3741 diversus.
1576 3685 1709 3757 (Id.,
1818 3700 1988 3756 usque
2016 3684 2086 3739 ad
2116 3684 2470 3739 ceciderunt.
2494 3681 2625 3750 (Id.,
2649 3688 2807 3736 tract.
2838 3681 2899 3735 in
2926 3681 3135 3747 Evang.
3156 3692 3260 3733 sec.
3282 3677 3465 3745 Joan.,

115 3766 183 3822 lib.
206 3771 260 3825 de
284 3774 404 3838 Bias
429 3774 610 3847 Spiri.
643 3776 841 3841 sancti,
873 3778 1016 3829 tom.
1047 3773 1115 3841 V,
1137 3773 1246 3828 col.
1276 3774 1424 3845 459.)
1815 3773 1870 3841 6,
1906 3777 2046 3828 tom.
2082 3777 2181 3839 Ill,
2216 3777 2363 3844 part.
2397 3789 2458 3837 ιι,
2493 3770 2605 3826 col.
2633 3770 2772 3825 1435
2801 3773 2856 3824 et
2885 3770 3032 3840 seq.)

159 3857 282 3916 Sicut
328 3865 476 3919 enim
522 3879 725 3935 corpus
778 3879 953 3918 unum
999 3870 1095 3928 est,
1154 3870 1207 3919 et
1257 3863 1498 3919 membra
1551 3864 1711 3919 habet
1892 3860 2179 3918 Fortassis
2202 3861 2514 3933 Scriptura
2546 3862 2815 3914 scrutata
2846 3857 3108 3912 indicant
3127 3854 3304 3927 quod,
3332 3857 3465 3923 etc.,

112 3947 258 4017 multa,
276 3955 455 4009 omnia
484 3961 674 4008 autem
696 3952 941 4008 membra
961 3953 1202 4023 corporis
1222 3968 1347 4007 cum
1373 3954 1488 4007 sint
1512 3953 1707 4020 multa,
1818 3967 1987 4023 usque
2018 3950 2088 4005 ad
2117 3954 2349 4005 mortua
2382 3947 2778 4020 deputabitur.
2803 3947 2936 4016 (Id.,
2960 3952 3113 4013 tract,
3137 3945 3338 4014 Evang.
3360 3958 3466 3998 sec.

111 4049 240 4093 unum
266 4048 458 4112 tamen,
493 4046 635 4109 etc.,
669 4058 858 4114 usque
896 4041 967 4096 ad
1005 4043 1182 4099 vocati
1206 4058 1415 4097 sumus.
1440 4042 1711 4113 Loquens
1816 4039 2076 4107 Joan.,9,
2101 4043 2242 4093 tom.
2268 4038 2363 4093 III.
2398 4042 2547 4110 part.
2581 4054 2642 4104 ιι,
2678 4036 2784 4091 col.
2822 4035 3003 4105 1642.)

113 4120 162 4176 de
183 4129 436 4187 membris
471 4130 717 4197 Christi,
741 4130 852 4186 hoc
880 4133 970 4186 est
1017 4131 1086 4185 de
1135 4129 1426 4197 fidelibus,
1462 4147 1575 4185 non
1608 4129 1709 4197 ait,
1891 4128 2050 4184 Finis
2080 4128 2235 4183 enim
2270 4127 2538 4199 praecepti
2582 4129 2672 4181 est
2708 4124 2963 4180 charitas
2993 4123 3064 4177 de
3093 4122 3267 4177 cordo
3299 4137 3463 4192 puro.

109 4214 206 4282 etc.,
231 4234 386 4291 usque
414 4221 486 4276 ad
526 4219 778 4294 potestis
817 4220 1025 4276 facere.
1052 4219 1182 4291 (Id.,
1213 4226 1370 4275 tract.
1397 4219 1542 4290 psal.
1572 4236 1710 4289 xxx,
1818 4220 2043 4283 Quanto
2071 4217 2203 4283 isto,
2230 4220 2362 4282 etc.,
2387 4231 2553 4286 usque
2591 4214 2661 4268 ad
2690 4228 2861 4285 opere
2902 4211 3300 4282 requiruntur.
3333 4209 3464 4278 (Id.,

110 4300 213 4357 t0m-
240 4305 324 4376 IV,
355 4314 505 4381 part.
541 4327 583 4375 1,
620 4308 731 4365 col.
762 4310 913 4377 232.)
1819 4314 1975 4362 tract.
2004 4305 2145 4377 psal.
2174 4320 2369 4370 cxvm,
2398 4306 2539 4357 tom.
2570 4302 2664 4368 ιν,
2699 4304 2849 4372 part.
2884 4316 2941 4363 ιι,
2969 4297 3075 4353 col.
3112 4297 3294 4369 1540.)

157 4388 333 4452 Omnia
363 4401 570 4453 autem
604 4397 871 4453 membra
900 4396 1161 4469 corporis
1190 4412 1323 4451 cum
1355 4394 1473 4451 sint
1502 4395 1707 4467 multa,
1888 4396 1957 4449 Et
1978 4394 2273 4458 omnibus,
2298 4391 2509 4463 inquit,
2533 4390 2775 4446 nomina
2795 4405 3028 4444 vocans.
3053 4387 3137 4443 Ibi
3163 4390 3253 4442 est
3274 4389 3462 4442 totum

108 4491 246 4535 unum
273 4490 356 4540 est
393 4502 638 4560 corpus,
673 4486 755 4542 ita
783 4491 841 4541 et
869 4485 1156 4542 Christus.
1199 4485 1323 4541 Non
1384 4485 1465 4540 ait
1522 4485 1603 4540 ita
1656 4490 1713 4541 et
1818 4483 2146 4557 prmmium,
2188 4486 2320 4549 etc.,
2360 4496 2528 4553 usque
2584 4479 2654 4534 ad
2702 4479 2760 4533 in
2792 4476 2955 4533 coelo.
2995 4477 3267 4547 (S.Aug.,
3300 4482 3461 4531 tract.

106 4562 294 4640 Christi,
315 4575 411 4630 sed
460 4592 682 4648 corpus
725 4591 930 4643 unum,
955 4579 1090 4639 etc.,
1122 4590 1292 4646 usque
1322 4574 1391 4628 ad
1418 4578 1475 4630 et
1504 4574 1623 4645 ille,
1654 4578 1712 4631 et
1738 4595 1785 4659 D
1812 4574 1956 4645 psal.
1991 4590 2172 4640 CXLVI,
2206 4577 2347 4627 tom.
2380 4569 2475 4659 1V,
2505 4573 2657 4659 part.
2692 4586 2752 4634 ιι,
2785 4565 2894 4621 col.
2932 4565 3066 4659 1904
3096 4567 3152 4659 et
3181 4566 3330 4659 seq.)

104 4668 199 4711 nos.
214 4660 289 4726 (S.
317 4666 487 4736 Aug.,
524 4672 686 4720 tract.
715 4664 854 4736 psal.
886 4662 1043 4734 xm.)
1738 4651 1779 4659 ”
1887 4661 1994 4725 Qui
2025 4660 2167 4716 dicit
2197 4677 2257 4715 se
2288 4659 2347 4714 in
2380 4658 2609 4714 Christo
2655 4670 2909 4720 manere,
2944 4652 3113 4708 debet
3158 4651 3312 4707 sicut
3339 4652 3466 4724 ipse

153 4742 331 4805 Nam‘et
355 4767 557 4824 corpus
596 4769 706 4808 non
735 4760 814 4808 est
843 4769 1018 4807 unum
1046 4751 1368 4822 membrum,
1390 4753 1482 4807 sed
1513 4753 1704 4808 multa.
1817 4749 2136 4807 ambulavit
2166 4753 2222 4804 et
2247 4747 2347 4802 ille
2390 4744 2711 4801 ambulare.
2738 4744 2874 4808 Quae
2914 4745 3003 4797 est
3039 4741 3153 4796 ista
3181 4741 3295 4810 via,
3328 4745 3462 4811 etc.,

102 4830 148 4884 δέ
167 4833 341 4894 dieerit
362 4857 478 4912 pes,
503 4843 644 4913 quia
672 4858 780 4897 non
810 4858 927 4897 sum
957 4858 1177 4909 manus,
1210 4858 1316 4898 non
1346 4858 1470 4896 sum
1497 4841 1562 4897 de
1588 4858 1708 4897 cor-
1816 4857 1988 4912 usque
2015 4839 2085 4894 ad
2141 4838 2363 4893 tribuat
2418 4838 2809 4907 peccatorum.
2844 4832 2974 4905 (Id.,
3005 4847 3166 4888 serm.
3215 4832 3280 4888 de
3330 4835 3462 4888 Ver.

100 4933 329 4990 Mentori
359 4930 482 4986 ideo
508 4947 627 4986 non
655 4940 734 4987 est
762 4931 828 4987 tle
857 4947 1077 5002 corpore
1101 4949 1120 4986 :
1140 4937 1192 4987 et
1216 4932 1267 4986 si
1294 4930 1503 4986 dixerit
1528 4933 1706 4986 auris.
1815 4928 2065 5002 apostol.)

102 5012 320 5077 quianon
346 5035 470 5075 sum
513 5021 729 5087 oculus,
763 5023 896 5090 etc.,
930 5037 1118 5092 usque
1152 5020 1224 5075 ad
1261 5037 1372 5076 non
1408 5022 1535 5076 estis
1565 5020 1711 5077 mihi
2433 5047 2664 5104 CAPUT
2703 5047 2844 5103 x111,

102 5108 367 5162 necessarii.
391 5108 565 5164 Oculi
600 5109 713 5165 mei
739 5108 1020 5174 infirmati
1043 5113 1185 5165 sunt
1209 5110 1281 5165 ab
1314 5108 1529 5181 inopia.
1553 5112 1708 5176 Quos
3072 5172 3075 5177 .

101 5188 260 5248 oculos
292 5196 437 5267 ejus,
481 5203 623 5267 etc.,
645 5215 814 5270 usque
856 5199 928 5254 ad
974 5197 1196 5254 lumine
1226 5215 1353 5254 suo.
1387 5199 1519 5267 (Id.,
1549 5207 1706 5255 tract.
1886 5198 1949 5253 Si
1968 5198 2173 5267 linguis
2193 5196 2476 5251 hominum
2497 5194 2690 5265 loquar
2708 5198 2760 5248 et
2781 5193 3121 5261 angelorum,
3140 5192 3462 5246 charitatem

100 5278 459 5354 M-lIXXVII,
494 5291 641 5342 tom.
676 5287 770 5358 IV,
802 5291 953 5360 part.
987 5303 1050 5354 ιι,
1085 5287 1193 5343 col.
1231 5288 1412 5356 1114.)
1818 5297 2001 5342 autem
2030 5302 2140 5341 non
2167 5286 2411 5352 habeam,
2445 5286 2623 5355 factus
2661 5298 2783 5338 sum
2820 5284 2968 5337 velut
3001 5297 3079 5338 ses
3116 5296 3333 5345 sonans,
3365 5284 3465 5332 aut

152 5366 278 5426 Sunt
305 5372 602 5441 homines,
628 5393 775 5448 quos
823 5375 1072 5432 delectat
1116 5375 1466 5431 miraculum
1500 5378 1705 5446 facere,
1817 5376 2127 5448 cymbalum
2157 5372 2678 5429 tinnicns.Videant
2707 5388 2741 5427 a
2761 5370 3042 5426 charitate
3071 5366 3336 5423 Ecclesia:
3367 5382 3459 5422 se-

103 5456 144 5505 el»
166 5456 225 5512 ab
251 5461 349 5529 eis,
380 5468 519 5534 etc.,
554 5481 725 5537 usque
749 5465 819 5521 ad
849 5465 927 5520 ibi
969 5465 1353 5537 magniﬁcuri.
1389 5466 1517 5538 (Id.,
1551 5473 1704 5535 tract.
1819 5465 2215 5537 parati,quam
2250 5462 2457 5529 multa,
2480 5467 2538 5516 et
2569 5477 2745 5531 quam
2776 5476 3008 5530 magna,
3034 5461 3167 5522 etc.,
3195 5471 3363 5526 usque
3391 5456 3461 5511 ad

100 5545 207 5609 βίαι.
233 5566 388 5619 cxxx,
418 5557 572 5610 tom.
608 5554 696 5622 IV,
729 5559 877 5628 part.
912 5572 974 5623 11,
1009 5554 1117 5610 col.
1153 5554 1334 5625 1706.)
1816 5572 1928 5610 non
1955 5552 2319 5626 possunt.(S.
2339 5552 2623 5623 Aug.,lib.
2647 5550 2711 5605 de
2732 5552 2909 5619 Bapt.,
2932 5550 2975 5600 t.
2997 5544 3087 5615 IX,
3106 5543 3214 5599 col.
3243 5545 3387 5618 116.)

152 5632 457 5710 Apostolus,
483 5658 626 5699 cum
664 5644 736 5700 de
778 5642 1142 5716 spiritalibus
1172 5643 1415 5700 diversis
1445 5644 1707 5699 muneri-
1886 5642 2125 5699 Dilectio
2158 5641 2324 5697 fortis
2358 5658 2470 5706 res,
2496 5640 2720 5694 fratres.
2741 5635 2980 5691 Dilectio
3001 5633 3168 5691 fortis
3187 5651 3300 5703 res,
3324 5638 3457 5701 etc.,
