3964 6168
382 356 385 359 ‘
428 340 553 414 ’843
1272 380 1275 383 -
1626 342 1859 426 FLQRI
1902 342 1947 408 ι]

2208 349 2219 408 l
2264 338 2644 409 MONAGHI.
3458 418 3465 419 ,
3672 348 3773 419 8“

432 492 605 559 usque
633 482 704 540 dd
732 483 925 556 impar
950 479 1225 538 charitas.
1249 481 1379 555 (ld.,
1413 487 1568 537 tract.
1597 481 1739 554 psat.
1762 497 1909 550 om,
1932 484 2074 537 tom.
2105 470 2161 550 Α
2188 481 2402 549 ritatis,
2474 485 2617 537 tom.
2687 480 2756 550 V,
2821 484 2979 566 part.
3041 498 3112 548 ιι,
3181 481 3285 539 col.
3356 474 3488 541 1334
3545 488 3597 542 et
3654 457 3777 563 seq.)

440 575 534 644 I'V,
566 577 717 648 part.
751 589 814 643 ιι,
847 572 955 628 col.
992 569 1139 643 l02.)
2269 569 2562 626 Charitatis
2588 585 2699 627 non
2744 573 3064 639 mutatur,
3093 588 3200 628 non
3231 574 3350 647 agit
3390 578 3666 646 perperam,
3690 592 3782 635 non

514 657 662 730 Quid
711 666 801 718 est
855 659 1031 718 vestis
1061 658 1383 732 nuptialis?
1411 660 1751 728 Quaeramus
1804 659 1968 715 illam
2026 659 2088 714 in
2198 660 2447 729 inﬂatur,
2479 676 2589 715 non
2626 669 2704 716 est
2752 662 3061 718 ambitiosa.
3099 660 3205 717 Ubi
3262 665 3350 718 est
3404 662 3620 732 invidia,
3648 681 3784 724 amor

446 750 660 809 litteris
690 750 928 819 sanctis,
952 754 1086 817 etc.,
1117 764 1288 822 usque
1316 749 1385 804 ad
1413 750 1469 805 et
1500 749 1735 821 pedum.
1765 749 1900 818 (Id.,
1925 764 2090 805 serm.
2200 748 2493 806 fraternus
2525 766 2653 806 esse
2683 767 2800 806 non
2850 755 3057 823 potest.
3092 751 3358 806 Intendat
3393 750 3644 819 cbaritas,
3673 756 3782 823 etc.,

446 842 511 899 de
539 840 816 899 Miracuto
843 856 921 895 vn
958 852 1190 912 panum,
1223 841 1366 895 tom.
1399 839 1468 907 V,
1502 840 1650 912 part.
1684 856 1724 905 ι,
1758 838 1869 894 col.
1901 838 2008 894 983
2037 842 2095 895 et
2200 852 2371 910 usque
2395 838 2466 894 ad
2496 828 2849 895 sacriﬁcium
2880 840 3009 911 ejus
3039 836 3167 913 (Id.,
3189 854 3347 896 serm.
3378 854 3430 896 v.
3461 842 3616 913 Epist.
3635 844 3783 910 toan,

449 928 599 1004 seq.)
2203 930 2344 983 tom.
2379 932 2477 995 III,
2513 931 2664 1000 part.
2698 946 2759 998 ιι,
2791 928 2898 984 col.
2931 930 3079 985 2016
3105 933 3162 985 et
3192 934 3339 1001 seq.)

520 1016 674 1077 Deus
705 1016 886 1092 igitur
903 1016 1157 1091 Spiritus
1179 1019 1439 1086 sanctus,
1463 1017 1561 1090 qui
1584 1017 1840 1089 procedit
1866 1030 1934 1074 ex
1956 1018 2094 1085 Deo,
2274 1016 2541 1074 Charitas
2581 1034 2695 1073 non
2737 1017 3066 1074 aemulatur.
3092 1019 3309 1085 Quaeris
3339 1018 3601 1074 causam?
3635 1022 3788 1076 atten.

450 1115 583 1177 etc.,
616 1106 875 1180 usquead
905 1120 1020 1163 non
1074 1107 1339 1179 perducit
1385 1108 1456 1162 ad
1503 1108 1708 1163 Deum.
1738 1107 1873 1180 (ld.,
1905 1108 2001 1163 tib.
2035 1096 2099 1163 de
2205 1106 2296 1173 de,
2327 1111 2459 1174 etc.,
2492 1123 2662 1179 usque
2706 1108 2775 1163 ad
2818 1124 2935 1163 non
2975 1108 3230 1163 inﬂatur.
3278 1107 3404 1180 (Id.,
3434 1124 3584 1163 serm.
3612 1108 3669 1164 de
3700 1110 3788 1165 Ver.

455 1200 737 1265 Trinitat.,
760 1215 853 1265 xv,
881 1201 1024 1253 tom.
1056 1196 1207 1263 Vill,
1242 1195 1350 1251 col.
1381 1196 1520 1251 1082
1550 1200 1605 1251 et
1635 1196 1784 1269 seq.)
2204 1196 2435 1265 Evang.,
2472 1198 2614 1252 tom.
2648 1195 2715 1263 V,
2751 1200 2899 1268 part.
2933 1212 2994 1262 ιι,
3029 1194 3139 1251 col.
3174 1195 3355 1267 1562.)

523 1291 588 1344 Et
615 1290 668 1343 si
694 1287 934 1342 habuero
958 1286 1321 1358 prophetiam,
1345 1293 1396 1341 et
1423 1287 1667 1341 noverim
1694 1288 1955 1358 mysteria
1984 1298 2099 1341 ωη-
2277 1280 2519 1339 Dilectio
2539 1275 2698 1340 enim
2725 1301 2840 1340 non
2868 1280 3128 1351 inflatur,
3143 1288 3200 1340 et
3220 1284 3371 1340 Deus
3400 1281 3619 1339 dilectio
3644 1288 3737 1349 est,
3754 1290 3799 1339 at

450 1380 567 1447 nia,
590 1385 642 1433 et
679 1390 892 1433 omnem
936 1376 1241 1431 scientiam.
1278 1374 1341 1429 In
1389 1374 1519 1440 hoc,
1550 1373 1746 1446 inquit.
1793 1375 2098 1445 Dominus,
2209 1372 2605 1445 ﬁdeles,)etc.,
2651 1388 2821 1445 usque
2876 1373 2948 1429 ad
2994 1377 3085 1429 est
3139 1371 3464 1429 dilectione.
3494 1372 3799 1445 (ld.,lib.ds

453 1469 807 1541 cognoscent
833 1480 1057 1530 omnes,
1082 1462 1219 1536 quia
1246 1462 1360 1519 mei
1388 1463 1662 1537 discipuli
1694 1463 1855 1533 estis,
1880 1464 1928 1520 si
1959 1465 2102 1521 dile—
2212 1462 2431 1529 mm,
2464 1465 2605 1517 tom.
2639 1462 2789 1525 VIII.
2825 1462 2933 1518 col.
2964 1463 3035 1518 95
3065 1467 3123 1519 et
3150 1465 3301 1535 seq.)

455 1555 705 1611 ctionem
735 1552 1059 1610 habueritis
1109 1553 1169 1608 in
1199 1552 1469 1609 invicem.
1505 1554 1813 1626 Tanquam
1866 1546 2103 1621 diceret,
2281 1551 2399 1607 Non
2428 1552 2632 1623 quaerit
2670 1564 2796 1624 quae
2822 1564 2923 1608 sua
2950 1557 3095 1619 sunt,
3127 1562 3239 1608 non
3269 1552 3535 1617 irritatur,
3564 1558 3663 1607 non
3685 1550 3802 1621 cogi-

455 1649 587 1713 etc.,
620 1659 791 1715 usque
821 1642 890 1697 ad
938 1641 997 1697 in
1050 1640 1296 1698 deliciis.
1347 1642 1477 1711 (Id.,
1526 1651 1685 1699 tract.
1734 1643 1939 1716 Evang.
1997 1658 2103 1699 sec.
2213 1645 2291 1697 tat
2318 1642 2547 1707 malum,
2584 1654 2696 1697 non
2747 1641 2946 1713 gaudet
2998 1650 3162 1713 super
3219 1632 3526 1714 iniquitate,
3554 1632 3806 1714 coagulum

456 1738 646 1798 Joan.,
675 1731 767 1800 65,
804 1735 947 1787 tom.
982 1730 1079 1799 III,
1112 1732 1262 1804 part.
1297 1747 1356 1798 ιι,
1389 1731 1498 1788 col.
1536 1732 1717 1800 1809.)
2216 1736 2401 1786 autem
2454 1728 2692 1787 veritati.
2729 1730 2935 1788 Omnia
2980 1728 3187 1804 suﬁert.
3222 1726 3417 1802 Neque
3461 1728 3606 1785 enim
3649 1733 3807 1785 essent

528 1821 673 1877 Ecce
704 1821 928 1893 accepit
966 1824 1401 1877 sacramentum
1442 1819 1763 1878 nativitatis
1801 1821 1975 1877 homo
2007 1821 2107 1876 ba-
2140 1844 2185 1893 τι
2216 1819 2394 1875 etiam
2416 1818 2687 1875 homines
2712 1825 3004 1876 amatores
3035 1820 3318 1892 pecunia,
3350 1821 3481 1889 etc.,
3510 1831 3663 1890 usque
3686 1808 3743 1872 ad
3765 1821 3808 1872 at

458 1909 730 1983 ptizatus,
754 1910 887 1977 etc.,
920 1920 1091 1982 usque
1120 1908 1191 1965 ad
1219 1909 1365 1965 nihil
1396 1927 1550 1967 sum.
1584 1910 1716 1980 (Id.,
1746 1916 1901 1967 tract.
1935 1912 2105 1983 Epist.
2140 1900 2187 1920 ³³
2220 1916 2336 1964 nOn
2363 1908 2620 1964 inﬂatur.
2644 1909 2776 1979 (Id.,
2802 1910 2898 1965 tib.
2922 1904 2988 1965 de
3009 1908 3194 1965 Gates.
3219 1908 3289 1965 ad
3314 1909 3560 1976 litteram,
3584 1900 3710 1962 tom.
3729 1907 3808 1971 ill,

456 2003 647 2070 10am,
678 2002 820 2055 tom.
853 2002 953 2067 III,
988 2005 1139 2072 part.
1171 2017 1231 2068 ιι,
1259 1998 1368 2055 col.
1402 1999 1589 2072 2015.)

1198 2017 1231 2068 ι,
1259 1998 1368 2055 col.
1402 1999 1589 2072 2015.)
2219 2001 2368 2070 part.
2404 2014 2441 2065 ι,
2475 1994 2586 2053 col.
2615 1999 2763 2070 437.)

528 2082 841 2162 Apostolus
890 2088 1031 2145 item
1082 2087 1259 2145 dicit:
1289 2090 1357 2144 Et
1385 2089 1435 2145 si
1466 2088 1653 2145 sciero
1684 2090 1884 2145 omnia
1913 2105 2112 2146 sacra-
2292 2088 2544 2144 Charitas
2571 2090 2759 2144 amata
2804 2087 2994 2157 credit,
3027 2088 3216 2145 emta
3255 2094 3454 2160 sperat,
3485 2087 3657 2143 omnia
3680 2085 3812 2140 tusu-

462 2183 678 2246 menta,
712 2180 845 2246 etc.,
879 2194 1046 2251 usque
1074 2176 1145 2234 ad
1186 2178 1493 2251 iniquitate
1543 2178 1811 2235 tenuerit.
1844 2180 1975 2248 (Id.,
2007 2179 2108 2235 lib.
2218 2184 2329 2233 net.
2354 2181 2515 2232 Inter
2541 2190 2641 2233 eos
2670 2172 2871 2249 utique
2902 2188 3053 2250 quos
3094 2186 3385 2234 connexos
3416 2173 3642 2232 sibimet
3665 2182 3812 2229 unum

460 2266 526 2324 de
553 2270 715 2324 unico
746 2267 927 2340 Bapt.,
960 2271 1101 2324 tom.
1133 2266 1226 2338 IX,
1256 2266 1363 2324 col.
1389 2268 1485 2323 601
1503 2270 1544 2337 .)
2220 2256 2377 2334 facit,
2393 2274 2508 2321 non
2531 2266 2686 2322 enim
2704 2265 3025 2337 quodlibet,
3039 2266 3442 2339 etc.,usquead
3458 2262 3708 2320 omnibus
3724 2272 3816 2317 ere-

534 2357 675 2412 Etsi
702 2355 942 2413 habuero
970 2373 1183 2413 omnem
1224 2355 1403 2427 ﬁdem,
1428 2359 1508 2413 ita
1546 2362 1606 2415 ut
1640 2365 1844 2415 montes
1874 2360 2111 2430 transfe-
2220 2354 2323 2410 dit.
2341 2354 2475 2427 (Id.,
2510 2355 2606 2411 tib.
2638 2354 2704 2411 de
2729 2356 2880 2428 Spir.
2905 2362 2959 2412 et
2984 2356 3091 2423 ιιι,
3124 2360 3166 2411 t.
3191 2356 3260 2424 X,
3286 2358 3433 2428 part.
3458 2371 3497 2422 ι,
3519 2345 3749 2421 001.236,
3771 2353 3814 2405 et

463 2462 606 2513 ram,
634 2446 959 2502 charitatem
982 2454 1166 2502 autem
1192 2461 1304 2502 non
1329 2446 1589 2511 habuero,
1620 2447 1766 2503 nihil
1794 2456 1936 2503 sum.
1969 2448 2108 2520 Ego,
2221 2444 2390 2499 Bern.
2414 2458 2577 2500 serm.
2601 2444 2665 2500 de
2686 2448 2819 2517 sept.
2840 2444 2988 2517 Spir.
3014 2440 3190 2517 incip.
3223 2462 3237 2501 :
3270 2436 3536 2514 Magister
3559 2442 3785 2515 gentium

463 2533 660 2608 inquit
677 2533 1019 2604 Ecclesia,si
1041 2550 1257 2608 sponsa
1275 2551 1431 2601 sum,
1450 2536 1498 2591 si
1517 2535 1722 2592 arrhas
1744 2536 2108 2609 accepi,etc.,
2292 2528 2546 2592 Charitas
2574 2543 2858 2605 nunquam
2885 2529 3107 2589 excidit.
3140 2533 3271 2589 Sive
3303 2532 3598 2605 prophetia
3627 2536 3812 2586 evacu-

464 2634 634 2698 usque
653 2622 722 2680 ad
743 2620 813 2680 de
836 2639 1093 2696 corpore.
1116 2622 1250 2695 (Id.,
1275 2625 1664 2697 tractQEvang.
1688 2640 1793 2681 sec.
1815 2627 1996 2693 Joan.,
2018 2627 2109 2696 33,
2222 2622 2445 2687 buntur.
2476 2624 2589 2678 sive
2627 2624 2840 2693 linguae
2877 2622 3182 2691 cessabunt,
3216 2623 3330 2679 sive
3371 2621 3593 2678 scientia
3617 2618 3813 2674 dum

467 2715 607 2769 tom.
640 2706 735 2781 IV,
769 2717 918 2786 part.
952 2729 1013 2779 ιι,
1046 2706 1155 2769 col.
1191 2710 1329 2768 1500
1356 2714 1413 2770 et
1442 2706 1591 2786 seq.)
2220 2717 2331 2766 tur.
2364 2711 2518 2767 Deus
2546 2711 2779 2768 dilectio
2807 2715 2915 2781 est,
2936 2708 2995 2768 et
3017 2711 3117 2784 qui
3138 2716 3358 2780 manet,
3383 2709 3608 2784 (inquit)
3625 2708 3677 2763 in
3695 2702 3813 2761 dile-

537 2803 603 2858 Et
628 2803 683 2858 si
702 2794 1030 2858 distribuere
1058 2802 1121 2857 in
1148 2801 1296 2859 cibos
1329 2817 1637 2875 pauperum
1664 2812 1847 2859 omnes
1872 2802 2111 2879 facultw-
2220 2800 2431 2879 ctione,
2464 2796 2523 2856 in
2554 2801 2671 2858 Deo
2701 2805 2920 2869 manet,
2951 2805 3086 2866 etc.,
3119 2810 3293 2873 usque
3310 2800 3381 2856 ad
3401 2794 3647 2857 continet
3670 2795 3811 2852 Deus.

466 2898 540 2948 tes
566 2906 736 2954 meas,
766 2897 817 2947 et
852 2892 904 2947 si
940 2888 1213 2948 tradidero
1241 2904 1455 2964 corpus,
1479 2894 1611 2957 etc.,
1647 2907 1834 2965 usque
1864 2878 1935 2949 ad
1965 2894 2113 2948 nihil
2222 2878 2352 2959 (Id.,
2400 2896 2558 2946 tract.
2604 2888 2641 2944 9
2685 2891 2857 2962 Epist.
2912 2892 3096 2957 loan.,
3140 2893 3287 2946 tom.
3340 2884 3434 2959 ΙΙΙ,
3480 2891 3619 2961 part.
3650 2896 3701 2952 ιι,
3727 2879 3812 2938 col.

462 2980 608 3037 mihi
628 2980 864 3053 prodest.
892 2978 1038 3047 Quid
1071 2994 1207 3054 ergo
1236 2996 1339 3037 vos
1366 2984 1651 3055 tanquam
1682 2981 1754 3038 de
1783 2976 2115 3037 Christiana
2218 2980 2411 3049 2045.)

464 3066 825 3143 paupertate,
859 3075 991 3138 etc.,
1025 3086 1197 3143 usque
1224 3070 1296 3127 ad
1317 3088 1431 3126 non
1458 3071 1610 3127 ficta.
1635 3071 1770 3140 (Id.,
1798 3072 1895 3128 tib.
1923 3076 2114 3128 contra
2293 3071 2375 3125 Ea:
2400 3075 2555 3141 parte
2583 3070 2733 3126 enim
2762 3070 3156 3139 cbgnoscimns,
3187 3079 3242 3125 et
3270 3080 3341 3125 ea:
3385 3075 3536 3141 parte
3574 3060 3817 3138 ρνορλθιι

463 3163 672 3227 Faust.,
704 3163 847 3215 tom.
869 3158 1021 3225 VIII,
1045 3160 1154 3234 col.
1183 3157 1334 3232 223.)
2155 3226 2184 3234 _
2218 3172 2358 3214 mus.
2392 3158 2528 3214 Cum
2553 3167 2735 3214 autem
2768 3160 2975 3215 venerit
3010 3158 3151 3231 quod
3185 3159 3492 3234 perfectum
3519 3162 3609 3222 est,
3632 3160 3817 3209 evacua-

536 3226 663 3303 Non
694 3247 1013 3320 diligamus
1031 3230 1206 3304 verbo
1237 3226 1469 3304 tantum
1490 3252 1548 3304 et
1569 3247 1793 3321 lingua,
1817 3246 1919 3306 sed
1942 3262 2114 3322 opere
2144 3226 2187 3295 (ἶ
2226 3250 2377 3303 bitur
2405 3248 2545 3320 quod
2573 3265 2643 3305 ex
2680 3256 2838 3321 parte
2865 3256 2963 3304 est.
2995 3226 3060 3303 In
3108 3226 3209 3304 illo
3248 3226 3493 3320 carpere
3518 3240 3737 3318 spiritali
3762 3236 3822 3292 vi-

468 3341 525 3393 et
550 3336 813 3391 veritate.
837 3335 1165 3400 Quaerimus
1210 3335 1272 3391 in
1310 3348 1446 3409 quo,
1480 3341 1612 3402 etc.,
1642 3348 1813 3410 usque
1857 3338 1929 3394 ad
1976 3352 2114 3395 con-
2221 3336 2445 3393 debunt
2473 3338 2661 3393 sancti
2693 3337 2892 3393 omnia
2921 3352 3037 3392 non
3070 3335 3267 3393 solum
3300 3338 3349 3393 si
3380 3334 3594 3399 oculos,
3622 3336 3824 3410 σκηνᾷ·

468 3424 715 3482 scientia
759 3424 1014 3498 propria.
1049 3424 1181 3497 (Id.,
1214 3432 1370 3482 tract.
1420 3428 1578 3499 epist.
1627 3408 1808 3494 Joan.,
1838 3430 1982 3485 tom.
2009 3426 2111 3497 ΙΙΙ,
2221 3440 2323 3499 que
2354 3427 2424 3482 ad
2454 3443 2569 3483 non
2601 3431 2741 3483 erat.
2767 3422 2898 3496 (Id.,
2921 3426 3017 3482 lib.
3041 3436 3158 3481 xm
3187 3425 3257 3482 de
3284 3429 3405 3485 Civ.
3430 3426 3548 3496 Dei,
3577 3408 3821 3482 tom.Vli.

463 3518 613 3587 part.
648 3532 710 3583 ιι,
736 3514 844 3570 col.
874 3512 1062 3587 2020.)
1154 3502 1164 3511 ’
2222 3516 2332 3573 col.
2364 3515 2516 3585 797.)

452 3616 461 3621 '
535 3603 726 3660 Pascit
747 3601 1168 3673 misericordia,
1184 3605 1372 3677 pascit
1391 3606 1449 3662 et
1466 3602 1760 3678 superbia.
1785 3605 2110 3679 Hospitem,
2290 3604 2605 3677 Apostolus
2648 3604 2792 3660 dicit
2824 3621 2837 3660 :
2870 3604 2951 3660 Ex
2989 3607 3154 3677 parte
3182 3604 3433 3673 scimus,
3466 3607 3526 3659 et
3567 3611 3631 3657 ex
3674 3594 3823 3669 pum,

456 3690 597 3759 etc.,
629 3705 799 3765 usque
828 3691 898 3748 ad
940 3688 1249 3765 procedere
1278 3695 1489 3766 potest.
1524 3691 1655 3767 (Id.,
1687 3704 1844 3752 tract.
1874 3696 1909 3751 8
1937 3695 2109 3768 Epist.
2220 3688 2356 3761 etc.,
2385 3706 2557 3767 usque
2583 3693 2654 3750 ad
2690 3693 2875 3750 Deum
2913 3692 3213 3750 videbunt.
3241 3694 3376 3766 (Id.,
3405 3704 3563 3750 sena.
3593 3687 3652 3744 de
3676 3681 3822 3742 Μεῖν-

457 3782 641 3846 Joan.,
671 3784 817 3837 tom.
848 3778 950 3848 III,
984 3784 1134 3853 part.
1169 3794 1231 3849 ιι,
1259 3776 1371 3838 col.
1402 3778 1589 3855 2041.)
2218 3784 2377 3840 Joan.
2405 3784 2687 3855 Baptistae,
2716 3785 2861 3839 tam.
2894 3782 2961 3852 V,
2994 3786 3143 3855 part.
3175 3794 3217 3851 ι,
3251 3774 3365 3840 col.
3398 3776 3583 3852 1307.)

536 3869 666 3942 Ipse
715 3868 875 3924 novit
915 3868 1143 3925 occulta
1187 3867 1398 3927 cordis.
1433 3869 1580 3935 Quid
1628 3874 1718 3927 est
1765 3872 1943 3941 novit,
1977 3876 2109 3942 etc.,
2293 3872 2428 3927 Cum
2455 3884 2623 3928 essem
2664 3873 2931 3945 parvutus
2986 3872 3249 3944 loquebar
3304 3879 3369 3928 ut
3418 3868 3691 3944 parvulus,
3718 3858 3824 3922 σίου.

463 3972 632 4030 usque
672 3957 743 4013 ad
797 3956 1026 4013 occulta
1083 3959 1295 4015 cordis.
1343 3960 1476 4029 (Id.,
1537 3966 1694 4017 tract.
1750 3962 1892 4033 psa-t.
1951 3974 2109 4032 Xun,
2222 3972 2408 4032 usque
2430 3961 2501 4015 ad
2521 3968 2825 4032 quaerant
2847 3961 3091 4033 parvuli.
3118 3959 3439 4032 Apostolus
3459 3959 3531 4015 ad
3552 3955 3647 4012 illa
3671 3948 3827 4033 insi}

463 4050 608 4103 tom.
641 4046 736 4114 IV,
770 4050 919 4119 part.
954 4063 994 4113 ι,
1027 4046 1134 4103 col.
1172 4049 1277 4103 490
1304 4053 1361 4104 et
1394 4050 1542 4121 seq.)
1750 4032 1765 4033 ί
2220 4048 2380 4115 bilia,
2407 4048 2812 4121 qualecunque
2843 4032 3129 4105 adhibens
3150 4049 3223 4104 de
3250 4050 3428 4116 notis,
3455 4052 3584 4112 etc.,
3604 4050 3753 4114 usque

535 4132 751 4191 Galaad
774 4118 959 4191 habet
987 4118 1495 4209 interpretationis
1516 4118 1656 4206 suas,
1683 4140 1819 4206 etc.,
1842 4153 2016 4213 usque
2042 4140 2112 4196 ad
2222 4118 2492 4211 cognitus
2516 4154 2669 4193 sum.
2697 4118 2829 4207 (Id.,
2854 4136 2953 4193 tib.
2984 4138 3050 4193 de
3076 4138 3224 4210 Spir.
3253 4146 3310 4195 et
3338 4138 3532 4203 latet,
3561 4134 3643 4191 vel
3669 4142 3730 4188 ex
3753 4118 3825 4182 ιέδ-

468 4225 614 4281 mihi
645 4224 900 4297 prodest.
927 4220 1058 4295 (Id.,
1095 4234 1251 4281 tract.
1282 4226 1422 4299 psat.
1460 4243 1567 4294 1.1x,
1600 4232 1741 4283 tom.
1769 4226 1862 4294 IV,
1896 4233 2045 4302 part.
2070 4247 2110 4297 I,
2222 4244 2261 4283 ιι
2290 4227 2355 4282 de
2388 4226 2618 4298 Baptis.,
2651 4231 2792 4282 tom.
2823 4230 2894 4295 Χ,
2929 4229 3080 4299 part.
3115 4244 3154 4293 ι,
3187 4225 3300 4282 eoi.
3333 4220 3489 4297 223.)

466 4313 575 4371 col.
606 4310 759 4383 719.)
2295 4313 2600 4371 Mirificata
2629 4318 2717 4370 est
2746 4314 2992 4370 scientia
3015 4318 3118 4370 tua
3144 4330 3215 4370 ex
3246 4325 3365 4370 me.
3390 4309 3654 4376 lnv’aluit,
3674 4309 3830 4362 etnon

429 4444 435 4455 .
539 4403 690 4458 Sunt
718 4394 955 4474 quidam
987 4403 1086 4475 qui
1120 4402 1349 4459 facilius
1371 4403 1569 4460 omnia
1595 4421 1704 4461 sua
1733 4406 2111 4479 pauperibus,
2224 4407 2420 4476 potero
2443 4403 2514 4458 ad
2536 4402 2718 4458 illam.
2740 4403 2821 4458 Ex
2850 4416 2944 4458 me
2969 4401 3187 4475 quippe
3217 4400 3491 4474 intelligo
3521 4408 3707 4471 quam,
3726 4393 3831 4452 ειοο,

463 4495 599 4561 etc.,
621 4502 792 4563 usque
820 4490 892 4547 ad
922 4495 1061 4547 sont
1090 4490 1278 4548 nobis.
1304 4492 1385 4565 (S.
1408 4494 1580 4567 Aug,
1604 4502 1759 4551 tract.
1788 4496 1930 4567 psnt.
1966 4512 2110 4551 uxr.
2222 4502 2389 4563 usque
2419 4490 2489 4547 ad
2519 4489 2769 4548 facilitas
2798 4484 3060 4547 visionis.
3082 4491 3217 4561 (Id.,
3250 4491 3354 4547 lib.
3379 4490 3448 4547 de
3484 4488 3737 4545 Trium“
3759 4488 3830 4540 κν,

464 4585 608 4666 tom.
643 4576 735 4647 IV,
769 4583 918 4652 part.
957 4597 993 4637 ι.
1026 4579 1135 4637 col.
1168 4580 1275 4636 902
1306 4585 1364 4637 et
1391 4583 1537 4655 seq.)
2144 4590 2192 4665 Β
2223 4584 2367 4636 tom.
2390 4576 2544 4647 Vill,
2578 4579 2861 4639 001.1067
2888 4584 2947 4636 et
2974 4580 3123 4652 seq.)
3790 4654 3800 4666 .

538 4664 743 4723 Omnis
764 4666 1290 4727 consummationis
1318 4668 1436 4726 vidi
1466 4670 1666 4740 tinem,
1689 4676 1824 4741 etc.,
1847 4688 2020 4745 usque
2047 4673 2117 4729 ad
2294 4668 2433 4725 Dico
2480 4670 2638 4725 enim
2682 4669 2848 4726 vobis
2886 4670 3042 4741 quod
3074 4667 3269 4742 angeli
3299 4676 3507 4725 eorum
3547 4671 3760 4735 semper
3787 4664 3834 4709 in

464 4754 713 4828 vestigia
741 4766 892 4812 mea.
914 4757 1045 4824 (Id.,
1076 4766 1233 4816 tract.
1281 4760 1426 4832 psal.
1449 4772 1643 4827 cxvm,
1675 4764 1818 4817 tom.
1843 4744 1939 4829 IV,
1962 4764 2112 4835 part.
2223 4756 2385 4814 omlis
2405 4758 2619 4827 vident,
2643 4762 2779 4826 etc.,
2802 4766 2973 4831 usque
2994 4757 3064 4814 ad
3085 4756 3319 4814 Domini
3352 4756 3588 4829 spiritu.
3617 4751 3738 4826 (Id.,
3758 4744 3835 4800 lib-

467 4861 528 4910 ιι,
562 4838 671 4900 cOl.
708 4842 840 4900 1561
874 4850 931 4901 et
961 4851 1111 4919 seq.)
2222 4854 2339 4903 kxn
2368 4846 2434 4903 de
2462 4850 2578 4904 Civ.
2615 4850 2740 4914 Dei,
2770 4851 2913 4904 tom.
2944 4846 3070 4918 νιι,
3102 4846 3211 4903 col.
3243 4841 3355 4902 ’ΝΤ
3382 4851 3444 4903 et
3473 4844 3618 4917 seq.)

542 4932 745 4988 Pastor
774 4950 909 5007 ergo
942 4934 1129 4991 bonus
1152 4936 1439 4995 Christus.
1473 4938 1620 5004 Quid
1647 4934 2118 4996 Petrus?Nonne
2293 4928 2550 4992 Veritato
2594 4936 2793 5008 itaque
2840 4936 3231 5009 permittatur,
3263 4945 3404 4991 cum
3448 4928 3755 4990 viderimus
3774 4922 3841 4978 ἢ·

470 5025 690 5093 pastor,
715 5025 850 5090 etc.,
876 5038 1045 5095 usque
1073 5025 1143 5081 ad
1174 5026 1385 5084 inferre
1410 5028 1687 5084 debuisti.
1713 5028 1845 5101 (Id.,
1868 5035 2029 5085 tract.

2280 5036 2331 5091 e,
2378 5028 2511 5093 etc.,
2555 5034 2726 5096 usque
2779 5025 2850 5081 ad
2902 5034 3163 5097 sequere.
3196 5025 3277 5095 (S.
3309 5026 3489 5096 Auga,
3520 5034 3592 5079 ea

477 5112 628 5169 Verb.
662 5113 864 5179 Evam,
890 5115 1031 5168 tom.
1060 5113 1125 5169 V.
1161 5119 1311 5187 part.
1344 5134 1384 5184 ι,
1409 5116 1517 5172 col.
1548 5118 1657 5173 763
1688 5099 1744 5173 et
1773 5117 1921 5190 seq.)
2226 5116 2430 5185 Evang.
2461 5126 2565 5170 sec.
2596 5116 2776 5181 leam,
2799 5115 2889 5181 34,
2922 5118 3065 5170 tom.
3091 5108 3185 5182 lli,
3206 5117 3359 5186 part.
3394 5123 3455 5169 ιι.
3478 5106 3589 5168 col.
3621 5099 3786 5181 1656-)

539 5196 747 5256 Audivi
779 5200 935 5273 quod
975 5186 1189 5259 dixeris
1233 5204 1561 5277 apostolum
1596 5186 2115 5280 Paulum—signiti-
2297 5202 2642 5276 Unigenitus
2666 5202 2848 5260 Filius
2876 5202 3149 5275 idemque
3170 5200 3463 5259 mediator
3485 5194 3586 5257 Del
3608 5201 3667 5255 et
3690 5186 3843 5280 bonit-

472 5306 659 5355 casse,
681 5292 814 5361 etc.,
836 5306 1007 5364 usque
1035 5293 1106 5348 ad
1134 5275 1287 5349 mihi
1313 5293 1569 5363 prodest.
1593 5295 1726 5363 (Id.,
1749 5296 1905 5367 epist.
1930 5275 2000 5351 ad
2018 5297 2119 5352 Βο-
2228 5309 2391 5360 ιιυιιι,
2421 5275 2558 5361 etc.,
2579 5308 2747 5365 usque
2775 5292 2845 5348 ad
2874 5291 3047 5348 sicuti
3090 5295 3200 5349 est.
3221 5291 3358 5363 (Id.,
3390 5292 3549 5363 epist.
3582 5286 3653 5343 ad
3678 5275 3842 5340 Pa!“-

472 5388 661 5435 natum
688 5378 951 5452 presbyt.,
984 5385 1126 5438 tom.
1163 5382 1232 5449 ll,
1265 5381 1354 5437 col
1382 5383 1453 5437 55
1484 5385 1540 5438 et
1569 5383 1718 5454 seq.)
2226 5394 2380 5448 nam,
2411 5384 2553 5435 tom.
2588 5381 2655 5439 ΙΙ.
2690 5379 2797 5437 col.
2831 5378 2984 5449 620.)

545 5470 794 5525 Charitas
844 5472 1060 5542 patiens
1116 5478 1212 5537 est,
1260 5469 1495 5541 benigna
1523 5479 1619 5528 est.
1648 5472 1797 5538 Quid
1855 5490 1991 5547 ergo
2046 5474 2119 5530 dc
2296 5471 2364 5525 Et
2395 5469 2441 5525 si
2466 5468 2716 5525 exterior
2736 5469 2911 5525 homo
2954 5474 3155 5525 noster
3189 5456 3843 5547 corrumpitur,interi0!'

474 5556 753 5614 cburitate
783 5559 976 5631 majus
1025 5563 1128 5614 aut
1160 5559 1399 5615 uberius
1452 5576 1693 5633 possum
1743 5545 1953 5631 dicere,
1982 5567 2115 5631 etc.,
2228 5562 2424 5614 tamen
2455 5560 2767 5613 renovatur
2787 5558 2859 5613 de
2881 5558 2977 5613 die
3005 5558 3062 5613 in
3093 5558 3271 5625 diem,
3293 5554 3376 5612 ita
3404 5554 3551 5611 sane
3582 5557 3646 5609 ut
3672 5551 3730 5605 in
3756 5545 3843 5600 Im

454 5658 639 5716 :usque
662 5646 732 5701 ad
778 5654 1085 5719 nunquam
1124 5645 1296 5703 cadit.
1328 5646 1457 5722 (Id.,
1487 5664 1647 5706 serm.
1680 5649 1745 5706 de
1774 5650 1956 5707 Laude
1983 5652 2117 5707 cha-
2225 5650 2365 5716 vita,
2396 5651 2529 5717 etc.,
2561 5656 2734 5719 usque
2776 5646 2848 5703 ad
2886 5638 3143 5719 positum
3172 5650 3290 5716 est;
3320 5643 3474 5701 facie
3520 5643 3595 5699 ad
3643 5636 3842 5696 Mica).
