3964 6168
273 328 391 393 345

1076 329 1495 395 EXPOSITIO
1538 331 1618 393 IN
1662 330 1835 392 EPP.
1886 330 2246 395 PAULL—
2277 330 2395 392 ΕΡ.
2444 329 2494 392 I.
2545 332 2648 392 AD
2692 328 2863 392 COB.

3567 317 3692 389 346

228 524 233 529 ,
272 438 405 530 (Id.,
437 464 600 536 epist.
631 461 702 519 ad
748 462 1017 533 Italicam,
1065 466 1208 519 tom.
1241 462 1316 531 II,
1366 461 1475 520 col.
1525 462 1631 520 319
1679 466 1735 520 et
1779 464 1927 537 seq.)
1955 464 2012 532 Α
2107 462 2421 536 Apostolus
2445 462 2606 519 dicit.
2638 460 2827 519 Nolite
2856 458 3022 534 pueri
3066 456 3219 517 efﬁci
3262 454 3580 515 mentibus.
3612 457 3686 515 Et

342 553 665 610 Perfectam
699 552 1092 627 cognitionem
1124 552 1226 609 Dei
1255 553 1388 623 (hoc
1419 556 1528 624 est,
1551 570 1670 626 qua
1699 552 1925 609 homini
2035 555 2137 627 qui
2172 554 2470 621 Dominus,
2500 569 2669 625 usque
2695 552 2766 607 ad
2795 552 2895 607 sed
2929 547 3280 606 innocentia.
3316 548 3680 620 (Idem,tract.

274 643 461 715 major
488 659 619 699 esse
651 659 767 697 non
796 642 1004 714 possit)
1035 642 1097 697 in
1129 642 1325 698 futura
1343 641 1461 698 vita
1482 646 1678 715 sperat
1701 646 1928 714 aposto-

271 731 384 801 lus,
418 748 548 804 quae
577 730 704 787 sola
732 732 902 788 beata
928 731 1049 787 vita
1072 730 1318 787 dicenda
1350 737 1457 802 est,
1493 730 1592 788 ubi
1623 735 1680 788 et
1711 749 1924 804 corpus

2029 644 2173 718 psal.
2208 660 2356 713 XLIV,
2388 648 2530 699 tom.
2564 641 2657 710 IV,
2692 645 2841 714 part.
2876 657 2916 708 I,
2948 639 3058 695 col.
3092 639 3197 694 493
3227 642 3283 693 et
3313 639 3465 711 seq.)

2105 733 2454 804 Pr0ponitur
2481 731 2636 787 enim
2669 729 2921 804 pueritia
2950 732 3186 801 propter
3215 727 3684 794 imitandam,us~

272 820 717 894 incorruptibile
755 824 932 895 atque
977 819 1309 877 immortale
1353 820 1587 894 spiritui
1637 838 1765 891 suo,
1800 820 1925 877 sine
2034 838 2135 894 que
2163 822 2233 877 ad
2278 820 2517 894 perfecti
2567 820 2715 877 sitis.
2751 819 2956 893 (Idem,
2991 825 3146 875 tract.
3175 817 3323 891 psal.
3354 833 3502 885 XLVI,
3538 821 3679 872 tom.

273 910 391 977 ulla
420 910 728 978 modestia,
761 910 852 966 vel
883 910 1258 967 reluctatione
1285 910 1587 967 subdetur.
1621 911 1746 967 Non
1787 911 1926 982 quia
2033 909 2124 979 IV,
2159 915 2307 983 part.
2341 928 2380 974 ι,
2413 909 2523 966 col.
2554 912 2661 965 525
2688 914 2747 965 ot
2779 908 2926 981 seq.)

273 999 331 1055 in
361 999 470 1055 hac
501 999 641 1067 vita,
670 1003 803 1066 etc.,
837 1016 1006 1072 usque
1034 994 1104 1055 ad
1128 998 1402 1073 cupimus
1440 998 1754 1072 pervenire.
1791 999 1918 1073 (Id.,

272 1089 367 1144 lib.
399 1090 574 1156 Retr.,
608 1092 751 1143 tom.
786 1093 829 1156 1,
860 1088 969 1145 col.
1002 1088 1176 1161 606.).

336 1178 501 1246 Quod
533 1176 818 1234 Dominus
848 1182 1045 1234 noster
1072 1176 1247 1234 Jesus
1271 1174 1539 1234 Christus
1566 1194 1795 1234 sorores
1821 1178 1922 1233 La-

269 1267 381 1323 uri
414 1267 759 1340 interrogat,
792 1271 926 1331 etc.,
957 1284 1127 1339 usque
1155 1267 1224 1323 ad
1265 1267 1408 1322 dicit
1427 1266 1758 1341 Apostolus.
1789 1268 1917 1341 (Id.,

270 1356 363 1412 lib.
396 1372 611 1411 LXXXIII
645 1360 879 1429 ραέεδιη
912 1359 1054 1412 tom.
1086 1356 1183 1424 VI,
1215 1354 1327 1412 col.
1358 1356 1473 1430 59.)

332 1444 491 1500 Nunc
518 1452 706 1501 autem
732 1453 957 1501 manent
983 1445 1138 1517 ﬁdes,
1166 1462 1308 1518 spes,
1338 1446 1597 1512 charitas,
1629 1447 1741 1503 tria
1779 1447 1915 1515 haec,

269 1534 444 1606 major
472 1542 659 1590 autem
686 1534 773 1590 his
800 1543 877 1590 est
906 1536 1169 1591 charitas.
1200 1534 1336 1591 Tria
1366 1533 1487 1591 haec
1522 1540 1662 1590 sunt
1702 1536 1919 1608 quibus

269 1626 321 1679 et
348 1622 601 1679 scientia
630 1623 841 1690 omnis,
864 1627 1171 1696 etc.,usque
1191 1624 1259 1679 ad
1289 1623 1498 1680 certior
1529 1624 1915 1697 permanebit.

268 1713 397 1783 (Id.,
428 1712 531 1768 lib.
562 1712 629 1769 de
658 1712 1224 1784 Doct.6hr.,tom.lll,
1238 1712 1654 1785 part.I,col.35
1685 1717 1741 1769 et
1771 1712 1915 1786 seq.)

334 1803 477 1857 Cum
502 1802 709 1906 justus
738 1818 808 1906 ei:
836 1802 949 1858 fide
980 1802 1152 1869 vivat,
1186 1798 1434 1874 tinisque
1464 1802 1756 1876 praecepti,
1781 1807 1915 1874 etc.,
1948 1839 1995 1906 Β

268 1906 433 1961 usque
459 1889 534 1945 ad
560 1889 621 1945 in
648 1889 1075 1964 vaniloquium.
1112 1891 1366 1965 (Id.,.lib.
1398 1898 1569 1949 contr.
1605 1892 1788 1948 Faust.
1821 1910 1914 1961 xx,

266 1982 403 2035 tom.
437 1978 595 2051 VIII,
628 1978 736 2037 col.
765 1980 871 2036 386
902 1984 959 2035 et
988 1978 1136 2053 seq.)

330 2068 433 2124 Pia
462 2068 614 2125 ﬁdes
646 2068 771 2126 sine
800 2086 903 2142 spe
934 2074 992 2125 et
1020 2066 1147 2125 sine
1179 2069 1483 2136 charitate,
1503 2075 1818 2143 etc.,usque
1846 2070 1918 2126 ad

270 2157 687 2230 conspicimus.
721 2158 853 2230 (Id.,
902 2160 1003 2215 lib.
1055 2160 1124 2215 ad
1177 2156 1529 2216 Consentium
1576 2158 1639 2217 de
1692 2161 1913 2230 Trinit.,

270 2249 406 2302 tom.
442 2246 544 2314 III,
571 2246 680 2302 col.
714 2247 864 2319 456.)

336 2335 481 2391 Cum
511 2336 737 2392 venerit
767 2337 922 2410 quod
954 2338 1275 2410 perfectum
1325 2341 1432 2404 est,
1467 2337 1621 2410 quod
1655 2355 1723 2392 ex
1755 2341 1916 2412 parte

274 2428 373 2492 est,
406 2428 542 2493 etc.,
575 2441 746 2497 usque
772 2426 843 2482 ad
873 2426 1253 2500 concupiscit.
1291 2424 1424 2497 (Id.,
1459 2427 1555 2482 lib.
1588 2427 1653 2483 de
1698 2428 1916 2500 Perfec-

275 2515 413 2570 tione
429 2514 674 2586 justitia:
700 2515 957 2584 hominis,
990 2519 1131 2571 tom.
1165 2516 1235 2585 II,
1270 2515 1378 2572 col.
1411 2517 1518 2572 300
1547 2520 1604 2572 et
1633 2519 1783 2588 seq.)

342 2602 579 2661 Nullum
607 2602 767 2659 aliud
809 2604 1104 2661 canticum
1153 2604 1323 2661 docet
1353 2622 1460 2661 nos
1490 2604 1665 2671 Deus,
1699 2605 1812 2662 nisi
1845 2605 1913 2661 Il-

270 2690 381 2760 dei,
406 2695 544 2761 etc.,
577 2709 747 2765 usque
773 2693 843 2748 ad
867 2709 1002 2749 cum
1048 2692 1381 2750 viderimus.
1416 2693 1548 2765 (Id.,
1581 2701 1738 2751 tract.
1767 2696 1911 2768 psal.

272 2796 414 2848 xcxI,
444 2785 588 2836 tom.
620 2780 717 2849 IV,
750 2786 901 2854 part.
935 2800 1016 2849 III,
1048 2779 1157 2839 col.
1200 2783 1325 2839 1171
1361 2786 1418 2838 et
1447 2782 1592 2856 seq.)

336 2868 542 2941 Incipit
570 2867 746 2926 homo
772 2888 807 2926 a
831 2872 1110 2943 fide,quid
1145 2872 1398 2944 pertinet
1426 2873 1499 2928 ad
1531 2871 1914 2945 ﬁdem,usque

268 2956 333 3012 ad
377 2956 591 3013 horum
648 2962 740 3014 est
785 2959 1061 3017 charitas.
1096 2960 1227 3034 (Id.,
1259 2977 1423 3017 serm.
1452 2960 1517 3017 de
1558 2976 1669 3017 ver.
1702 2961 1907 3033 Evang.

262 3050 402 3102 tom.
428 3043 497 3115 V,
529 3051 681 3121 part.
714 3065 753 3117 1,
787 3047 895 3105 col.
927 3049 1078 3122 865.)

325 3130 651 3193 Dilectione
680 3136 1022 3194 instandum
1046 3142 1132 3196 est
1154 3137 1226 3195 ad
1248 3134 1480 3210 illud,et
1500 3136 1907 3195 inhaerendum

2103 1000 2298 1057 Nostis
2329 1000 2539 1055 fratres
2571 1003 2627 1054 et
2651 997 2976 1071 saepissime
2996 995 3248 1052 audistis
3270 995 3328 1050 in
3350 994 3679 1068 Evangelio,

2030 1105 2201 1162 usque
2241 1089 2312 1145 ad
2360 1088 2525 1161 pueri
2576 1088 2911 1152 Dominum,
2946 1086 3152 1158 (Idem,
3183 1092 3340 1141 tract.
3370 1085 3513 1157 psal.
3548 1100 3678 1152 exn,

2029 1184 2172 1235 tom.
2208 1178 2304 1244 IV,
2337 1182 2485 1252 part.
2522 1195 2580 1246 II,
2612 1176 2720 1233 col.
2764 1175 2945 1249 1471.)

2102 1269 2164 1325 1η
2196 1271 2316 1342 lege
2344 1270 2489 1324 enim
2518 1269 2779 1340 scriptum
2803 1274 2916 1322 est:
2944 1266 3222 1338 Quoniam
3243 1265 3304 1318 in
3323 1264 3452 1318 aliis
3472 1264 3681 1335 linguis

2028 1367 2079 1416 et
2108 1359 2271 1415 labiis
2295 1359 2427 1414 aliis
2458 1358 2652 1429 loquar
2676 1356 2876 1428 populo
2906 1355 3108 1419 huic,et
3135 1369 3235 1409 nec
3260 1355 3341 1408 sic
3386 1352 3683 1409 exaudient

2028 1460 2133 1513 me,
2165 1448 2303 1503 dicit
2344 1448 2629 1503 Dominus.
2670 1447 2859 1517 Itaque
2910 1445 3121 1513 linguae
3171 1444 3232 1498 in
3276 1444 3498 1512 signum
3551 1448 3679 1498 sunt

2026 1553 2136 1592 non
2166 1536 2439 1607 ﬁdelibus,
2469 1536 2561 1591 sed
2607 1534 2958 1606 inﬁdelibus;
2996 1531 3298 1604 prophetiw
3343 1538 3525 1585 autem
3567 1545 3680 1585 non

2027 1626 2369 1697 inﬁdelibus,
2399 1623 2493 1681 sed
2519 1624 2788 1697 ﬁdelibus.
2821 1622 2883 1679 Si
2919 1637 3049 1691 ergo
3093 1619 3378 1677 conveniat
3424 1620 3680 1674 universa

2025 1715 2266 1772 Ecclesia
2297 1718 2357 1771 in
2385 1732 2580 1779 unum,
2612 1722 2664 1770 et
2692 1729 2877 1770 omnes
2907 1711 3114 1785 linguis
3145 1710 3458 1781 loquantur,
3491 1722 3679 1779 usque
3770 1728 3775 1731 -

2027 1805 2100 1861 ad
2133 1810 2225 1860 Αη
2255 1821 2288 1860 a
2316 1806 2466 1860 vobis
2494 1805 2722 1860 verbum
2749 1804 2848 1859 Dei
2871 1800 3170 1874 processit?
3194 1806 3290 1855 aut
3319 1799 3380 1854 in
3401 1814 3492 1854 vos
3537 1798 3679 1853 solos

2022 1895 2316 1967 pervenit?
2343 1894 2406 1949 In
2437 1890 2582 1967 legis
2608 1890 2845 1949 nomine
2886 1888 3200 1962 aliquando
3250 1884 3431 1943 simul
3480 1886 3680 1942 omnia

2025 1983 2256 2052 veteris,
2289 2000 2457 2056 usque
2500 1983 2570 2038 αλ
2620 1984 2829 2054 praeter
2887 1978 3171 2052 psalmos.
3222 1977 3428 2051 (Idem,
3474 1975 3574 2031 lib.
3612 1975 3678 2031 de

2024 2073 2222 2129 Trinit.
2255 2086 2345 2138 xv,
2378 2076 2521 2127 tom.
2552 2069 2700 2136 VIII,
2734 2067 2844 2135 col,
2880 2067 3065 2129 1881.)

2096 2163 2158 2218 Si
2185 2164 2308 2234 quis
2335 2161 2549 2217 videtur
2570 2161 2827 2233 propheta
2854 2172 2985 2224 esse,
3020 2164 3116 2212 aut
3142 2155 3435 2228 spiritalis,
3457 2168 3674 2225 cognos-

2024 2260 2113 2308 cat
2139 2266 2265 2324 quw
2286 2252 2460 2308 scribo
2490 2250 2658 2315 vobis,
2690 2250 2821 2322 quia
2867 2248 3091 2304 Domini
3128 2252 3258 2301 sunt
3294 2243 3573 2299 mandata.
3608 2244 3673 2299 5i

2024 2342 2147 2416 quis
2177 2347 2375 2404 autem,
2408 2354 2597 2411 usque
2627 2337 2699 2394 ad
2727 2335 3024 2394 secundum
3055 2333 3301 2391 ordinem
3326 2333 3465 2404 ﬁant
3490 2334 3550 2387 in
3579 2349 3670 2389 vo-

2026 2431 2129 2485 bis.
2165 2427 2272 2484 Illa
2302 2444 2429 2501 quae
2460 2425 2696 2499 scripsit
2740 2422 3057 2498 Apostolus
3103 2421 3175 2479 ad
3207 2421 3538 2478 Corinthios
3567 2420 3672 2477 ali-

2024 2520 2112 2575 ter
2141 2517 2341 2591 utique
2371 2517 2446 2573 ab
2495 2515 2641 2590 ipsis
2690 2512 2971 2588 parvulis,
3003 2529 3179 2586 usque
3201 2510 3289 2578 ad,
3322 2524 3674 2584 cOgnoscere

2024 2605 2257 2663 fecerat.
2288 2608 2497 2675 (Idem,
2544 2612 2702 2663 tract.
2751 2607 2960 2676 Enang.
3010 2617 3116 2659 sec.
3166 2601 3347 2668 Joan.,
3392 2605 3537 2656 tom.
3570 2600 3671 2666 III,

2024 2699 2174 2769 part.
2209 2713 2269 2763 II,
2301 2694 2409 2752 col.
2446 2697 2627 2769 1881.)

2094 2786 2476 2857 Nequaquam
2509 2788 2575 2840 ut
2604 2781 2833 2850 scribis,
2868 2781 2968 2853 qui
3010 2780 3239 2855 ignorat
3283 2778 3668 2852 ignorabitur,

1980 2876 1985 2885 ’
2020 2889 2193 2946 usque
2220 2874 2291 2929 ad
2321 2874 2441 2929 sint
2487 2877 2699 2928 cuncta
2746 2870 3075 2944 perspicua.
3113 2869 3318 2936 (Idem,
3354 2868 3452 2923 lib.
3486 2868 3666 2938 Epist.

2019 2965 2163 3018 tom.
2197 2960 2267 3030 II,
2300 2966 2450 3034 part.
2482 2976 2522 3029 I,
2558 2959 2663 3017 col.
2697 2960 2802 3015 743
2832 2963 2888 3014 et
2918 2960 3066 3030 seq.)

2650 3110 2881 3167 CAPUT
2919 3110 3034 3166 XV.

256 3221 364 3293 illi,
394 3240 567 3296 usque
614 3226 689 3281 ad
735 3226 876 3283 dicit
922 3226 1254 3301 Apostolus.
1290 3226 1493 3295 (Idem,
1526 3227 1624 3284 lib.
1656 3227 1721 3285 de
1754 3228 1903 3284 Trin.
1938 3211 1980 3279 α
2088 3230 2286 3286 Notum
2312 3236 2494 3285 autem
2522 3228 2672 3285 vobis
2694 3228 2840 3302 facio
2866 3230 3064 3300 fratres
3120 3224 3481 3294 Evangelium
3528 3224 3667 3296 quod

257 3317 400 3368 tom.
434 3313 583 3381 VIII,
616 3308 725 3371 col.
753 3315 905 3386 951.)

325 3401 451 3457 Non
482 3402 642 3459 enim
673 3403 786 3460 hoc
813 3407 903 3461 est
929 3404 1143 3462 habere
1174 3404 1395 3475 oculos,
1430 3407 1586 3479 quod
1626 3406 1905 3480 aspicere,

254 3490 371 3545 Aut
395 3488 542 3547 item
566 3489 678 3547 hoc
706 3496 816 3561 est,
848 3510 1018 3567 usque
1049 3489 1120 3550 ad
1147 3511 1265 3550 non
1312 3494 1545 3568 poterit.
1576 3492 1779 3566 (Idem,
1810 3497 1906 3553 lib.

254 3576 709 3653 Soliloquiorum,
736 3585 882 3638 tom.
916 3582 958 3650 Ι,
994 3578 1104 3645 col.
1137 3582 1243 3639 875
1270 3585 1328 3639 ‘et
1359 3580 1506 3658 seq.)

875 3680 1107 3737 CAPUT
1144 3672 1285 3738 XIV.

248 3822 253 3831 ί
318 3756 623 3815 Sectamini
648 3759 986 3817 charitatem.
1021 3754 1200 3818 Dulce
1230 3764 1289 3817 et
1327 3756 1562 3819 salubre
1606 3761 1904 3821 vinculum

255 3846 564 3915 mentium,
600 3848 729 3904 sine
770 3866 887 3921 qua
934 3844 1113 3916 dives,
1146 3867 1315 3922 usque
1361 3851 1431 3907 ad
1479 3852 1551 3907 ad
1600 3851 1903 3926 ignoscen-

253 3934 413 3991 dum.
449 3936 531 4005 (Β.
562 3937 738 4010 Aug.,
768 3954 1017 3996 sermone
1040 3939 1105 3995 de
1135 3938 1297 3996 laude
1324 3941 1633 4008 charitatis,
1665 3945 1810 3999 tom.
1830 3942 1899 4013 V,

254 4027 398 4094 part.
432 4041 494 4091 II,
522 4024 633 4081 col.
669 4027 851 4099 1534.)

314 4113 689 4170 Ᾱωυιαεηίηἰ
713 4117 1022 4187 spiritalia,
1045 4119 1224 4187 magis
1255 4125 1436 4175 autem
1464 4128 1525 4176 ut
1546 4120 1896 4194 prophetetis.

253 4202 358 4269 Qui
384 4203 537 4259 enim
566 4203 810 4275 loquitur
856 4206 1072 4277 lingua,
1105 4223 1213 4262 uon
1266 4206 1583 4266 hominibus
1633 4208 1896 4283 loquitur,

252 4289 335 4345 sed
362 4290 490 4347 Deo.
522 4292 685 4349 Nemo
730 4295 880 4349 enim
926 4290 1100 4351 audit.
1133 4290 1379 4368 Spiritus
1427 4304 1605 4354 autem
1657 4299 1901 4371 loquitur

251 4381 528 4451 mysteria.
543 4381 683 4437 Nam
710 4384 807 4455 qui
828 4382 1133 4457 prophetat,
1167 4401 1354 4457 usque
1384 4384 1458 4441 ad
1483 4386 1694 4460 supplet
1722 4384 1899 4444 locum

253 4466 439 4525 idiota:
456 4470 483 4524 Ρ
511 4468 613 4524 Hic
644 4468 888 4541 spiritus
909 4489 943 4527 a
963 4476 1156 4528 mente
1178 4468 1563 4547 distinguitur
1591 4472 1897 4533 evidentis-

250 4552 414 4651 sima,
445 4573 618 4629 usque
798 4560 1146 4651 cogitamus.
1197 4561 1398 4651 (Idem,
1422 4560 1529 4651 lib.
1562 4560 1628 4620 de
1667 4562 1794 4621 Gen.
1827 4567 1896 4621 ad
1926 4584 1974 4651 ο

254 4640 506 4700 litteram.
536 4662 638 4714 xu,
672 4649 815 4705 tom.
846 4642 944 4722 III,
976 4653 1127 4722 part.
1161 4665 1200 4719 I,
1231 4648 1340 4707 col.
1375 4650 1480 4707 460
1508 4655 1566 4707 et
1596 4654 1741 4727 seq.)

316 4728 588 4800 Quomodo
627 4735 768 4792 dicet
810 4753 971 4793 (enen
1016 4755 1182 4810 super
1226 4742 1380 4795 tuam
1429 4736 1895 4799 benedictionem?

254 4818 513 4887 Quoniam
537 4823 759 4897 quidem
783 4827 956 4882 nescit
982 4824 1117 4900 quid
1153 4828 1323 4884 dicas.
1354 4831 1497 4885 Nam
1544 4835 1605 4885 tu
1651 4831 1890 4902 quidem,

254 4922 428 4982 usque
459 4910 555 4981 ad,
588 4908 879 4970 verborum
908 4916 969 4969 in
1001 4915 1215 4985 lingua.
1248 4914 1432 4973 Amen
1464 4916 1679 4992 quippe
1708 4916 1892 4977 inter-

252 5002 503 5067 pretatur
529 5000 936 5075 verum,usque
953 5002 1026 5060 ad
1042 5000 1340 5061 vilesceret
1368 5002 1887 5081 nudatum.(ldem,

253 5091 396 5144 tract.
428 5089 633 5164 Evang.
678 5104 784 5148 sec.
833 5087 997 5150 Joan.
1049 5108 1161 5162 XLI,
1194 5098 1334 5150 tom.
1369 5095 1467 5165 ΙΙΙ,
1499 5100 1648 5169 part.
1682 5104 1744 5165 II,
1780 5097 1887 5154 col.

315 5265 550 5335 Fratres,
582 5271 757 5328 noliie
806 5273 972 5343 pueri
1015 5270 1169 5345 efﬁci
1212 5275 1481 5342 sensibus,
1522 5275 1626 5330 sed
1670 5276 1892 5332 malitia

249 5357 460 5423 parvuli
483 5365 667 5423 estote,
699 5362 949 5417 sensibus
978 5367 1163 5418 autem
1204 5364 1435 5435 perfecti
1480 5370 1657 5420 estote.
1692 5363 1756 5420 In
1786 5382 1888 5438 po-

2012 3319 2341 3393 prwdicavit
2386 3319 2555 3384 vobis,
2589 3317 2729 3392 quod
2774 3325 2826 3373 et
2852 3317 3153 3389 accepistis,
3187 3315 3249 3370 in
3277 3330 3380 3388 quo
3408 3320 3461 3369 et
3486 3315 3665 3381 statis,

2012 3424 2114 3481 per
2160 3408 2301 3482 quod
2347 3415 2397 3464 et
2440 3408 2758 3475 salvamini,
2795 3422 2903 3479 qua
2958 3406 3175 3461 ratione
3223 3402 3664 3476 praedicavcrim,

2019 3512 2205 3571 usque
2234 3498 2305 3554 ad
2345 3506 2397 3554 et
2443 3499 2576 3570 quia
2619 3499 2770 3552 visus
2815 3503 2893 3552 est
2937 3494 3150 3567 Cephea.
3186 3491 3543 3560 Resurrexit,
3575 3491 3667 3546 in-

2018 3586 2164 3660 quit,
2195 3584 2365 3644 tertia
2395 3586 2487 3643 die
2527 3585 2856 3643 secundum
2905 3582 3259 3657 Scripturas,
3293 3582 3369 3647 et,
3395 3594 3567 3654 usque
3597 3580 3669 3636 ad

2015 3675 2325 3749 Evangelia
2354 3672 2586 3749 legitur.
2619 3674 2701 3745 (S.
2732 3675 2904 3748 Aug.,
2939 3672 3036 3729 lib.
3058 3670 3125 3730 de
3154 3670 3426 3728 Consensu
3453 3670 3663 3739 Evang.

2012 3764 2155 3821 tom.
2190 3764 2291 3831 III,
2324 3767 2473 3836 part.
2506 3779 2546 3832 I,
2580 3762 2689 3819 col.
2724 3763 2907 3828 1215.)

2089 3855 2151 3910 Et
2198 3861 2320 3926 post
2370 3855 2488 3921 hoc,
2541 3854 2742 3926 inquit,
2791 3852 3064 3908 undecim.
3099 3852 3225 3917 Qua
3274 3847 3445 3905 libuit
3496 3847 3662 3916 hora,

2013 3942 2141 4016 ipso
2196 3947 2395 3998 tamen
2454 3939 2902 3998 resurrectionis
2959 3940 3074 3996 die.
3109 3940 3217 3996 Per
3260 3936 3662 4011 synecdochen

2011 4037 2229 4100 autem,
2274 4046 2446 4103 usque
2492 4029 2562 4087 ad
2608 4046 2726 4087 non
2772 4030 3045 4102 pertinet.
3080 4028 3289 4096 (Idem,
3319 4027 3417 4083 lib.
3452 4028 3660 4097 Quaest.

2013 4121 2198 4178 Genes.
2231 4138 2423 4191 CXVIII,
2452 4124 2592 4176 tom.
2622 4118 2721 4188 III,
2755 4122 2904 4191 part.
2938 4136 2975 4185 I,
3008 4114 3117 4173 col.
3147 4116 3256 4172 575
3282 4119 3339 4172 et
3369 4118 3520 4186 seq.)

2080 4209 2227 4265 Nam
2260 4224 2375 4264 non
2400 4209 2729 4274 duodecim,
2754 4206 2855 4263 sed
2877 4204 3149 4262 undecim
3178 4200 3450 4260 nonnulli
3481 4202 3661 4259 etiam

2007 4299 2236 4355 codices
2267 4297 2508 4366 habent,
2539 4313 2709 4369 usque
2755 4296 2825 4352 ad
2873 4293 3233 4351 ascensionis
3276 4308 3418 4349 suae.
3452 4292 3656 4356 (Idem,

2008 4379 2105 4443 lib.
2139 4403 2201 4443 III
2247 4387 2311 4442 de
2355 4386 2628 4442 Consensu
2676 4384 2907 4454 Evang.,
2957 4386 3101 4439 tom.
3149 4381 3249 4451 III,
3289 4382 3439 4453 part.
3475 4396 3515 4448 ι,
3547 4378 3655 4435 col.

2007 4477 2189 4549 1215.)

2073 4564 2374 4623 Novissime
2402 4565 2584 4621 autem
2616 4564 2863 4621 omnium
2909 4568 3172 4633 tanquam
3219 4559 3466 4616 abortivo
3510 4560 3658 4614 visus

2003 4663 2081 4712 est
2106 4663 2158 4711 et
2179 4653 2459 4710 mihi.Sed
2491 4653 2601 4709 hoc
2623 4652 2750 4724 jam
2783 4650 2853 4707 de
2882 4648 3045 4718 coelo,
3079 4650 3213 4722 post
3241 4664 3486 4723 parvum
3510 4651 3658 4703 tem-

2003 4758 2116 4817 pus
2147 4742 2510 4799 ascensionls
2542 4756 2681 4796 suae.
2711 4740 2883 4797 Pater
2908 4740 3109 4795 noster
3134 4737 3453 4803 Abraham,
3485 4736 3657 4808 cujus

1994 4831 2233 4905 justitia
2263 4829 2598 4901 ﬂdei,usque
2617 4826 2688 4885 ad
2718 4826 3077 4901 perfectique
3103 4827 3651 4893 nascamur.(Idem,

2002 4921 2101 4976 lib.
2134 4927 2304 4976 contr.
2338 4918 2542 4985 Faust.,
2576 4935 2694 4991 cap.
2725 4916 2840 4982 25.)

2072 5011 2182 5080 Ego
2209 5010 2359 5065 enim
2379 5025 2502 5064 sum
2528 5010 2797 5065 minimus
2826 5007 3099 5081 apostolus
3124 5009 3222 5080 qui
3248 5023 3361 5063 non
3406 5022 3529 5061 sum
3559 5005 3653 5059 di—

1999 5114 2158 5171 gnus,
2186 5110 2374 5169 usque
2400 5094 2471 5152 ad
2520 5112 2692 5153 vacua
2739 5114 2851 5154 non
2897 5099 3025 5169 fuit.
3059 5095 3325 5153 Pluviam
3380 5093 3650 5150 volunta-

2001 5189 2150 5243 riam
2182 5201 2496 5260 segregans
2525 5182 2679 5242 Deus
2707 5185 3029 5242 hareditati
3059 5200 3199 5242 suae.
3229 5184 3459 5242 Etenim
3493 5180 3651 5235 inﬁr-

2000 5280 2160 5333 mata
2188 5284 2297 5344 est,
2330 5278 2393 5330 tu
2424 5290 2558 5331 vero
2584 5274 2875 5347 perfecisti
2906 5290 3057 5343 eam,
3085 5275 3224 5347 quia
3260 5270 3517 5345 pluviam
3547 5282 3648 5324 vo-

1998 5364 2333 5431 luntariam,
2367 5380 2538 5437 usque
2566 5363 2635 5419 ad
2666 5363 2955 5437 perlecisti
2986 5378 3142 5420 eum.
3176 5362 3380 5435 (Idem,
3412 5357 3647 5414 serm.de

256 5440 381 5512 pulo
408 5444 544 5501 Novi
576 5447 955 5517 Testamenti,
989 5448 1088 5523 qui
1118 5467 1232 5506 non
1264 5450 1605 5524 perdurant,
1627 5468 1798 5525 usque
1817 5455 1889 5510 ad
1994 5472 2103 5511 ver.
2140 5456 2344 5523 Evang.
2374 5453 2462 5521 19,
2492 5454 2634 5525 psal.
2670 5452 2862 5516 LXVII.)

253 5530 677 5695 ad1n1512m)erum.
711 5530 913 5611 (Idem,
948 5539 1047 5597 lib.
1082 5538 1286 5615 Quaest.
1339 5557 1565 5608 LXXXIII,
1611 5544 1752 5597 tom.
1787 5540 1882 5613 VI,

254 5631 311 5673 co
340 5660 352 5674 .
457 5664 469 5677 .

254 5631 352 5674 001.
385 5631 469 5677 52.

2066 5543 2359 5600 Laborant
2388 5542 2683 5615 Pelagiani
2717 5546 3002 5614 quantum
3033 5541 3283 5614 possunt
3309 5538 3639 5608 ostendere,

1992 5632 2242 5708 gratiam
2288 5630 2389 5689 Dei
2427 5631 2773 5700 secundum,
2805 5642 2975 5703 usque
3023 5628 3094 5688 ad
3144 5624 3359 5686 dicitur
3386 5627 3448 5686 in
3477 5627 3641 5687 Psal-
