3914 6166
169 376 267 440 349

955 377 1367 441 EXPOSITIO
1411 378 1490 440 IN
1535 379 1704 441 EPP.
1753 378 2011 443 PAULI.
2042 412 2118 423 —
2147 378 2267 441 ΕΡ.
2314 378 2363 441 Ι.
2410 380 2515 441 AD
2562 378 2737 441 COR.

3419 367 3542 437 350

223 508 455 584 Quotidie
480 510 688 567 morior
710 525 811 583 per
839 517 1071 566 vestram
1097 511 1583 584 gloriam,fratres,
1613 529 1778 585 quam
1808 514 1859 581 Α
1890 511 2200 570 nobiscum
2231 528 2400 585 agere
2448 510 2708 568 student.
2757 513 2891 576 etc.,
2924 522 3095 583 usque
3138 505 3211 564 ad
3253 506 3534 564 fruemur.

174 603 308 657 iabeo
336 602 391 655 in
418 599 632 656 Christo
656 602 780 657 Iesu
808 601 1035 656 Domino
1066 601 1347 657 nostro.Ut
1380 602 1654 658 noveritis
1685 618 1780 657 ve-

178 707 276 746 'um
296 690 490 760 jurare
538 705 655 744 non
695 705 823 745 esse
879 692 1205 761 peccatum,
1240 689 1591 754 invenimus.
1643 696 1780 759 etc.,

175 796 310 853 usque
335 777 401 833 ad
429 777 674 834 adhibet
700 778 906 833 Deum.
939 779 1072 847 (Id.,
1104 796 1269 836 serm.
1294 779 1359 835 de
1385 782 1542 852 epist.
1572 781 1778 849 Jacobi,

169 868 476 939 nemojuret,
508 870 653 922 tom.
682 866 751 933 V,
785 871 934 938 part.
966 884 1027 936 ιι,
1062 866 1149 923 col
1180 870 1284 923 974
1317 873 1374 923 et
1406 872 1555 941 seq.)

222 956 567 1013 Jurationem
597 959 792 1011 autem
824 972 957 1011 cave
983 962 1273 1028 quantum
1305 961 1489 1029 potes,
1522 962 1655 1025 etc.,
1690 975 1782 1014 us-

168 1062 250 1120 que
272 1045 335 1101 ad
362 1044 666 1101 consuevit
682 1046 904 1117 jurare.
934 1045 1062 1117 (Id.,
1096 1044 1199 1101 lib.
1253 1046 1324 1101 ad
1365 1047 1520 1103 Cons.
1552 1048 1780 1115 Hilarii,

167 1143 283 1191 tom.
316 1134 379 1200 ΙΙ,
414 1132 525 1189 col.
556 1133 710 1203 693.)

220 1223 313 1287 Qui
340 1222 484 1278 dicit
507 1223 672 1279 :Ecce
703 1239 897 1279 coram
928 1223 1210 1297 Deo,quia
1232 1241 1347 1279 non
1370 1224 1781 1293 mentior,etc.,

166 1329 305 1384 usque
330 1311 399 1367 ad
431 1312 506 1367 ad
538 1312 735 1367 fidem.
762 1312 892 1384 (Id.,
926 1314 985 1368 in
1017 1315 1356 1385 expositione
1382 1316 1537 1387 epist.
1573 1315 1652 1371 ad
1682 1314 1785 1370 Ga-

162 1403 297 1467 latas,
327 1405 470 1456 tom.
506 1400 605 1468 III,
631 1404 782 1473 part.
813 1417 874 1466 ιι,
909 1400 1019 1457 col.
1042 1403 1233 1470 2110.)

218 1490 271 1546 Si
293 1489 593 1545 secundum
619 1490 893 1546 hominem
939 1491 1008 1546 ab
1060 1491 1227 1547 betias
1282 1494 1527 1564 pugnavi
1562 1493 1782 1564 Ephesi,

161 1579 271 1652 quid
294 1579 437 1635 mihi
459 1578 679 1651 prodest
692 1580 743 1635 si
769 1581 973 1635 mortui
995 1596 1106 1635 non
1138 1586 1471 1650 resurgunt?
1495 1582 1788 1638 Manduce-

162 1686 275 1735 mus,
296 1672 430 1734 etc.,
465 1684 655 1740 usque
684 1669 755 1724 ad
788 1670 934 1725 vobis
965 1670 1175 1742 loquor.
1192 1669 1603 1743 Apostolorum
1632 1675 1788 1726 tem-

160 1757 371 1831 poribus
403 1756 740 1813 invenimus
789 1757 990 1825 fuisse,
1023 1762 1156 1826 etc.,
1190 1775 1359 1831 usque
1404 1759 1475 1814 ad
1522 1777 1639 1815 non
1673 1763 1785 1815 est.

158 1847 270 1916 (Id.,
299 1847 390 1903 lib.
428 1864 466 1902 v
492 1846 559 1903 de
589 1851 744 1919 Bapt.
778 1850 920 1903 tom.
953 1847 1047 1914 IX,
1078 1846 1186 1903 col.
1220 1848 1374 1919 210.)

217 1935 352 1990 Sunt
380 1934 659 1991 homines
688 1934 789 2008 qui
822 1935 1061 1991 dicunt:
1086 1935 1210 1991 Non
1242 1941 1330 1992 est
1359 1936 1583 1992 homini
1616 1937 1784 2001 bene,

158 2024 356 2079 nisicui
388 2029 607 2081 assunt
636 2024 830 2081 carnis
856 2024 1096 2093 deliciae,
1121 2029 1252 2092 etc.,
1286 2042 1457 2098 usque
1475 2025 1545 2081 ad
1580 2026 1790 2081 moria-

158 2117 252 2168 tur.
281 2114 412 2183 (Id.,
447 2130 613 2169 serm.
644 2113 708 2169 de
735 2129 847 2170 ver.
880 2130 1097 2183 evang.,
1130 2117 1273 2170 tom.
1304 2115 1373 2180 V,
1406 2118 1556 2187 part.
1592 2132 1651 2184 ιι,
1676 2114 1784 2170 col.

158 2203 242 2256 160
267 2206 319 2257 et
341 2205 501 2275 seq.)

211 2289 741 2347 Animadvertimus
769 2290 904 2347 cum
935 2291 1185 2364 apostoli
1208 2290 1455 2365 epistola
1473 2290 1782 2365 legeretur,

154 2382 265 2448 etc.,
294 2396 473 2453 usque
500 2380 574 2435 ad
615 2379 804 2436 securi
863 2380 1207 2437 moriamur.
1240 2382 1374 2450 (Id.,
1406 2398 1569 2437 serm.
1600 2382 1667 2437 de
1690 2387 1789 2439 Re-

152 2477 375 2536 surrect.,
406 2473 562 2524 tom.
594 2468 662 2537 V,
694 2473 842 2541 part.
872 2486 929 2537 II,
960 2468 1069 2525 col.
1105 2470 1243 2525 1599
1273 2475 1329 2526 et
1353 2475 1504 2543 seq.)

207 2556 377 2614 Nolite
399 2557 619 2624 seduci,
659 2566 1016 2631 corrumpunt
1060 2572 1236 2614 mores
1294 2560 1456 2614 bonos
1511 2559 1786 2631 colloquia

150 2646 293 2700 mala.
331 2648 572 2702 Fratres
602 2645 737 2716 mei,
771 2646 872 2719 qui
911 2644 1133 2702 timetis
1190 2646 1397 2714 Deum,
1430 2651 1788 2704 mementote

150 2734 287 2805 quod
316 2734 417 2803 ait,
459 2739 596 2799 etc.,
627 2751 796 2807 usque
824 2734 895 2789 ad
942 2734 1060 2791 Deo
1118 2739 1332 2791 vestro.
1365 2736 1498 2805 (Id.,
1530 2739 1687 2809 epist.
1718 2737 1789 2792 ad

148 2820 333 2891 plebem
357 2822 795 2894 Hirponensem,
820 2826 962 2878 tom.
998 2824 1071 2890 II,
1105 2822 1213 2878 col.
1246 2823 1397 2895 270.)

206 2909 305 2965 Sed
329 2910 483 2967 dicet
507 2911 713 2983 aliquis
733 2911 1036 2983 :Quomodo
1067 2921 1358 2984 resurgunt
1371 2914 1576 2970 mortui
1599 2915 1790 2986 Pquali

150 3006 306 3055 autem
328 3016 564 3072 corpore
591 3001 808 3056 venient
831 3000 999 3056 ?Cum
1023 3002 1509 3058 resurrectionem
1533 3008 1790 3059 mortuo-

150 3105 262 3145 rum
293 3089 661 3163 persuadere
700 3087 871 3145 vellet
901 3089 1006 3156 eis,
1038 3094 1171 3159 etc.,
1207 3106 1375 3163 usque
1404 3091 1474 3147 ad
1513 3091 1787 3147 continuo

150 3177 394 3234 additum
424 3183 545 3235 est.
581 3179 712 3250 (Id.,
745 3179 901 3252 epist.
934 3178 1005 3233 ad
1036 3180 1263 3249 Coloss.,
1297 3184 1440 3236 tom.
1465 3180 1537 3251 II,
1564 3180 1651 3237 col
1681 3182 1788 3236 944

151 3269 199 3320 et
221 3270 368 3339 seq.)

209 3355 593 3413 Manifestum
644 3358 752 3423 est,
784 3355 939 3427 quod
994 3372 1099 3427 per
1145 3355 1437 3412 ccelestem
1490 3355 1788 3413 hominem

151 3441 427 3500 Christum
455 3444 606 3500 velit
663 3442 872 3516 accipi,
932 3448 1068 3512 etc.,
1101 3461 1270 3517 usque
1317 3445 1387 3500 ad
1435 3446 1699 3501 ascendit
1728 3446 1789 3500 in

148 3533 356 3590 malum.
389 3536 535 3609 (Id.,
571 3551 733 3590 serm.
765 3534 1134 3591 deresurrect.
1167 3539 1500 3603 mort.,tom.
1534 3535 1600 3602 V,
1635 3541 1787 3608 part.

150 3637 200 3686 ιι,
230 3624 332 3679 col.
368 3625 517 3680 162D
550 3626 608 3678 et
637 3625 789 3695 seq.)

206 3712 318 3768 Alia
343 3714 587 3769 claritas
632 3713 787 3775 solis.
816 3719 868 3768 et
913 3713 1031 3768 alia
1082 3713 1307 3769 claritas
1366 3714 1536 3781 lunae,
1565 3721 1620 3769 et
1673 3713 1792 3769 alia.

148 3800 368 3870 claritas,
398 3806 545 3867 etc.,
593 3818 781 3874 usque
828 3802 901 3857 ad
944 3803 1269 3858 resurrectio
1322 3811 1684 3858 mortuorum.
1721 3802 1791 3858 Et

148 3888 189 3943 si
212 3889 356 3947 alius
387 3895 483 3948 est
516 3889 638 3946 alio
668 3889 890 3957 fortior,
914 3889 1066 3947 alius
1107 3889 1219 3947 alio
1268 3890 1605 3964 sapientior,
1639 3891 1792 3947 alius

149 3976 244 4034 alio
263 3980 510 4051 justior,
547 3983 682 4047 etc.,
714 3995 886 4051 usque
934 3979 1006 4035 ad
1062 3996 1177 4036 non
1225 3980 1304 4036 sit
1336 3980 1395 4036 in
1426 3997 1625 4054 regno.
1657 3981 1786 4048 (Id.,

147 4072 281 4123 b'act.
312 4086 421 4126 sec.
452 4070 623 4126 Joan.
662 4085 829 4135 vau,
864 4071 1007 4123 tom.
1068 4070 1169 4135 III,
1210 4073 1360 4141 part.
1414 4086 1473 4138 II,
1506 4069 1615 4125 col.
1650 4069 1792 4126 1812

150 4157 355 4229 etseq.)

203 4243 563 4319 Comparate
591 4248 679 4300 est
710 4244 1058 4301 resurrectio
1108 4248 1495 4314 mortuorum,
1528 4250 1662 4315 etc.,
1696 4263 1790 4303 us-

146 4348 231 4404 que
253 4336 321 4391 ad
350 4336 592 4393 Ccelum
624 4351 955 4392 commune.
989 4336 1120 4403 (Id.,
1152 4353 1315 4392 serm.
1348 4336 1414 4392 de
1440 4337 1788 4407 ver.Evang.,

147 4425 273 4481 tom.
303 4425 374 4495 V,
409 4429 576 4500 part.
611 4441 652 4493 ι,
685 4423 794 4481 col.
825 4425 976 4497 736.)

201 4512 530 4571 Seminatur
559 4529 755 4586 corpus
812 4513 1074 4583 animate,
1134 4522 1323 4584 surget
1374 4530 1570 4587 corpus
1628 4516 1792 4586 spiri-

143 4600 256 4657 tale.
290 4603 638 4677 Resurgent
668 4606 1008 4659 sanctorum
1052 4619 1297 4675 corpora
1326 4603 1454 4659 sine
1486 4603 1625 4672 ullo,
1652 4608 1787 4673 etc.,

146 4705 291 4762 usque
346 4694 421 4749 ad
482 4691 786 4749 inimicos.
844 4692 979 4765 (Id.,
1026 4692 1124 4749 lib.
1183 4693 1435 4760 Enchir.,
1486 4697 1628 4750 tom.
1688 4694 1785 4762 VI,

144 4777 235 4835 col.
268 4781 428 4856 374.)

202 4866 361 4923 Sicut
389 4868 564 4924 enim
595 4866 838 4940 spiritus
868 4869 1027 4925 carni
1050 4867 1448 4934 serviens,non
1472 4870 1790 4944 incongrue

144 4956 379 5013 carnalis
405 4974 420 5012 :
456 4957 549 5012 ita
580 4973 736 5021 caro,
768 4961 1079 5030 etc.,usque
1118 4957 1189 5013 ad
1218 4958 1502 5031 scriptum
1534 4964 1624 5014 est
1652 4961 1788 5031 (Id.,

144 5042 228 5097 lib.
257 5062 380 5114 ιιιιι,
414 5047 486 5103 de
521 5040 638 5101 Civ.
672 5047 791 5112 Dei,
824 5049 965 5103 tom.
997 5046 1120 5113 VII,
1153 5046 1260 5102 col.
1294 5047 1396 5103 393
1430 5052 1486 5102 ct
1515 5050 1663 5121 seq.)

203 5130 456 5207 Corpora
488 5150 631 5207 ergo
652 5134 976 5206 jnstorum,
1010 5151 1138 5207 quae
1170 5134 1228 5189 in
1253 5136 1676 5193 resurrectione
1706 5139 1792 5195 fu-

143 5222 258 5285 tura
284 5229 452 5291 sunt,
488 5239 682 5296 neque
712 5222 852 5290 ullo,
885 5228 1019 5294 etc.,
1052 5240 1223 5295 usque
1250 5224 1320 5279 ad
1349 5224 1631 5296 qualitate
1661 5244 1793 5285 con-

143 5310 338 5366 veniat.
367 5312 517 5381 (Id.,
553 5311 661 5368 col.
694 5311 805 5367 395
831 5316 888 5368 et
917 5313 1066 5384 seq.)

204 5399 318 5456 Erit
348 5418 498 5475 ergo
534 5400 767 5474 spiritui
800 5400 1038 5457 subdita
1069 5418 1202 5457 caro
1224 5401 1529 5474 spiritalis,
1563 5409 1789 5474 etc.,us-

143 5489 313 5556 quead
342 5487 640 5563 spiritale.
675 5490 807 5562 (Id.,
838 5491 936 5546 lib.
959 5507 1075 5558 xxv,
1108 5490 1174 5545 de
1208 5490 1320 5547 Civ.
1354 5492 1469 5560 Dei,
1502 5495 1784 5565 tom.VII,

142 5576 220 5633 col
249 5579 404 5649 408.)

202 5665 484 5740 Gentiles,
522 5666 870 5743 plerumque
906 5668 1392 5743 pnilosophorum
1422 5673 1784 5744 argumentis

1820 1887 1867 1953 B

1888 602 1998 670 (Id.
2036 602 2133 657 lib.
2166 602 2230 657 de
2252 601 2427 673 Sym.,
2468 605 2610 656 tom.
2649 600 2743 655 VI.
2778 599 2890 655 col.
2927 599 3028 654 194
3056 602 3113 654 et
3142 596 3289 669 seq.)

1960 690 2022 746 Si
2050 699 2128 746 est
2156 706 2347 761 corpus
2376 691 2723 755 animale,est
2749 697 2799 744 et
2827 689 3247 760 spiritale,sicut
3274 687 3541 758 scriptum

1889 780 2184 837 est.Factus
2213 787 2309 846 est,
2342 782 2481 847 etc.,
2511 794 2698 850 usque
2755 778 2825 832 ad
2876 778 3262 847 viviﬁcantem.
3306 775 3539 829 Primus

1890 869 2067 924 homo
2098 869 2167 923 de
2198 873 2350 923 terra
2381 872 2648 923 terrenus
2677 866 2737 921 in
2762 866 3020 922 animam
3042 865 3327 920 viventem
3350 864 3540 919 factus

1891 962 1998 1014 est.
2033 961 2163 1023 etc.,
2195 974 2363 1029 usque
2392 956 2461 1011 ad
2491 956 2721 1012 Christo
2766 954 3109 1011 viviﬁcatur.
3142 954 3274 1022 (Id.,
3308 954 3405 1009 lib.
3437 967 3541 1009 xm

1892 1046 1956 1102 de
1987 1046 2100 1102 Civ.
2136 1048 2255 1113 Dei,
2290 1051 2434 1100 tom.
2467 1045 2591 1112 VII,
2624 1043 2732 1100 col.
2765 1045 2870 1100 396
2901 1047 2957 1099 et
2987 1045 3134 1115 seq.)

1966 1136 2219 1191 Pristina
2242 1133 2531 1191 stabilitas
2548 1133 2806 1206 corporis
2829 1150 3005 1205 quam
3028 1131 3320 1204 peccando
3340 1126 3539 1187 amisi-

1895 1243 2048 1292 mus,
2083 1225 2336 1280 habebat
2365 1227 2589 1278 tantam
2620 1221 3051 1287 felicitatem,in
3084 1220 3537 1288 defectum,etc.,

1893 1331 2061 1386 usque
2106 1313 2177 1369 ad
2203 1312 2479 1385 spiritum
2508 1312 2919 1366 vivificantem.
2954 1310 3083 1381 (Id.,
3118 1310 3215 1365 lib.
3249 1326 3290 1377 ι,
3315 1317 3473 1365 tract.
3505 1326 3544 1365 χ

1894 1406 1953 1459 in
1982 1405 2162 1469 Joan.,
2198 1404 2296 1458 lib.
2329 1409 2521 1458 contra
2549 1400 2805 1472 Manich.)

1964 1494 2189 1549 Primus
2220 1492 2285 1547 de
2337 1499 2485 1547 terra
2542 1499 2811 1555 terrenus,
2842 1487 3111 1544 secundus
3166 1487 3232 1543 de
3287 1487 3417 1543 caelo
3438 1503 3543 1542 τω-

1895 1583 2064 1638 lestis.
2095 1581 2327 1637 Primus
2360 1580 2536 1635 homo
2587 1580 2659 1635 de
2707 1582 2861 1633 terra
2908 1582 3198 1643 terrenus,
3232 1575 3330 1631 ille
3357 1577 3542 1632 Adam

1897 1672 1968 1727 de
1996 1670 2136 1726 limo
2171 1671 2478 1737 formatus,
2508 1673 2642 1736 etc.,
2668 1683 2834 1739 usque
2854 1667 2924 1721 ad
2947 1665 3144 1722 refecti
3175 1665 3541 1737 sumus.(Id.,

1897 1761 1994 1816 lib.
2020 1768 2191 1819 contr.
2225 1762 2407 1815 Faust.
2437 1776 2499 1825 ιι,
2533 1762 2675 1813 tom.
2701 1757 2854 1824 VIII,
2888 1754 2997 1811 col.
3029 1754 3181 1826 211.)

1970 1850 2201 1905 Primus
2232 1849 2408 1905 homo
2437 1848 2623 1903 Adam
2655 1846 2741 1901 sic
2770 1845 2912 1901 olim
2945 1844 3257 1900 defunctus
3286 1846 3542 1913 est,etc.,

1897 1956 2068 2011 usque
2091 1939 2159 1994 ad
2181 1942 2237 1994 et
2258 1938 2573 1993 secundus.
2606 1937 2738 2005 (Id.,
2774 1936 2869 1991 lib.
2903 1936 3051 1991 Sent.
3083 1934 3543 2006 Prosperi.,tom.

1895 2029 1961 2098 X,
1996 2031 2145 2101 part.
2180 2045 2243 2093 ιι,
2275 2026 2383 2082 col.
2412 2028 2595 2095 1885.)

1967 2118 2073 2173 Hoc
2102 2125 2284 2172 autem
2313 2116 2432 2171 dico
2473 2117 2694 2187 fratres,
2751 2115 3013 2186 quoniam
3039 2128 3167 2168 caro
3224 2120 3274 2167 et
3319 2111 3548 2179 sanguis

1895 2224 2128 2275 regnum
2160 2208 2263 2262 Dei
2287 2205 2563 2277 possidere
2584 2220 2693 2259 non
2739 2210 3003 2274 possunt:
3022 2218 3194 2273 neque
3248 2201 3543 2271 corruptio,

1896 2297 2364 2368 incorruptionem
2389 2293 2707 2365 possidebit.
2740 2291 2986 2347 Nolebat
3014 2307 3112 2346 eos
3133 2290 3206 2345 ad
3237 2289 3346 2345 hoc
3367 2288 3544 2344 aedili-

1897 2386 2012 2453 cari
2040 2389 2125 2440 :ut
2140 2383 2582 2444 arbitrarentur,
2615 2385 2724 2435 etc.
2736 2423 2748 2447 ,
2758 2396 2926 2452 usque
2936 2378 3006 2434 ad
3019 2379 3089 2434 de
3101 2376 3543 2434 resurrectione.

1897 2475 2026 2545 (Id.,
2057 2490 2219 2530 serm.
2254 2472 2320 2527 de
2366 2472 2558 2526 Resur.
2607 2476 2791 2537 mort.,
2837 2473 2981 2523 tom.
3031 2467 3100 2537 V,
3163 2470 3313 2540 part.
3346 2484 3405 2535 ιι,
3434 2464 3544 2522 col.

1899 2563 2081 2635 1623.)

1968 2652 2272 2707 Credimus
2301 2654 2359 2706 et
2402 2648 2597 2706 carnis
2635 2646 3143 2715 resurrectionem,
3176 2662 3291 2701 non
3317 2647 3546 2701 tantum

1898 2758 2035 2813 qua,
2067 2746 2199 2809 etc.,
2231 2756 2400 2812 usque
2429 2739 2500 2795 ad
2532 2739 2686 2810 quod
2720 2737 3005 2809 scriptum
3036 2734 3282 2807 est.(Id.,
3313 2733 3549 2790 serm.de

1894 2847 2058 2903 sym.,
2092 2834 2234 2885 tom.
2258 2829 2353 2894 VI,
2387 2827 2496 2884 col.
2531 2827 2677 2898 194.)

1936 2938 1941 2943 ’
1968 2918 2123 2974 Dixit
2149 2918 2484 2990 Apostolus,
2512 2934 2647 2971 cum
2678 2915 2814 2969 inde
2845 2914 3202 2986 loqueretur,
3235 2916 3546 2981 etc.,usque

1895 3009 1965 3064 ad
1995 3007 2271 3069 continuo
2304 3004 2660 3061 subdidisse.
2694 3005 2825 3074 (Id.,
2857 3005 2954 3059 lib.
2989 3020 3005 3058 I
3038 3004 3295 3067 Retract.,
3319 3004 3461 3056 tom.
3496 3001 3541 3067 Ι,

1897 3096 2006 3153 col.
2040 3097 2194 3167 613.)

1973 3185 2135 3253 Quod
2166 3201 2301 3258 ergo
2334 3184 2415 3240 ait
2445 3181 2759 3256 Apostolus
2782 3182 3015 3238 :Caroet
3036 3178 3275 3252 sanguis
3297 3194 3544 3249 regnum

1821 3260 1864 3326 (ἶ
1898 3276 2000 3332 Dei
2031 3292 2148 3331 non
2178 3273 2581 3347 possidebunt,
2615 3275 2749 3339 etc.,
2773 3287 2943 3343 usque
2971 3270 3041 3326 ad
3072 3269 3187 3325 ista
3213 3266 3541 3324 dilexerint.

1900 3366 2027 3438 (Id.,
2061 3365 2156 3420 lib.
2191 3381 2229 3419 ιι
2265 3369 2519 3431 Retract.,
2556 3366 2701 3417 tom.
2739 3361 2783 3427 Ι,
2816 3359 2923 3415 col.
2951 3358 3101 3431 631.)

1970 3460 2102 3511 Ecce
2131 3455 2451 3526 mysterium
2479 3453 2629 3507 vobis
2685 3451 2823 3506 dico.
2881 3449 3072 3505 Omnes
3119 3445 3338 3519 quidem
3367 3461 3547 3501 resur-

1898 3559 2102 3612 gemus,
2136 3543 2227 3598 sed
2254 3558 2365 3598 non
2394 3557 2577 3597 omnes
2626 3540 3057 3595 immulabimur.
3093 3537 3379 3606 Resurget
3407 3550 3545 3606 ergo

1899 3632 2032 3705 pius
2063 3631 2337 3704 populus,
2371 3634 2677 3701 etc.,usque
2705 3627 2776 3684 ad
2805 3623 3459 3700 praecipitetur.(1d.,lib.
3482 3622 3547 3678 de

1896 3739 2027 3778 vera
2057 3722 2228 3790 Retig.
2263 3724 2405 3775 tom.
2440 3718 2538 3785 ΙΙΙ,
2572 3722 2723 3790 part.
2758 3734 2796 3785 ι,
2823 3716 2934 3772 col.
2970 3714 3117 3786 144.)

1968 3809 2125 3867 Dixit
2154 3808 2481 3882 Apostolus,
2516 3823 2651 3863 cum
2683 3806 2753 3861 de
2784 3803 3204 3861 resurrectione
3235 3816 3545 3874 corporum

1898 3899 2252 3972 loqueretur,
2286 3902 2419 3963 etc.,
2446 3895 2706 3968 usquead
2734 3911 2907 3950 nosse
2934 3892 3249 3965 possimus.
3287 3890 3418 3963 (Id.,
3445 3890 3542 3945 lib.

1898 4005 1971 4044 xx
2001 3988 2066 4044 de
2093 3989 2210 4045 Civ.
2244 3988 2362 4052 Dei,
2385 3989 2527 4041 tom.
2561 3986 2714 4051 VIII,
2748 3982 2858 4039 col.
2887 3984 2996 4037 688
3026 3985 3082 4037 et
3113 3982 3263 4053 seq.)

1970 4076 2319 4149 Priusquam
2352 4073 2700 4130 miserarum
2732 4070 3269 4135 delectationum,et
3286 4066 3548 4139 volupta-

1898 4171 2047 4235 tum,
2104 4169 2237 4232 etc.,
2297 4180 2468 4235 usque
2513 4162 2583 4217 ad
2633 4160 2960 4216 ﬁnirentur.
3025 4159 3151 4230 (Id.,
3213 4164 3369 4212 tract.
3397 4158 3541 4228 psal.

1900 4273 2031 4325 LVII,
2064 4260 2205 4310 tom.
2235 4253 2326 4321 IV,
2361 4256 2509 4324 part.
2542 4269 2580 4315 1,
2614 4250 2722 4306 col.
2755 4248 2907 4315 689.)

1969 4346 2032 4400 In
2054 4343 2409 4408 momento,in
2441 4342 2551 4396 ictu
2578 4339 2744 4405 oculi,
2778 4338 2836 4393 in
2868 4336 3166 4391 novissima
3196 4335 3343 4389 tuba.
3372 4334 3546 4388 Canet

1898 4435 2047 4488 enim
2077 4432 2205 4487 tuba
2228 4449 2246 4487 :
2266 4430 2470 4486 mortui
2488 4434 2770 4499 resurgent
2789 4425 3113 4497 incorrupti,
3145 4431 3197 4479 et
3224 4438 3321 4477 nos
3350 4424 3536 4477 immu

1900 4521 2162 4577 tabimur.
2197 4519 2344 4584 Quid
2375 4518 2452 4575 sit
2499 4522 2755 4583 atomus,
2783 4514 2955 4571 multi
2992 4516 3253 4568 vestrum
3286 4526 3400 4565 non
3435 4526 3545 4565 no-

1820 4632 1868 4696 D
1901 4614 2058 4667 runt.
2088 4611 2334 4666 Atomus
2382 4608 2596 4672 dictus,
2646 4610 2782 4671 etc.,
2820 4618 2989 4675 usque
3043 4601 3115 4656 ad
3162 4597 3544 4696 novissimam

1899 4699 2061 4756 dicit.
2093 4700 2223 4771 (Id.,
2258 4714 2421 4754 serm.
2452 4696 2519 4752 de
2547 4696 2735 4750 Resur.
2783 4700 2966 4759 mort.,
3014 4694 3156 4746 tom.
3192 4689 3261 4756 V,
3294 4690 3445 4761 part.
3478 4704 3541 4754 ιι,

1898 4788 2006 4844 col.
2040 4789 2179 4844 1624
2209 4791 2265 4842 et
2290 4790 2435 4857 seq.)

1968 4877 2130 4943 Quod
2161 4873 2373 4930 Christi
2397 4888 2610 4945 corpus
2650 4887 2768 4927 non
2808 4868 3161 4925 dissolutum
3183 4866 3338 4937 tabe,
3371 4869 3547 4937 atque

1899 4965 2205 5039 putredine
2235 4962 2347 5030 die,
2381 4966 2518 5027 etc.,
2551 4976 2722 5033 usque
2753 4960 2823 5015 ad
2851 4958 3244 5015 redditurum.
3275 4955 3408 5023 (Id.,
3446 4956 3543 5010 lib.

1896 5073 1953 5112 v1
1982 5060 2188 5126 Quaest.
2223 5059 2411 5108 contra
2440 5052 2675 5121 Pagan.,
2711 5054 2853 5106 tom.
2887 5048 2956 5115 II,
2991 5046 3097 5104 col.
3133 5046 3285 5118 372.)

1968 5145 2113 5200 Cum
2144 5139 2323 5199 solem
2358 5139 2658 5195 intuemur
2685 5138 3147 5205 orientem,certe
3168 5133 3545 5190 manifestum

1899 5237 2006 5300 est,
2038 5238 2168 5298 etc.,
2196 5245 2367 5303 usque
2396 5229 2466 5285 ad
2497 5227 2743 5284 celerius
2783 5225 3049 5283 inveniri.
3102 5225 3233 5297 (Id.,
3267 5223 3363 5279 lib.
3398 5239 3455 5277 IV
3482 5221 3547 5277 de

1898 5327 2031 5378 Gen.
2057 5320 2127 5376 ad
2159 5321 2267 5387 lit.,
2297 5325 2442 5374 tom.
2476 5318 2575 5385 IIl,
2602 5321 2754 5388 part.
2787 5333 2826 5383 ι,
2859 5314 2969 5371 col.
2993 5314 3100 5371 319
3131 5318 3187 5369 et
3219 5314 3369 5383 seq.)

1969 5408 2388 5465 Immortalitas
2419 5406 2610 5463 carnis
2642 5404 2740 5461 illo
2772 5405 3107 5477 perficietur
3136 5403 3432 5456 momento
3461 5415 3547 5454 re-

1896 5498 2615 5567 surrectionis,etc.,usque
2645 5496 2715 5550 ad
2741 5494 2950 5550 misisti
2983 5493 3185 5548 Josum
3219 5488 3543 5544 Christum.

1896 5588 2027 5660 (Id.,
2061 5605 2131 5645 ea:
2159 5588 2256 5644 lib.
2292 5587 2356 5643 de
2390 5588 2624 5653 Trinit.,
2653 5589 2796 5641 tom.
2832 5583 2976 5647 VIII,
3011 5579 3118 5635 col.
3148 5578 3331 5645 1056.)

1967 5678 2086 5736 Ista
2115 5694 2273 5735 more
2302 5692 2453 5749 saepe
2474 5676 2535 5733 in
2556 5671 2872 5746 Scripturis
2890 5667 3161 5727 dormitio
3186 5666 3398 5725 dicitur
3418 5682 3550 5739 pro-
