3964 6168
383 336 503 417 est

1600 349 1830 417 FLORI
1872 342 2185 413 DIACONI
2227 345 2609 408 MONACHI.

3621 350 3723 414 352

386 490 537 562 pter,
566 502 737 561 usque
762 484 832 545 ad
862 485 1089 545 ratione
1114 484 1409 560 cogitabit.
1444 485 1575 559 (Id.,
1607 485 1705 542 lib.
1746 484 1811 541 de
1842 483 2033 542 Gratia
2057 481 2113 550 Α
2140 480 2253 539 vici
2283 481 2595 549 mundum,
2628 479 2998 537 conﬁderunt
3025 482 3084 536 et
3103 477 3375 538 vicerunt.
3403 479 3464 539 In
3501 497 3605 554 quo
3627 482 3723 540 nisi

384 580 530 636 Novi
564 580 908 646 Testamenti,
939 582 1083 634 tom.
1108 577 1178 645 II,
1215 575 1325 633 col.
1356 577 1463 633 572
1493 579 1549 631 et
1570 579 1721 647 seq.)

459 668 594 724 Cum
622 676 806 724 autem
833 668 1061 723 mortale
1099 666 1201 722 hoc
1247 665 1491 721 induerit
1543 665 2030 735 immortalitatem,

388 765 519 813 tunc
544 758 636 828 ﬁet
661 773 835 813 sermo
865 758 962 829 qui
1007 758 1242 827 scriptus
1272 763 1369 812 est.
1403 755 1662 826 Absorpta
1690 761 1769 810 est
1794 770 1940 809 mors
1974 755 2034 809 in

385 846 635 912 victoria,
666 847 764 901 ubi
789 854 864 900 est
894 862 1038 901 mors
1069 846 1296 900 victoria
1325 844 1466 899 tua?
1495 844 1593 898 ubi
1621 850 1699 899 est
1729 858 1873 898 mors
1903 858 2032 897 acu-
2084 898 2095 907 ,

390 934 504 992 leus
536 938 711 990 tuus?
754 940 888 1002 etc.,
921 951 1091 1006 usque
1138 934 1207 989 ad
1256 935 1442 989 inanis
1496 934 1554 988 in
1606 933 1855 989 Domino.
1887 931 2036 995 Quia

388 1023 543 1078 sicut
573 1022 819 1095 apostoli
838 1023 1209 1096 apertissima
1226 1022 1402 1078 verba
1418 1020 1807 1088 declarant,eo
1833 1021 2034 1077 absor-

388 1111 642 1178 bebitur,
675 1116 808 1179 etc.,
838 1130 1010 1184 usque
1039 1113 1109 1167 ad
1130 1110 1635 1183 justiﬁcationem.
1674 1111 1803 1181 (Id.,
1838 1110 1934 1166 lib.
1968 1125 2032 1165 III

388 1200 461 1258 ad
486 1200 886 1267 Marcellinum,
918 1206 1061 1258 tom.
1094 1201 1184 1269 1X,
1220 1204 1369 1272 part.
1393 1218 1433 1268 ι,
1468 1198 1574 1255 col.
1612 1200 1713 1254 197
1731 1202 1787 1254 ct
1816 1198 1962 1271 seq.)

456 1289 747 1360 Absorpta
777 1296 864 1345 est
896 1307 1054 1345 mors
1084 1289 1144 1344 in
1172 1287 1557 1344 victoria.Ubi
1589 1292 1677 1343 est
1706 1305 1864 1344 mors
1894 1304 2031 1343 con-

389 1377 572 1433 tentio
603 1382 705 1433 tua
723 1378 861 1434 ?Ubi
891 1382 981 1433 est
1010 1395 1168 1439 mors
1199 1377 1440 1434 aculeus
1471 1381 1610 1434 tuus
1625 1376 1906 1433 ?Aculeus
1927 1394 2033 1432 au-

388 1469 508 1521 tem
541 1466 769 1535 mortis,
830 1470 1173 1539 peccatum:
1219 1467 1405 1522 virtus
1461 1484 1595 1522 vero
1649 1467 1871 1539 peccati
1919 1465 2029 1523 lex.

390 1555 636 1613 Mortem
659 1555 974 1629 signiﬁcari
999 1555 1248 1612 arbitror
1276 1556 1385 1612 hoc
1416 1555 2033 1623 loco,carnalem,etc.,

394 1658 561 1716 usque
580 1644 651 1700 ad
679 1644 929 1701 carnalis
991 1644 1292 1702 obruetur.
1323 1645 1452 1718 (Id.,
1503 1646 1598 1702 lib.
1634 1660 1841 1701 uxxxm
1871 1646 2031 1714 Quae-

390 1734 631 1788 stionum
661 1735 810 1789 Rom.
845 1735 933 1803 13,
963 1738 1105 1790 tom.
1130 1735 1224 1803 VI,
1257 1735 1367 1791 col.
1396 1735 1470 1789 79
1498 1740 1555 1790 et
1583 1738 1731 1806 seq.)

461 1821 748 1894 Absorpla
776 1827 866 1879 est
896 1840 1054 1881 more
1085 1824 1143 1880 in
1174 1823 1433 1881 victoria.
1458 1824 1566 1882 Ubi
1599 1828 1688 1881 est
1717 1840 1874 1880 mors
1906 1841 2036 1881 con~

390 1910 573 1967 tentio
602 1914 725 1978 tua,
757 1916 891 1981 etc.,
921 1929 1091 1986 usque
1117 1914 1187 1969 ad
1217 1913 1571 1970 sacriﬁcium
1600 1913 1867 1970 Domino.
1901 1914 2031 1984 (Id.,

394 2005 549 2055 tract.
578 2002 719 2071 psal.
750 2019 895 2069 LXIV,
929 2006 1072 2058 tom.
1106 2004 1202 2069 IV,
1234 2007 1384 2076 part.
1428 2021 1468 2068 ι,
1514 2002 1623 2059 col.
1663 2006 1769 2060 775
1800 2007 1856 2060 et
1885 2002 2032 2077 seq.)

464 2088 628 2145 Tunc
640 2089 739 2145 ﬁet
758 2090 902 2147 :Non
918 2092 1090 2148 modo
1106 2093 1299 2161 ﬁt,sed
1312 2096 1452 2148 tunc
1468 2092 1739 2158 ﬁet.0uid
1752 2097 1892 2150 tune
1909 2094 2035 2148 ﬁet?

393 2176 617 2247 Sermo,
645 2182 780 2246 etc.,
811 2196 983 2253 usque
1009 2181 1080 2237 ad
1105 2182 1385 2237 victorem
1415 2182 2031 2255 coronavit.(Id.,serm.

389 2265 456 2322 de
485 2283 595 2323 ver.
632 2270 880 2340 Apostoli
905 2271 1143 2339 68,tom.
1180 2269 1246 2340 V,
1269 2274 1420 2343 part.
1454 2289 1515 2340 ιι,
1549 2271 1769 2328 col.893
1800 2276 1857 2329 et
1886 2271 2033 2345 seq.)

463 2356 731 2413 Stimulus
770 2366 955 2415 autem
996 2361 1188 2417 mortis
1241 2369 1523 2431 peccatum
1568 2369 1670 2428 est,
1706 2363 1881 2417 virtus
1910 2378 2035 2418 vero

389 2447 599 2517 peccati
626 2447 736 2503 lex.
787 2447 1042 2504 Aculeus
1088 2448 1294 2506 mortis
1343 2452 1647 2521 peccatum
1696 2454 1803 2507 est.
1856 2450 2035 2522 Cujus

394 2535 708 2607 punctione
736 2536 890 2593 facta
919 2541 1008 2593 est
1039 2554 1218 2593 mors.
1251 2538 1560 2596 Peccatum
1587 2540 1915 2612 quasi,etc.,
1948 2557 2036 2596 us-

392 2639 497 2696 que
543 2624 614 2682 ad
643 2642 749 2682 nec
777 2627 1026 2699 possint.
1060 2627 1193 2700 (Id.,
1221 2644 1386 2684 serm.
1416 2626 1482 2684 de
1522 2631 1669 2685 verb.
1701 2631 1948 2701 Apostoli
1978 2631 2039 2685 in

389 2728 513 2787 cap.
543 2714 580 2771 5
600 2717 836 2788 positis.)

465 2802 776 2875 Apostolus
806 2823 941 2862 cum
973 2805 1142 2863 vellet
1170 2807 1476 2863 ostendere
1516 2810 1804 2880 quantum
1835 2825 2038 2881 pecca-

395 2892 522 2947 tum
552 2893 760 2966 gratia,
792 2898 926 2962 etc.,
956 2913 1130 2969 usque
1166 2896 1236 2952 ad
1283 2896 1411 2969 ipsa
1458 2897 1869 2954 contemnitur
1901 2898 2036 2969 (Id.,

394 2979 496 3036 tib.
528 2999 628 3038 xm
658 2983 723 3039 de
748 2986 867 3042 Civ.
899 2987 1024 3055 Dei,
1056 2989 1199 3042 tom.
1225 2986 1346 3055 VII,
1379 2985 1491 3044 col.
1522 2987 1672 3058 380.)

465 3070 724 3144 Augetur
752 3072 909 3128 enim
957 3073 1451 3147 concupiscentia,
1490 3079 1547 3130 et
1598 3077 1872 3147 majores,
1905 3079 2039 3144 etc.,

394 3174 565 3230 usque
592 3161 663 3215 ad
690 3162 1043 3232 adjuvantis.
1070 3165 1203 3234 (Id.,
1234 3165 1311 3218 lib
1337 3165 1402 3220 de
1450 3164 1632 3221 Gratia
1664 3173 1718 3221 et
1748 3167 1918 3223 libero
1946 3184 2036 3222 ar-

396 3248 581 3304 bitrio.
616 3253 759 3305 tom.
787 3250 855 3319 X,
887 3254 1036 3322 part.
1070 3270 1109 3321 1,
1142 3252 1253 3309 col.
1285 3253 1433 3325 887.)
1784 3308 1803 3319 κ

464 3336 569 3392 Deo
588 3346 770 3393 autem
815 3342 1027 3408 gratias
1073 3343 1170 3411 qui
1214 3341 1360 3397 dedit
1413 3342 1568 3398 nobis
1623 3343 1906 3399 victoriam
1937 3361 2038 3414 per

390 3423 573 3481 Iesum
602 3424 943 3484 Christinum
970 3431 1270 3487 Dominum
1296 3438 1566 3488 nostrum.
1601 3430 1885 3489 Conﬁdite
1909 3449 2035 3505 :ego

2144 571 2205 627 in
2237 570 2354 628 illo.
2387 570 2513 626 Non
2547 570 2702 625 enim
2726 568 2961 626 vicisset
2987 567 3085 625 ille
3113 569 3412 638 mundum,
3438 574 3562 636 etc.,
3583 588 3727 645 usque

2142 661 2211 716 ad
2231 677 2336 732 ego
2366 658 2476 715 vici
2506 660 2797 717 mundum
2822 658 2953 728 (Id.,
3005 659 3102 726 lib,
3151 657 3214 715 de
3258 659 3475 729 Perfeci.
3503 660 3631 732 justi
3655 662 3729 718 ho-

2139 751 2332 819 minis,
2364 756 2522 805 tract.
2554 765 2745 818 evang.
2776 764 2880 804 sec.
2912 749 3070 805 Joan.
3104 747 3163 819 l.)

2753 845 2984 903 CAPUT
3019 845 3160 902 XVI.

2214 933 2298 986 De
2324 928 2560 985 collectis
2583 934 2763 984 autem
2795 942 2918 998 qua
2944 927 3085 998 ﬁunt
3116 928 3174 982 in
3202 934 3424 994 sanctos,
3454 928 3584 985 sicut
3607 928 3732 985 ordi-

2140 1019 2271 1074 navi
2298 1017 2541 1075 ecclesiis
2555 1015 2886 1083 Galatiae,ita
2917 1023 2969 1071 et
2997 1031 3088 1071 vos
3116 1016 3314 1087 facile:
3330 1031 3426 1087 per
3450 1032 3608 1071 unam
3630 1016 3733 1073 sab-

2144 1109 2256 1163 bati
2282 1108 2659 1179 unusquisque
2679 1114 2913 1161 vestrum
2942 1105 3087 1177 apud
3101 1121 3159 1160 se
3169 1107 3658 1176 ponat,etc.,usque
3676 1105 3737 1162 ad

2140 1200 2193 1257 si
2218 1198 2481 1254 Dominus
2508 1197 2836 1268 permiserit.
2870 1195 2940 1250 Et
2993 1192 3293 1266 apostolus
3349 1192 3552 1251 Paulus
3575 1197 3739 1267 potest

2140 1285 2323 1342 videri
2357 1286 2429 1341 de
2459 1284 2715 1341 crastino
2746 1283 3160 1357 cogiture,ctc.,
3189 1298 3357 1356 usque
3375 1281 3442 1341 ad
3468 1286 3553 1340 est
3574 1280 3737 1339 nobis.

2142 1376 2222 1450 (S.
2255 1379 2425 1449 Aug..
2452 1375 2548 1436 lib,
2575 1375 2639 1430 dc
2668 1375 2841 1430 Serm.
2894 1373 3116 1430 Domini
3172 1374 3235 1430 in.
3278 1378 3468 1440 monte,
3499 1375 3628 1427 tom.
3654 1370 3739 1436 IIl,

2142 1469 2290 1541 part.
2320 1482 2360 1531 I,
2393 1463 2503 1522 col.
2538 1463 2722 1535 I295.)

2211 1553 2546 1611 Permanebo
2590 1561 2773 1610 autem
2822 1552 3020 1624 Ephesi
3065 1567 3238 1624 usque
3281 1550 3350 1608 ad
3393 1551 3740 1607 Pentecostem.

2144 1644 2352 1701 Ostium
2379 1645 2529 1699 enim
2556 1644 2699 1699 mihi
2745 1650 2993 1714 apertum
3035 1649 3117 1698 est
3141 1657 3421 1714 magnum,
3447 1647 3496 1696 et
3520 1638 3746 1699 avidam:

2140 1742 2192 1793 et
2219 1733 2527 1789 adversarii
2555 1732 2737 1788 multi.
2765 1732 2827 1790 Si
2856 1738 3039 1788 autem
3064 1732 3274 1787 venerit
3303 1729 3614 1796 Timotheus,
3633 1730 3746 1795 etc.,

2142 1837 2330 1893 usque
2361 1820 2432 1875 ad
2462 1836 2586 1875 cum
2604 1820 2658 1876 ei
2686 1835 2920 1875 vacuum
2934 1817 3280 1890 fuerit.Quid
3302 1816 3395 1875 hic
3417 1815 3567 1874 aliud
3588 1818 3750 1888 potest

2144 1909 2414 1983 intelligi,
2446 1911 2581 1979 etc.,
2611 1924 2780 1980 usque
2821 1908 2892 1963 ad
2916 1924 3030 1963 non
3060 1910 3152 1964 est
3178 1908 3401 1965 datum.
3434 1905 3556 1978 (Id.,
3586 1905 3672 1962 lib.
3695 1903 3750 1959 de

2140 1998 2379 2058 Prwdes.
2408 2006 2580 2055 sanet.
2612 2001 2755 2055 tom.
2787 1996 2853 2066 X,
2887 2001 3036 2069 part.
3068 2015 3110 2064 ι,
3133 1996 3244 2054 col.
3275 1997 3383 2055 989
3407 1998 3464 2053 et
3493 1997 3628 2066 seq.)

2218 2088 2496 2159 Vigilitate
2521 2095 2573 2144 et
2599 2095 2738 2143 state
2758 2088 2820 2143 in
2838 2085 2945 2160 ﬁde
2968 2087 3212 2144 viriliter
3240 2087 3404 2156 agite,
3433 2092 3483 2143 et
3509 2082 3750 2153 conforta-

2142 2180 2304 2234 mini.
2335 2174 2595 2233 Viriliter
2625 2193 2761 2249 age:
2796 2176 2916 2232 noli
2962 2175 3241 2232 dissolvi:
3275 2190 3348 2230 ne
3392 2173 3471 2230 sis
3500 2171 3642 2229 inter
3666 2185 3750 2227 eos

2145 2267 2361 2340 quibus
2390 2266 2607 2322 dicitur
2633 2282 2645 2322 :
2679 2265 2776 2321 Va:
2805 2264 2878 2321 iis
2903 2265 3003 2338 qui
3029 2264 3429 2338 perdiderunt,
3458 2265 3584 2328 etc.,
3605 2273 3751 2330 usque

2143 2358 2213 2413 ad
2242 2356 2460 2413 femina
2487 2359 2594 2413 est.
2628 2355 2758 2428 (Id.,
2790 2363 2947 2412 tract.
2966 2356 3112 2428 psal.
3143 2371 3336 2423 xxxvx,
3369 2353 3555 2413 eceles.
3584 2353 3662 2419 ιι.)

2218 2447 2415 2503 Omnia
2443 2454 2622 2503 vestra
2670 2447 2726 2500 in
2775 2446 3041 2503 charitcte
3068 2446 3224 2517 ﬁant,
3248 2446 3460 2501 obsecro
3488 2448 3654 2498 autem
3678 2452 3752 2494 vos

2142 2538 2362 2608 fratres,
2409 2537 2585 2592 nostis
2632 2535 2853 2591 domum
2908 2534 3218 2609 Stephants,
3275 2542 3328 2590 et
3378 2528 3664 2594 Fortunati,
3711 2533 3753 2613 et

2144 2626 2391 2693 Achaici,
2425 2625 2686 2697 quoniam
2713 2631 2842 2682 sunt
2866 2625 3146 2696 primitur
3193 2623 3480 2681 Achaica:
3509 2626 3558 2676 et
3586 2620 3643 2673 in
3665 2616 3755 2671 mi-

2145 2716 2439 2773 nisterium
2464 2721 2799 2777 sanctorum,
2840 2717 2974 2780 etc.,
3009 2729 3200 2785 usque
3246 2712 3324 2770 ad
3371 2708 3632 2768 Salutatio
3655 2718 3761 2761 mea

2145 2823 2316 2861 manu
2345 2805 2531 2861 Pauli.
2568 2802 2713 2860 Cum
2758 2801 2934 2859 dicit:
2969 2802 3180 2859 Omnia
3225 2804 3427 2858 vestra
3475 2808 3604 2856 cum
3645 2791 3763 2850 cha-

2149 2894 2318 2953 ritate
2348 2894 2512 2960 ﬁant,
2545 2896 2679 2961 etc.,
2726 2908 2900 2964 usque
2953 2891 3025 2948 ad
3069 2887 3531 2964 operatur.(1d.,
3572 2883 3663 2941 lib.
3711 2878 3763 2934 de

2149 2986 2342 3042 Gratia
2369 2991 2422 3040 et
2451 2983 2551 3039 lib.
2582 2983 2769 3051 arbiL,
2801 2986 2945 3037 tom.
2979 2981 3046 3047 Χ,
3078 2984 3229 3054 part.
3265 2998 3310 3049 1,
3333 2979 3441 3035 col.
3474 2975 3651 3046 902)

2220 3077 2284 3132 Si
2311 3075 2433 3147 quis
2464 3089 2576 3129 non
2605 3080 2753 3128 amat
2805 3072 3107 3127 Dominum
3148 3077 3407 3125 nostrum
3430 3072 3613 3125 Iesum
3638 3059 3766 3117 Chri~

2148 3174 2333 3222 stum:
2380 3165 2454 3219 sit
2497 3162 2809 3227 anathema,
2861 3163 2996 3227 etc.,
3048 3175 3236 3232 usque
3291 3157 3364 3214 ad
3423 3149 3764 3213 Cluistolesu,

2069 3230 2113 3297 θ
2152 3254 2338 3309 Amen.
2373 3250 2560 3308 Simul
2585 3250 2779 3305 Grazco
2803 3253 2857 3304 et
2888 3248 3031 3321 Syro
3062 3230 3246 3303 utitur
3264 3247 3464 3312 verbo,
3495 3247 3769 3311 etc.,usquc

2144 3344 2215 3399 ad
2245 3342 2533 3398 Dominus
2562 3340 2778 3395 redeat.
2804 3338 2934 3410 (Id.,
2964 3335 3522 3393 serm.altercationis
3547 3327 3765 3388 cmPa-

2144 3432 2345 3488 scentio
2373 3431 2601 3499 Ariona,
2633 3431 2778 3483 tom.
2812 3426 2882 3494 II,
2916 3424 3025 3482 col.
3053 3424 3234 3497 1161.)

3157 3539 3769 3569 mm...

1134 3659 1238 3743 ΙΝ
1301 3658 1945 3747 EPISTOLAM
1996 3658 2071 3744 ΙΙ
2126 3659 2270 3745 AD
2328 3653 3056 3744 COBINTHIOS.

950 3861 1474 3947 ABGUMENII‘UM.

461 3946 599 4003 Post
627 3951 818 4004 actam
849 3965 884 4005 a
912 3948 1226 4008 Corinthiis
1273 3946 1678 4025 paenitentiam
1710 3950 2035 4008 consolato-

390 4033 538 4091 riam
570 4035 775 4093 scribit
802 4036 888 4095 eis
916 4038 1225 4111 epistolam
1274 4039 1576 4113 apostolus
1620 4057 1655 4096 a
1679 4040 1902 4096 Troade
1934 4056 2037 4113 per

392 4124 719 4194 Titum;et
761 4127 1106 4185 collaudans
1153 4146 1275 4196 eos,
1325 4129 1597 4186 hortatur
1652 4129 1724 4184 ad
1768 4128 2034 4199 meliora,

390 4212 764 4270 contristatos
794 4214 1033 4288 quidem
1060 4217 1291 4285 eos,sed
1323 4218 1666 4274 emendatos
1697 4217 2032 4275 ostendens.

918 4314 1150 4371 CAPUT
1190 4315 1499 4373 PRIMUM.

2214 3859 2576 3919 Exultabunt
2630 3857 2818 3915 sancti
2866 3856 2929 3914 in
2978 3857 3187 3932 gloria,
3246 3856 3624 3920 laetabuntur,
3675 3850 3766 3904 etc.

2143 3950 2270 4008 Non
2301 3950 2362 4006 in
2391 3948 2660 4017 theatris,
2689 3951 2822 4016 etc.,
2855 3963 3022 4020 usque
3050 3947 3121 4004 ad
3147 3944 3468 4004 inchoavit.
3496 3939 3766 4017 (Id.,traat.

2139 4040 2282 4112 psal.
2317 4055 2499 4106 cxux,
2534 4041 2676 4095 tom.
2711 4037 2775 4104 V,
2808 4040 2959 4109 part.
2994 4053 3034 4106 ι,
3063 4034 3176 4092 col.
3211 4035 3401 4105 1955.)

2214 4127 2510 4196 Νθωοζθει
2534 4123 2765 4181 diabolo
2794 4124 3044 4181 astutior
3089 4124 3161 4179 ad
3208 4124 3535 4196 ﬁgendum.
3562 4119 3699 4179 Nam
3723 4115 3771 4171 οἱ

2144 4233 2302 4273 nunc
2324 4216 2525 4274 omnia
2553 4213 2702 4273 falsa
2720 4214 2968 4272 crimina
2987 4214 3060 4270 de
3078 4213 3309 4271 sanctis
3339 4214 3464 4286 ipse
3494 4203 3768 4277 conﬁngit.

2144 4306 2257 4362 scit
2284 4321 2424 4362 suas
2454 4303 2916 4370 criminationes,
2948 4306 3084 4371 etc.,
3128 4316 3299 4374 usque
3349 4302 3423 4360 ad
3469 4294 3770 4369 adhuplew

462 4393 669 4449 Paulus
696 4395 972 4464 apostolus
1002 4394 1206 4451 Christi
1248 4398 1374 4453 Jesu
1409 4412 1510 4468 per
1554 4397 1887 4452 voluntatem
1913 4395 2032 4466 Dei,
2063 4396 2111 4461 D
2142 4397 2299 4450 sunt.
2333 4393 2465 4462 (Id.,
2498 4409 2605 4448 ser.
2638 4393 2704 4448 de
2731 4408 2848 4448 ver.
2882 4392 3110 4463 Evang.,
3144 4392 3241 4448 lib.
3272 4401 3454 4452 con-tr.
3481 4386 3681 4453 Faust.)

387 4488 439 4538 et
471 4483 774 4540 Timotheus
794 4485 971 4555 frater
1011 4485 1256 4542 ecclesiae
1303 4486 1419 4552 Dei,
1469 4499 1594 4556 quae
1638 4492 1717 4540 est
1762 4486 2032 4551 Corinthi,

388 4587 512 4628 cum
535 4572 782 4629 omnibus
809 4575 1035 4645 sanctis,
1065 4575 1165 4646 qui
1217 4580 1347 4630 sunt
1381 4575 1443 4629 in
1497 4574 1757 4630 universa
1803 4573 2032 4630 Achaia.

392 4658 580 4715 Gratia
609 4662 759 4717 vobis
787 4669 839 4717 et
862 4679 996 4734 pax,
1037 4680 1075 4718 a
1116 4664 1224 4720 Deo
1264 4670 1424 4735 patre
1474 4669 1676 4729 nostra,
1707 4670 1758 4718 ει
1808 4663 2034 4719 Domino

388 4751 519 4805 Jesu
549 4748 778 4806 Christo.
823 4750 1138 4808 Benedictus
1164 4752 1328 4821 Deus,
1378 4760 1430 4808 et
1468 4759 1645 4824 pater,
1679 4755 1813 4821 etc.,
1847 4768 2035 4825 usque

391 4853 457 4892 ae
484 4846 638 4894 utea:
664 4839 970 4896 multarum
994 4843 1243 4912 personis
1259 4844 1534 4914 facierum
1562 4842 1680 4914 ejus
1708 4856 1835 4913 qua
1863 4843 1920 4898 in
1938 4857 2035 4898 no-

392 4926 476 4981 bis
504 4933 588 4982 est
631 4927 943 4984 donationis
991 4944 1094 5000 per
1137 4931 1337 4987 multos
1392 4933 1601 5004 gratia:
1654 4938 1895 5000 agantur
1931 4946 2033 5003 pro

389 5016 566 5071 nobis.
599 5016 771 5071 Amat
808 5015 1023 5073 Paulus
1070 5016 1184 5074 dici
1215 5035 1251 5073 a
1303 5019 1473 5076 nobis
1531 5022 1771 5093 peccata
1790 5034 1934 5074 sua:
1970 5022 2036 5075 ut

387 5103 746 5177 gloriﬁcatur
772 5103 889 5176 ille,
922 5122 1092 5179 usque
1118 5108 1190 5164 ad
1219 5111 1423 5165 sanata
1452 5113 1560 5165 est.
1587 5108 1668 5181 (S.
1700 5109 2030 5180 Aug.,tract.

387 5195 541 5267 epist.
572 5197 729 5253 Joan.
758 5199 901 5252 tom.
937 5197 1038 5265 Ill,
1072 5201 1220 5270 part.
1253 5212 1316 5267 η,
1352 5197 1459 5253 col.
1490 5197 1676 5268 2037.)

459 5286 594 5342 Nam
621 5285 879 5355 gloriatio
910 5294 1097 5343 nostra
1121 5288 1240 5344 haec
1259 5294 1335 5343 est
1365 5287 1735 5342 testimonium
1761 5288 2034 5343 conscien-

390 5377 487 5433 tiae
515 5383 738 5442 nostrae,
771 5375 912 5447 quod
939 5377 1001 5431 in
1036 5376 1386 5446 simplicitate
1423 5373 1602 5430 cordis
1645 5381 1696 5430 et
1724 5376 2038 5431 sinceritate

390 5465 505 5528 Dei,
539 5468 865 5537 etc.,usque
897 5464 970 5520 ad
992 5464 1086 5520 sed
1114 5471 1191 5520 est
1218 5465 1278 5518 in
1310 5463 1407 5519 illo
1435 5470 1529 5518 est.
1547 5462 1808 5535 Superba
1839 5464 2038 5521 anima

388 5553 447 5607 in
463 5551 1643 5629 conspectuhominum,etc.,usqueadipsa
1654 5552 2031 5611 conscientia.

389 5642 525 5714 (Id.,
558 5650 714 5701 tract.
742 5643 1139 5716 psat_xx,tom.
1160 5638 1255 5712 IV,
1289 5644 1436 5715 part.
1468 5658 1510 5715 1,
1541 5640 1653 5698 col.
1683 5641 1788 5699 164
1810 5644 1868 5697 et
1887 5644 2037 5715 seq.)

2214 4484 2329 4539 Nec
2356 4499 2456 4540 eos
2484 4481 2796 4539 audiamus
2827 4480 2927 4554 qui
2956 4498 3071 4539 non
3101 4498 3305 4539 verum
3338 4474 3768 4541 hominem.”-

2142 4588 2316 4645 usque
2356 4571 2432 4628 ad
2476 4570 2858 4629 mentiantur.
2890 4571 3022 4642 (Id.,
3052 4571 3154 4629 lib.
3211 4570 3278 4631 de
3326 4571 3514 4641 Agaue
3568 4563 3770 4624 Christ“
3872 4598 3879 4607 ι

2143 4665 2288 4719 tom.
2317 4661 2413 4729 VI,
2445 4660 2557 4717 col.
2589 4661 2696 4718 300
2724 4665 2783 4718 et
2813 4663 2958 4734 seq.)

2213 4750 2428 4807 Omnes
2460 4748 2616 4806 enim
2646 4749 3068 4822 promissiones
3099 4748 3220 4817 Dei,
3255 4749 3316 4806 in
3349 4748 3454 4805 illo
3485 4748 3575 4807 est
3594 4741 3670 4801 :id
3699 4740 3778 4797 est

2144 4838 2204 4895 in
2237 4837 2361 4906 illo,
2391 4842 2527 4908 etc.,
2567 4854 2739 4911 usque
2786 4838 2857 4895 ad
2884 4838 2959 4894 ad
2980 4841 3036 4895 te
3062 4837 3239 4896 Deus.
3267 4838 3471 4908 (Ibid.,
3502 4832 3613 4891 col.
3641 4825 3774 4895 296.)

2212 4927 2427 4985 Notum
2448 4943 2587 5000 ergo
2616 4927 2826 4985 fratres
2855 4926 3213 4985 desiderium
3241 4931 3521 4986 nostrum
3550 4937 3663 4982 non
3691 4914 3778 4984 θίιι

2144 5014 2258 5071 nisi
2290 5015 2364 5070 ad
2383 5015 2564 5073 vitam
2596 5019 3035 5086 aeternam,etc.,
3053 5032 3221 5088 usque
3241 5015 3311 5075 ad
3339 5014 3462 5075 alet
3488 5014 3552 5071 in
3582 5005 3776 5084 patria.

2142 5104 2275 5175 (Id.,
2305 5121 2470 5162 serm.
2502 5104 2569 5161 de
2592 5121 2702 5161 ver.
2736 5106 2946 5177 Apost.)

2799 5202 3029 5259 CAPUT
3064 5202 3135 5260 II.

2211 5283 2396 5340 Statui
2439 5289 2617 5338 autem
2669 5282 2767 5340 hoc
2814 5285 2993 5356 ipsum
3028 5282 3176 5356 apud
3214 5297 3436 5344 meum
3483 5283 3681 5339 iterum
3725 5275 3779 5330 in

2144 5373 2371 5430 tristitia
2398 5371 2640 5427 venirem
2670 5371 2741 5427 ad
2767 5388 2878 5441 vos,
2908 5375 2962 5429 si
2989 5375 3138 5432 enim
3164 5389 3261 5442 ego
3308 5371 3573 5430 eontriste
3601 5383 3708 5432 vos,
3735 5369 3781 5417 ει

2143 5464 2266 5536 quis
2294 5469 2372 5517 est
2403 5461 2500 5533 qui
2515 5475 2601 5516 me
2633 5460 2885 5532 laetiﬁeet,
2915 5464 3031 5519 nisi
3055 5464 3154 5534 qui
3179 5462 3542 5521 contristatur
3567 5473 3639 5515 ea:
3661 5453 3780 5510 me?

2143 5554 2208 5609 Et
2236 5552 2333 5607 hoc
2362 5552 2541 5623 ipsum
2559 5551 2757 5622 scripsi
2779 5552 2950 5620 vobis,
2985 5554 3118 5620 etc.,
3151 5567 3339 5624 usque
3367 5548 3447 5606 ad
3471 5547 3567 5604 sed
3592 5543 3786 5614 valefa-

2142 5656 2290 5699 czens
2316 5641 2417 5710 eis,
2443 5641 2720 5713 profectus
2747 5657 2873 5699 sum
2910 5643 2972 5701 in
3016 5640 3416 5705 Macedonians.
3448 5635 3679 5705 Quibus
3700 5645 3793 5688 va-
