3914 6166
186 344 280 408 353

930 336 1344 400 EXPOSITIO
1392 334 1471 398 IN
1514 328 1687 396 EPP.
1734 332 1991 397 PAULI.
2025 366 2103 378 -—
2138 334 2264 395 EP.
2308 332 2389 394 II.
2438 334 2539 394 AD
2585 333 2762 397 CILR.

3420 337 3541 398 εει

186 472 373 532 lelecit?
388 474 523 541 etc.,
541 484 716 541 usque
741 468 813 525 ad
840 472 1108 541 apertum
1136 472 1229 525 est
1251 466 1489 524 ostium.
1511 468 1781 539 (S.Aug.,
1814 468 1866 533 Α
1895 468 2104 531 teram,
2148 470 2284 528 etc.,
2333 481 2501 537 usque
2556 464 2629 520 ad
2675 464 2799 522 sint
2857 463 3031 521 mala.
3062 465 3197 539 (Id.,
3228 465 3330 523 lib.
3365 478 3538 528 contr.

185 567 263 622 lib.
288 558 543 619 chrwd.
574 565 771 627 sanet,
805 561 945 613 tom.
979 555 1045 626 X,
1077 560 1230 630 part.
1260 575 1299 626 1,
1331 556 1439 613 col.
1467 556 1619 623 090.)

236 652 324 708 Deo
347 656 522 705 autem
550 648 784 717 gratias,
814 648 912 719 qui
955 660 1163 719 semper
1217 645 1525 719 triumphat
1581 660 1679 701 nos
1728 646 1787 700 in

183 742 368 800 Christo
401 740 528 795 Iesu
556 756 576 792 :
606 744 660 793 et
713 736 929 793 odorem
984 737 1221 805 notitiae,
1271 740 1405 804 etc.,
1464 750 1654 807 usque
1711 734 1784 789 ad

179 831 357 889 Christo
382 828 677 900 loquimur.
696 826 841 881 Ecce
869 826 1026 881 unde
1046 824 1268 897 gratias
1290 824 1410 897 agit
1430 822 1599 880 miles
1629 839 1787 879 acer-

181 920 352 984 rimus,
382 921 516 987 etc.,
547 930 721 987 usque
761 914 832 970 ad
871 914 1138 970 idoneus.
1174 914 1306 985 (Id.,
1342 913 1500 981 ibid.,
1534 916 1676 969 tom.
1713 916 1783 980 X,

180 1012 299 1083 part.
326 1023 363 1073 1,
394 1005 501 1062 col.
536 1005 689 1075 990.)

235 1097 430 1154 Domus
452 1098 649 1150 autem
675 1089 894 1165 repleta
915 1096 1005 1149 est
1021 1092 1221 1159 odore,
1243 1097 1378 1158 etc.,
1400 1108 1568 1166 usque
1598 1092 1667 1147 ad
1687 1107 1785 1147 oc-

88 1240 93 1243 .
179 1186 292 1243 cidit
317 1185 502 1241 bonus
530 1183 694 1240 odor.
724 1181 861 1255 (Id.,
885 1188 1040 1238 tract.
1075 1199 1128 1240 ω
1155 1183 1216 1237 in
1244 1198 1437 1252 evang.
1468 1196 1573 1238 sec.
1603 1182 1784 1248 Joan.,

179 1281 292 1332 tom.
320 1276 414 1340 III,
447 1274 600 1346 part.
630 1289 692 1343 ιι,
723 1270 832 1327 col.
870 1271 1009 1326 1760
1039 1274 1095 1327 et
1123 1274 1274 1344 seq.)

232 1364 432 1420 Habeat
463 1360 676 1434 aliquis
708 1376 921 1417 sanum
950 1360 1252 1430 olfactum,
1287 1360 1612 1416 consentiat
1643 1376 1786 1433 quo-

178 1452 339 1521 modo,
369 1456 504 1520 etc.,
535 1467 707 1523 usque
752 1449 824 1506 ad
873 1450 1254 1523 respiramus.
1289 1451 1419 1522 (Id.,
1455 1457 1611 1506 tract.
1639 1451 1783 1522 psal.

175 1560 348 1608 xxxv",
380 1545 526 1596 tom.
560 1539 654 1606 IV,
689 1544 837 1613 part.
870 1557 934 1608 1|,
965 1538 1074 1595 col.
1108 1540 1257 1608 401.)

228 1631 351 1687 Inde
377 1631 570 1686 bonus
596 1629 744 1685 odor
770 1628 873 1701 qui
898 1627 1267 1702 signiﬁcatur
1296 1628 1617 1685 nominatis
1657 1627 1787 1701 qui-

171 1720 406 1790 busdam,
446 1723 582 1787 etc.,
615 1734 786 1791 usque
813 1718 883 1773 ad
913 1718 1066 1773 bono
1097 1718 1292 1773 odore.
1316 1718 1622 1786 (Id.,tract.
1641 1719 1785 1790 psal.

170 1827 275 1876 xw,
303 1815 442 1866 tom.
481 1808 576 1876 IV,
610 1811 759 1881 part.
794 1825 871 1875 1v,
905 1805 1015 1862 col.
1042 1808 1150 1863 507
1177 1812 1236 1862 et
1266 1810 1415 1879 seq.)

226 1898 359 1955 Dicit
404 1898 543 1971 ipsa
594 1896 898 1953 dominica
954 1912 1171 1968 sponsa
1202 1912 1216 1951 :
1249 1895 1385 1952 Post
1412 1896 1649 1952 odorem
1680 1913 1788 1951 un-

170 1992 512 2061 guentorum,
547 1989 681 2055 etc.,
704 2002 874 2059 usque
903 1987 974 2042 ad
994 1985 1454 2041 diffundebatur.
1477 1986 1787 2055 (Id.,serm.

173 2081 218 2134 in
241 2078 407 2133 natali
432 2083 628 2144 mart.,
660 2080 802 2133 tom.
836 2080 906 2145 V,
941 2078 1092 2148 part.
1127 2091 1166 2140 1,
1194 2074 1310 2130 col.
1345 2074 1528 2146 1250.)

228 2167 404 2223 Bonus
433 2166 585 2222 odor
614 2164 825 2222 Christi
858 2170 949 2221 est
978 2164 1332 2237 praedicatio,
1354 2168 1495 2231 etc.,
1525 2179 1693 2237 usque
1721 2163 1789 2219 ad

170 2257 217 2311 in
245 2255 504 2313 salutem.
544 2252 672 2326 (Id.,
707 2253 804 2310 lib.
838 2253 983 2309 Sent.
1016 2254 1290 2326 Prosperi,
1325 2253 1787 2325 tom.X,part.1I,

166 2344 258 2400 col.
288 2344 464 2416 1891.)

783 2430 1015 2488 CAPUT
1055 2431 1149 2487 ΙΙΙ.

224 2524 512 2594 Incipimus
571 2523 769 2577 iterum
823 2522 1176 2593 nosmetipsos
1231 2519 1652 2576 commendare?
1687 2522 1792 2576 Aut

164 2612 388 2685 nunquid
409 2627 637 2681 egemus
664 2611 807 2666 sicut
825 2609 1052 2681 quidam
1079 2610 1535 2666 comnwndatitiis
1555 2612 1793 2683 epistolis

162 2700 221 2756 ad
242 2717 344 2769 vos,
377 2708 473 2757 aut
504 2715 580 2759 ex
605 2700 756 2756 vobis
774 2701 803 2753 ?
830 2698 1072 2770 Epistola
1114 2706 1307 2754 nostra
1354 2715 1447 2756 vos
1474 2701 1625 2769 estis,
1656 2704 1790 2767 etc.,

164 2806 326 2862 usque
336 2789 406 2845 ad
418 2788 949 2846 cordiscamalibus.
958 2788 1065 2843 Per
1078 2787 1260 2843 Ezech
1269 2787 1433 2844 ielem
1448 2787 1791 2861 prophetam

162 2878 417 2935 Dominus
439 2877 616 2943 dixit,
632 2880 698 2933 et
718 2877 888 2946 dabo,
906 2881 1039 2943 etc.,
1062 2892 1233 2949 usque
1254 2877 1323 2932 ad
1348 2876 1790 2933 medicinaliter.

162 2969 229 3036 (S.
245 2974 411 3041 Aug.,
435 2967 541 3024 lib.
567 2984 628 3022 ιιι
651 2966 717 3023 de
735 2966 1102 3031 Doct.christ.,
1126 2970 1170 3021 t.
1196 2964 1288 3035 III,
1312 2969 1460 3037 part.
1485 2983 1523 3032 1,
1546 2964 1655 3021 col.
1675 2966 1794 3034 85.)

218 3056 463 3129 Spiritus
496 3054 605 3113 Dei
635 3056 807 3126 cujus
837 3055 990 3110 dono
1009 3053 1430 3126 justificamur,
1462 3057 1596 3119 etc.,
1626 3070 1797 3126 usque

160 3145 218 3201 ad
234 3145 350 3201 sine
369 3162 558 3203 sensu
586 3148 693 3201 est.
719 3141 1227 3217 (Id.,tom.X,part.
1243 3161 1282 3209 1,
1306 3140 1416 3198 col.
1439 3144 1545 3197 2l8
1566 3146 1623 3198 et
1643 3146 1795 3215 seq.)

221 3234 353 3289 Novi
383 3233 755 3291 Testamenti
785 3231 1042 3287 charitas
1073 3231 1259 3303 legem
1292 3230 1448 3300 facit,
1473 3236 1605 3297 etc.,
1625 3248 1795 3305 usque

158 3320 488 3396 udgratiam
527 3320 651 3379 Dei.
682 3320 815 3391 (Id.,
868 3321 965 3376 lib.
1017 3321 1217 3389 Quaest.
1272 3323 1415 3376 Fxo.
1478 3322 1562 3377 tit.
1610 3338 1792 3390 cxnvr,

162 3418 288 3467 tom.
320 3416 420 3481 III,
453 3415 614 3486 part.
647 3427 688 3478 1,
720 3408 830 3466 col.
862 3409 969 3465 653
996 3412 1055 3465 et
1078 3409 1225 3482 seq.)

222 3502 493 3558 Auferam
528 3500 604 3556 ab
636 3499 721 3556 eis
769 3516 869 3555 cor
911 3497 1230 3571 lapideum,
1263 3501 1321 3554 et
1348 3498 1500 3555 dabo
1524 3499 1628 3568 eis,
1661 3504 1794 3567 etc.,

156 3605 310 3662 usque
332 3590 408 3648 ad
426 3588 839 3647 inflexibilem.
864 3576 1173 3660 (Id.,libde
1189 3586 1398 3644 Grat.et
1416 3588 1584 3645 libero
1605 3591 1795 3662 arbit,

158 3682 285 3736 tom.
310 3680 379 3748 Χ,
412 3684 575 3755 part.
608 3693 649 3747 1,
683 3677 791 3735 col.
822 3677 973 3749 898.)

219 3769 503 3826 Fiduciam
560 3776 743 3825 dum
788 3767 952 3824 talem
996 3766 1258 3823 habemus
1293 3783 1395 3840 per
1430 3767 1704 3843 Christum
1728 3767 1799 3823 ad

158 3857 326 3928 Deum,
356 3877 474 3917 non
505 3858 674 3931 quod,
706 3861 841 3925 etc.,
876 3872 1061 3928 usque
1089 3856 1161 3911 ad
1193 3856 1298 3913 Deo
1329 3865 1425 3913 est.
1452 3856 1796 3930 Vigilantis-

160 3944 288 4003 sime
312 3966 454 4005 cum
482 3947 761 4013 dixisset,
790 3945 1209 4002 conﬁdentiam
1242 3944 1440 4016 talem,
1475 3951 1606 4014 etc.,
1629 3963 1800 4020 usque

157 4035 218 4090 ad
240 4036 349 4095 Deo
381 4044 498 4095 est.
537 4037 671 4105 (Id.,
703 4037 800 4091 lib.
831 4035 896 4090 de
924 4036 1089 4106 Bapt.
1118 4034 1265 4107 par.)

217 4126 655 4183 Commendans
687 4124 860 4181 istam
883 4122 1130 4196 gratiam
1157 4140 1283 4195 quae
1307 4140 1421 4179 non
1447 4125 1638 4192 datur,
1663 4128 1794 4194 etc.,

151 4226 305 4287 usque
333 4216 406 4271 ad
430 4232 509 4272 ex
544 4214 683 4271 Deo.
718 4213 853 4285 (Id.,
886 4213 985 4269 lib.
1009 4211 1075 4268 de
1109 4213 1293 4270 Praed.
1325 4221 1496 4269 sanet.
1530 4217 1697 4282 tom.,
1730 4214 1795 4284 X,

158 4307 288 4373 part.
324 4323 361 4369 1,
395 4304 515 4362 col.
549 4303 658 4358 962
682 4306 740 4358 et
761 4304 914 4373 seq-3

216 4393 556 4467 Cogitantes
583 4391 901 4459 credimus,
943 4391 1267 4463 cogitantes
1311 4390 1629 4463 loquimur,
1662 4395 1799 4461 etc.,

150 4496 305 4553 usque
332 4482 406 4539 ad
428 4480 848 4557 cogitationes.
863 4479 1110 4553 (Id.,lib.
1126 4480 1190 4536 de
1207 4481 1352 4537 Bono
1366 4496 1561 4553 perse.,
1576 4480 1796 4552 tom.X,

156 4576 290 4642 part.
315 4586 379 4639 ιι,
413 4572 532 4629 col.
571 4570 730 4637 1023,
763 4584 922 4625 sensu
948 4568 1223 4641 mystico.)

217 4660 316 4728 Qui
342 4670 394 4717 et
424 4661 656 4718 idoneos
701 4675 800 4715 nos
846 4660 976 4730 fecit
1019 4659 1323 4726 ministros,
1355 4666 1477 4726 etc.,
1508 4676 1696 4732 usque
1727 4662 1798 4717 ad

158 4755 327 4805 autem
350 4749 636 4822 vioiﬁcat.
651 4746 982 4805 Cavendum
1005 4750 1095 4802 est
1119 4762 1191 4803 ne
1223 4747 1530 4820 ﬁguratam
1561 4746 1801 4806 locutio-

156 4850 274 4893 nem
296 4839 403 4907 ad,
436 4843 583 4905 etc.,
628 4853 801 4910 usque
845 4835 917 4891 ad
963 4834 1296 4909 religarent.
1348 4836 1481 4906 (Id.,
1513 4836 1611 4891 lib.
1645 4854 1704 4893 ιιι
1736 4837 1801 4894 de

160 4929 321 4983 Doctr.
356 4929 600 4996 Christ.,
631 4930 775 4983 tom.
804 4929 906 4993 III,
940 4928 1089 4998 part.
1119 4942 1159 4991 1,
1187 4924 1296 4981 col.
1324 4924 1442 4996 69.)

214 5014 315 5072 Ubi
346 5018 433 5073 ait
463 5014 822 5088 Apostolus:
847 5014 1064 5070 Littera
1094 5013 1325 5079 occidit,
1340 5013 1586 5086 spiritus
1603 5019 1799 5070 autem

154 5103 429 5163 viviﬁeat:
468 5122 591 5161 non
650 5104 827 5161 aliam
873 5102 1001 5159 vult
1057 5101 1305 5175 intelligi
1360 5102 1635 5174 litteram,
1665 5108 1797 5171 etc.,

153 5208 305 5265 usque
332 5196 406 5252 ad
439 5194 778 5252 revelanda.
810 5192 942 5264 (Id.,
979 5193 1077 5248 lib.
1108 5191 1174 5247 de
1218 5193 1426 5247 Littera
1471 5195 1528 5247 et
1572 5194 1799 5264 spiritu,

153 5281 281 5338 tom.
311 5282 382 5352 X,
416 5286 580 5357 part.
615 5301 651 5352 ι,
684 5284 793 5341 215
823 5286 880 5338 et
910 5282 1058 5353 seq.)

215 5371 343 5428 Cum
371 5374 558 5441 enim,
578 5374 776 5445 inquit,
792 5372 1074 5428 transierit
1093 5369 1163 5425 ad
1181 5369 1800 5444 Christum,etc.,usque

153 5458 217 5514 ad
236 5462 313 5517 ibi
333 5461 595 5519 libertas.
612 5461 798 5518 Nemo
814 5476 955 5533 ergo
976 5458 1452 5529 christianorum,
1473 5463 1608 5530 etc.,
1632 5476 1803 5533 usque

152 5545 214 5605 ad
234 5548 750 5609 'faciebat‘timeri.
782 5551 909 5620 (1b.,
940 5547 1052 5606 col.
1081 5546 1235 5621 220.)

211 5638 362 5700 Vera
390 5656 627 5717 sponsa
644 5638 856 5699 Christi
872 5635 1148 5715 intelligit
1174 5636 1316 5712 quid
1346 5636 1697 5696 distetinter
1714 5637 1804 5695 lit-

1830 4580 1878 4649 D

1891 556 2077 626 Faast,
2109 552 2177 609 l5
2206 558 2346 608 tom.
2378 552 2528 622 VIII,
2561 551 2669 609 col.
2702 552 2806 609 3l1
2840 557 2896 610 et
2927 555 3077 627 seq.)

1965 650 2318 723 Decalogum
2350 650 2567 724 quippe
2591 649 2761 724 legis,
2780 656 3099 727 etc.,usque
3128 653 3199 710 ad
3228 655 3329 711 sed
3353 655 3543 730 gratia

1894 739 2231 796 Salvatoris.
2287 740 2417 813 (Id.,
2478 748 2635 796 tract.
2702 746 2904 813 livang.
2964 758 3068 798 sec.
3128 745 3285 800 Joan.
3346 761 3540 817 cxx111,

1894 834 2036 886 tom.
2068 830 2164 897 Ill,
2198 832 2347 902 part.
2377 847 2437 897 ιι,
2472 829 2581 886 col.
2614 830 2796 900 1963.)

1966 919 2083 975 Nos
2112 918 2268 975 enim
2307 917 2560 975 dicimus
2592 918 2914 975 humanam
2942 920 3302 978 voluntatem
3332 923 3419 979 sic
3444 918 3543 979 di-

1893 1007 2136 1077 vinitus,
2169 1012 2303 1075 etc.,
2335 1023 2506 1079 usque
2537 1006 2608 1063 ad
2655 1005 2859 1065 litteras
2915 1026 3146 1065 sonum.
3180 1010 3312 1082 (Id.,
3346 1011 3448 1069 lib.
3479 1012 3544 1068 de

1894 1096 2042 1169 Spir.
2076 1103 2126 1153 et
2155 1096 2289 1164 litt.,
2319 1100 2464 1152 tom.
2493 1096 2556 1164 X,
2590 1101 2740 1169 part.
2773 1114 2813 1166 1,
2846 1095 2955 1153 col.
2987 1099 3112 1155 303.

1968 1195 2193 1261 Quanto
2215 1196 2354 1251 sunt
2374 1192 2647 1249 charitati
2672 1193 2872 1250 futura
2902 1195 3165 1263 meliora,
3187 1199 3351 1252 tanto
3382 1200 3540 1267 sunt,

1897 1287 2029 1354 etc.,
2061 1300 2232 1357 usque
2258 1283 2327 1339 ad
2356 1283 2602 1339 scientia
2630 1283 2894 1340 aediﬁcat.
2928 1284 3062 1355 (Id.,
3093 1287 3247 1358 epist.
3289 1286 3360 1341 ad
3391 1291 3541 1343 Ana-

1896 1374 2149 1440 stasium,
2183 1377 2325 1428 tom.
2357 1371 2427 1441 II,
2463 1371 2572 1428 col.
2603 1372 2758 1442 593.)

1969 1470 2254 1527 Dominus
2273 1474 2469 1526 autem
2496 1469 2621 1542 ipse
2650 1487 2766 1525 non
2798 1469 3013 1539 solum,
3037 1474 3171 1540 etc.,
3195 1488 3365 1545 usque
3394 1471 3464 1529 ad
3488 1474 3546 1529 et

1898 1558 2042 1632 ipse.
2069 1559 2380 1632 (ld.,lib.de
2396 1559 2516 1615 Cor.
2541 1568 2591 1616 et
2615 1558 2944 1626 Grat.,tom.
2963 1559 3028 1627 X,
3047 1564 3193 1632 part.
3211 1579 3248 1628 1,
3263 1561 3370 1617 col.
3393 1561 3543 1634 917.)

1972 1648 2121 1718 Quod
2131 1650 2184 1705 si
2195 1650 2529 1705 ministratio
2540 1651 2729 1705 mortis
2742 1650 2940 1705 litteris
2952 1648 3016 1705 de
3023 1651 3262 1721 formata
3276 1651 3336 1706 in
3349 1649 3546 1723 lapidi-

1900 1738 2022 1805 bus,
2044 1747 2169 1803 etc.,
2191 1753 2379 1811 usque
2401 1739 2473 1793 ad
2496 1746 2814 1804 evacuatur,
2828 1745 2924 1794 etc.
2942 1737 3104 1804 Quod
3127 1737 3176 1794 si
3192 1737 3545 1794 ministratio

1822 1840 1869 1906 Β
1900 1827 2107 1883 mortis
2138 1826 2348 1882 litteris
2381 1827 2721 1892 deformata,
2755 1830 2890 1893 etc.,
2918 1842 3091 1900 usque
3119 1826 3190 1881 ad
3219 1827 3546 1883 damnatio-

1900 1933 2055 1973 nem.
2083 1914 2333 1987 (Id.,lib.
2357 1923 2547 1971 contra
2578 1917 2865 1971 inimicum
2894 1916 3030 1985 legis
3058 1924 3110 1972 et
3135 1916 3543 1989 prophetarum,

1897 2010 2018 2061 tom
2043 2004 2195 2071 VIII,
2227 2004 2335 2061 col.
2366 2006 2467 2059 651
2503 2006 2559 2059 et
2588 2003 2735 2076 seq.)

1972 2094 2131 2163 Quod
2156 2096 2209 2150 si
2238 2094 2575 2149 ministratio
2629 2094 2823 2149 mortis
2880 2090 3082 2149 litteris
3128 2093 3453 2165 deformata,
3486 2094 3548 2149 in

1900 2183 2175 2256 lapidibus
2220 2184 2331 2255 fuit
2378 2184 2435 2238 in
2484 2182 2685 2251 gloria,
2719 2190 2768 2237 et
2797 2190 3013 2238 cmtera.
3046 2182 3163 2239 Cur
3193 2182 3546 2238 ministratio

1900 2272 2106 2329 mortis
2133 2271 2349 2327 dicitur
2378 2270 2427 2327 si
2459 2271 2634 2338 bona,
2669 2275 2988 2343 etc.,usque
3019 2272 3088 2327 ad
3119 2271 3405 2344 scriptum
3436 2274 3543 2328 est.

1900 2361 2031 2433 (Id.,
2064 2360 2165 2416 lib.
2197 2360 2266 2415 ad
2296 2359 2741 2432 Simplicianum,
2775 2363 3031 2430 tom.VI,
3052 2359 3159 2417 col.
3196 2360 3300 2415 109
3324 2365 3382 2417 et
3400 2359 3544 2432 seq.)

1974 2461 2055 2515 Ita
2082 2466 2277 2514 utnon
2302 2464 2520 2530 possent
2568 2456 2682 2528 ﬁlii
2727 2458 2919 2529 Israel,
2948 2467 3072 2525 etc.,
3103 2475 3290 2532 usque
3320 2460 3391 2515 ad
3420 2475 3547 2516 eva—

1898 2556 2115 2605 cuatur.
2149 2547 2311 2614 Quod
2344 2564 2459 2602 non
2500 2551 2769 2618 poterant
2813 2546 3117 2603 intendere
3145 2548 3251 2603 lilii
3278 2548 3456 2605 Israel
3488 2549 3547 2604 in

1901 2637 2129 2704 faciem,
2162 2640 2298 2705 etc.,
2328 2651 2496 2708 usque
2532 2634 2603 2691 ad
2651 2634 2986 2692 ministrata
3041 2638 3227 2692 sunt?
3256 2638 3365 2707 Id.,
3398 2638 3495 2699 lib.
3528 2652 3548 2692 1

1894 2734 2090 2783 contra
2120 2727 2413 2781 inimicum
2441 2726 2576 2797 legis
2602 2732 2655 2780 et
2674 2726 3087 2797 prophetarum,
3105 2729 3250 2783 tom.
3273 2726 3422 2795 VIII,
3437 2725 3545 2782 col.

1899 2816 2006 2870 652
2036 2819 2092 2870 et
2120 2815 2267 2886 seq.)

1971 2903 2125 2959 Dicit
2144 2903 2300 2958 Deus
2322 2904 2395 2958 ad
2416 2901 2585 2958 Cain:
2606 2903 2674 2958 Et
2697 2919 2853 2957 nunc
2875 2901 3223 2957 maledictus
3238 2906 3299 2958 tu
3318 2919 3353 2958 a
3375 2906 3545 2971 terra,

1902 2995 2034 3062 etc.,
2059 3008 2228 3064 usque
2251 2991 2323 3047 ad
2348 2991 2810 3047 transeuntibus.
2837 2991 2974 3060 (Id.,
2994 2989 3305 3046 lib.contra
3332 2996 3546 3059 Faust,

1903 3084 2046 3137 tom.
2077 3080 2228 3147 νιιι,
2259 3078 2367 3135 col.
2399 3079 2547 3151 259.)

1823 3209 1867 3278 C
1974 3180 2302 3235 Evacuatur
2340 3192 2597 3249 namque
2636 3176 2694 3232 in
2727 3175 2957 3233 Christo
2989 3194 3105 3233 non
3135 3176 3316 3234 Vetus
3344 3177 3548 3234 Testa-

1906 3272 2191 3334 mentum,
2224 3271 2356 3335 etc.,
2388 3283 2560 3339 usque
2589 3265 2658 3320 ad
2688 3265 3053 3339 tegebantur.
3089 3266 3329 3336 (Id.,lib.
3357 3267 3422 3323 de
3441 3267 3546 3324 Uti.

1905 3357 2176 3424 credendi,
2209 3360 2351 3411 tom.
2383 3354 2536 3423 VIII,
2570 3353 2679 3410 col.
2706 3355 2820 3427 71.)

1976 3456 2114 3511 Erat
2142 3452 2449 3527 prophetia
2477 3453 2737 3525 antiquis
2765 3454 3146 3526 temporibus,
3160 3458 3216 3510 et
3247 3471 3281 3510 a
3311 3453 3554 3528 prophe-

1906 3544 2020 3613 tiae,
2052 3548 2189 3612 etc.,
2219 3559 2390 3615 usque
2417 3542 2487 3598 ad
2512 3541 2867 3598 extendaris.
2894 3542 3030 3616 (Id.,
3062 3551 3219 3600 tract.
3253 3545 3313 3600 in
3340 3544 3547 3613 Evang.

1904 3649 2009 3690 sec.
2040 3634 2196 3690 Joan.
2229 3636 2372 3688 tom.
2406 3631 2500 3701 III,
2529 3635 2677 3703 part.
2709 3647 2774 3703 11,
2805 3630 2915 3688 col.
2949 3632 3130 3705 1459.)

1978 3728 2134 3787 Nihil
2162 3729 2321 3786 enim
2348 3729 2591 3802 prodest
2618 3730 3062 3787 Testamentum
3090 3730 3269 3787 Vetus
3300 3732 3391 3801 de,
3415 3736 3550 3806 etc.,

1908 3834 2078 3894 usque
2108 3819 2177 3875 ad
2206 3818 2515 3875 verissima
2545 3818 3040 3893 spiritualis.(ld.,
3057 3820 3233 3877 lib.de
3264 3822 3422 3878 Civil.
3439 3823 3554 3890 Dei,

1907 3912 1996 3977 I7,
2028 3914 2171 3965 tom.
2203 3907 2326 3974 VII,
2361 3907 2470 3964 col.
2497 3907 2648 3979 539.)

1980 3998 2282 4067 Quomodo
2304 4012 2440 4069 ergo
2461 3995 2689 4051 tollitur
2717 3995 2979 4053 velamen
3015 3998 3159 4054 dicit
3178 3997 3303 4072 ipse
3317 4001 3560 4072 Aposto-

1906 4087 2022 4144 lus.
2054 4091 2199 4142 Cum
2229 4090 2427 4141 autem
2459 4085 2763 4140 transieris
2791 4086 2862 4141 ad
2894 4086 3229 4156 Dominum,
3262 4089 3560 4143 auferetur

1906 4176 2191 4233 velamen.
2219 4175 2460 4231 Juda-us
2482 4190 2617 4247 ergo
2640 4192 2755 4229 non
2780 4174 3092 4242 transiens,
3120 4179 3266 4244 etc.,
3290 4192 3460 4247 usque
3486 4175 3558 4231 ad

1906 4268 2211 4322 transeant
2250 4263 2322 4319 ad
2354 4262 2691 4318 Dominum.
2729 4263 2861 4333 (Id.,
2894 4278 3056 4318 serm.
3089 4262 3153 4317 de
3178 4280 3291 4318 ver.
3327 4264 3553 4332 Evang.,

1907 4371 2042 4420 xvu,
2070 4354 2214 4427 psal.
2248 4369 2391 4417 LXIV,
2425 4349 2533 4407 col.
2566 4353 2720 4421 778.)

1982 4451 2269 4525 Splendor
2296 4448 2356 4504 in
2388 4448 2533 4505 facie
2564 4448 2748 4522 Moysi
2791 4452 3094 4521 tanquam,
3128 4452 3262 4517 etc.,
3294 4464 3462 4521 usque
3487 4448 3558 4504 ad

1904 4542 2081 4600 Jesus
2111 4539 2399 4596 Christus.
2426 4539 2554 4608 (Id.,
2584 4545 2742 4594 tract.
2770 4538 2913 4610 psal.
2942 4555 3088 4605 LXIV,
3120 4537 3371 4605 tom.lV,
3403 4542 3554 4610 part.

1908 4650 1948 4702 1,
1982 4630 2091 4689 col.
2122 4629 2274 4702 778.)

1980 4722 2291 4777 Personam
2309 4719 2439 4789 ejus
2459 4717 2696 4790 gerebat
2711 4716 2958 4789 Moyses,
2980 4721 3037 4772 et
3057 4716 3187 4772 ideo
3210 4715 3404 4773 velum
3423 4720 3559 4773 ante

1909 4826 1971 4867 s‘e
2002 4808 2273 4882 ponebat,
2287 4806 2521 4878 quando
2553 4804 2903 4877 loquebatur
2932 4805 3181 4878 populo:
3215 4806 3355 4878 quia
3380 4823 3557 4879 quan-

1910 4899 2010 4955 diu
2043 4897 2126 4952 illi
2170 4896 2230 4951 in
2273 4894 2419 4967 lege,
2451 4893 2789 4950 carnalibus
2841 4895 3072 4967 gaudiis
3132 4907 3190 4951 et
3246 4895 3559 4968 voluptati-

1909 4989 2040 5053 bus,
2064 4990 2196 5051 eto.,
2219 4999 2387 5056 usque
2414 4982 2483 5037 ad
2514 4982 2702 5054 possit
2728 4983 2933 5039 videri.
2970 4985 3102 5055 (Id.,
3132 4986 3360 5055 Joan.v,
3391 5001 3555 5041 serm.

1909 5076 1973 5133 de
2003 5091 2111 5131 ver.
2144 5075 2374 5142 Evang.,
2407 5073 2506 5127 lib.
2539 5080 2729 5128 contra
2761 5075 3007 5129 Manich.
3038 5077 3109 5143 1.)

1980 5165 2241 5221 Dominus
2270 5170 2452 5217 autem
2481 5163 2712 5233 spiritus
2743 5168 2844 5218 est.
2882 5164 2982 5220 Ubi
3010 5171 3192 5219 autem
3218 5164 3444 5235 spiritus
3458 5161 3559 5216 Do-

1907 5264 2070 5330 mini,
2114 5262 2195 5317 ibi
2240 5260 2483 5315 libertas.
2516 5259 2820 5331 Tanquam
2864 5260 3097 5343 prqprie
3126 5259 3353 5316 videtur
3376 5255 3558 5312 Filius

1908 5353 2196 5408 Dommus
2218 5346 2435 5415 vocari,
2459 5351 2594 5416 etc.,
2610 5364 2779 5420 usque
2806 5348 2876 5404 ad
2900 5350 3000 5405 sed
3024 5347 3296 5405 charitas.
3314 5343 3553 5416 (Id.,lib.

1908 5441 1973 5498 de
2004 5441 2164 5497 Trin.
2198 5454 2261 5507 11,
2294 5441 2436 5493 tom.
2471 5437 2622 5504 VIII,
2656 5437 2765 5494 col.
2797 5439 2901 5495 857
2931 5442 2989 5494 et
3019 5437 3165 5509 seq.)

1981 5542 2090 5597 Nos
2140 5552 2262 5592 vero
2320 5549 2504 5591 omnes
2553 5536 2793 5592 revelata
2836 5537 2988 5609 facie
3034 5534 3105 5590 ad
3144 5533 3400 5603 gloriam,
3424 5539 3554 5603 etc.,

1908 5642 2099 5705 usque
2128 5626 2203 5683 ad
2226 5624 2446 5701 Spiritu
2475 5624 2716 5683 Domini.
2747 5623 2904 5682 Satis
2933 5627 3174 5700 apponet
3213 5621 3558 5698 Apostolum
