3964 6168
386 315 505 375 355

1578 306 1809 370 FLOR!
1853 306 2168 369 nucem
2214 270 2598 370 MONAGHI.

3626 317 3723 377 356

390 448 462 504 ab
495 445 733 519 speculo
758 461 877 502 non
905 444 979 501 ab
1007 442 1264 516 specula,
1295 446 1431 509 etc.,
1465 457 1633 512 usque
1663 442 1734 496 ad
1760 446 2039 513 tanquam
2074 445 2122 508 Α
2156 458 2320 513 usque
2373 441 2445 496 ad
2498 441 2636 497 audi
2692 441 3003 497 dicentem.
3055 442 3183 514 (Id.,
3230 449 3378 499 tract.
3423 445 3604 518 Evanq.
3638 466 3727 507 sec.

390 553 425 593 a
452 535 683 591 Domini
733 532 974 607 Spiritu.
1010 532 1147 601 (Id.,
1174 530 1278 587 lib.
1308 533 1461 587 Sent.
1512 532 1809 602 Prosperi.,
1845 530 1941 607 lib.
1972 530 2036 585 de

391 627 541 682 Trin.
576 643 670 691 xv,
706 628 843 679 tom.
875 622 1027 688 Vlll,
1061 620 1169 676 col.
1204 621 1389 689 1068.)

461 713 604 769 Cum
635 729 770 785 ergo
800 711 910 766 bac
932 708 1552 778 transformatione,ad
1575 708 1898 780 perfectum
1922 706 2039 762 fue-

388 802 465 858 rit
494 802 614 857 hzec
653 802 848 874 imago
891 802 1185 869 renovata,
1220 796 1443 854 similes
1474 797 1589 855 Deo
1615 797 1856 863 erimus,
1891 812 2039 869 quo-

388 892 550 949 niam
579 890 908 946 videbimus
939 904 1073 944 eum
1106 904 1220 943 non
1249 903 1352 959 per
1381 886 1711 960 speculum,
1730 885 1830 942 sed
1862 884 2036 941 sicuti

388 984 499 1047 est,
524 980 676 1052 quod
700 978 839 1033 dicit
870 975 1082 1032 Paulus
1113 974 1595 1048 apostolus,facie
1627 974 1699 1030 ad
1724 973 2033 1030 faciem.In

388 1085 505 1142 qua
543 1085 678 1123 eum
730 1066 872 1122 facie
920 1065 1204 1132 velamen,
1236 1068 1373 1125 etc.,
1403 1079 1571 1136 usque
1600 1063 1669 1118 ad
1701 1064 1772 1118 ad
1804 1063 2031 1118 faciem.

386 1158 518 1229 (Id.,
550 1159 647 1213 lib.
680 1156 750 1212 ad
778 1156 1081 1213 Paulinam
1108 1154 1172 1209 de
1201 1153 1310 1209 vid.
1347 1155 1469 1221 Deo,
1502 1156 1644 1208 tom.
1675 1156 1748 1223 II,
1763 1151 2032 1223 001.620.)

1025 1251 1258 1307 CAPUT
1297 1250 1390 1305 ιν.

456 1337 577 1394 Ideo
600 1337 855 1391 habentes
872 1334 1013 1388 hanc
1034 1332 1585 1399 administrationem,
1604 1338 1728 1397 etc.,
1751 1346 1938 1403 usque
1960 1330 2032 1384 ad

386 1444 498 1485 non
526 1426 870 1482 ambulantes
908 1424 968 1477 in
999 1423 1221 1477 astutia.
1252 1420 1413 1476 Hanc
1462 1419 2031 1475 administrationem

387 1534 503 1573 non
536 1533 604 1571 ex
637 1512 863 1569 meritis
894 1509 1130 1582 nostris,
1146 1510 1246 1565 sed
1266 1526 1334 1565 ex
1351 1510 1451 1565 Dei
1476 1508 1877 1565 misericordia
1905 1523 2032 1564 esse

386 1604 798 1675 dixit.Propter
812 1600 967 1673 quod
991 1600 1272 1655 habentes
1298 1597 2029 1665 administrationem,etc.,

385 1709 555 1766 usque
571 1691 641 1747 ad
662 1707 789 1746 esse
812 1690 967 1761 quod
992 1706 1105 1743 non
1132 1692 1288 1744 sunt.
1316 1678 1444 1759 (Ιάῖ,
1468 1688 1565 1742 lib.
1590 1687 1654 1741 de
1678 1685 2030 1758 Baptis.par.)

454 1782 636 1853 Neque
665 1779 1027 1834 adulterantes
1059 1778 1284 1832 Verbum
1317 1778 1454 1832 Dei:
1474 1776 1565 1831 sed
1595 1777 1674 1841 in,
1707 1783 2031 1846 etc.,usque

386 1870 459 1927 ad
491 1885 676 1925 coram
706 1868 829 1923 Deo.
862 1867 1007 1930 Quid
1044 1865 1213 1921 faciet
1250 1866 1486 1921 animus
1536 1869 1772 1931 nutans,
1802 1880 1934 1919 cum
1970 1879 2032 1918 se

386 1958 811 2028 obtemperare,
845 1959 978 2022 etc.,
1010 1971 1182 2027 usque
1226 1954 1296 2009 ad
1344 1959 1433 2010 est
1481 1952 1872 2009 manifestius.
1900 1952 2031 2025 (Id.,

384 2063 548 2103 serm.
598 2046 663 2101 de
710 2062 818 2101 ver.
871 2045 1077 2112 Evang.
1112 2061 1174 2112 11,
1206 2047 1349 2099 tom.
1383 2043 1452 2112 V,
1484 2046 1634 2115 part.
1668 2058 1709 2108 1,
1741 2041 1851 2097 col.
1881 2042 2032 2109 372.)

456 2133 610 2205 Quod
636 2136 687 2189 si
715 2136 884 2189 etiam
913 2141 1158 2204 opertum
1186 2140 1264 2188 est
1291 2132 1646 2203 Evangelium
1674 2139 1939 2196 nostrum,
1972 2131 2033 2184 in

385 2224 469 2280 his
497 2225 594 2297 qui
617 2231 846 2295 pereunt
893 2230 972 2277 est
1019 2229 1283 2293 opertum.
1318 2221 1386 2275 Et
1416 2237 1550 2276 cum
1604 2220 1864 2287 dixisset,
1899 2218 2031 2275 aliis

386 2313 621 2386 quidem
650 2329 858 2367 sumus
881 2312 1045 2379 odor,
1066 2315 1200 2376 etc.,
1219 2326 1386 2381 usque
1408 2310 1478 2365 ad
1498 2308 1581 2364 illi
1607 2310 1716 2364 fuit
1736 2310 1762 2363 ‘.’
1794 2309 2029 2378 (Id.,lib.

383 2403 449 2459 de
480 2404 751 2460 Consensu
782 2402 987 2469 Evang.
1022 2416 1106 2466 111,
1140 2403 1280 2455 tom.
1314 2403 1414 2465 ΙΙΙ,
1448 2403 1597 2471 part.
1631 2416 1669 2465 1,
1703 2397 1810 2453 col.
1848 2397 2029 2469 1188.)

453 2494 519 2547 In
564 2492 759 2565 quibus
809 2491 949 2545 Deus
1010 2489 1176 2561 hujus
1229 2489 1427 2545 sazculi
1479 2489 1776 2543 excwcavit
1829 2494 2031 2541 mentes

383 2581 712 2653 inﬁdelium,
742 2587 866 2646 etc.,
891 2594 1080 2651 usque
1110 2577 1181 2632 ad
1213 2579 1311 2651 qui
1331 2585 1412 2633 est
1437 2577 1617 2648 imago
1648 2577 1761 2631 Dei.
1797 2575 2031 2631 Utinam

384 2675 442 2726 et
461 2669 556 2725 isti
578 2668 711 2726 caci
742 2670 1174 2740 Oppugnatores
1205 2665 1371 2739 legis,
1400 2669 1457 2721 et
1483 2664 2031 2738 prophetarumzsie

383 2762 685 2816 transeant
713 2758 784 2813 ad
824 2755 1143 2823 Christum,
1179 2759 1244 2811 ut
1274 2772 1388 2809 non
1421 2753 1558 2821 sint,
1600 2758 1732 2822 etc.,
1766 2770 1936 2825 usque
1961 2753 2032 2809 ad

384 2848 773 2922 pertinebant.
809 2846 941 2919 (Id.,
963 2845 1059 2900 lib.
1093 2862 1110 2900 1
1140 2853 1314 2900 contr.
1349 2845 1642 2899 inimicum
1674 2844 1808 2914 legis
1838 2851 1890 2899 et
1907 2859 2031 2914 pro-

377 2939 692 3013 phetarum,
726 2941 869 2993 tom.
903 2939 1056 3002 VIII,
1089 2934 1196 2992 col.
1229 2935 1378 3007 655.)

455 3029 614 3084 Hanc
638 3027 988 3083 sententiam
1016 3024 1277 3098 plerique
1308 3027 1575 3080 nostrum
1599 3022 2033 3094 ita,etc.,usque

382 3117 453 3174 ad
466 3117 771 3173 exclamat.
790 3116 917 3189 (Id.,
936 3114 1030 3170 lib.
1046 3122 1219 3170 contr.
1236 3119 1421 3170 Faust.
1435 3156 1451 3179 ,
1465 3111 2030 3182 tom.VlII,col.389.)

2142 535 2307 587 Joan.
2339 548 2464 598 x1.v,
2498 534 2638 586 tom.
2670 530 2767 598 Ill,
2801 534 2951 604 part.
2986 548 3046 599 11,
3080 529 3186 587 col.
3222 532 3353 587 1722
3380 536 3434 589 et
3460 538 3595 607 seq.)

2217 619 2477 676 Habentes
2508 629 2687 676 autem
2717 620 2963 676 eumdem
2986 622 3240 692 spiritum
3265 620 3411 692 ﬁdei,
3433 631 3545 689 etc.,
3574 640 3732 697 usque

2146 708 2218 763 ad
2242 709 2538 780 loquimur.
2556 709 2679 765 Non
2694 709 2911 765 diceret
2928 709 3198 765 eumdem
3216 709 3474 782 spiritum
3488 712 3625 779 ﬁdei,
3638 713 3733 770 nisi

2145 798 2469 854 admonens
2499 799 2673 854 etiam
2707 798 3325 873 antiquos,etc.,usque
3345 800 3410 855 ad
3437 801 3733 858 servitutem

2145 890 2401 958 generat.
2430 888 2671 956 (Id.,lib.
2699 888 2770 944 ad
2802 887 2955 945 Cons.
2988 889 3359 961 Hilar.epist.,
3391 888 3456 945 ad
3485 890 3737 946 Valerium

2148 976 2465 1046 Comitem.)

2213 1065 2501 1137 Antiquos
2525 1066 2725 1138 justas
2752 1083 2867 1123 non
2901 1066 3090 1122 salvos
3117 1066 3249 1121 fecit
3291 1064 3400 1121 nisi
3446 1065 3599 1134 ﬁdes,
3623 1071 3734 1135 etc.,

2143 1168 2314 1226 usque
2341 1154 2412 1209 ad
2441 1154 2662 1212 dictum
2690 1159 2804 1213 est.
2843 1157 3083 1230 (Id.,Ew
3112 1155 3207 1211 lib.
3241 1154 3309 1210 ad
3334 1156 3738 1227 Bonifaciumpa-

2138 1258 2270 1313 pam
2298 1250 2488 1299 contra
2513 1245 2863 1314 Pelagianos,
2898 1247 3043 1301 tom.
3072 1242 3138 1310 Χ,
3172 1245 3317 1315 part.
3349 1258 3388 1313 1,
3418 1240 3521 1297 col.
3550 1240 3681 1312 569.)

2215 1329 2466 1400 Credidi,
2498 1337 2735 1405 prepter
2764 1333 2918 1405 quod
2942 1332 3177 1390 locutus
3203 1347 3353 1399 sum,
3377 1334 3503 1397 etc.,
3525 1330 3740 1403 usquead

2144 1420 2217 1475 ad
2248 1419 2522 1477 salutem.
2556 1421 2689 1491 (Id.,
2723 1430 2880 1478 tract.
2911 1422 3054 1495 psal.
3090 1438 3215 1490 cxv,
3245 1424 3388 1480 tom.
3419 1418 3507 1489 IV,
3538 1423 3669 1492 part.
3690 1436 3739 1491 11,

2146 1508 2256 1565 col.
2287 1510 2420 1565 1491
2454 1514 2512 1566 et
2540 1511 2689 1583 seq.)

2213 1599 2443 1671 Propter
2518 1600 2657 1673 quod
2732 1616 2844 1656 non
2914 1600 3212 1672 deficimus,
3270 1598 3359 1656 sed
3410 1599 3530 1655 licet
3577 1599 3621 1655 is
3666 1598 3744 1671 qui

2139 1688 2279 1759 foris
2307 1697 2387 1744 est
2408 1697 2589 1745 noster
2617 1690 2774 1745 homo
2802 1698 3206 1763 corrumpatur,
3240 1697 3418 1745 tamen
3453 1690 3500 1743 is
3516 1688 3604 1761 qui
3623 1688 3747 1742 iam

2139 1785 2234 1847 est,
2266 1786 2582 1844 renovatur,
2612 1786 2735 1847 etc.,
2771 1795 2960 1851 usque
3007 1779 3078 1834 ad
3125 1787 3336 1836 aeterna
3376 1785 3518 1834 sunt.
3547 1773 3742 1830 Nemini

2142 1865 2387 1922 dubium
2418 1870 2527 1933 est,
2560 1867 2712 1923 sicut
2738 1867 3079 1923 interiorem
3117 1867 3414 1923 hominem
3454 1863 3745 1936 intelligen-

2141 1955 2239 2022 tia,
2268 1959 2398 2023 etc.,
2433 1972 2601 2029 usque
2631 1956 2701 2011 ad
2732 1955 3076 2013 similitudo.
3111 1957 3247 2029 (Id.,
3279 1956 3374 2012 lib.
3405 1955 3467 2011 de
3497 1954 3742 2019 Trinitate,

2140 2048 2282 2099 tom.
2309 2044 2459 2113 VIII,
2492 2043 2601 2101 col.
2631 2045 2737 2101 983
2767 2050 2823 2101 et
2854 2049 3001 2118 seq.)

2210 2135 2328 2206 Age
2357 2150 2533 2202 nunc,
2556 2134 2860 2190 videamus
2893 2134 2992 2190 ubi
3015 2135 3093 2191 sit
3123 2134 3296 2208 quasi
3327 2133 3744 2207 quoddam,etc.,

2139 2239 2305 2294 usque
2334 2222 2404 2277 ad
2433 2240 2599 2278 mens
2630 2223 2809 2278 novit.
2843 2224 2975 2293 (Id.,
3008 2224 3105 2279 lib.
3138 2241 3242 2290 x11,
3275 2222 3380 2278 col.
3414 2221 3514 2277 997
3542 2223 3596 2277 et
3622 2218 3746 2290 seq.)

2208 2310 2425 2366 Paulus
2449 2311 3095 2383 apostolusinteriorem
3110 2312 3409 2368 hominem
3425 2328 3524 2384 pro
3545 2307 3744 2382 spiritu,

2140 2404 2272 2466 etc.,
2307 2417 2474 2474 usque
2501 2401 2571 2456 ad
2602 2400 2700 2473 qui
2735 2401 2887 2456 fecit.
2918 2402 3163 2473 (Id.,lib.
3199 2410 3370 2458 contr.
3404 2402 3595 2465 Faust,
3626 2402 3743 2453 tom.

2138 2487 2287 2554 VIII,
2320 2486 2421 2542 lib.
2456 2506 2604 2554 XXIV,
2640 2488 2747 2543 col.
2783 2491 2887 2544 475
2912 2494 2969 2545 et
3000 2488 3147 2561 seq.)

2212 2577 2273 2631 In
2297 2594 2535 2649 corpore
2556 2577 2747 2633 adhuc
2769 2578 2999 2634 mortali
3025 2579 3342 2646 renovatio,
3365 2582 3493 2645 etc.,
3519 2589 3668 2647 usque
3691 2570 3747 2627 ad

2137 2664 2198 2720 in
2211 2666 2400 2721 nobis.
2418 2670 2438 2735 (
2447 2667 2550 2730 ld.,
2570 2665 2671 2721 lib.
2706 2667 2770 2722 de
2805 2669 2929 2723 Trin
2940 2670 3071 2724 itate
3091 2685 3165 2737 1v,
3183 2672 3326 2724 tom.
3340 2666 3483 2735 VIII,
3502 2663 3603 2720 col.
3623 2659 3746 2732 890.)

2211 2754 2330 2809 Ista
2351 2754 2644 2811 renovatio
2666 2772 2780 2810 non
2806 2760 3103 2812 momento
3122 2774 3242 2813 uno
3261 2757 3324 2811 ﬁt
3344 2755 3525 2828 ipsius
3541 2766 3748 2807 conver-

2138 2843 2339 2912 sionis,
2370 2847 2502 2912 etc.,
2534 2861 2705 2917 usque
2731 2844 2800 2899 ad
2827 2844 3132 2901 visionem.
3162 2847 3300 2917 (Id.,
3323 2846 3417 2900 lib.
3444 2843 3507 2898 de
3527 2841 3745 2898 Trinitat.

2137 2950 2251 3001 x1v,
2285 2937 2427 2989 tom.
2456 2933 2607 3003 VIII,
2640 2934 2747 2990 col.
2782 2935 2920 2990 4054
2947 2940 3004 2991 et
3032 2939 3181 3008 seq.)

2209 3026 2275 3077 In
2298 3023 2590 3095 baptismo
2623 3023 2890 3096 quamvis
2920 3028 3044 3080 tota
3063 3029 3122 3081 et
3143 3024 3317 3097 plena
3338 3024 3456 3093 ﬁat,
3480 3024 3748 3089 etc.,usqut

2139 3110 2209 3166 ad
2232 3112 2452 3167 factum
2476 3118 2584 3169 est.
2609 3115 2740 3185 (Id.,
2763 3114 2864 3170 lib.
2887 3114 2952 3169 de
2973 3119 3125 3187 Bapt.
3145 3131 3298 3187 pan,
3324 3119 3465 3171 tom.
3485 3110 3547 3178 Χ,
3571 3111 3747 3182 part-1;

452 3206 792 3261 Illuminatio
820 3204 1113 3276 Evangelii
1139 3204 1335 3274 gloria,o
1366 3204 1599 3268 Christi,
1620 3201 1719 3272 qui
1745 3208 1823 3255 est
1853 3202 2028 3271 imago
2060 3190 2102 3256 C
2140 3200 2250 3257 col.
2282 3202 2387 3257 456
2416 3208 2473 3257 et
2501 3206 2649 3275 seq.)

381 3296 498 3351 Dei.
517 3298 717 3365 Imago
749 3296 806 3348 et
836 3291 1228 3363 aequalitas,et
1258 3289 1583 3345 similitudo
1615 3288 2032 3360 distinguenda

385 3386 564 3439 sunt:
601 3382 759 3453 quia,
793 3384 927 3449 etc.,
959 3396 1129 3450 usque
1176 3379 1246 3433 ad
1294 3377 1716 3453 impedimento
1766 3377 1861 3432 sit.
1897 3377 2027 3449 (Id.,

385 3473 483 3527 lib.
519 3487 722 3526 Lxxxu:
759 3469 986 3538 Quaest,
1014 3473 1154 3523 tom.
1187 3467 1283 3535 VI,
1316 3466 1425 3521 col.
1457 3468 1529 3521 85
1557 3470 1613 3521 et
1641 3465 1787 3538 seq.)

454 3564 575 3618 Non
629 3561 777 3615 enim
832 3559 1180 3629 nosmetipsos
1231 3556 1650 3628 praedicamus:
1693 3555 1785 3611 sed
1840 3560 2031 3612 Jesum

387 3650 663 3706 Christum
709 3650 1001 3703 Dominum
1044 3655 1309 3702 nostrum.
1346 3646 1451 3699 Nos
1494 3651 1680 3699 autem
1726 3661 1904 3700 servos
1936 3661 2030 3699 ve-

382 3746 539 3803 stros,
563 3746 686 3804 etc.,
714 3753 901 3807 usque
931 3736 1000 3790 ad
1030 3737 1087 3789 in
1118 3736 1257 3805 facie
1278 3739 1414 3790 Jesu
1445 3733 1665 3788 Christi.
1683 3734 1828 3799 Quin
1851 3732 2024 3788 etiam

386 3825 649 3883 stultitiae
680 3823 993 3879 scribentis
1025 3823 1307 3895 assignat,
1342 3822 1495 3893 quod
1530 3821 1757 3886 dixerit,
1790 3826 1922 3888 etc.,
1946 3838 2031 3877 us-

384 3931 488 3987 que
516 3913 587 3968 ad
616 3912 861 3968 affectio.
896 3913 1024 3981 (Id.,
1078 3912 1175 3967 lib.
1225 3919 1395 3967 contr.
1448 3912 1738 3966 inimicum
1794 3911 1927 3982 legis
1981 3919 2033 3967 et

381 4004 791 4077 prophetarum,
822 4006 966 4057 tom.
998 4001 1145 4069 VIII,
1181 3999 1290 4056 col.
1322 3999 1472 4072 609.)

456 4093 633 4148 Porro
679 4091 728 4147 si
777 4090 912 4146 huic
962 4089 1251 4162 displicet,
1284 4093 1419 4157 etc.,
1451 4105 1621 4161 usque
1648 4087 1719 4144 ad
1749 4088 2031 4161 expressit

385 4181 606 4239 dicens.
643 4180 829 4253 (lbid.,
862 4179 975 4236 col.
1010 4180 1161 4247 611.)

456 4271 544 4326 Ad
575 4269 1086 4341 illuminationem,
1119 4272 1253 4336 etc.,
1286 4284 1457 4340 usque
1484 4268 1553 4323 ad
1591 4266 1863 4324 inculcet.
1899 4267 2031 4339 (Id.,

384 4360 488 4419 lib.
519 4360 584 4417 de
611 4361 768 4433 Bapt.
797 4376 947 4431 par.,
980 4362 1121 4413 tom.
1156 4357 1222 4424 X,
1256 4362 1405 4428 part.
1440 4376 1480 4425 1,
1508 4356 1616 4413 col.
1654 4358 1800 4425 129.)

456 4450 725 4506 Habemus
752 4457 934 4504 autem
965 4448 1282 4503 thesaurum
1310 4448 1474 4501 istum
1494 4448 1554 4501 in
1569 4448 1715 4501 vasis
1744 4447 2031 4516 fictilibus,

2210 3290 2404 3345 Novus
2435 3289 2611 3346 homo
2642 3294 2699 3346 et
2730 3290 2972 3347 interior
3010 3296 3067 3347 et
3114 3292 3368 3349 ccelestis
3424 3290 3607 3353 habet,
3636 3288 3747 3349 etc.,

2137 3395 2307 3452 usque
2337 3380 2405 3435 ad
2436 3379 2759 3452 pollicetur.
2793 3380 2924 3448 (Id.,
2958 3381 3055 3436 lib.
3077 3381 3141 3437 de
3172 3399 3300 3438 vera
3330 3378 3748 3452 Religione,tom.

2140 3469 2238 3535 III,
2272 3472 2421 3541 part.
2457 3486 2495 3537 1,
2532 3468 2642 3525 col.
2678 3470 2782 3524 145
2811 3472 2868 3525 et
2898 3470 3046 3542 seq.)

2208 3559 2454 3614 Attende
2466 3562 2520 3613 te
2535 3557 2627 3613 bic
2640 3558 2852 3614 habere
2873 3557 3152 3627 laborem,
3169 3560 3272 3615 sed
3297 3557 3527 3615 attende
3548 3550 3750 3627 qualem

2138 3645 2233 3701 ille
2247 3647 2644 3719 requiem,etc.
2656 3690 2669 3714 ,
2686 3664 2852 3719 usque
2863 3648 2931 3703 ad
2946 3648 3204 3721 requiem
3222 3638 3751 3713 incredibilemlld-s

2139 3743 2292 3791 tract.
2315 3736 2454 3807 psal.
2480 3753 2635 3801 xcm,
2670 3740 2813 3792 tom.
2840 3737 2932 3804 IV,
2965 3742 3113 3809 part.
3146 3754 3207 3808 11,
3241 3737 3358 3792 col.
3389 3738 3521 3792 1211
3547 3737 3602 3789 et
3628 3726 3754 3799 seq.)

2209 3817 2537 3879 Christiano
2574 3842 2751 3880 causa
2800 3830 2954 3880 recte
3005 3825 3328 3897 gaudendi,
3363 3830 3493 3889 etc.,
3525 3834 3677 3893 usque
3699 3811 3757 3870 ad

2138 3914 2210 3968 ad
2244 3912 2512 3985 patriam.
2551 3914 2683 3985 (Id.,
2716 3915 2814 3970 lib.
2846 3916 2994 3971 Sent.
3017 3916 3299 3987 Prosperi,
3328 3912 3747 3982 tom.X,parl.11.

2140 4000 2247 4057 col.
2285 4001 2467 4074 1868.)

2798 4092 3026 4150 CAPUT
3062 4093 3130 4148 ν.

2208 4183 2422 4238 Scimus
2478 4182 2628 4238 enim
2685 4184 2945 4254 quoniam
2994 4184 3047 4238 si
3085 4184 3363 4238 terrestris
3390 4181 3576 4238 domus
3601 4182 3761 4233 nostra

2140 4269 2305 4340 hujus
2348 4270 2707 4326 habitationis
2750 4270 3103 4336 dissolvatur,
3152 4271 3296 4343 quod
3350 4268 3759 4341 azdiﬁcationem,

2141 4361 2274 4425 etc.,
2306 4375 2476 4431 usque
2530 4359 2600 4414 ad
2656 4376 2767 4415 non
2824 4359 2963 4415 nudi
3020 4361 3401 4417 inveniamur.
3434 4358 3593 4415 Prior
3628 4350 3763 4410 enim

2142 4446 2407 4503 omnium
2439 4451 2633 4504 creata
2662 4452 2752 4504 est
2797 4448 3065 4520 quaedam
3114 4448 3430 4523 sapientia,
3463 4452 3590 4515 etc.,
3622 4452 3765 4512 usque

386 4547 448 4595 ut
473 4539 785 4595 sublimitas
812 4539 885 4593 sit
912 4537 1131 4593 virtutis
1164 4536 1473 4601 Dei,etnon
1502 4536 2036 4604 exnobianjomni-
2064 4557 2112 4623 Ι)
2143 4535 2213 4591 ad
2243 4536 2461 4592 bonum
2511 4540 2621 4593 est.
2666 4537 2796 4610 (Id.,
2830 4538 2929 4593 lib.
2963 4537 3124 4612 Conf.
3156 4555 3258 4607 x11,
3292 4544 3438 4595 tom.
3472 4542 3518 4605 Ι,
3549 4532 3652 4593 col.
3678 4526 3767 4587 833

390 4630 485 4683 bus
516 4628 926 4683 tribulationem
951 4627 1214 4699 patimur,
1237 4624 1327 4680 sed
1349 4640 1458 4679 non
1479 4626 1876 4695 angustiamus.
1896 4624 2034 4696 Apo-

392 4717 630 4783 riamur,
655 4723 777 4781 etc.,
800 4731 990 4787 usque
1020 4714 1091 4770 ad
1126 4715 1185 4768 in
1212 4715 1383 4769 vobis.
1407 4712 1723 4768 Adbmrens
1745 4712 1879 4781 Deo,
1897 4717 2031 4781 etc.,

390 4819 560 4875 usque
586 4802 655 4857 ad
688 4803 985 4875 probatur.
1017 4804 1147 4875 (Id.,
1182 4804 1279 4858 lib.
1312 4802 1375 4859 de
1404 4801 1551 4858 Sent.
1582 4802 2034 4874 Prosp.,tom.X,

390 4897 541 4965 part.
574 4909 638 4963 11,
670 4890 778 4947 col.
818 4892 1001 4959 1867.)

460 4982 722 5037 Haben-tes
770 4988 953 5036 autem
998 4980 1244 5036 eumdem
1288 4984 1545 5054 spiritum
1573 4981 1703 5053 ﬁdei
1728 4982 1869 5037 sicut
1894 4982 2036 5036 scri-

384 5079 542 5145 ptum
568 5077 647 5126 est
682 5086 694 5124 :
728 5068 964 5138 Credidi,
994 5078 1215 5142 propter
1242 5071 1383 5141 quod
1428 5072 1637 5127 locutus
1678 5086 1817 5125 sum.
1850 5071 1913 5124 Et
1941 5085 2038 5125 nos

388 5160 678 5227 credimus,
711 5167 832 5227 etc.,
865 5175 1053 5231 usque
1086 5158 1159 5214 ad
1208 5161 1269 5214 in
1312 5161 1552 5229 gloriam
1598 5160 1712 5214 Dei.
1748 5158 2039 5214 Habentes

390 5255 586 5307 autem
616 5249 889 5305 eumdem
923 5248 1195 5321 spiritum
1228 5248 1380 5304 ﬁdei.
1417 5248 1543 5304 Non
1570 5247 1726 5303 enim
1758 5248 1839 5303 ait
1859 5247 2043 5303 scien—

388 5340 532 5395 tiam
564 5337 721 5401 ﬁdei,
745 5338 845 5393 sed
878 5337 1150 5410 spiritum
1176 5336 1328 5391 ﬁdei.
1354 5336 1515 5401 Quod
1540 5339 1845 5408 propterea
1873 5336 2037 5405 dixit,

391 5428 931 5500 utintelligeremus
950 5427 1088 5499 quia
1112 5426 1277 5493 ﬁdes,
1292 5428 1424 5493 etc.,
1450 5440 1620 5498 usque
1632 5425 1701 5480 ad
1722 5424 2037 5498 loquimur.

390 5517 523 5589 (Id.,
557 5518 654 5573 lib.
687 5516 751 5574 de
780 5517 967 5573 Gratia
991 5522 1042 5571 et
1077 5515 1247 5569 libero
1270 5514 1460 5582 arbit.)

461 5604 607 5668 Ante
632 5605 947 5665 adventum
990 5602 1222 5664 Domini
1254 5601 1441 5661 nostri
1469 5602 1609 5665 Jesu
1636 5603 1871 5677 Christi,
1905 5609 2038 5677 etc.,

2144 4630 2200 4680 et
2230 4625 2377 4697 seq.)

2217 4713 2275 4770 Si
2306 4731 2614 4787 possemus
2646 4715 2817 4771 aliter
2864 4714 3166 4789 pervenire
3197 4715 3270 4771 ad
3304 4716 3621 4783 Christum,
3648 4712 3768 4770 etc.,

2143 4819 2312 4875 usque
2340 4802 2411 4858 ad
2458 4807 2618 4860 aceto
2667 4808 3031 4876 potaverunt.
3067 4805 3201 4876 (Id.,
3232 4813 3396 4861 tract.
3420 4804 3565 4877 psal.
3595 4812 3768 4859 1.xv111,

2144 4895 2288 4948 tom.
2322 4891 2414 4958 IV,
2448 4897 2599 4965 part.
2634 4910 2674 4960 1,
2708 4892 2816 4949 col.
2850 4895 2957 4950 842
2987 4898 3044 4950 et
3074 4898 3223 4967 seq.)

2215 4982 2355 5038 Nam
2380 4989 2432 5038 et
2459 4983 2557 5053 qui
2583 4999 2772 5038 sumus
2802 4984 2863 5039 in
2882 4984 2980 5040 hoc
3009 4984 3361 5041 tabernaculo
3388 4980 3771 5053 ingemiseimus

2144 5072 2380 5140 gravati,
2413 5075 2548 5138 etc.,
2577 5088 2763 5144 usque
2793 5072 2867 5127 ad
2896 5073 3124 5129 mortale
3175 5081 3255 5129 est
3306 5091 3340 5128 a
3391 5074 3523 5128 vita.
3577 5070 3769 5140 Aggra-

2146 5176 2355 5214 vamur
2383 5175 2519 5232 ergo
2566 5159 2927 5232 corruptibili
2983 5178 3222 5235 corpore
3252 5166 3327 5229 et,
3360 5165 3498 5225 etc.,
3527 5170 3692 5232 usque
3714 5148 3775 5205 ad

2148 5264 2341 5304 errore
2400 5251 2556 5304 sunt.
2610 5248 2741 5320 (Id.,
2774 5250 2871 5305 lib.
2904 5250 2969 5306 de
2995 5252 3160 5308 Civit.
3190 5253 3293 5308 Dei
3318 5267 3436 5319 x1v,
3470 5266 3520 5305 c.
3555 5264 3593 5304 ιι
3624 5251 3675 5301 et
3699 5256 3770 5306 111.

2147 5342 2291 5394 tom.
2325 5335 2446 5402 VII,
2480 5335 2588 5391 col.
2621 5337 2767 5409 406.)

2220 5424 2670 5499 Ingemiscimus
2701 5426 2925 5498 gravati
2958 5443 2971 5483 ε
3003 5428 3113 5484 sub
3146 5428 3376 5485 sarcina
3404 5423 3775 5489 scilicet,etC-,

2148 5531 2316 5590 usque
2340 5514 2410 5571 ad
2441 5531 2556 5570 non
2587 5518 2769 5571 extra.
2803 5516 2935 5589 (Id.,
2964 5533 3129 5573 serm.
3162 5517 3227 5574 de
3252 5515 3437 5574 natali
3476 5510 3778 5589 apostoloru

2148 5607 2291 5665 tom.
2324 5603 2391 5678 V,
2425 5607 2574 5681 part.
2610 5620 2648 5681 1,
2681 5602 2791 5664 col.
2826 5605 2965 5664 1374
2993 5610 3051 5666 et
3079 5608 3230 5685 seq.)
