3964 6168
358 357 476 420 363

1518 330 1523 333 ’
1575 358 1805 437 FLORI
1846 359 2158 421 DIAGONI
2202 330 2585 421 MONACHI.

3599 358 3697 422 364

355 492 588 547 siarum.
619 493 727 561 Qui
773 492 1014 566 apponit
1070 492 1397 560 scientiam,
1431 492 1672 565 apponit
1714 491 1994 547 dolorem.
2030 494 2073 561 Α
2181 493 2261 548 De
2290 491 2507 547 diaboli
2538 508 2708 563 poena
2739 492 2961 545 futura:
3000 489 3274 563 propheta
3303 496 3700 557 commemorat,

356 580 501 637 Ecce
531 582 809 651 abundet,
842 587 974 651 etc.,
1026 598 1198 654 usque
1253 581 1324 637 ad
1374 598 1487 653 quo
1547 586 1841 653 posuerat.
1876 582 1956 653 (Id
1988 624 2004 647 ,

349 671 661 741 tract.psal.
702 688 891 738 CXVIII,
920 675 1063 726 tom.
1090 671 1183 739 ιν,
1208 675 1358 743 part.
1382 687 1443 739 II,
1467 670 1575 725 col.
1604 672 1741 725 1268
1772 675 1828 725 et
1859 672 2003 742 seq.)

972 769 1201 824 CAPUT
1237 769 1356 823 XII.

430 848 576 903 Cum
602 848 872 904 homines
902 866 936 904 a
965 847 1254 904 matribus
1286 849 1712 921 concipiantur,
1745 852 1878 915 etc.,
1908 865 2005 903 its-

355 952 459 1007 que
489 937 559 992 ad
587 954 703 992 non
734 954 890 993 uror.
917 938 975 993 S.
999 939 1146 1010 Aug.
1172 940 1233 992 in
1252 940 1587 1009 expositione
1615 939 1793 1008 Epist.
1822 938 1891 991 ad
1911 937 2007 992 Ga-

358 1026 453 1081 lat.
486 1029 628 1082 tom.
659 1026 756 1094 ΙΙΙ,
790 1030 942 1099 part.
976 1044 1037 1095 II,
1072 1026 1182 1082 col.
1213 1028 1399 1098 2132.)

428 1113 616 1169 Urunt
658 1115 1091 1186 quodammodo
1132 1132 1336 1171 omnes
1396 1115 1803 1170 tribulationes
1847 1131 1859 1168 :
1902 1115 2003 1169 sed

356 1201 538 1274 aliud,
567 1207 704 1273 etc.,
734 1220 905 1276 usque
933 1205 1003 1259 ατί
1034 1203 1482 1259 humiliationis.
1504 1205 2006 1275 (ldem,lib.contra

353 1290 760 1365 Manichaeum.)

422 1381 578 1437 Vasa
605 1381 771 1454 figuli
803 1383 1030 1454 probat,
1057 1388 1190 1455 etc.,
1224 1400 1393 1455 usque
1422 1383 1491 1438 ad
1522 1384 1798 1438 universa
1828 1383 2004 1438 ossa?

352 1470 558 1543 (Idem,
610 1477 765 1526 tract.
815 1472 959 1542 psal.
988 1488 1064 1542 CI,
1095 1475 1237 1526 tom.
1273 1471 1368 1540 ιν,
1398 1476 1547 1543 part.
1582 1489 1639 1538 II,
1673 1470 1784 1526 col.
1822 1470 2004 1542 1297.)

427 1559 689 1614 Damasci
710 1561 1042 1630 praepositus
1088 1562 1285 1628 gentis,
1319 1564 1451 1628 etc.,
1486 1577 1673 1632 usque
1705 1561 1777 1615 ad
1805 1577 2005 1616 manus

351 1647 486 1718 ejus.
517 1645 649 1701 Vidi
680 1646 739 1701 in
770 1646 1018 1719 epistola
1065 1648 1311 1703 Paulum
1356 1650 1697 1722 fugientem.
1733 1650 1838 1705 Per
1868 1667 2005 1705 mu-

353 1751 508 1801 rum,
538 1738 671 1802 etc.,
703 1752 873 1807 usque
901 1736 972 1791 ad
1001 1737 1302 1809 arguebat.
1335 1737 1467 1807 (Id.,
1501 1746 1658 1794 tract.
1692 1739 1897 1807 Evang.
1930 1753 2006 1793 se-

354 1823 596 1878 cundum
622 1825 778 1879 Joan.
814 1842 888 1889 Iv,
919 1826 974 1893 6,
1005 1829 1149 1883 tom.
1178 1826 1276 1890 III,
1302 1843 1359 1898 p.
1384 1844 1444 1891 II,
1470 1827 1576 1881 col.
1604 1828 1734 1882 1731
1771 1832 1827 1881 et
1857 1827 2002 1899 seq.)

424 1911 548 1967 Seio
576 1912 847 1969 hominem
880 1914 939 1968 in
965 1914 1197 1979 Christo,
1228 1922 1351 1981 etc.,
1375 1932 1562 1988 usque
1591 1917 1663 1971 ad
1695 1916 1907 1971 homini
1928 1917 2006 1972 lo-

357 2002 471 2072 qui.
506 2001 642 2057 Erat
698 2001 851 2056 enim
914 2002 1036 2057 haac
1095 2020 1298 2059 eorum
1358 2005 1745 2071 consuetudo,
1778 2005 1877 2076 qui
1915 2022 2013 2060 sa-

355 2104 505 2158 cras,
530 2093 667 2158 etc.,
689 2106 858 2162 usque
887 2091 957 2146 ad
978 2091 1323 2163 pertinebat.
1358 2094 1492 2161 (Id.,
1525 2101 1683 2148 tract.
1714 2095 2006 2150 Evan.sec.

350 2179 509 2235 Joan.
543 2195 651 2249 LXI,
682 2183 823 2236 tom.
859 2180 957 2247 III,
989 2184 1137 2251 part.
1164 2198 1225 2249 II,
1259 2181 1369 2237 col.
1406 2183 1589 2253 1800.)

362 2318 365 2321 λ
425 2268 576 2336 Scio,
600 2268 813 2340 inquit,
835 2267 1136 2325 hominem
1155 2270 1214 2324 in
1235 2270 1465 2326 Christo
1497 2275 1630 2326 ante
1660 2288 1848 2327 annos
1867 2288 2007 2343 qua-

353 2356 1026 2431 tuordecim,etc.,usque
1056 2359 1125 2414 ad
1157 2360 1310 2415 facta
1342 2364 1481 2415 sunt
1512 2360 1727 2416 omnia.
1761 2361 2000 2429 (Id.,lib.

357 2444 422 2500 de
444 2443 635 2501 Genesi
652 2446 721 2501 ad
741 2447 998 2515 litteram,
1020 2451 1161 2504 tom.
1187 2448 1284 2517 III,
1310 2453 1507 2520 part.I,
1523 2448 1631 2505 col.
1662 2450 1764 2503 453
1785 2454 1841 2504 et
1862 2449 2009 2520 seq.)

433 2533 624 2590 Movet
653 2536 944 2607 quomodo
983 2535 1113 2609 ipsa
1140 2536 1242 2592 Dei
1274 2538 1610 2593 substantia
1638 2537 1844 2605 videri,
1877 2541 2009 2603 etc.,

362 2638 534 2694 usque
563 2622 632 2679 ad
662 2640 1022 2681 concessam.
1057 2626 1189 2695 (Id.,
1224 2626 1321 2682 lib.
1355 2627 1427 2681 ad
1454 2627 1775 2682 Paulinam‘
1806 2626 1871 2681 de
1928 2629 2012 2681 vi-

366 2710 538 2768 dendo
568 2717 696 2782 Deo,
726 2716 870 2769 tom.
906 2715 975 2781 II,
1008 2713 1114 2769 col.
1148 2714 1300 2785 6l0.)

436 2802 504 2856 Et
531 2802 745 2858 audivit
766 2819 972 2859 arcana
998 2804 1182 2871 verba,
1212 2819 1337 2875 qum
1383 2821 1494 2860 non
1542 2805 1664 2861 licet
1694 2804 1906 2860 homini
1935 2806 2011 2859 lo-

351 2892 486 2962 -qui.
522 2890 676 2947 Inter
704 2891 863 2964 ipsos
895 2892 1208 2965 spiritales,
1241 2897 1374 2959 etc.,
1406 2910 1576 2966 usque
1604 2893 1673 2948 ad
1715 2893 2010 2965 explicari.

371 2980 502 3052 (Id.,
535 2988 690 3038 tract.
726 2982 896 3038 Evan.
928 2999 1033 3038 see.
1063 2985 1221 3039 Joan.
1254 2983 1407 3056 xxv.)

441 3074 585 3128 Nam
612 3078 663 3127 et
690 3073 742 3126 si
766 3073 1007 3142 voluero,
1039 3076 1171 3138 etc.,
1202 3054 1397 3144 usque
1422 3054 1507 3127 ad,
1522 3074 1722 3128 dicam.
1758 3072 1923 3127 Dicat
1954 3089 2015 3127 se

371 3159 699 3227 dominum,
733 3165 865 3227 etc.,
899 3177 1068 3231 usque
1115 3162 1184 3215 ad
1238 3162 1437 3216 anima
1487 3162 1657 3217 servi.
1692 3162 1823 3233 (Id.,
1854 3169 2011 3216 tract.

367 3250 549 3304 Evan.
581 3264 686 3304 see.
717 3250 874 3305 Joan.
907 3266 993 3318 LV,
1030 3254 1171 3303 tom.
1209 3250 1307 3314 III,
1341 3255 1489 3321 part.
1525 3267 1584 3321 II,
1618 3248 1721 3304 col.
1760 3250 1940 3321 1793.)

440 3338 503 3392 Et
530 3353 600 3392 ne
626 3337 946 3407 magnitudo
974 3338 1390 3404 revelationum,
1419 3342 1525 3394 etc.
1534 3381 1551 3408 ,
1584 3355 1769 3410 usque
1799 3338 1873 3392 ad
1891 3355 2015 3393 ear-

364 3426 457 3480 nis
484 3439 641 3481 mem.
674 3424 893 3497 Nempe
921 3424 1015 3481 hic
1048 3425 1365 3499 agnoscitis
1394 3426 2016 3498 Apostolum,etc.,us—

368 3530 471 3587 que
521 3514 591 3570 ad
646 3513 836 3587 patria
890 3515 1341 3587 triumphantes.
1410 3516 1539 3588 (Id.,
1586 3533 1749 3570 serm.
1800 3515 1864 3571 de
1901 3532 2011 3571 ver.

368 3610 537 3675 apost.
566 3604 637 3659 ad
664 3604 839 3672 Rom,
870 3610 1011 3659 tom.
1046 3608 1115 3673 V,
1151 3609 1298 3676 part.
1333 3622 1373 3672 ι,
1404 3603 1512 3660 col.
1546 3606 1653 3660 835
1681 3609 1737 3660 et
1761 3603 1906 3676 seq.)

439 3691 615 3759 Deus,
644 3691 939 3763 inquiunt,
973 3696 1167 3763 potest
1217 3692 1415 3748 omnia
1444 3711 1671 3749 sanare.
1705 3694 1843 3761 Hoc,
1879 3698 2011 3761 etc.,

342 3795 541 3851 .usque
567 3779 638 3834 ad
668 3780 820 3835 bona
848 3781 1166 3837 voluntate.
1197 3782 1435 3852 (Id.,lib.
1470 3782 1534 3837 de
1565 3783 1757 3838 Natur.
1790 3790 1841 3837 et
1871 3790 2012 3851 grat.

344 3872 514 3923 .tom.
545 3867 612 3934 Χ,
645 3872 795 3940 part.
828 3887 868 3937 ι,
901 3868 1008 3925 col.
1041 3871 1190 3942 262.)

442 3953 872 4012 Sollicitissimc
929 3959 1250 4014 cavendum
1300 3964 1388 4015 est
1422 3960 1480 4014 in
1513 3961 1774 4016 docendo
1807 3977 2015 4032 super—

371 4043 501 4110 biae,
535 4046 669 4112 etc.,
694 4061 867 4118 usque
891 4046 961 4101 ad
984 4046 1311 4103 humiliata.
1347 4048 1663 4121 (Id.,epist.
1698 4049 1766 4104 ad
1795 4050 2018 4105 Floren-

372 4134 571 4202 tinum,
604 4136 748 4189 tom.
780 4139 853 4203 II,
888 4135 996 4191 col.
1034 4136 1217 4207 1090.)

439 4221 589 4279 Illud
620 4226 711 4280 est
738 4223 943 4281 vitium
972 4226 1238 4298 capitale,
1273 4228 1450 4299 quod,
1486 4232 1619 4297 etc.,
1654 4245 1822 4301 usque
1851 4227 1919 4282 ad
1952 4230 2017 4282 ut

368 4310 544 4370 dicat.
574 4313 705 4385 (Id.,
739 4321 894 4370 tract.
924 4315 1123 4386 psalm.
1157 4332 1311 4387 LVIII,
1340 4322 1382 4371 t.
1416 4317 1511 4385 1V,
1547 4316 2016 4389 part.1,col.709.)

436 4406 576 4462 Cum
629 4404 779 4459 enim
827 4405 1100 4474 inﬁrmor,
1149 4414 1230 4461 etc
1261 4450 1276 4472 ,
1306 4423 1492 4478 usque
1519 4408 1587 4461 ad
1619 4409 1806 4475 gravis
1834 4408 2011 4461 nobis.

366 4493 514 4549 Nam
544 4491 655 4548 hoc
681 4491 820 4548 vitio
852 4509 923 4548 ne
953 4498 1011 4549 et
1040 4493 1165 4565 ipse
1204 4497 1549 4562 tentaretur,
1584 4500 1717 4563 etc.,
1751 4511 1919 4566 usque
1945 4494 2014 4549 ad

367 4580 674 4653 superbiae.
709 4582 892 4649 (lbid.,
926 4581 1036 4637 col.
1068 4583 1175 4637 709
1204 4587 1261 4639 et
1289 4585 1436 4655 seq.)

439 4668 722 4724 Exaltatio
754 4670 824 4725 de
855 4671 1220 4728 abundantia
1267 4673 1590 4746 gratiarum
1644 4689 1842 4745 quam,
1877 4676 2010 4739 etc.,

366 4772 539 4829 usque
581 4756 651 4811 ad
700 4756 951 4830 lippiens
1007 4760 1232 4818 oculus.
1266 4762 1399 4832 (Id.,
1431 4770 1586 4818 tract.
1615 4763 1815 4834 psalm.
1849 4778 2010 4829 cxxx,

366 4849 510 4901 tom.
544 4843 641 4915 1V,
672 4851 820 4917 part.
859 4864 922 4914 II,
954 4850 1064 4906 col.
1100 4851 1285 4921 1708.)

2115 586 2246 651 etc.,
2280 598 2451 653 usque
2477 581 2545 636 ad
2574 585 2907 636 sonantem.
2963 580 3090 651 (Id.,
3140 586 3291 634 tract.
3344 579 3526 650 psalm.
3554 596 3703 649 xcvn,

2112 674 2254 725 tom.
2289 674 2387 735 IV,
2422 674 2572 741 part.
2608 687 2668 735 II,
2697 668 2807 723 col.
2842 668 3023 739 1255.)

2186 758 2409 827 Quaado
2469 760 2742 829 inﬁr-mor,
2798 767 2927 813 tunc
2976 765 3160 828 potens
3212 773 3348 810 sum.
3380 756 3535 811 Novit
3576 757 3706 811 Deus

2115 848 2254 919 quid
2288 848 2458 904 nobis
2488 847 2773 920 expediat,
2808 852 2941 914 etc.,
2968 862 3133 919 usque
3161 846 3229 900 ad
3258 850 3417 900 sanet
3441 850 3706 916 tegi-ctum.

2116 937 2248 1007 (Id.,
2283 945 2439 992 tract.
2472 939 2677 1007 Evang.
2725 953 2828 992 see.
2879 938 3143 992 Joannem
3170 951 3267 1001 VII,
3295 938 3428 988 tom.
3462 934 3552 997 III,
3580 937 3707 1003 part.

2116 1042 2175 1088 II,
2206 1025 2315 1080 col.
2349 1027 2489 1080 1443
2517 1030 2574 1080 et
2604 1025 2749 1097 seq.)

2186 1115 2373 1169 Etiam
2430 1115 2795 1186 temporibus
2843 1114 3021 1185 hujus
3067 1112 3195 1167 vita:
3244 1111 3552 1175 laboriosae,
3597 1114 3710 1175 etc.,

2113 1220 2284 1275 usque
2310 1204 2379 1258 ad
2411 1221 2511 1275 per
2542 1203 2823 1259 dolorem.
2856 1203 2987 1269 (Id.,
3022 1203 3119 1258 lib.
3154 1206 3338 1258 Genes.
3383 1200 3447 1255 all
3488 1200 3712 1264 litteram,

2116 1298 2256 1348 tom.
2291 1293 2388 1357 III,
2424 1297 2572 1363 part.
2608 1308 2646 1358 ι,
2679 1291 2786 1348 col.
2820 1292 2973 1361 289.)

2184 1381 2455 1436 Fideliter
2494 1380 2835 1454 supplicans
2857 1381 2994 1448 Deo,
3018 1384 3156 1448 etc.,
3175 1395 3343 1451 usque
3370 1377 3437 1433 ad
3466 1380 3616 1449 parat
3640 1390 3718 1429 ve-

2115 1470 2273 1526 ritas.
2306 1471 2438 1539 (Id.,
2476 1471 2570 1525 lib.
2614 1475 2859 1527 Sentent.
2920 1471 3195 1542 Prosperi,
3245 1472 3385 1523 tom.
3417 1467 3481 1533 X,
3507 1468 3639 1537 part.
3669 1480 3718 1529 II,

2112 1558 2222 1615 col.
2259 1561 2398 1615 1876
2427 1564 2483 1614 et
2508 1561 2658 1632 seq.)

2184 1653 2305 1706 Non
2333 1651 2479 1704 enim
2509 1664 2697 1719 quaaro
2729 1663 2853 1720 qua?
2880 1658 3080 1713 vestra,
3105 1651 3437 1717 etc.,usque
3464 1644 3530 1700 ad
3548 1658 3721 1715 paren-

2112 1746 2189 1792 tes
2219 1738 2373 1807 ﬁliis.
2408 1737 2698 1793 Sindones
2731 1736 2866 1792 fecit
2894 1743 2951 1792 et
2978 1736 3257 1792 vendidit.
3284 1736 3429 1791 Bene
3459 1731 3721 1804 quia,etc.,

2112 1843 2284 1898 usque
2333 1826 2402 1880 ad
2452 1826 2845 1881 amictorium.
2898 1827 3029 1897 (Id.,
3066 1826 3162 1882 lib.
3196 1826 3471 1892 Salomon,
3510 1824 3639 1875 tom.
3666 1817 3723 1879 ν,

2119 1921 2272 1987 part.
2302 1933 2343 1984 ι,
2377 1915 2483 1970 col.
2516 1917 2623 1970 230
2653 1920 2711 1971 et
2738 1916 2888 1987 seq.)

2187 2006 2298 2074 Ego
2325 2014 2505 2060 autem
2536 2005 2897 2060 libentissime
2946 2004 3258 2076 impendam
3288 2011 3339 2058 et
3365 2016 3521 2072 super
3547 2000 3727 2069 impen-

2118 2093 2220 2148 dar
2248 2095 2381 2165 ipse,
2410 2098 2543 2160 etc.,
2579 2110 2766 2165 usque
2799 2094 2870 2148 ad
2902 2095 3013 2148 sint
3044 2095 3192 2148 inter
3218 2109 3327 2147 vos.
3362 2089 3602 2145 Perfecta
3620 2086 3731 2140 cha-

2119 2183 2262 2237 ritas
2283 2188 2406 2237 est:
2433 2188 2496 2237 ut
2514 2188 2756 2255 paratus
2787 2182 2868 2238 sis
2902 2182 3049 2237 mori
3084 2199 3192 2254 pro
3226 2182 3419 2246 fratre,
3445 2182 3570 2241 etc.,
3590 2189 3732 2246 usque

2118 2272 2186 2326 ad
2215 2275 2339 2326 erat
2369 2272 2538 2326 mori.
2573 2272 2704 2342 (Id.,
2755 2276 2917 2326 tract.
2970 2271 3141 2343 Epist.
3204 2271 3362 2327 Joan.
3402 2285 3456 2336 v,
3489 2270 3619 2321 tom.
3649 2262 3731 2330 III,

2120 2364 2267 2432 part.
2304 2378 2363 2428 II,
2399 2359 2506 2415 col.
2539 2362 2727 2427 2014.)

2190 2447 2266 2503 Ne
2314 2450 2509 2503 iterum
2564 2464 2689 2502 cum
2747 2464 2941 2503 venero
2999 2447 3281 2515 humiliet,
3311 2449 3441 2513 etc.,
3472 2457 3646 2514 usque
3679 2437 3736 2494 ad

2120 2554 2285 2608 quam
2311 2545 2613 2606 gesserunt.
2639 2536 2698 2591 Si
2715 2538 2843 2607 jam
2863 2538 2934 2592 de
2958 2537 3214 2593 sanitate
3244 2536 3571 2606 desperans,
3593 2527 3737 2584 addis

2120 2630 2358 2697 peccata
2381 2625 2656 2697 peccatis,
2681 2630 2815 2692 etc.,
2838 2643 3009 2698 usque
3029 2626 3100 2681 ad
3128 2630 3356 2682 aeterna
3380 2622 3599 2679 vitatur.
3630 2617 3738 2685 (Id.,

2123 2715 2219 2769 lib.
2252 2714 2316 2770 de
2349 2715 2689 2785 paenitentia,
2748 2718 2890 2770 tom.
2933 2715 3000 2783 V,
3044 2720 3199 2787 part.
3247 2732 3308 2783 II,
3368 2711 3473 2768 col.
3522 2710 3649 2765 4548
3695 2707 3743 2758 et

2123 2803 2268 2875 seq.)

2192 2894 2388 2964 Agunt
2415 2893 2571 2948 enim
2604 2892 2872 2948 homines
2904 2897 3037 2948 ante
3065 2893 3431 2964 baptismum
3488 2886 3743 2962 poeniten-

2123 2980 2288 3046 tiam,
2319 2985 2451 3049 etc.,
2486 2998 2656 3052 usque
2684 2981 2756 3037 ad
2785 2999 2902 3037 non
2962 2998 3290 3038 cessamus.
3344 2980 3479 3050 (Id.,
3515 2978 3658 3049 epist.
3687 2969 3745 3026 ad

2122 3070 2519 3137 Seleucianam,
2554 3064 2696 3126 tom.
2731 3071 2799 3138 II,
2833 3070 2940 3125 col.
2977 3072 3115 3125 1086
3146 3076 3207 3127 et
3235 3073 3386 3142 seq.)

2744 3167 2977 3223 CAPUT
3017 3168 3163 3223 XIII.

2044 3233 2087 3301 C
2196 3250 2327 3305 Ecce
2352 3250 2506 3304 tertio
2554 3249 2651 3304 hoc
2696 3250 2852 3303 venio
2898 3247 2969 3302 ad
2998 3264 3107 3303 vos.
3141 3248 3203 3302 In
3239 3264 3332 3304 ore
3359 3248 3601 3312 duorum,
3631 3244 3744 3304 etc..

2128 3354 2314 3409 usque
2340 3338 2410 3392 ad
2440 3337 2533 3392 sed
2558 3345 2747 3409 potens
2773 3344 2851 3391 est
2881 3339 2941 3391 in
2972 3338 3149 3392 nobis.
3186 3338 3357 3393 Forte
3388 3333 3592 3406 aliquis
3612 3328 3745 3384 arbi-

2126 3430 2316 3481 tratur
2345 3426 2621 3498 quoniam
2655 3442 2767 3480 non
2796 3425 2940 3496 ipse,
2974 3429 3108 3481 etc..
3159 3442 3334 3499 usque
3356 3424 3426 3479 ad
3454 3424 3577 3494 ejus
3605 3415 3748 3475 audi-

2126 3518 2238 3569 tur.
2276 3516 2406 3587 (Id.,
2454 3522 2614 3569 tract.
2664 3516 2869 3585 Evang.
2919 3530 3025 3569 see.
3084 3517 3261 3570 Joan.
3321 3531 3472 3580 XLIV,
3525 3514 3656 3565 tom.
3681 3502 3747 3559 III

2127 3606 2276 3675 part.
2311 3621 2371 3671 II,
2405 3603 2514 3658 col.
2550 3603 2735 3673 M35.)

2196 3693 2373 3748 Moris
2395 3692 2722 3747 divinarum
2748 3691 3210 3763 Scripturarum,
3234 3698 3371 3760 etc.,
3396 3705 3559 3763 usque
3585 3686 3649 3742 ad
3675 3683 3748 3738 lo-

2125 3781 2432 3853 quebatur.
2467 3781 2599 3850 (Id.,
2632 3788 2787 3836 tract.
2817 3781 2961 3851 psal.
2994 3781 3097 3852 IV.)

2194 3870 2330 3924 Nam
2360 3871 2459 3925 etsi
2486 3870 2783 3940 cruci/imus
2833 3878 2911 3924 est
2941 3886 3011 3925 ea:
3040 3869 3394 3942 inﬁrmitate,
3427 3873 3558 3935 etc.,
3590 3875 3750 3934 usque

2125 3959 2193 4013 ad
2227 3976 2337 4015 non
2361 3975 2552 4013 sumus
2597 3959 2834 4030 reprobi.
2869 3958 3029 4013 Talis
3088 3958 3249 4014 enim
3303 3961 3432 4015 erat
3487 3950 3752 4024 susceptio

2125 4066 2272 4121 quae,
2308 4052 2441 4116 etc.,
2476 4064 2644 4119 usque
2681 4048 2751 4102 ad
2801 4047 3142 4103 inﬁrmitate
3194 4048 3399 4105 carnis
3432 4046 3560 4119 (Id.,
3592 4042 3679 4098 lib.
3702 4037 3755 4092 de

2130 4138 2324 4193 Trinit.
2359 4154 2398 4203 1,
2430 4140 2573 4192 tom.
2605 4136 2754 4204 VIII,
2789 4135 2896 4191 col.
2930 4137 3078 4207 840).

2197 4226 2427 4281 Oramus
2475 4234 2657 4281 autem
2704 4227 2875 4280 Deum
2920 4234 2980 4280 ut
3020 4226 3167 4281 nihil
3194 4228 3342 4282 mali
3369 4225 3610 4298 faciatis,
3640 4222 3755 4277 etc..

2124 4333 2310 4388 usque
2341 4316 2412 4371 ad
2444 4332 2567 4370 eum
2600 4316 2850 4371 omnibus
2880 4314 3046 4371 vobis.
3080 4315 3272 4369 Amen.
3294 4309 3670 4386 Intelligenda
3684 4306 3759 4361 est

2124 4405 2279 4460 enim
2312 4404 2499 4476 gratia
2528 4403 2626 4458 Dei
2662 4420 2764 4474 per
2793 4403 2999 4458 Jesum
3030 4402 3354 4476 Christum,
3372 4408 3510 4473 etc.,
3524 4391 3758 4472 usquead

2122 4495 2223 4549 dat
2249 4493 2402 4549 Deus
2436 4493 2565 4565 (Id.,
2601 4494 2699 4548 lib.
2732 4493 2798 4548 de
2831 4494 2960 4549 Cor.
2992 4501 3043 4548 et
3070 4509 3215 4563 gra.,
3251 4497 3402 4549 tom.
3439 4493 3504 4557 Χ,
3552 4491 3693 4561 part.
3722 4499 3756 4546 ιν

2043 4605 2090 4669 D
2123 4581 2243 4669 col.
2265 4582 2413 4649 917).

2195 4666 2358 4735 Quod
2387 4669 2482 4725 isti
2521 4655 2726 4724 dicunt
2756 4686 2861 4725 nos
2894 4686 3009 4724 non
3042 4669 3270 4734 debere,
3328 4673 3465 4733 etc.,
3518 4677 3675 4737 usque
3698 4655 3758 4713 ad

2125 4756 2447 4829 Utrumque
2465 4757 2620 4812 enim
2643 4757 2701 4812 in
2723 4755 3044 4829 Scripturis
3065 4756 3246 4811 habes
3261 4757 3277 4827 (
3289 4757 3400 4825 Id.,
3420 4772 3584 4812 serm.
3603 4757 3758 4807 contr.

2119 4846 2493 4917 Pelagianos).

1253 5016 1366 5101 IN
1423 5013 2068 5103 EPISTOLAM
2132 5011 2275 5095 AD
2335 5009 2876 5097 GALA'I‘AS.
2956 4992 2969 5005 '

1855 5170 2253 5186 *ρ

923 5289 1453 5350 ARGUMENTUM.

436 5445 651 5506 Galatae
685 5452 825 5506 sunt
855 5451 1055 5507 Graeci.
1084 5452 1149 5507 Hi
1182 5453 1425 5508 verbum
1457 5455 1717 5511 veritatis
1752 5458 2006 5530 primum

305 5535 742 5609 ,;ab,Apostolo
772 5545 1142 5613 acceperunt,
1177 5541 1278 5596 sed
1327 5546 1459 5613 post
1507 5544 1834 5601 discessum
1881 5549 2009 5620 ejus

362 5625 571 5707 tentati
597 5632 735 5692 sunt
750 5645 784 5689 a
802 5628 963 5688 falsis
984 5628 1281 5711 apostolis,
1309 5635 1373 5690 ut
1395 5631 1454 5689 in
1475 5631 1660 5709 legem
1689 5639 1741 5693 et
1766 5636 1811 5691 ci
1825 5656 1878 5695 re
1891 5657 1983 5697 um
1996 5674 2011 5682 -

2116 5269 2397 5327 cisionem
2407 5266 2911 5324 verterentur.Hos
2930 5266 3246 5341 Apostolus
3262 5268 3499 5322 revocat
3510 5262 3582 5319 ad
3599 5258 3761 5315 ﬁdem

2114 5357 2395 5426 veritatis,
2430 5355 2693 5413 scribens
2723 5355 2808 5412 eis
2837 5355 2910 5412 ab
2939 5356 3192 5430 Epheso.

2650 5515 2881 5574 CAPUT
2916 5514 3229 5574 PRIMUM.

2189 5643 2394 5701 Paulus
2425 5642 2695 5716 apostolus
2736 5660 2845 5700 non
2873 5645 2941 5702 ab
2982 5644 3313 5733 Imaginibus,
3344 5656 3527 5713 neque
3552 5654 3655 5714 per
3679 5636 3766 5692 ho-
