3914 6166
205 382 300 443 365
962 374 1371 436 EXPOSITIO
1415 374 1493 435 IN
1542 373 1709 433 EPP.
1755 372 2012 435 PAULI.
2045 404 2122 415 —
2321 374 2424 434 AD
2470 375 2753 437 GALAT.
3436 380 3556 439 366

207 515 386 577 minem,
398 506 481 564 sed
503 522 598 578 per
622 508 816 563 Iesum
844 504 1140 572 Christum,
1156 509 1288 575 etc.,
1314 523 1501 577 usque
1526 505 1598 560 ad
1618 505 1793 560 Evun-
1823 504 1879 571 Α
1980 504 2042 559 In
2073 505 2245 577 cujus
2276 505 2577 561 sententiae
2596 524 2710 561 non
2731 508 3174 589 consensionem
3202 507 3302 565 sed
3320 510 3557 568 simula-

206 603 375 671 getiam
418 596 631 653 Christi.
666 594 893 650 Priores
952 598 1092 651 sunt
1150 594 1339 650 caeteri
1396 593 1645 667 apostoli
1695 610 1800 667 per
1906 590 2148 661 tionem,
2182 598 2314 661 etc.,
2358 611 2526 666 usque
2580 595 2651 650 ad
2705 595 3019 668 sepulturae
3075 597 3338 654 violator.
3372 599 3529 670 (ibid.

203 690 450 747 Christum
482 684 693 753 adhuc,
727 688 860 750 etc.,
892 700 1064 756 usque
1091 683 1161 739 ad
1190 683 1250 739 in
1284 683 1490 739 cmlum
1522 683 1793 756 (S.Aug.,
1906 679 2018 736 col.
2049 683 2199 750 282.)

202 780 283 834 lib.
310 794 325 832 1
352 775 699 842 Retractatio.,
734 776 875 828 tom.
908 776 954 841 Ι,
987 771 1095 828 col.
1128 774 1236 827 622
1265 776 1322 827 et
1350 773 1517 844 seq.).
1975 770 2422 827 Ascribentibus
2451 772 2791 830 auctoribus
2830 778 3168 831 sanctarum
3219 776 3554 849 Scriptura-

254 866 338 922 Sed
366 866 479 919 licet
502 878 598 918 nos
628 870 728 917 aut
770 862 1022 931 angelus,
1054 865 1189 927 etc.,
1221 877 1410 933 usque
1440 859 1512 915 ad
1544 877 1615 915 an
1644 862 1750 916 Deo
1770 864 1796 914 .9
1906 874 2060 925 rum,
2084 863 2218 927 etc.,
2243 876 2409 931 usque
2438 861 2507 916 ad
2538 862 2917 919 Sacramenta
2945 867 3215 921 tractare.
3240 866 3420 939 (Ibid.,
3443 865 3552 922 col.

200 957 400 1012 Prorsus
429 950 742 1008 admonitio
773 950 1099 1006 beatissimi
1142 949 1427 1022 Apostoli,
1459 953 1592 1016 etc.,
1625 964 1797 1022 usque
1900 947 2009 1001 285
2039 951 2096 1002 et
2124 947 2270 1019 seq.)

198 1044 252 1098 ad
275 1040 462 1098 recedit
490 1041 559 1096 de
589 1039 682 1095 via
712 1039 845 1113 (Id.,
877 1047 1036 1095 tract.
1065 1040 1273 1108 Evang.
1302 1043 1791 1103 sec.Joan.xcv111,
1973 1035 2300 1092 Didicimus
2356 1038 2685 1109 apostolum
2745 1040 2979 1096 Petrum
3031 1039 3091 1096 in
3142 1059 3257 1114 quo
3285 1060 3454 1115 usque
3481 1043 3556 1099 ad

198 1135 309 1187 tom.
337 1134 425 1197 III,
456 1132 605 1202 part.
639 1145 702 1195 11,
730 1127 839 1183 col.
871 1127 1055 1197 4884).
1900 1124 2262 1196 provehitur.
2325 1127 2532 1197 (Idem,
2593 1128 2690 1184 lib.
2754 1146 2791 1185 11
2840 1129 2906 1185 de
2952 1130 3250 1203 Baptismo,
3278 1135 3420 1187 tom.
3455 1132 3551 1199 IX,

247 1219 342 1275 Nec
365 1218 481 1291 ipse
504 1215 815 1288 Apostolus
840 1215 1027 1272 voluit
1057 1215 1116 1271 in
1162 1233 1223 1271 se
1266 1215 1424 1289 poni,
1457 1219 1590 1283 etc.,
1621 1231 1791 1287 usque
1902 1211 2011 1268 col.
2046 1213 2193 1285 I27.)

195 1306 249 1362 ad
272 1307 466 1363 Donato
490 1305 622 1375 (Id.,
655 1321 817 1361 serm.
848 1305 914 1362 de
941 1306 1064 1361 Kal.
1106 1306 1257 1377 jan.,
1289 1310 1432 1361 tom.
1462 1304 1530 1373 V,
1565 1308 1714 1377 part.
1749 1321 1788 1373 1,
1972 1301 2223 1359 Omnino
2274 1304 2593 1360 tenendum
2626 1304 2685 1359 in
2726 1306 2991 1362 doctrina
3039 1306 3338 1381 religionis
3387 1307 3551 1366 nullo

192 1395 276 1450 col.
308 1395 470 1465 1023).
1900 1391 2076 1447 modo
2107 1407 2234 1448 esse
2264 1392 2689 1450 mentiendum.
2720 1395 2807 1450 Ad
2838 1397 3199 1453 ostendenda
3221 1413 3380 1471 ergo,
3410 1403 3545 1465 etc.,

246 1482 441 1538 Licetsi
466 1498 592 1551 nos,
616 1482 827 1554 inquit.
852 1483 923 1538 Et
940 1481 1249 1551 tu,Paule,
1276 1485 1791 1553 potes,etc.,usque
1900 1495 2069 1550 usque
2124 1480 2194 1535 ad
2241 1482 2647 1554 redarguebat.
2707 1483 2913 1555 (Idem.
2960 1484 3057 1543 lib.
3109 1500 3160 1540 c.
3192 1486 3443 1542 Mendao.
3478 1487 3554 1544 ad

187 1572 240 1626 ad
261 1571 559 1627 amiserunt
589 1571 723 1641 (Id.,
754 1578 909 1627 tract.
940 1571 1085 1643 psal.
1118 1587 1238 1636 c111,
1272 1572 1414 1626 tom.
1440 1569 1538 1637 IV,
1561 1572 1710 1641 part.
1726 1586 1788 1639 11,
1901 1568 2171 1637 Consent.,
2204 1573 2345 1625 tom.
2380 1570 2475 1637 VI,
2508 1569 2618 1627 col.
2649 1572 2756 1627 536
2782 1576 2840 1627 et
2862 1575 3016 1643 seq.)

187 1659 269 1715 col,
298 1661 459 1730 1387),
1136 1700 1143 1709 .
1968 1657 2038 1712 Et
2069 1657 2117 1713 si
2150 1657 2263 1713 tale
2295 1658 2520 1729 aliquid
2549 1660 2674 1731 ipse
2701 1660 2915 1717 Paulus
2946 1662 3179 1731 fecerat,
3212 1665 3347 1731 etc.,
3380 1681 3549 1737 usque

237 1749 293 1804 Et
315 1749 455 1805 vovit
484 1748 663 1805 Israel
693 1751 892 1805 votum
925 1747 1196 1815 Domino,
1230 1752 1552 1819 etc.,usque
1574 1748 1644 1804 ad
1664 1765 1789 1804 sus-
1895 1744 1967 1801 ad
1995 1746 2341 1819 disputanti.
2376 1749 2582 1819 (Idem,
2614 1751 2774 1821 epist.
2806 1750 2876 1805 ad
2903 1750 3247 1823 Hieronym.)

182 1838 441 1908 pendendo
468 1839 604 1905 (Id.,
640 1839 739 1894 lib.
766 1839 995 1909 Quaest.,
1029 1840 1114 1894 tit.
1149 1838 1238 1904 40,
1270 1853 1425 1891 num.
1459 1838 1570 1903 21).
1818 1876 1864 1912 ι,
1968 1834 2057 1889 Illi
2079 1835 2179 1908 qui
2201 1853 2263 1891 se
2283 1836 2645 1894 Christianos
2659 1838 2989 1895 Nazarenos
3007 1842 3551 1912 vocant,etc.,usque

234 1928 300 1981 An
325 1943 496 1999 qua'ro
545 1928 865 1983 hominibus
888 1928 1104 1999 placere
1131 1929 1153 1982 Ρ
1179 1931 1313 1993 etc.,
1346 1943 1533 1998 usque
1563 1928 1635 1982 ad
1664 1929 1788 1998 fra-
1816 1921 1865 1942 ”
1898 1921 1969 1976 ad
1999 1929 2427 1981 remanserunt.
2463 1926 2670 1998 (Idem,
2704 1928 2801 1982 lib.
2834 1945 2913 1983 v11
2956 1927 3022 1983 de
3067 1930 3368 2001 Baptismo,
3402 1933 3547 1986 tom.

182 2023 290 2070 trem
316 2017 545 2072 Domini.
563 2016 717 2071 Sunt
746 2015 1016 2072 homines
1042 2016 1141 2088 qui
1174 2018 1385 2088 putant
1414 2015 1523 2070 sibi
1555 2014 1614 2070 in
1640 2016 1787 2071 bene
1898 2010 1988 2079 IX,
2021 2011 2128 2067 col.
2163 2015 2313 2086 225.)

180 2104 378 2158 vivendo
401 2105 691 2173 sufficere,
715 2107 852 2171 etc.,
876 2121 1048 2177 usque
1077 2104 1146 2159 ad
1178 2103 1412 2159 inﬁrmo
1444 2103 1631 2159 fratri.
1650 2104 1785 2172 (Id.,
1964 2105 2074 2158 Nos
2100 2110 2303 2158 natura
2328 2103 2537 2172 Judaei,
2571 2113 2622 2160 et
2650 2122 2758 2161 non
2806 2122 2877 2162 ea:
2923 2107 3174 2177 gentibus
3219 2115 3542 2181 peccatores.

182 2190 257 2246 lib.
282 2192 340 2248 de
365 2192 581 2261 Ovibus,
617 2198 761 2250 tom.
790 2192 858 2261 V,
891 2198 1044 2265 part.
1078 2211 1127 2260 ι,
1150 2192 1259 2248 col.
1292 2193 1394 2247 301
1430 2196 1488 2249 et
1513 2193 1662 2264 seq.)
1897 2187 3545 2269 Flammacombussitpeccatores.Nonest,etc.,usquead

231 2281 509 2353 Apostolus
539 2280 690 2337 dicit
723 2298 736 2336 :
770 2280 828 2337 Si
859 2281 1052 2338 adhuc
1083 2280 1426 2337 hominibus
1470 2280 1781 2352 placerem,
1894 2283 2183 2335 oneratos.
2219 2280 2423 2351 (Idem,
2475 2288 2631 2338 tract.
2678 2284 2825 2355 psal.
2857 2300 2946 2352 cv,
2977 2288 3119 2340 tom.
3153 2283 3247 2354 IV,
3298 2289 3448 2358 part.
3475 2299 3539 2355 11,

176 2370 280 2437 etc.,
307 2387 462 2441 usque
489 2370 563 2426 ad
596 2369 723 2426 ﬁeri
751 2368 899 2426 volo.
931 2370 1244 2439 (Id.,serm.
1266 2370 1487 2425 Domini
1506 2371 1564 2425 in
1580 2378 1780 2438 monte,
1894 2366 2003 2423 col.
2033 2367 2217 2437 1412.)

176 2459 289 2511 tom.
318 2462 409 2527 III,
440 2464 594 2531 part.
630 2477 669 2526 1,
702 2458 809 2515 col.
847 2460 1029 2526 1271.)
1961 2456 2201 2513 Scientes
2228 2466 2411 2514 autem
2439 2460 2579 2531 quod
2606 2477 2715 2517 non
2738 2462 3246 2533 justiﬁeatur,etc.,
3266 2463 3539 2535 usquead

231 2546 345 2613 Quae
368 2556 544 2604 autem
574 2550 756 2605 scribo
786 2549 957 2616 vobis,
988 2564 1107 2604 ecce
1135 2564 1319 2604 coram
1367 2549 1470 2603 Deo
1513 2549 1645 2619 quia
1675 2564 1784 2605 non
1892 2546 2310 2602 constituo.Non
2326 2547 2650 2621 quiaopera
2664 2550 2816 2606 bona
2832 2551 3211 2618 frustrantur,
3227 2555 3544 2625 etc.,usque

174 2637 519 2693 nwntior.Non
541 2637 715 2693 vobis
743 2637 997 2692 dicimus
1029 2654 1142 2692 non
1178 2653 1284 2692 nos
1304 2636 1599 2707 jurare.Si
1624 2636 1780 2693 enim
1892 2634 1963 2689 ad
1982 2634 2376 2707 impetrautur
2394 2642 2620 2693 caetera.
2646 2638 2847 2707 (Idem,
2865 2639 3046 2696 lib.ad
3068 2640 3544 2713 Paulinumepis.)

171 2721 275 2792 hoc,
299 2730 420 2796 etc.,
450 2743 628 2799 usque
654 2726 724 2781 ad
752 2726 1086 2781 credebant.
1120 2726 1253 2795 (Id.,
1286 2742 1451 2781 serm.
1499 2724 1565 2781 de
1604 2728 1782 2781 verbis
1889 2724 2000 2792 Ego
2028 2726 2179 2779 enim
2204 2740 2304 2795 per
2334 2726 2523 2796 legem,
2557 2730 2690 2794 etc.,
2715 2744 2904 2799 usque
2953 2729 3025 2784 ad
3073 2730 3135 2783 in
3160 2745 3247 2784 me
3275 2731 3542 2786 Christus.

172 2814 364 2881 apostoli
381 2816 596 2883 Jacobi,
632 2819 774 2869 tom.
809 2814 875 2879 V,
910 2818 1056 2885 part.
1094 2831 1132 2881 1,
1157 2812 1268 2870 col.
1300 2813 1407 2868 977
1436 2818 1494 2869 et
1525 2817 1672 2886 seq.)
1890 2812 2133 2885 Cognita
2181 2813 2282 2868 Dei
2335 2817 2525 2885 gratia
2574 2832 2702 2887 quae
2748 2816 2874 2871 sola
2904 2816 3177 2873 liberata
3206 2817 3545 2890 praevarica-

223 2903 403 2958 Deinde
420 2905 545 2959 veni
569 2904 634 2958 in
650 2912 832 2975 partes
849 2903 1096 2976 Sgriwet
1115 2904 1693 2974 Ciliciae,etc.,usque
1706 2904 1776 2958 ad
1889 2901 2066 2969 tione,
2091 2906 2224 2970 etc.,
2247 2918 2417 2974 usque
2446 2904 2516 2959 ad
2545 2903 2934 2976 perimuntur.
2971 2905 3181 2975 (Idem,
3204 2914 3360 2961 tract.
3387 2907 3533 2977 psal.

169 2989 501 3061 clari/imbuat
527 2994 725 3048 Deum.
743 2992 816 3049 Ut
835 2991 977 3064 quid
1005 2991 1465 3065 magniﬁcabant
1490 2991 1697 3057 Deum,
1729 2991 1780 3047 si
1888 3007 2081 3059 cxvm,
2114 2996 2256 3047 tom.
2293 2991 2384 3059 ιν,
2417 2997 2566 3063 part.
2602 3010 2660 3060 11,
2696 2991 2804 3048 col.
2840 2993 2981 3048 -1575
3010 2998 3067 3049 et
3096 2996 3244 3065 seq.)

169 3094 259 3134 non
286 3078 446 3148 Deus,
477 3086 620 3150 etc.,
653 3098 824 3155 usque
849 3080 921 3136 ad
953 3097 1068 3136 non
1103 3081 1331 3136 fecerat.
1366 3080 1498 3149 (Id.,
1530 3082 1685 3151 epist.
1709 3080 1779 3135 ad
1957 3079 2107 3135 Audi
2138 3078 2482 3151 Apostolum
2515 3084 2834 3154 negantem
2861 3098 2945 3137 se.
2978 3080 3141 3150 Mihi,
3167 3081 3377 3153 inquit,
3401 3087 3535 3150 etc.,

170 3167 376 3239 Vitalem,
405 3174 549 3226 tom.
590 3169 681 3239 ΧΙ,
715 3169 826 3226 col.
860 3170 1010 3241 987.)
1889 3184 2060 3240 usque
2081 3168 2153 3224 ad
2181 3168 2240 3223 in
2272 3172 2349 3224 te.
2383 3168 2514 3241 (Id.,
2541 3186 2704 3226 serm.
2734 3170 2799 3227 de
2826 3187 2937 3227 ver.
2969 3172 3140 3226 Evan.
3175 3170 3352 3227 Galat.
3382 3172 3465 3241 6.)

220 3256 469 3327 Luceant,
492 3259 695 3332 inquit
712 3258 1212 3331 Dominus,opera
1231 3262 1443 3329 vestra,
1467 3262 1781 3331 etc.,usque
1811 3241 1855 3309 C
1965 3256 2115 3326 Quod
2142 3266 2323 3313 autem
2351 3274 2462 3314 non
2492 3260 2631 3325 vivo,
2664 3263 2797 3327 etc.,
2833 3276 3019 3332 usque
3050 3260 3122 3315 ad
3147 3276 3244 3332 pro
3270 3262 3534 3333 me.Apo-

167 3344 221 3397 ad
258 3346 548 3407 viviﬁcavit
602 3347 872 3405 Paulum.
915 3348 1047 3420 (Id.,
1080 3365 1243 3404 εει-ιη.
1274 3349 1434 3419 epist.
1466 3350 1621 3404 Joan.
1653 3362 1778 3421 VIII,
1889 3345 2076 3403 stolus
2097 3346 2239 3402 dicit
2260 3363 2273 3402 :
2298 3346 2406 3411 Qui
2427 3346 2547 3403 ﬁlio
2569 3348 2802 3421 pr0prio
2820 3366 2935 3404 non
2957 3348 3230 3422 pepercit,
3249 3350 3373 3415 sed,
3396 3353 3530 3419 etc.,

168 3435 279 3489 tom.
309 3440 401 3504 III,
434 3443 589 3511 part.
625 3455 688 3510 11,
718 3436 828 3493 col.
859 3438 1049 3507 2037.)
1887 3453 2058 3508 usque
2085 3435 2155 3491 ad
2184 3435 2535 3493 invenimus.
2576 3437 2705 3509 (Id.,
2747 3445 2905 3493 tract.
2941 3440 3001 3493 in
3027 3438 3199 3510 Epist.
3227 3443 3394 3496 Joan.
3426 3455 3528 3509 v11,

784 3534 1016 3591 CAPUT
1056 3535 1121 3590 II.
1888 3529 2032 3581 tom.
2066 3528 2165 3592 III,
2200 3527 2347 3596 part.
2380 3542 2441 3593 ιι,
2476 3525 2584 3582 col.
2613 3527 2757 3581 2032
2784 3530 2842 3581 et
2871 3530 3020 3597 seq.)

215 3614 395 3671 Deinde
415 3624 539 3688 post
566 3632 747 3673 annos
768 3614 1196 3690 quatuordecim,
1222 3619 1355 3683 etc.,
1377 3630 1563 3687 usque
1592 3615 1666 3670 'ad
1685 3624 1781 3670 aut
1959 3614 2078 3669 Non
2106 3614 2307 3686 abjicio
2336 3616 2598 3685 gratiam,
2630 3620 2764 3683 etc.,
2799 3632 2985 3687 usque
3031 3616 3103 3672 ad
3150 3625 3400 3673 mortuus
3435 3623 3533 3673 est.

159 3706 500 3761 murrissem.
516 3710 655 3779 Ipse
676 3703 977 3777 apostolus
1001 3702 1217 3760 Paulus
1231 3708 1362 3775 post
1375 3704 1779 3760 ascensionem
1890 3702 2031 3768 Quis
2055 3702 2135 3757 ita
2155 3703 2231 3757 sit
2252 3704 2470 3759 surdus
2501 3704 2779 3761 adversus
2812 3703 3187 3776 apostolicus,
3213 3708 3346 3772 etc.,
3368 3721 3540 3777 usque

161 3786 351 3847 Domini
382 3795 451 3849 de
480 3794 655 3863 caelo,
688 3797 823 3863 etc.,
878 3810 1049 3866 usque
1096 3794 1166 3848 ad
1212 3792 1444 3848 locutus
1484 3793 1777 3849 audiatur.
1890 3792 1960 3846 ad
1984 3792 2138 3863 quod
2170 3791 2437 3864 perierat.
2462 3793 2714 3863 (Id.,lib.
2734 3793 2799 3850 de
2821 3792 2969 3850 Grat.
3000 3802 3051 3849 et
3082 3794 3254 3851 libero
3283 3795 3540 3862 arbitrio,

159 3877 221 3945 (S.
246 3883 400 3955 Aug.,
434 3883 539 3939 lib.
576 3892 756 3939 contr.
788 3884 1069 3950 Faustum,
1102 3882 1190 3938 tit.
1222 3883 1337 3949 54.)
1888 3885 2032 3936 tom.
2065 3880 2131 3947 Χ,
2164 3879 2271 3936 col.
2306 3880 2455 3954 890.)

214 3968 321 4025 Non
348 3989 448 4044 pro
478 3973 578 4030 his
612 3976 811 4028 autem
841 3988 982 4045 rogo
1014 3971 1342 4037 tantum,id
1373 3976 1462 4027 est
1491 3988 1619 4044 pro,
1646 3975 1781 4039 etc.,
1961 3968 2143 4025 Nemo
2174 3968 2232 4024 in
2264 3985 2329 4025 eo
2361 3972 2517 4043 quod
2564 3971 2793 4028 videtur
2822 3971 3038 4029 habere
3068 3972 3373 4047 glorietur,
3407 3977 3542 4041 etc.,

157 4072 296 4130 usque
321 4061 387 4116 ad
416 4062 625 4119 credit.
657 4062 790 4132 (Id.,
815 4070 980 4118 tract.
1007 4064 1178 4117 Evan.
1198 4076 1302 4117 sec.
1325 4062 1481 4118 Joan.
1506 4064 1778 4129 cv1,tom.
1888 4074 2059 4130 usque
2105 4058 2176 4114 ad
2233 4058 2305 4115 ab
2362 4075 2449 4116 eo.
2502 4061 2633 4133 (Id.,
2679 4062 2778 4118 lib.
2810 4065 2961 4120 Sent.
2992 4065 3271 4135 Prosperi,
3300 4066 3443 4119 tom.
3474 4061 3543 4130 X,

162 4143 233 4213 ΙΙΙ,
259 4153 396 4221 part.
428 4170 492 4220 ιι,
526 4151 643 4209 col.
680 4150 862 4223 1917.)

1889 4152 2039 4220 part.
2074 4165 2132 4215 ιι,
2164 4147 2272 4205 col.
2308 4148 2491 4219 l880.)

215 4236 435 4296 Proinde
484 4241 573 4297 sic
625 4239 1025 4314 intelligamus
1074 4241 1253 4313 quod,
1285 4243 1421 4308 etc.,
1453 4255 1623 4311 usque
1652 4237 1721 4294 ad
1749 4256 1784 4295 a
2529 4237 2761 4294 CAPUT
2792 4243 2894 4293 III.

161 4328 391 4383 mortuis.
423 4330 620 4399 (Ibid.,
654 4328 764 4386 col.
798 4329 957 4385 4919.
1114 4384 1123 4392 ,
1963 4326 2002 4382 0
2032 4327 2298 4383 insensati
2329 4325 2554 4393 Galatae,
2579 4329 2702 4398 quis
2732 4344 2822 4383 vos
2852 4329 3322 4400 fascinavit,etc.,
3355 4341 3544 4398 usque

210 4412 277 4469 De
304 4416 502 4474 decem
536 4418 793 4491 leprosis
824 4434 973 4490 quos
1002 4418 1084 4474 ita
1114 4417 1439 4489 mandavit,
1472 4421 1778 4485 cum,etc.,
1891 4415 1963 4470 ad
1984 4414 2055 4470 ad
2070 4415 2379 4486 justitiam.
2404 4414 2506 4470 Hic
2528 4431 2670 4471 sane
2690 4415 2792 4471 illa
2813 4416 3103 4473 sententia
3121 4414 3382 4487 ponitur,
3403 4418 3537 4484 etc.,

156 4514 293 4572 usque
318 4505 385 4560 ad
414 4506 809 4564 monstrabat.
840 4507 972 4579 (Id.,
992 4507 1089 4563 lib.
1112 4507 1315 4576 anst.
1336 4522 1531 4575 evang.
1557 4510 1777 4575 11,tom.
1890 4519 2061 4575 usque
2086 4501 2156 4558 ad
2187 4502 2593 4559 circumcisus.
2624 4507 2705 4574 (S.
2734 4506 2884 4577 Aug.
2931 4503 3027 4558 lib.
3061 4502 3127 4558 de
3155 4502 3270 4558 Civ.
3300 4503 3400 4558 Dei
3424 4518 3539 4572 xv1,

158 4588 237 4680 III,
266 4598 405 4662 part.
439 4612 504 4663 ιι,
536 4593 654 4651 col.
691 4595 828 4650 1334
856 4598 912 4651 et
940 4597 1092 4666 seq.)
1811 4613 1860 4680 D
1892 4597 2033 4648 tom.
2064 4591 2189 4659 VII,
2221 4590 2329 4648 col.
2361 4593 2510 4665 500.)

207 4678 293 4733 Sed
319 4698 490 4754 neque
520 4686 674 4740 Titus
723 4685 820 4756 qui
865 4700 1073 4739 mecum
1123 4691 1239 4739 erat
1288 4700 1415 4739 cum
1462 4691 1616 4753 esset,
1649 4687 1782 4751 etc.,
1812 4678 1843 4680 ⁷
1966 4681 2277 4751 Cognoscite
2320 4698 2448 4750 ergo
2496 4683 2627 4754 quia
2678 4682 2794 4753 qui,
2827 4684 2962 4749 etc.,
2991 4697 3181 4753 usque
3214 4680 3285 4736 ad
3316 4682 3455 4736 vivet
3481 4681 3544 4736 in

155 4778 308 4838 usque
334 4772 404 4827 ad
437 4773 690 4829 hominis
735 4788 845 4829 non
877 4775 1099 4845 accipit.
1132 4774 1201 4828 Et
1232 4772 1607 4828 Timotheum
1641 4790 1777 4845 pro-
1890 4771 2027 4827 illis.
2054 4770 2171 4825 Iloc
2202 4770 2424 4826 dictum
2449 4771 2629 4825 estad
2653 4768 2968 4838 Abraham,
2995 4774 3128 4840 etc.,
3163 4786 3332 4842 usque
3360 4769 3430 4824 ad
3459 4769 3543 4824 vi-

154 4859 317 4921 pterea
338 4859 736 4929 circumcidit,
763 4877 834 4916 ne
857 4860 1078 4918 Judaeis
1101 4865 1178 4926 et,
1200 4865 1332 4929 etc.,
1358 4876 1523 4932 usque
1538 4861 1607 4916 ad
1623 4862 1784 4915 dam-
1890 4860 2119 4915 demus.
2146 4859 2275 4930 (Id.,
2300 4860 2397 4914 lib.
2425 4867 2597 4915 contr.
2630 4860 2914 4927 Faustum,
2948 4858 3546 4927 tom.VlII,col.275.)

155 4944 273 5000 nari.
303 4950 432 5019 (Id.,
467 4953 629 5023 epist.
667 4950 737 5006 ad
766 4952 1184 5023 Hieronymum,
1207 4953 1349 5006 tom.
1383 4952 1456 5016 II,
1489 4947 1599 5004 col.
1631 4950 1782 5021 280.)
1962 4948 2277 5020 Impletum
2307 4952 2397 5004 est
2419 4950 2574 5019 quod
2608 4949 2965 5021 promissum
2988 4953 3079 5005 est
3096 4948 3542 5017 Abrahaa,etex,

210 5031 327 5091 lilii
350 5042 499 5095 enim
536 5042 639 5112 qui
672 5040 998 5096 videbantur
1034 5056 1148 5095 esse
1177 5038 1393 5110 aliquid
1420 5040 1566 5094 nihil
1597 5046 1785 5094 contu-
1893 5042 2025 5106 etc.,
2045 5052 2217 5109 usque
2235 5035 2306 5091 ad
2327 5040 2383 5091 et
2402 5034 2637 5092 cwlum.
2662 5037 2796 5105 (Id.,
2819 5054 2981 5093 serm.
3007 5038 3070 5095 de
3090 5038 3236 5096 verb.
3260 5038 3549 5107 Evangelii

157 5116 325 5179 lerunt.
354 5125 459 5183 Sed
487 5137 713 5186 econtra
740 5145 864 5184 cum
892 5128 1178 5197 vidissent,
1200 5132 1336 5194 etc.,
1367 5144 1554 5199 usque
1583 5128 1656 5183 ad
1690 5128 1788 5183 hoc
1894 5144 2007 5192 xw,
2038 5129 2180 5181 tom.
2212 5123 2280 5191 V,
2314 5129 2463 5195 part.
2498 5143 2534 5193 1,
2568 5123 2677 5180 col.
2709 5127 2862 5195 727.)

162 5208 311 5276 ίρσυιη
327 5216 528 5284 facere.
554 5216 708 5272 Dicit
725 5217 953 5274 venisse
976 5232 1039 5273 se
1061 5215 1632 5289 Ilierosolymam,et,
1652 5219 1783 5284 etc.,
1968 5213 2243 5285 Legimus
2264 5212 2576 5285 justiﬁcari
2611 5213 2668 5268 in
2701 5213 2928 5271 Christo
2960 5216 3063 5287 qui
3113 5217 3381 5282 credunt,
3408 5217 3542 5283 etc.,

158 5308 299 5368 tuque
324 5303 394 5358 ad
420 5305 818 5378 discrepabat.
852 5306 984 5376 (Id.,
1018 5305 1115 5361 lib.
1153 5306 1354 5374 Quaest.
1386 5307 1601 5376 evang.)
1895 5319 2064 5375 usque
2094 5302 2163 5357 ad
2194 5302 2276 5358 ita
2304 5301 2538 5357 dicitur.
2572 5303 2705 5375 (Id.,
2739 5303 2836 5359 lib.
2868 5304 2933 5360 de
2962 5301 3540 5377 Baptis.par.tom.X,

211 5385 329 5445 Cum
354 5400 546 5449 autem
578 5396 811 5450 venisset
839 5400 1056 5463 Petrus,
1087 5399 1219 5463 etc.,
1254 5410 1439 5465 usque
1462 5393 1533 5449 ad
1555 5394 1784 5448 stmula-
1896 5395 2041 5464 part.
2077 5408 2117 5458 1,
2153 5389 2263 5447 col.
2299 5391 2446 5463 115.)

157 5474 347 5538 ίίῡηειη.
381 5482 441 5536 Si
476 5482 592 5537 hoc
618 5482 749 5539 fecit
774 5483 979 5539 Petrus
1004 5484 1159 5557 quod
1187 5484 1373 5538 facere
1393 5481 1616 5548 debuit,
1650 5487 1782 5549 etc.,
1967 5480 2211 5536 Christus
2242 5479 2468 5536 redemit
2493 5497 2611 5546 nos.
2646 5484 2779 5547 etc.,
2815 5498 3001 5552 usque
3033 5482 3104 5536 ad
3147 5488 3242 5536 aut
3282 5496 3543 5552 superor-

155 5576 296 5634 usque
321 5570 389 5626 ad
417 5587 554 5628 esse
587 5588 700 5626 non
732 5590 923 5645 posse.
956 5570 1348 5646 (Id.,cpist.a:l
1371 5572 1780 5647 Hieronymum,
1893 5570 2067 5627 dinat.
2102 5570 2352 5627 Secutus
2398 5571 2714 5642 Apostolus
2758 5569 2897 5625 dicit
2928 5570 2998 5624 de
3028 5568 3257 5625 Christo
3290 5586 3303 5624 :
3336 5570 3542 5627 Factus

155 5653 275 5734 tom.
306 5657 372 5735 ΙΙ,
404 5659 516 5721 col.
552 5662 662 5718 278
686 5666 741 5719 et
771 5662 917 5739 seq.)
1894 5665 1984 5719 est
2011 5676 2116 5737 pro
2148 5657 2317 5717 nobis
2349 5657 2749 5741 maledictum.
2779 5657 2941 5717 Sicut
2990 5674 3108 5715 non
3158 5658 3377 5734 timuit,
3406 5661 3542 5743 etc.,
