3964 6168
276 330 283 335 ‘
390 302 507 410 se:

1589 348 1820 412 FLORI
1863 348 2177 414 DIACUNI
2225 350 2602 435 nomen;

3632 362 3731 422 368

393 494 567 567 usque
594 484 664 540 ad
693 485 1072 542 sanabuntur.
1105 485 1237 557 (Id.,
1272 485 1368 540 lib.
1399 491 1571 541 contr.
1591 487 2039 553 Faustum,tom.
2071 486 2127 553 Α
2226 486 2390 541 Certe
2418 487 2576 541 enim
2595 487 2727 559 ipsa
2742 486 2936 543 estlex
2951 503 3077 559 quas
3108 487 3737 564 subintravit,etc.,usque

396 570 544 644 VIII,
578 574 685 629 col.
718 575 823 629 297
852 578 909 631 et
938 575 1087 646 seq.)

465 665 532 716 In
563 662 870 735 prophetia
900 662 1120 719 dictum
1147 666 1253 719 est.
1285 662 1635 718 Maledictus
1668 661 1884 729 omnis,
1904 665 2044 730 etc.,

391 766 564 824 usque
592 752 663 808 ad
691 752 1036 809 benedictio.
1069 753 1202 827 (Id.,
1234 761 1389 810 tract.
1421 755 1623 827 psalm.
1658 771 1873 821 xxxvu,
1898 757 2041 808 tom.

396 840 492 910 IV,
528 845 678 914 part.
713 858 751 911 ι,
785 842 891 897 col.
927 843 1073 914 411.)

460 930 696 987 Abrahz
751 931 912 988 dicta:
965 939 1090 987 sunt
1145 934 1540 1005 promissiones
1579 940 1630 988 et
1663 934 1863 988 semini
1901 933 2040 1004 ejus.

393 1018 669 1091 Nunquid
698 1020 773 1074 de
802 1036 1012 1093 genere
1042 1021 1311 1076 venimus
1339 1020 1605 1090 Abrahae,
1628 1025 1947 1092 etc.,usque
1977 1020 2046 1076 ad

392 1107 659 1164 inseruit.
682 1108 808 1182 (Id.,
825 1118 983 1165 tract.
999 1110 1206 1178 Evang.
1222 1126 1324 1165 sec.
1339 1112 1499 1166 Joan.
1515 1127 1749 1178 xxxvm,
1774 1113 1915 1165 tom.
1942 1109 2040 1179 ΙΙΙ,

392 1199 543 1270 part.
577 1214 635 1266 ιι,
670 1197 779 1254 col.
816 1199 1004 1267 1701.)

463 1288 586 1346 Non
642 1286 779 1343 dicit
831 1296 883 1344 et
936 1289 1259 1358 seminibus,
1293 1292 1428 1357 etc.,
1462 1305 1650 1360 usque
1700 1289 1770 1344 ad
1825 1290 1925 1359 qui
1968 1297 2045 1343 est

390 1374 660 1432 Christus.
693 1376 816 1433 Nisi
849 1376 1115 1433 Christus
1137 1377 1298 1433 sol-us
1321 1377 1430 1433 iret
1451 1378 1522 1433 ad
1546 1380 1793 1450 patrem,
1818 1391 1932 1432 non
1959 1377 2045 1431 di-

396 1469 568 1541 ceret.
594 1466 774 1522 Nemo
805 1467 1070 1522 ascendit
1098 1466 1157 1521 in
1190 1466 1400 1522 coelum
1432 1466 1544 1522 nisi
1587 1467 1688 1538 qui
1720 1466 2041 1534 descendit,

394 1558 531 1622 etc.,
563 1571 736 1626 usque
767 1554 837 1610 ad
867 1572 1022 1611 unus
1054 1561 1144 1611 est
1163 1555 1451 1612 Christus.
1483 1556 1611 1628 (Id.,
1643 1572 1805 1612 serm.
1837 1556 1901 1612 de
1928 1571 2039 1611 ver.

394 1643 603 1712 Evang.
640 1644 775 1712 LXI.)

466 1737 584 1788 Hoc
610 1734 794 1788 autem
806 1733 925 1790 dico
948 1741 1348 1802 testamentum,
1365 1738 1700 1806 etc.,usque
1717 1734 1789 1789 ad
1814 1735 2045 1791 donavit

394 1825 560 1878 Deus.
583 1821 897 1893 Apostolus
931 1839 1066 1878 cum
1095 1823 1339 1879 Abrahw
1364 1824 1648 1891 laudaret,
1671 1827 1725 1878 et
1747 1840 2044 1879 commen-
2072 1854 2077 1893 ς

396 1908 580 1978 daret,
602 1913 740 1979 etc.,
762 1927 931 1984 usque
959 1912 1029 1967 ad
1054 1915 1303 1968 mortem
1332 1912 1570 1984 Joseph.
1597 1911 1730 1983 (Id.,
1763 1912 1860 1967 lib.
1883 1917 2042 1983 Qum.

395 1998 566 2054 Exod.
601 1998 693 2055 tit.
727 2016 856 2067 XLV,
888 2004 1032 2055 tom.
1062 2000 1159 2069 III,
1194 2004 1344 2073 part.
1382 2019 1416 2069 ι,
1451 1999 1559 2055 col.
1590 2000 1741 2069 612.)

465 2086 613 2158 Quid
640 2090 815 2157 igitur
845 2089 1127 2158 lex?etc.,
1159 2104 1347 2161 usque
1379 2089 1450 2144 ad
1482 2105 1627 2143 unus
1655 2096 1753 2144 est.
1789 2088 1932 2144 Cum
1956 2105 2047 2144 ex-

395 2193 695 2250 ponerem,
740 2177 889 2241 Quid
917 2194 1076 2251 ergo,
1099 2182 1234 2247 etc.,
1259 2194 1428 2251 usque
1456 2178 1527 2233 ad
1556 2181 1645 2234 est
1674 2178 1880 2251 gratia.
1916 2177 2043 2250 (Id.,

390 2260 500 2323 lib.
531 2273 774 2335 retract.,
804 2270 948 2323 tom.
984 2267 1027 2336 Ι,
1061 2265 1168 2322 col.
1201 2267 1352 2339 623.)

468 2355 580 2411 Lex
608 2355 1099 2427 praevaricationis
1130 2356 1319 2428 gratia
1348 2356 1541 2428 posita
1570 2360 1677 2423 est,
1710 2359 1816 2411 etc.
1827 2399 1845 2427 ,
1877 2372 2047 2429 usque

397 2442 469 2501 ad
494 2443 740 2501 addidit.
774 2444 904 2518 (Id.,
937 2445 1033 2500 lib.
1062 2445 1127 2501 de
1157 2447 1494 2517 Per/eclione
1515 2446 1755 2517 justitiae
1783 2445 2043 2512 hominis,

394 2536 539 2591 tom.
572 2533 640 2603 X,
672 2537 821 2609 part.
854 2551 893 2602 ι,
927 2534 1035 2590 col.
1069 2535 1218 2603 315.)

467 2621 592 2679 Non
625 2622 871 2696 angelus
901 2621 1300 2696 singulariter,
1333 2623 1434 2679 sed
1466 2622 1705 2678 omnino
1736 2622 1927 2696 angeli
1959 2622 2046 2678 di-

398 2713 614 2767 cuntur
645 2727 658 2767 :
692 2724 816 2784 per,
848 2715 981 2780 etc.,
1014 2727 1186 2783 usque
1231 2712 1301 2767 ad
1331 2712 1671 2768 audiuntur.
1706 2713 1810 2784 (Id.
1851 2711 1950 2767 tib.
1985 2728 2047 2769 ιιι

399 2799 464 2857 de
498 2800 717 2870 Trinit,
746 2804 892 2857 tom.
923 2799 1075 2867 VIII,
1107 2799 1213 2856 col.
1249 2801 1401 2869 885.)

469 2887 754 2946 Dominus
798 2893 997 2946 noster
1043 2889 1218 2945 Jesus
1248 2889 1516 2946 Christus
1547 2893 1833 2962 tanquam
1865 2893 2046 2957 totus,

403 2982 536 3046 etc.,
562 2994 734 3051 usque
761 2978 832 3035 ad
862 2980 1142 3035 reficeret.
1179 2979 1313 3052 (Id.,
1346 2986 1504 3036 tract.
1532 2979 2047 3052 psal.xc,tom.lV,

389 3072 553 3142 ‘part.
587 3086 648 3137 ιι,
684 3067 793 3124 col.
830 3069 969 3124 1159
999 3072 1056 3124 et
1085 3068 1232 3140 seq.)

460 3154 622 3220 Quid
654 3171 789 3228 ergo
818 3152 910 3211 lex
931 3156 958 3211 ?
988 3155 1160 3227 quasi
1193 3174 1343 3227 quin,
1376 3161 1509 3223 etc.,
1541 3173 1710 3228 usque
1735 3156 1805 3211 ad
1833 3156 2048 3212 revela-

386 3246 523 3301 ‘tum
556 3249 665 3301 est.
699 3243 830 3316 (Id.,
863 3260 1026 3299 serm.
1059 3244 1125 3300 de
1152 3246 1297 3300 verb.
1324 3244 1530 3316 Apost.)

470 3335 731 3404 Lexergo
758 3332 1031 3401 adversus,
1074 3336 1208 3403 etc.,
1255 3349 1444 3404 usque
1493 3334 1565 3388 ad
1614 3335 1851 3407 justitia.
1884 3334 2043 3407 Opus

394 3426 491 3479 est
518 3420 629 3477 hoc
653 3421 857 3494 gratia
891 3438 905 3477 :
940 3437 1119 3493 quam
1150 3421 1250 3494 qui
1277 3422 1591 3494 accipiunt,
1624 3426 1756 3492 etc.,
1790 3440 1956 3496 usque
1976 3425 2046 3480 ad

399 3515 686 3569 teneatur.
722 3511 853 3583 (Id.,
886 3511 1045 3582 epist.
1095 3510 1165 3566 ad
1198 3511 1440 3579 Vitalem,
1475 3515 1619 3567 tom.
1652 3513 1723 3581 II,
1756 3513 1865 3569 col.
1895 3513 2044 3586 983.)

471 3602 587 3657 Lex
606 3599 762 3656 enim
785 3599 909 3655 sine
930 3599 1136 3671 gratia,
1157 3599 1353 3656 littera
1375 3601 1498 3657 sola
1518 3605 1606 3658 est
1629 3621 1642 3658 :
1670 3607 1886 3672 manet,
1911 3606 2043 3672 etc.,

386 3692 571 3762 ‘usque
599 3688 669 3744 ad
698 3686 1070 3744 extolleretis.
1108 3689 1238 3761 (Id.,
1275 3698 1429 3746 tract.
1459 3692 1602 3763 psal.
1639 3709 1761 3760 Lxx,
1786 3691 2043 3760 tom.'lV,

400 3784 548 3852 part.
584 3794 647 3848 ιι,
679 3777 789 3833 col.
822 3767 975 3849 888.)

473 3867 832 3941 Putabamus
861 3885 968 3924 nos
1015 3868 1184 3925 facile
1225 3871 1419 3943 juslos
1468 3885 1595 3927 esse
1628 3886 1818 3944 posse,
1852 3886 1967 3942 qua
1998 3870 2046 3926 si

396 3955 643 4024 viribus,
676 3959 809 4026 etc.,
842 3972 1011 4029 usque
1067 3958 1137 4013 ad
1194 3958 1505 4014 medicina.
1558 3959 1691 4031 (Id.,
1724 3966 1880 4014 tract.
1904 3958 2045 4029 psal.

399 4062 632 4115 mxm,
666 4050 807 4103 tom.
836 4045 928 4119 IV,
960 4052 1111 4120 part.
1144 4064 1206 4117 ιι,
1236 4048 1343 4104 col.
1377 4048 1517 4104 4064
1547 4053 1604 4104 et
1633 4051 1783 4119 seq.)

471 4136 532 4194 Si
561 4135 718 4193 enim
748 4138 884 4193 data
911 4141 1069 4194 esset
1096 4137 1207 4204 lex,
1223 4154 1354 4210 qua:
1375 4141 1592 4210 posset,
1617 4141 1751 4203 etc.,
1773 4152 1944 4208 usque
1973 4137 2051 4193 ad

400 4242 610 4284 sanare
640 4242 722 4283 se.
757 4226 891 4299 (Id.,
921 4243 1085 4283 serm.
1119 4225 1183 4283 de
1211 4227 1356 4282 verb.
1391 4226 1568 4299 Apost.
1600 4225 1824 4292 tom.V,
1850 4230 2048 4299 part.1,

401 4314 508 4372 001.
542 4316 693 4385 850.)

470 4406 630 4461 Bona
678 4407 765 4461 cst
814 4403 906 4460 lex
951 4403 1003 4460 si
1047 4404 1183 4476 quis
1213 4421 1279 4460 ea
1310 4404 1588 4478 legitime,
1621 4411 1755 4473 etc.,
1785 4421 1955 4477 usque
1983 4404 2053 4461 ad

398 4496 672 4551 mortuus
703 4496 811 4550 est.
848 4493 1034 4565 (Ibid,
1067 4492 1175 4548 col.
1209 4493 1358 4566 851.)

2154 574 2224 630 ad
2263 575 2483 647 peccati
2516 576 2721 632 nostri.
2758 576 2892 649 (Id.,
2926 581 3010 632 Ea:
3036 576 3131 632 lib.
3163 586 3300 632 cont.
3334 580 3589 634 Faustum.
3615 583 3734 635 tom.

2153 662 2307 730 VIII,
2341 661 2451 718 col.
2484 663 2580 718 351
2623 663 2675 719 el
2704 665 2851 735 seq.)

2228 750 2420 807 Omnes
2448 754 2597 807 enim
2624 753 2754 823 ﬁlii,
2788 755 2925 822 etc.,
2961 770 3147 825 usque
3178 754 3249 809 ad
3276 769 3440 825 neque
3463 756 3665 825 femina.
3679 758 3742 813 De

2154 840 2372 913 templo
2412 840 2538 911 Dei,
2567 846 2627 897 et
2675 843 2969 914 quomodo
3017 842 3430 915 accipiendum,
3458 848 3745 916 etc.,tuque

2153 929 2223 984 ad
2253 932 2310 984 et
2338 929 2590 1002 piorum.
2627 931 2759 1002 (Id.,
2793 931 2891 986 lib.
2923 930 2987 986 de
3017 931 3137 1002 bap.
3174 935 3311 986 tom.
3342 931 3431 1001 IX,
3478 931 3579 986 col.
3624 932 3745 1003 193.)

2225 1018 2443 1074 Omnes
2472 1019 2629 1074 enim
2663 1021 2817 1091 apud
2848 1036 2976 1076 eam
3004 1018 3197 1076 vestiti
3220 1020 3748 1091 sunt,'etc.,usquead

2152 1106 2419 1163 vestitus.
2454 1108 2588 1177 (Id.,
2619 1125 2781 1163 serm.
2819 1109 2915 1164 lib.
2948 1110 3154 1165 Solam.
3186 1108 3250 1163 de
3276 1108 3499 1163 muliere
3517 1111 3653 1179 forti.

2226 1198 2420 1252 Omnes
2456 1199 2605 1252 enim
2650 1214 2767 1264 vos,
2800 1200 2938 1269 etc.,
2970 1214 3159 1270 usque
3214 1197 3286 1253 ad
3342 1197 3585 1254 haeredes.
3617 1196 3751 1252 Unus

2151 1288 2241 1341 est
2272 1284 2563 1356 Christus,
2596 1291 2791 1358 caput,
2826 1289 2882 1343 et
2909 1303 3123 1360 corpus
3165 1288 3424 1353 docente,
3455 1290 3580 1351 etc.,
3608 1296 3754 1357 usque

2153 1374 2224 1429 ad
2252 1374 2633 1447 adimplebat.
2667 1375 2802 1444 (Id.,
2833 1384 2991 1432 tract.
3023 1377 3231 1446 Evang.
3262 1392 3364 1431 δα.
3392 1380 3549 1432 Joan.
3579 1378 3681 1444 cv.)

2224 1462 2340 1518 Cur
2367 1479 2503 1536 ergo
2544 1478 2826 1537 magnum
2859 1465 3132 1521 volumus
3164 1462 3435 1536 intelligi,
3463 1468 3585 1529 etc.,
3616 1478 3759 1535 usque

2152 1551 2223 1607 ad
2252 1550 2603 1622 ejicientem.
2639 1553 2771 1625 (Id.,
2826 1560 2983 1608 tract.
3042 1554 3249 1623 Evang.
3306 1567 3408 1608 sec.
3454 1552 3599 1608 Joa'n.
3628 1568 3749 1615 αιιιιι,

2153 1644 2294 1696 tom.
2326 1641 2420 1706 III,
2455 1646 2605 1712 part.
2639 1659 2701 1710 ιι,
2736 1642 2844 1697 col.
2880 1642 3020 1697 1946
3049 1646 3107 1697 et
3136 1644 3289 1714 seq.)

2224 1729 2510 1785 Omnibus
2533 1730 2591 1785 in
2615 1730 2913 1787 Christum
2947 1731 3341 1799 credentibus,
3360 1738 3472 1787 non
3495 1729 3760 1798 solis,etc.,

2153 1835 2324 1889 usque
2379 1819 2449 1874 ad
2498 1820 2881 1877 Testamenti.
2914 1821 3045 1891 (Id.,
3080 1821 3179 1876 lib.
3211 1820 3276 1876 de
3308 1819 3450 1875 Crat.
3483 1824 3608 1876 Nov.
3653 1820 3763 1872 Tesl.

2159 1912 2301 1963 tom.
2335 1909 2403 1975 ΙΙ,
2437 1908 2546 1965 col.
2579 1910 2733 1977 558.)

2792 1995 3021 2051 CAPUT
3068 1996 3162 2052 IV.

2225 2084 2353 2139 Dico
2376 2091 2576 2153 autem,
2610 2093 2811 2157 quanto
2838 2093 3090 2158 tempore,
3124 2087 3328 2155 haeres,
3360 2090 3496 2153 etc.,
3523 2083 3769 2156 usquead

2154 2174 2534 2244 reciperemus.
2566 2173 2634 2228 Et
2666 2190 2837 2230 nemo
2868 2174 3030 2231 misit
3058 2175 3116 2230 in
3160 2176 3332 2232 illum
3381 2190 3625 2230 manus:
3654 2171 3773 2244 quia

2156 2262 2439 2330 nondum,
2466 2265 2602 2328 etc.,
2624 2279 2797 2334 usque
2818 2263 2887 2318 ad
2907 2263 3141 2320 fecerat.
3167 2265 3305 2337 (Id.,
3327 2273 3480 2321 tract.
3512 2265 3770 2319 Evamsec.

2153 2355 2318 2408 Joan.
2347 2368 2504 2417 xxxx,
2535 2355 2679 2407 tom.
2715 2352 2814 2420 ΙΙΙ,
2845 2357 2995 2425 part.
3030 2371 3090 2421 ιι,
3120 2353 3232 2410 col.
3267 2354 3453 2427 1639.)

2228 2441 2390 2506 Quod
2419 2439 2517 2509 ait,
2544 2441 2731 2510 Pater,
2744 2442 2903 2497 venit
2922 2442 3086 2510 hora,
3102 2443 3365 2500 clariﬁca
3386 2441 3593 2499 Filium
3608 2445 3773 2505 tuum,

2156 2532 2289 2600 etc.,
2320 2545 2489 2602 usque
2545 2530 2616 2585 ad
2673 2531 2798 2586 dies
2854 2531 3066 2587 salutis
3097 2533 3232 2601 (Id.,
3267 2540 3425 2589 tract.
3454 2534 3660 2599 anng.
3688 2543 3775 2584 sec.

2156 2621 2324 2675 Joan.
2358 2634 2477 2687 cm,
2510 2623 2653 2674 tom.
2686 2618 2784 2686 III,
2815 2624 2965 2692 part.
3000 2638 3061 2689 ιι,
3097 2620 3223 2681 col..
3247 2622 3390 2678 1902
3419 2624 3477 2676 et
3503 2620 3644 2691 seq.)

2231 2707 2411 2763 Filius
2428 2708 2691 2779 quidem,
2715 2724 2828 2765 nou
2852 2710 3040 2780 Pater,
3058 2714 3238 2768 natus
3258 2714 3351 2768 est
3366 2711 3439 2765 de
3456 2707 3664 2780 virgine
3674 2706 3780 2761 Ma-

2158 2796 2265 2864 ria,
2297 2800 2430 2863 etc.,
2464 2813 2633 2870 usque
2681 2798 2751 2853 ad
2808 2798 3033 2856 missus
3085 2800 3347 2857 advenit.
3394 2799 3529 2869 (Id.,
3557 2810 3705 2854 serm.
3729 2793 3785 2849 de

2163 2887 2337 2953 Trin.,
2371 2890 2520 2943 tom.
2548 2886 2616 2953 V,
2649 2892 2800 2960 part.
2835 2906 2873 2957 ι,
2905 2888 3015 2945 col.
3048 2890 3155 2945 357
3184 2894 3247 2946 et
3276 2890 3427 2962 seq.)
3517 2877 3520 2881 ’

2230 2977 2373 3032 Ecce
2402 2976 2542 3048 quid
2575 2979 2664 3032 est
2702 2977 2952 3033 missum
3008 2995 3138 3034 esse
3198 2979 3416 3034 ﬁlium.
3448 2977 3788 3046 Quacunque

2157 3069 2415 3137 propter,
2446 3067 2581 3135 etc.,
2611 3081 2784 3137 usque
2812 3066 2883 3122 ad
2906 3067 3217 3138 aequalem.
3252 3069 3507 3139 (Id.,lib.
3523 3067 3585 3122 de
3617 3065 3783 3120 Trinit.

2159 3171 2234 3220 IV,
2268 3170 2392 3226 cap.
2432 3153 2518 3222 19,
2548 3158 2690 3210 tom.
2724 3154 2876 3224 VIII,
2911 3156 3020 3211 col.
3052 3156 3203 3230 905.)

2066 3232 2120 3298 ‘C
2232 3243 2462 3310 Emitte,
2495 3243 2709 3315 inquit,
2743 3244 2905 3300 illam
2957 3246 3029 3301 de
3079 3245 3246 3303 caelis
3300 3247 3524 3304 sanctis
3568 3244 3697 3312 tuis,
3745 3245 3792 3296 et

2142 3333 2339 3401 'mitte,
2371 3337 2503 3403 etc.,
2532 3350 2702 3406 usque
2727 3334 2796 3390 ad
2821 3335 2880 3390 in
2910 3334 3114 3408 gloria.
3149 3336 3346 3409 (Ibid,
3379 3336 3671 3404 001.907.)

2222 3422 2410 3478 Verbo
2443 3423 2643 3495 itaque
2672 3422 2774 3478 Dei
2807 3425 2878 3480 ad
2912 3424 3198 3481 unitatem
3232 3442 3527 3498 personae,
3563 3428 3691 3494 etc.,
3719 3430 3793 3475 us-

2153 3527 2256 3582 que
2284 3512 2355 3566 ad
2384 3512 2515 3584 ipsa
2543 3516 2718 3569 esset.
2752 3513 2936 3584 (Ibid,
2971 3513 3078 3569 col.
3105 3515 3260 3588 909.)

2226 3599 2384 3656 Misit
2407 3601 2561 3657 Deus
2592 3600 2803 3657 Filium
2849 3619 3025 3659 suum
3075 3604 3302 3661 factum
3337 3620 3410 3662 ex
3462 3603 3717 3666 muliere,
3746 3598 3794 3653 id

2155 3693 2264 3757 est,
2297 3694 2430 3758 etc.,
2462 3707 2633 3762 usque
2661 3691 2730 3746 ad
2759 3692 2831 3747 ad
2873 3691 3078 3748 Deum.
3112 3694 3251 3764 (Id.,
3285 3703 3447 3752 tract.
3478 3693 3623 3767 psal.
3653 3705 3790 3752 xxxi,

2156 3782 2296 3835 tom.
2332 3779 2426 3846 ιν,
2462 3784 2611 3853 part.
2645 3798 2685 3838 ι.
2716 3780 2820 3837 col.
2852 3781 3003 3849 269.)

2229 3870 2667 3942 lnterrogamus
2699 3870 3032 3943 apostolum
3064 3876 3122 3928 et
3151 3873 3299 3929 dicit
3320 3875 3520 3941 nobis,
3541 3870 3794 3945 quoniam

2158 3974 2274 4014 non
2299 3973 2528 4026 sumus,
2550 3962 2683 4027 etc.,
2708 3976 2880 4031 usque
2899 3960 2969 4015 ad
2987 3960 3161 4016 Jesus
3183 3962 3487 4020 Christus.
3512 3963 3645 4032 (Id.,
3663 3964 3796 4015 tract.

2158 4052 2366 4117 Evang.
2395 4062 2499 4103 sec.
2530 4053 2695 4106 Joan.
2731 4065 2818 4118 In,
2849 4051 2992 4105 tom.
3027 4049 3126 4119 ΙΙΙ,
3160 4056 3318 4123 part.
3353 4069 3418 4121 ιι,
3440 4050 3554 4107 col.
3592 4050 3736 4114 1397,
3752 4049 3799 4099 et

2159 4136 2306 4209 seq.)

2231 4226 2392 4282 Misit
2423 4226 2622 4299 itaque
2674 4227 2830 4285 Deus
2878 4228 3089 4285 Filium
3122 4246 3304 4286 suum
3340 4230 3569 4287 factum
3595 4246 3661 4285 ex
3687 4241 3805 4281 mu-

2160 4314 2321 4382 liere,
2366 4319 2500 4384 etc.,
2552 4333 2721 4388 usque
2777 4316 2847 4372 ad
2877 4317 3228 4375 hominum.
3264 4320 3403 4394 (Id.,
3442 4322 3549 4377 lib.
3581 4318 3646 4375 de
3671 4320 3809 4379 Grc»

2160 4404 2290 4461 Nov.
2328 4405 2489 4473 Test.,
2522 4407 2665 4460 tom.
2701 4406 2770 4475 II,
2804 4404 2915 4461 col.
2946 4406 3101 4480 542.)
3602 4419 3612 4425 ”

2231 4492 2430 4564 Neque
2457 4493 2615 4548 enim
2658 4494 2912 4551 absurde
2953 4495 3170 4552 dicitur
3199 4498 3470 4572 quisque
3501 4515 3622 4555 non
3642 4507 3817 4556 carne.

474 4583 624 4648 Quid
651 4581 784 4636 fecit
813 4581 906 4637 lex
936 4581 1063 4637 sine
1092 4581 1300 4655 gratia,
1345 4581 1455 4638 nisi
1490 4583 1698 4657 magis,
1723 4587 1856 4652 etc.,
1884 4599 2052 4656 usque
2082 4604 2130 4669 D
2161 4585 2294 4650 etc.,
2326 4599 2495 4654 usque
2514 4582 2583 4637 ad
2605 4584 2878 4640 ostendit.
2903 4585 3034 4654 (Id.,
3062 4586 3160 4641 lib.
3204 4587 3271 4643 de
3308 4590 3498 4645 Cons.
3518 4584 3820 4657 evangelist.

404 4670 474 4727 ad
502 4669 605 4725 ubi
638 4686 794 4741 spes.
829 4670 960 4743 (Id.,
991 4686 1153 4726 serm.
1189 4671 1253 4727 de
1284 4671 1694 4730 illuminatione
1721 4675 1874 4744 caeci,
1906 4676 2050 4728 tom.

400 4762 473 4828 'V,
502 4760 650 4829 part.
681 4775 721 4824 ι,
754 4757 862 4814 col.
903 4759 1059 4829 753.)

472 4847 576 4902 Sed
604 4846 869 4902 conclusit
893 4849 1204 4920 Scriplura,
1220 4853 1352 4917 etc.,
1371 4858 1555 4922 usque
1578 4852 1649 4907 ad
1672 4850 2056 4907 credentibus?

402 4936 485 4991 Ex
514 4934 622 4991 hac
652 4935 1065 5008 promissione,
1097 4936 1228 5006 hoc,
1261 4943 1394 5007 etc.,
1422 4957 1593 5012 usque
1621 4940 1692 4995 ad
1721 4940 2052 4996 sanandum

404 5023 533 5079 fuit.
570 5024 700 5096 (Id.,
735 5026 831 5080 lib.
865 5044 904 5081 ιι
936 5025 1000 5082 de
1029 5031 1186 5098 Bnpt.
1217 5032 1400 5100 paro.)

475 5112 536 5168 Si
567 5113 721 5169 enim
749 5114 885 5169 data
915 5119 1069 5171 esset
1094 5115 1184 5171 lex
1215 5134 1344 5188 qua?
1374 5121 1591 5189 posset,
1625 5122 1756 5185 etc.,
1789 5135 1959 5190 usque
1986 5116 2056 5174 ad

406 5205 707 5276 quaereret.
743 5203 876 5272 (Id.,
908 5206 1065 5277 epist.
1097 5204 1168 5261 ad
1218 5208 1470 5279 Optatum
1526 5210 1859 5280 episcopum,
1911 5211 2053 5264 tom.

402 5290 475 5362 II,
510 5289 619 5348 col.
652 5289 801 5359 859.)

476 5379 891 5449 Manifestatio,
926 5383 1138 5456 inquit,
1169 5384 1481 5440 verborum
1512 5387 1770 5454 tuorum,
1800 5390 1933 5453 etc.,
1959 5402 2054 5441 us-

404 5470 600 5542 quead
629 5469 934 5529 clamares.
965 5473 1100 5543 (Id.,
1145 5479 1302 5527 tract.
1358 5474 1502 5542 psal.
1565 5491 1756 5543 cxvm,
1802 5478 1924 5531 tom
1960 5474 2051 5543 IV,

405 5562 556 5632 part.
590 5576 652 5629 ιι,
683 5560 790 5616 col.
825 5561 964 5616 1580
990 5564 1047 5616 et
1079 5560 1227 5632 seq.)

473 5649 640 5708 Prius
659 5656 839 5708 autem
860 5665 1025 5728 quam
1044 5651 1271 5722 veniret,
1285 5655 1418 5728 etc.,
1433 5668 1622 5731 usque
1643 5653 1711 5709 ad
1728 5652 2046 5732 pJL’dngogo.

2162 4688 2226 4742 ιι,
2254 4677 2395 4727 tom.
2435 4672 2534 4741 III,
2568 4677 2719 4745 part.
2754 4691 2794 4743 1,
2825 4673 2937 4728 col.
2970 4674 3159 4745 1073.)

2229 4760 2576 4833 Adoptionis
2608 4778 2821 4818 nomen
2852 4762 3201 4835 plurimum,
3231 4770 3349 4822 etc.
3360 4811 3379 4839 ,
3413 4784 3596 4842 usque
3625 4761 3826 4821 adado-

2162 4849 2282 4922 ptio
2311 4854 2569 4906 vocatur.
2599 4852 2730 4924 (Id.,
2766 4853 2863 4908 lib.
2898 4861 3069 4910 contr.
3104 4859 3409 4927 Faustum,
3445 4860 3534 4913 tit.
3573 4859 3653 4924 7.)

2234 4941 2514 5012 Quoniam
2543 4948 2722 4996 autem
2770 4944 2897 4998 estis
2927 4944 3039 5014 ﬁlii
3072 4946 3196 5012 Dei,
3228 4948 3374 5014 etc.,
3412 4962 3613 5018 usque
3643 4944 3714 5000 ad
3742 4954 3831 5012 per

2162 5029 2795 5102 Deum.Misitspiritum
2810 5031 2936 5087 Filii
2952 5032 3043 5088 sui
3056 5033 3423 5091 clamantem
3439 5052 3453 5090 :
3472 5034 3646 5091 Abba
3657 5034 3827 5105 pater,

2161 5116 2220 5173 id
2243 5121 2352 5185 est,
2376 5122 2510 5188 etc.,
2533 5136 2703 5192 usque
2732 5121 2802 5176 ad
2833 5121 3175 5179 clamemus.
3212 5122 3350 5195 (Id.,
3384 5118 3496 5182 lib.
3530 5124 3601 5181 de
3628 5123 3749 5181 Cor.
3787 5125 3831 5173 ει

2164 5207 2390 5279 gratia.)

2233 5295 2459 5369 Aliquis
2489 5298 2980 5372 forsitan-quierat
3003 5305 3201 5358 utrum
3224 5305 3281 5360 et
3301 5318 3341 5357 θ.
3366 5302 3528 5360 Filio
3540 5299 3835 5377 procedat.

2163 5389 2300 5455 etc.,
2331 5402 2500 5458 usque
2546 5388 2617 5443 ad
2666 5389 2842 5446 habet
2891 5391 3074 5448 Patre.
3113 5391 3241 5465 (Id.,
3275 5400 3449 5451 tract.
3484 5395 3706 5462 anng.
3736 5402 3835 5445 sec.

2161 5476 2317 5532 Joan.
2351 5492 2404 5543 c,
2438 5480 2577 5531 tom.
2615 5478 2714 5547 IlI,
2738 5484 2888 5550 part.
2924 5497 2984 5551 ιι,
3016 5480 3125 5537 col.
3162 5481 3351 5553 1888.)

2232 5565 2337 5620 Sed
2366 5573 2490 5621 tunc
2515 5566 2760 5637 quidem,
2792 5573 2925 5639 etc.,
2960 5586 3147 5641 usque
3179 5571 3249 5626 ad
3282 5552 3842 5629 ser‘viebatis.Natu-

2162 5670 2285 5711 ram
2312 5653 2496 5712 ﬁlium
2530 5672 2658 5713 esse
2690 5655 2905 5716 dixisti.
2938 5657 3063 5716 Non
3095 5674 3232 5734 ergo
3261 5662 3470 5733 pater,
3503 5652 3653 5737 etc.,
3681 5669 3846 5733 usque

3133 5785 3166 5818 κ
