3914 6166
175 280 270 367 3‘17

941 295 1355 358 EXPOSITIO
1400 296 1481 357 IN
1524 294 1697 356 EPP.
1742 292 2000 356 PAULI.
2032 327 2110 337 —
2145 292 2269 355 ΕΡ.
2317 291 2420 354 ΑΙ)
2464 290 2739 354 EPHES.

3418 288 3537 356 378

179 436 291 492 Ideo
313 431 556 504 Spiritus
586 432 822 485 sanctus
846 428 1110 483 omnium
1159 427 1421 500 gentium
1472 427 1692 500 linguis
1726 443 1785 481 se
1816 426 1867 493 Α
1898 425 1998 492 xit,
2032 430 2163 491 etc.,
2197 441 2366 496 usque
2394 423 2465 479 ad
2513 424 2727 480 mentis
2773 422 3132 480 illuminatm.
3181 424 3312 497 (Id.,
3346 426 3441 482 lib.
3476 444 3538 483 111

176 524 546 581 demonstrare
576 518 851 590 dignatus
882 522 988 585 est,
1022 523 1154 586 etc.,
1188 534 1356 589 usque
1402 516 1471 571 ad
1500 516 1571 572 de
1602 517 1789 572 forma

172 611 431 687 gloriaris.
466 609 594 681 (Id.,
623 623 787 663 serm.
823 602 847 662 1
884 608 943 662 in
971 612 1293 673 Pentecost.,
1320 605 1547 675 tom.‘V,
1581 610 1786 678 part.l,

173 701 267 758 col.
300 700 469 765 1232.)

236 792 365 848 Unus
393 788 673 853 Dominus,
717 788 850 853 etc.,
887 794 1073 857 usque
1113 785 1184 841 ad
1231 785 1291 839 in.
1328 785 1581 839 omnibus
1610 785 1786 839 nobis.

172 878 316 936 Aliud
346 878 479 933 sunt
508 880 575 931 ea
605 884 733 947 quae
764 876 1109 930 creduntur:
1144 872 1300 929 aliud
1328 874 1474 929 fides
1521 890 1637 945 qua
1667 890 1788 928 cre-

172 970 321 1034 ditur,
377 968 507 1033 e'tc.,
559 980 731 1038 usque
770 963 841 1018 ad
883 961 1158 1035 praevidet
1214 960 1592 1017 voluntatem.
1658 962 1788 1035 (Id.,

174 1057 255 1112 lib.
282 1073 373 1110 x111
403 1054 467 1110 de
502 1055 725 1121 Trinit.,
759 1057 882 1107 tom
912 1038 1061 1119 VIII,
1093 1051 1201 1106 col.
1236 1050 1376 1106 1016
1406 1055 1461 1106 et
1492 1052 1640 1122 seq.)

233 1147 535 1217 Unicuique,
587 1146 722 1210 etc.,
774 1146 963 1211 nsque
1008 1140 1079 1194 ad
1126 1148 1444 1195 mensuram
1483 1139 1790 1195 donationis

174 1235 363 1289 Christi.
396 1231 547 1298 Quid
580 1233 670 1286 est
699 1229 847 1285 hoc?
891 1229 1014 1284 Non
1039 1228 1194 1284 enim
1228 1229 1298 1283 ad
1324 1244 1660 1283 mensuram
1692 1229 1792 1284 dat

171 1327 298 1378 Deus
326 1319 623 1393 spiritum,
656 1323 788 1386 etc.,
806 1318 1055 1391 usquead
1067 1334 1179 1372 non
1199 1317 1269 1371 ad
1291 1333 1625 1372 mensuram
1647 1316 1792 1372 acci-

171 1412 253 1485 piL‘
283 1411 407 1479 (Id.,
439 1416 602 1464 tract.
635 1410 689 1462 in
710 1408 1028 1476 Evang.s’ec.
1059 1407 1241 1474 Joan.,
1265 1409 1386 1461 tom
1417 1406 1513 1473 ΙΙΙ,
1548 1410 1698 1478 part.
1723 1424 1786 1473 11,

171 1500 257 1557 col.
290 1496 464 1567 1508.)
1766 1520 1779 1526 ’

222 1584 429 1661 Propter
454 1584 602 1659 quod
649 1585 812 1651 dicit,
858 1587 992 1652 etc.,
1046 1599 1233 1656 usque
1282 1584 1354 1639 ad
1383 1591 1445 1640 ut
1470 1584 1791 1657 adimpleret

164 1676 339 1734 omnia.
372 1672 453 1732 Ad
487 1675 691 1748 ipsum
707 1672 1326 1730 Dominumlocutione
1338 1688 1634 1740 conversa,
1654 1676 1789 1742 etc.,

165 1783 306 1839 usque
331 1766 398 1864 ad
424 1765 570 1837 quid
605 1760 1017 1819 manifestius?
1039 1761 1167 1833 (Id.,
1192 1769 1349 1817 tract.
1382 1763 1441 1816 in
1457 1763 1602 1833 psal.
1620 1778 1787 1831 vau,
1820 1799 1870 1864 Β

163 1861 283 1911 tum.
316 1848 404 1922 IV,
437 1856 596 1925 part.
633 1854 683 1920 1,
718 1851 825 1908 col.
859 1851 965 1906 829
994 1855 1052 1906 et
1083 1851 1230 1923 seq.)

161 1964 169 1971 '
220 1943 404 2000 Procul
430 1941 617 1997 dubio
638 1939 893 2013 Spiritus
915 1944 1156 1996 sanctus
1172 1940 1393 1996 donum
1410 1939 1509 1995 Dei
1531 1944 1639 2007 est,
1659 1947 1791 2007 etc.,

170 2049 309 2105 usque
350 2033 420 2087 ad
478 2046 690 2086 omnes
741 2029 1055 2102 prophetae,
1108 2030 1218 2084 etc.
1278 2029 1408 2101 (Id.,
1449 2029 1545 2084 lib.
1604 2046 1678 2084 xv
1732 2028 1797 2084 de

177 2118 363 2190 Trinit,
394 2124 548 2176 tom.
579 2117 734 2189 VIII,
767 2117 874 2174 col.
910 2118 1049 2173 1084
1077 2123 1130 2173 et
1159 2118 1308 2190 seq.)

227 2212 282 2266 Et
311 2211 418 2283 ipse
444 2207 601 2265 dedit
651 2207 911 2281 quosdam
942 2207 1075 2273 etc.,
1124 2222 1314 2279 usque
1360 2208 1431 2261 ad
1464 2207 1523 2262 in
1556 2207 1793 2279 (edi/ica-

173 2302 344 2355 tionem
368 2299 620 2371 conparis
650 2295 872 2353 Christi.
905 2296 985 2350 De
1016 2294 1316 2367 prophetis
1347 2295 1501 2367 quod
1534 2296 1615 2351 ait
1644 2297 1794 2369 Apo-

169 2387 348 2455 stolas,
377 2385 680 2451 Quosdam
703 2384 940 2458 quidem
964 2384 1124 2439 dedit
1147 2383 1300 2439 Deus
1328 2383 1389 2438 in
1402 2383 1646 2441 ecclesia
1661 2402 1798 2458 apo-

173 2477 693 2547 stolos,etc.,usque
721 2474 792 2529 ad
836 2473 1069 2528 duobus
1111 2472 1451 2529 nominibus
1497 2474 1799 2546 amplexus

171 2576 258 2623 est.
286 2564 410 2639 (Id.,
440 2566 548 2621 lib.
582 2564 653 2620 ad
690 2564 917 2619 Paulin.
966 2563 1153 2634 episc.,
1185 2566 1330 2617 tom.
1384 2562 1453 2627 II,
1488 2561 1597 2618 col.
1646 2564 1800 2633 635.)

228 2656 479 2724 Quosdam
510 2660 703 2710 autem
744 2656 1009 2725 paswres,
1036 2652 1174 2719 etc.,
1219 2666 1410 2723 usque
1459 2652 1532 2707 ad
1562 2655 1801 2723 corporis

172 2745 371 2801 Christi.
402 2747 477 2800 Ut
532 2743 693 2798 enim
742 2741 976 2797 exordio
1024 2740 1256 2812 generis
1307 2740 1553 2797 humani
1606 2743 1677 2797 de
1716 2741 1801 2798 la-

168 2836 269 2890 tere
290 2832 390 2889 Viri
417 2831 770 2890 dormientis
801 2834 982 2898 costa,
1017 2834 1152 2894 etc.,
1200 2846 1372 2903 usque
1415 2831 1485 2886 ad
1533 2833 1687 2904 quod
1714 2836 1805 2887 est

170 2920 416 2979 Ecclesia.
447 2922 591 2995 (Id.,
625 2922 721 2976 lib.
754 2937 772 2975 1
802 2919 867 2976 de
897 2920 1059 2976 Civit.
1091 2920 1208 2986 Dei,
1242 2923 1383 2974 tom.
1416 2919 1535 2985 VII,
1568 2920 1675 2975 col.
1699 2922 1805 2976 778

174 3016 221 3068 et
241 3012 374 3085 seq.)

231 3101 346 3157 Haec
373 3106 462 3158 est
486 3101 731 3169 domus,
764 3114 891 3171 quae
924 3098 1078 3154 sicut
1106 3097 1375 3154 Psalmus
1406 3098 1584 3170 canit,
1616 3098 1802 3154 aedifi-

1895 515 1959 571 de
1991 514 2099 569 Gen
2122 514 2190 568 ad
2222 514 2328 568 litt.
2364 516 2505 568 tom.
2541 513 2633 580 ΙΙΙ,
2667 518 2815 585 part.
2849 531 2889 582 1,
2923 513 3030 569 col.
3062 514 3211 587 292.)

1967 602 2074 669 Qui
2106 618 2238 658 vero
2273 602 2712 657 commemorati
2760 606 3177 659 convertuntur
3222 605 3293 660 ad
3344 598 3540 660 Domi.

1896 708 2062 758 num,
2094 694 2229 757 etc.,
2261 707 2430 763 usque
2476 691 2547 746 ad
2575 707 2692 746 non
2725 691 2852 763 ipsa
2881 708 3008 763 quae
3039 697 3365 751 renovatur.
3408 694 3541 767 (Id.,

1898 782 1996 837 lib.
2028 798 2122 835 xw
2152 779 2216 835 de
2247 782 2464 848 Trinit.,
2494 784 2637 835 tom.
2666 780 2816 847 VIII,
2849 780 2955 837 col.
2993 781 3130 837 1053
3158 786 3215 838 et
3246 786 3395 855 seq.)

1968 875 2200 941 Propter
2252 869 2392 941 quod
2449 869 2788 940 deponentes,
2833 874 2965 937 etc.,
3014 887 3202 942 usque
3231 873 3304 927 ad
3357 890 3546 930 sumus

1898 959 2131 1013 invicem
2158 960 2421 1013 membra.
2456 958 2637 1013 Nemo
2688 958 2899 1031 cogitet
2929 976 3062 1014 cum
3110 959 3440 1016 Christiano
3467 961 3547 1017 lo-

1898 1049 2189 1121 quendam
2206 1047 2527 1115 veritalem,
2545 1052 2747 1103 etcum
2763 1065 2988 1122 pagano
3002 1050 3395 1119 mendacium,
3411 1055 3544 1120 etc.,

1896 1154 2064 1210 usque
2093 1138 2162 1193 ad
2227 1136 2442 1192 habere
2490 1141 2800 1192 mereatur.
2852 1138 2983 1209 (Id.,
3023 1156 3094 1194 ex
3137 1155 3297 1195 senm.
3348 1145 3549 1197 contra

1897 1226 2260 1295 mendacium,
2294 1230 2435 1281 tom.
2469 1224 2565 1291 Vl,
2598 1225 2704 1281 col.
2733 1227 2839 1281 519
2868 1229 2924 1282 et
2955 1228 3102 1298 seq.)

1970 1316 2283 1370 lrascimini
2312 1323 2362 1369 et
2391 1315 2558 1370 nolite
2583 1331 2822 1386 peccare.
2857 1315 2916 1371 Si
2948 1320 3251 1387 propterea
3280 1316 3549 1373 irasceris

1896 1406 2063 1461 'servo
2093 1409 2193 1459 tuo
2252 1403 2392 1476 quia
2450 1404 2725 1477 peccavit,
2783 1408 2913 1471 etc.,
2976 1421 3147 1476 usque
3186 1405 3256 1460 ad
3311 1422 3549 1479 peccare

1898 1493 2166 1549 desinite.
2217 1494 2349 1562 (Id.,
2382 1501 2536 1548 tract.
2573 1494 2634 1548 in
2666 1492 2815 1548 Psal.
2850 1510 2925 1559 ιν,
2977 1497 3119 1549 tom.
3157 1493 3252 1562 ιν,
3304 1500 3451 1567 part.
3507 1514 3546 1565 1,

1899 1581 2008 1638 col.
2043 1582 2160 1654 80.)

1971 1669 2617 1742 Legebam,irascimini
2648 1674 2705 1726 et
2735 1670 2913 1727 nolite
2931 1687 3190 1744 peccare,
3216 1676 3351 1742 etc.,
3384 1692 3554 1747 usque

1899 1760 1969 1815 ad
2024 1776 2140 1814 non
2201 1758 2540 1831 peccarem?
2596 1758 2727 1830 (Id.,
2788 1760 2884 1815 lib.
2946 1776 3002 1815 1x
3036 1762 3250 1833 Confes.
3313 1766 3454 1819 tom.
3506 1764 3549 1832 Ι,

1902 1847 2009 1903 col.
2041 1849 2195 1917 767.)
2910 1919 2915 1923 ,

1972 1935 2204 1991 Dictum
2234 1940 2323 1993 est
2354 1937 2411 1992 in
2446 1936 2704 1994 Psalmo:
2762 1938 3089 1994 lrascimini
3118 1943 3175 1995 et
3204 1941 3385 1996 nolite
3416 1958 3548 2014 pec-

1904 2041 2055 2091 care,
2110 2028 2200 2081 etc
2232 2067 2245 2093 ,
2278 2043 2445 2098 usque
2469 2027 2539 2082 ad
2569 2031 2627 2082 et
2664 2026 2762 2083 illo
2810 2028 3080 2099 ignoscit.
3131 2029 3261 2098 (1d,,
3295 2047 3457 2086 serm.
3491 2031 3556 2087 de

1902 2115 2051 2169 verb.
2086 2115 2317 2186 Evang.,
2348 2120 2491 2170 tom.
2525 2114 2592 2185 V,
2627 2119 2775 2188 part.
2811 2133 2849 2182 1,
2881 2116 2990 2171 col.
3021 2117 3175 2184 649.)

1976 2202 2067 2258 Sol
2094 2220 2206 2260 non
2235 2205 2440 2260 occidat
2470 2220 2634 2277 super
2665 2204 3016 2261 iracundiam
3056 2214 3307 2262 vestram.
3343 2207 3557 2264 Intelli-
3655 2270 3667 2289 ί

1907 2291 2066 2364 gitur
2093 2293 2333 2365 quidem
2366 2298 2416 2348 et
2452 2293 2777 2349 secundum
2804 2298 3063 2366 tempus,
3105 2299 3240 2365 etc.,
3292 2313 3459 2370 usque
3486 2299 3559 2353 ad

1909 2398 2043 2437 cum
2112 2382 2413 2438 iracundia
2483 2388 2605 2438 tua.
2671 2384 2803 2453 (Id.,
2868 2391 3027 2440 tract.
3111 2387 3171 2440 in
3233 2388 3355 2459 psal
3420 2403 3555 2454 xxv,

1907 2474 2049 2526 tom.
2086 2471 2178 2535 IV,
2212 2477 2360 2543 part.
2395 2490 2434 2539 1,
2468 2472 2577 2537 ch.
2612 2473 2760 2542 189.)

1979 2558 2135 2615 Nulli
2193 2560 2465 2617 irascenti
2519 2561 2754 2618 videtur
2809 2579 2918 2618 sua
2974 2563 3061 2619 ira
3120 2563 3361 2635 injusta,
3422 2570 3557 2634 etc.,

1909 2662 2079 2720 usque
2134 2648 2204 2703 ad
2250 2649 2513 2706 celeriter
2558 2651 2829 2724 ignoscit.
2864 2653 2999 2721 (Id.,
3050 2654 3149 2709 lib.
3190 2655 3336 2711 Sent.
3367 2658 3555 2730 Prosp.

1910 2741 2053 2792 tom.
2084 2738 2150 2805 X,
2184 2742 2332 2810 part.
2362 2757 2424 2807 ιι,
2456 2739 2563 2794 col.
2602 2740 2783 2809 1887.)

1983 2827 2043 2882 Si
2074 2825 2248 2882 irasci
2279 2844 2394 2883 non
2427 2833 2515 2883 est
2545 2830 2633 2885 fas
2665 2828 2827 2885 fratri
2858 2846 2993 2885 suo:
3030 2834 3130 2886 aut
3162 2831 3370 2901 dicere,
3423 2838 3555 2902 etc.,

1912 2930 2080 2986 usque
2117 2916 2187 2969 ad
2240 2932 2417 2989 super
2448 2917 2811 2972 iracundiam
2859 2922 3136 2974 vestram.
3186 2920 3315 2987 (Id.,
3366 2924 3463 2977 lib.
3496 2923 3562 2979 de

1910 3008 2086 3061 Serm.
2120 3005 2273 3060 Dom.
2308 3007 2368 3060 in
2396 3014 2596 3073 monte,
2631 3010 2773 3061 tom.
2808 3006 2901 3074 ΙΙΙ,
2936 3011 3067 3079 part
3097 3024 3135 3075 1,
3164 3008 3272 3063 col.
3308 3010 3487 3083 1242.)

1982 3093 2274 3149 Turbatus
2298 3096 2387 3149 est
2408 3094 2480 3149 ab
2507 3094 2593 3150 ira
2609 3094 2812 3150 oculus
2825 3099 3154 3163 meus,etc.,
3170 3112 3339 3169 usque
3353 3097 3423 3153 ad
3444 3108 3561 3155 non

178 3194 335 3260 catur,
375 3195 511 3261 etc.,
572 3166 741 3261 usque
784 3166 858 3243 ad
904 3186 1127 3259 accepit
1158 3187 1216 3242 in
1260 3166 1618 3243 hominibus,
1672 3188 1803 3259 (1d,,
1834 3166 1878 3232 (ἶ
1917 3180 2148 3238 sinitur.
2184 3182 2313 3255 (Id.,
2335 3191 2488 3239 tract.
2524 3186 2585 3239 in
2609 3185 2751 3255 psal.
2784 3202 2861 3252 VI,
2896 3189 2937 3239 ι.
2964 3185 3058 3254 IV,
3085 3166 3297 3258 part.'1,
3321 3184 3563 3259 COI.95.)

182 3281 263 3335 lib.
291 3298 360 3336 xv
383 3280 449 3336 de
478 3280 709 3345 Trinit.,
744 3282 865 3333 tom
896 3276 1048 3347 VIII,
1076 3275 1185 3331 col.
1221 3275 1402 3348 1085.)

233 3372 393 3426 Donec
414 3380 776 3427 occurramus
818 3380 1025 3434 omnes,
1076 3370 1211 3431 etc.,
1261 3382 1449 3437 usque
1496 3365 1568 3420 ad
1598 3365 1669 3421 ad
1696 3368 1812 3422 cir-

177 3461 589 3516 cumventione-m
615 3457 839 3513 erroris.
873 3454 1031 3523 Quod
1066 3453 1148 3509 ait
1174 3453 1511 3525 Apostolus,
1537 3471 1814 3512 occursu-

178 3563 257 3603 ros
282 3565 381 3603 nos
410 3563 629 3604 omnes
658 3546 716 3600 in
747 3544 936 3599 virum
986 3544 1330 3616 perfectum,
1366 3547 1498 3610 etc.,
1545 3560 1714 3616 usque
1743 3546 1813 3601 ad

177 3636 335 3693 aetatis
359 3633 755 3710 plenitudinis
797 3632 1033 3688 Christi.
1080 3633 1213 3701 (Id.,
1267 3633 1362 3688 lib.
1390 3648 1510 3687 ‘xxn
1554 3632 1617 3689 de
1646 3633 1808 3689 Civil.

178 3725 273 3792 Dei,
302 3731 436 3781 tom.
471 3724 605 3793 VII,
636 3722 744 3779 col.
775 3724 885 3776 777
917 3725 976 3777 et
1004 3722 1152 3793 seq.)

236 3816 730 3871 Veritatem‘autem
755 3812 1034 3883 facientes,
1068 3813 1156 3867 etc
1188 3851 1202 3876 ,
1253 3826 1439 3881 usque
1470 3811 1543 3865 ad
1594 3812 1656 3866 in
1680 3812 1811 3867 aedi-

178 3904 453 3972 ﬁcationem
486 3905 584 3960 sui
615 3903 673 3956 in
705 3902 983 3957 charilate.
1017 3900 1161 3955 Ecce
1179 3898 1478 3971 quiestvir
1494 3900 1806 3971 perfectus,

179 3996 327 4064 caput
355 3997 409 4049 et
430 4007 671 4065 corpus,
687 3993 1003 4060 etc.,usque
1026 3987 1097 4042 ad
1126 3986 1185 4042 in
1208 3987 1483 4043 omnibus
1510 3987 1807 4061 impletur.

180 4080 288 4150 (Id.,
319 4082 479 4149 ibid.,
512 4079 625 4136 col.
656 4080 764 4133 776
793 4082 850 4133 et
880 4077 1027 4150 seq.)

232 4171 328 4227 Hoc
356 4173 536 4240 igitur
564 4169 708 4235 dico,
769 4171 900 4235 etc.,
954 4182 1142 4237 usque
1174 4165 1247 4220 ad
1292 4163 1548 4220 habentes
1591 4167 1810 4222 intelle-

176 4267 317 4315 ctum.
349 4258 559 4315 Omnis
591 4256 694 4330 qui
725 4254 1017 4328 intelligit,
1047 4252 1175 4309 luce
1198 4254 1454 4326 quadam
1473 4271 1588 4309 non
1612 4271 1811 4328 corpo-

176 4346 287 4414 rali,
318 4336 451 4416 etc.,
485 4363 663 4419 usque
679 4341 1653 4417 adquiintelliguntilluminantur.
1673 4345 1805 4414 (Id.,

176 4443 307 4492 tract.
339 4440 400 4492 in
435 4438 581 4510 psal.
617 4452 727 4490 xu.
761 4438 902 4489 tom.
938 4432 1031 4503 IV,
1064 4435 1213 4503 part.
1245 4448 1287 4501 1,
1320 4430 1427 4487 col.
1462 4433 1609 4504 1165.)

1993 3271 2387 3343 Supercecidit
2432 3273 2586 3344 ignis
2615 3276 2673 3329 et
2702 3290 2814 3329 non
2862 3272 3133 3329 viderunt
3181 3276 3383 3343 solem,
3425 3283 3560 3344 etc.,

1920 3376 2090 3433 usque
2137 3362 2206 3415 ad
2238 3377 2353 3416 non
2382 3365 2471 3417 est
2494 3366 2657 3417 ortus
2686 3361 2745 3417 in
2777 3362 2966 3419 nobis.
2989 3363 3120 3436 (Id.,
3150 3373 3309 3422 tract.
3333 3368 3393 3421 in
3421 3368 3560 3439 psal.

1922 3466 2049 3517 Lvu,
2081 3453 2223 3505 tom.
2254 3449 2346 3517 1V,
2382 3455 2529 3521 part.
2563 3467 2602 3518 1,
2636 3450 2744 3507 col.
2776 3452 2926 3520 688.)

1993 3539 2053 3593 In
2087 3543 2451 3595 sacramento
2508 3539 2731 3595 dictum
2783 3539 3087 3612 accipitur,
3118 3546 3247 3611 etc.,
3300 3560 3469 3616 usque
3495 3545 3565 3600 ad

1920 3644 2097 3700 super
2122 3628 2485 3684 iracundiam
2515 3627 2789 3684 hominis.
2826 3629 2952 3700 (Id.,
2985 3631 3219 3687 serm.de
3260 3633 3400 3703 psal.
3432 3650 3566 3703 xxv,

1920 3721 2062 3772 tom.
2097 3717 2189 3788 IV,
2222 3721 2371 3789 part.
2406 3735 2445 3786 1,
2479 3716 2586 3773 col.
2623 3717 2726 3773 189
2756 3722 2812 3773 et
2840 3718 2988 3791 seq.)

1988 3808 2169 3864 Nolite
2217 3808 2393 3862 locum
2440 3807 2590 3875 dare,
2639 3811 2772 3873 etc.,
2825 3822 3013 3880 usque
3062 3809 3134 3863 ad
3194 3809 3281 3865 det
3324 3813 3564 3879 gratiam

1918 3896 2287 3951 audientibus.
2314 3898 2376 3951 In
2392 3896 2795 3952 absconditote
2812 3894 3096 3954 Dominus
3108 3899 3139 3954 J
3145 3916 3281 3955 esus
3298 3899 3566 3957 Christus

1909 3986 2092 4058 jussit
2122 4001 2305 4051 orare,
2330 3989 2461 4052 etc.,
2500 4000 2670 4057 usque
2698 3984 2768 4040 ad
2816 3985 2875 4040 in
2907 3985 3174 4057 gehenna
3224 3988 3397 4063 ignis.
3432 3989 3562 4061 (Id.,

1918 4082 2073 4131 tract.
2112 4076 2170 4129 in
2219 4074 2360 4146 psal.
2412 4090 2524 4139 χιι,
2571 4077 2713 4129 tom.
2774 4073 2866 4143 IV,
2919 4078 3068 4147 part.
3121 4093 3159 4143 1,
3193 4076 3301 4132 eo].
3355 4078 3458 4133 466
3507 4083 3565 4133 et

1918 4164 2065 4235 seq.)

1988 4251 2142 4306 Deus
2173 4254 2359 4306 tentat
2389 4253 2453 4305 ut
2481 4250 2683 4306 doceat
2713 4250 2980 4307 diabolus
3010 4256 3214 4308 tentet.
3239 4257 3371 4318 etc.,
3396 4268 3565 4325 usque

1914 4341 1984 4396 ad
2015 4340 2155 4397 foris
2184 4336 2570 4411 triumphant.
2606 4339 2733 4408 (Id.,
2764 4356 2926 4396 serm.
2959 4340 3024 4397 de
3053 4342 3344 4397 tentatione
3377 4344 3562 4397 Abra-

1915 4430 2063 4497 ham,
2096 4433 2237 4485 tom.
2270 4428 2338 4496 V,
2371 4433 2518 4502 part.
2554 4446 2594 4498 1,
2628 4429 2736 4485 col.
2770 4430 2884 4499 29.)

232 4520 463 4581 λιίεῆαιε
512 4541 547 4580 α
593 4518 709 4578 vim
738 4522 836 4577 Dei
872 4524 1004 4589 etc.,
1050 4534 1240 4592 usque
1290 4519 1363 4574 ad
1394 4527 1445 4575 et
1475 4521 1590 4591 ipso
1638 4520 1811 4577 edocti
1840 4539 1885 4603 ί)
1985 4518 2051 4574 Et
2074 4518 2243 4574 nolite
2271 4519 2609 4583 contristare,
2651 4522 2785 4582 etc.,
2837 4534 3022 4589 usque
3072 4518 3142 4572 ad
3185 4519 3245 4573 in
3286 4518 3429 4574 diem
3479 4535 3564 4575 rc-

175 4614 301 4668 c'stis.
324 4612 631 4670 Et’anima
661 4610 922 4665 humana
952 4606 1288 4664 secundum
1340 4609 1653 4680 qner‘ndam
1684 4626 1808 4665 mo-

176 4690 296 4758 dum
320 4690 923 4764 diciturimmortalis,
947 4692 1272 4768 etc.,tisque
1290 4697 1367 4751 ad
1379 4696 1567 4752 videat
1586 4697 1805 4753 lumen.

175 4790 287 4859 (Id.,
343 4807 510 4847 serm.
541 4789 608 4846 de
633 4789 836 4862 symb.,
861 4792 1004 4843 tom.
1037 4785 1105 4854 V,
1140 4790 1268 4857 part
1299 4803 1337 4853 1,
1371 4785 1481 4841 col.
1518 4786 1702 4855 1059.)

236 4874 392 4935 Sicut
422 4896 544 4935 non
576 4881 666 4934 est
696 4894 729 4932 a
754 4888 947 4941 carne,
995 4875 1094 4930 sed
1129 4888 1309 4947 supra
1358 4888 1613 4943 carnem,
1675 4880 1809 4948 etc.,

174 4964 428 5039 πέφνε-αα
455 4972 519 5023 et,
547 4967 607 5022 in
636 4965 944 5024 tenebrosa
973 4962 1351 5036 demergitu‘r.
1378 4963 1507 5033 (Id.,
1532 4964 1628 5019 lib.
1661 4966 1807 5021 Sent.

177 5054 349 5129 Prosp.
383 5058 532 5113 to’m.
564 5054 813 5127 X,‘part.
848 5069 906 5121 11,
941 5051 1049 5108 eol.
1088 5051 1245 5119 1873,
1280 5052 1438 5118 1877,
1476 5052 1656 5125 1878.)

172 5210 179 5217 ,
239 5146 383 5201 Sicut
413 5154 499 5202 est
529 5146 745 5212 veritas,
779 5145 912 5206 etc.,
945 5156 1135 5212 usque
1167 5140 1237 5195 ad
1266 5139 1537 5196 desideria
1581 5145 1811 5199 crroris'.

176 5231 361 5306 Neque
388 5232 647 5301 ‘e‘nim,ut
677 5230 943 5288 nonnulli
976 5231 1203 5302 putant.
1237 5233 1369 5298 etc.,
1392 5244 1559 5301 usque
1588 5230 1659 5285 ad
1679 5248 1815 5287 cum

171 5325 427 5393 proximo
459 5326 587 5379 suo.
620 5322 754 5391 (Id.,
813 5321 909 5375 lib.
940 5320 1005 5375 de
1032 5319 1293 5374 Passione
1320 5320 1559 5386 Domini,
1578 5323 1720 5375 tom.
1743 5321 1811 5377 V.

178 5417 316 5482 part.
348 5418 410 5480 11,
441 5410 555 5467 col.
589 5412 769 5483 1724.)

169 5564 189 5579 ἢ
241 5503 615 5571 Renovamini,
668 5496 799 5575 etc.,
849 5514 1036 5571 usque
1084 5498 1155 5552 ad
1205 5499 1490 5552 sanctitate
1545 5500 1809 5557 veritatis.

180 5587 313 5648 Cum
342 5588 588 5646 dixisset
617 5591 688 5646 a'd
702 5586 1022 5661 imaginem
1039 5590 1321 5654 nostram,
1342 5585 1540 5643 statim
1568 5588 1698 5660 Sub‘j
1709 5607 1811 5647 un-

1918 4607 2264 4679 demptionis.
2298 4606 2462 4661 Sicut
2491 4611 2644 4661 recte
2676 4604 3053 4662 diciturDeus
3067 4606 3255 4663 facere
3276 4607 3563 4680 quidquid

1919 4697 2045 4768 ipso
2078 4696 2136 4752 in
2171 4695 2339 4751 nobis
2371 4700 2646 4767 operante
2678 4693 3004 4761 fecerimus,
3029 4699 3161 4763 etc.,
3190 4708 3359 4769 usque
3380 4697 3448 4752 ad
3471 4697 3566 4753 bo-

1919 4802 1996 4841 na
2025 4798 2200 4858 opera
2230 4784 2561 4840 fecerimus.
2603 4783 2731 4852 (Id.,
2766 4783 2862 4839 lib.
2896 4801 2952 4839 1v
3000 4784 3071 4840 de
3096 4785 3305 4855 Genes.,
3353 4787 3423 4842 ad
3455 4788 3560 4843 litt.

1920 4878 2061 4931 tom.
2098 4875 2195 4944 ΙΙΙ,
2229 4877 2376 4947 part.
2410 4890 2449 4940 1,
2483 4872 2589 4928 col.
2615 4874 2721 4928 302
2748 4878 2805 4929 et
2835 4888 2958 4947 seq.

1994 4965 2178 5021 Omnis
2207 4963 2536 5028 amaritudo,
2569 4967 2702 5031 etc.,
2736 4979 2923 5036 usque
2950 4964 3021 5019 ad
3058 4966 3118 5019 in
3152 4965 3361 5022 Christo
3399 4965 3567 5021 dona-

1920 5056 1996 5110 vit
2028 5054 2191 5109 vobis.
2230 5050 2598 5124 Blasphemia
2626 5057 2714 5109 est
2733 5069 2834 5125 per
2853 5059 3374 5128 quam,etc.,usque
3403 5056 3473 5110 ad
3495 5057 3566 5111 de

1922 5142 2049 5215 ipso
2083 5143 2197 5197 Deo
2221 5139 2368 5197 falsa
2396 5140 2695 5197 dicuntur.
2721 5143 2853 5211 (Id.,
2878 5144 2974 5200 lib.
2994 5151 3179 5200 contra
3199 5145 3563 5210 Mendacium,

1922 5238 2064 5288 tom.
2096 5232 2192 5303 VI,
2226 5229 2332 5286 col.
2366 5231 2473 5285 545
2501 5234 2558 5286 et
2589 5232 2735 5304 seq.)

2578 5373 2811 5431 CAPUT
2848 5375 2917 5431 V.

1992 5503 2166 5557 Estotc
2185 5517 2309 5572 ergo
2340 5502 2640 5556 imitatores
2669 5501 2785 5566 Dei,
2831 5504 2964 5566 etc.,
3016 5514 3201 5569 usque
3232 5499 3303 5554 ad
3350 5501 3565 5569 gratia-

1925 5609 2049 5648 rum
2077 5592 2236 5648 actio.
2266 5588 2546 5647 Traditus
2577 5593 2666 5646 est
2710 5594 2947 5661 propter
2976 5585 3199 5644 delicta
3249 5593 3475 5648 nostra:
3508 5595 3567 5650 et
