3964 6168
411 298 531 363 879

1608 294 1842 359 FLOBI
1883 292 2203 367 DIACONI
2246 292 2623 358 MONACHI.

3647 304 3749 369 380

413 429 617 489 dilexit
662 428 1004 503 Ecclesium,
1051 433 1185 500 etc.,
1236 446 1402 502 usque
1452 428 1520 483 ad
1567 428 1675 484 iste
1726 432 1935 483 nostra:
1977 444 2064 482 rc-
2096 429 2149 494 Α
2249 426 2400 482 Sicut
2427 435 2477 482 et
2509 428 2782 497 Christus,
2831 430 2963 495 etc.,
3025 444 3209 500 usque
3254 429 3321 484 ad
3352 430 3403 486 in
3450 433 3588 489 verbo
3626 439 3745 493 vita:-

415 522 792 595 demplionis.
824 522 957 591 (Id.,
995 530 1149 578 tract.
1186 522 1244 576 in
1276 522 1479 588 ljmmy.
1503 519 1777 582 secJoan,
1802 523 1941 571 tom.
1964 517 2061 572 Ill.

415 617 564 685 part.
599 627 663 683 ιι,
688 611 799 667 col.
834 611 1017 683 4459.)

486 702 668 758 Nosse
692 701 935 768 debetis,
984 703 1042 755 et
1086 697 1406 771 intelligere
1436 712 1605 769 usque
1633 697 1703 751 ad
1729 694 2068 751 nominibus

415 793 852 862 nuncupantur.
915 790 1046 861 (Id.,
1104 795 1262 844 tract.
1331 789 1391 843 in
1448 788 1651 858 Evang.
1722 801 1826 841 sec.
1882 786 2064 850 Joan.,

414 884 558 937 tom.
589 880 682 946 III,
715 877 824 935 col.
866 878 1000 933 1875
1027 881 1082 934 et
1115 881 1262 949 seq.)

487 970 592 1025 Hoc
612 969 761 1024 enim
788 970 991 1032 scitote,
1024 973 1155 1032 etc.,
1180 982 1364 1037 usque
1380 965 1452 1020 ad
1484 967 1541 1020 in
1562 965 1705 1037 ﬁlios
1716 964 2065 1035 difﬁdentia}.

417 1058 719 1113 Positurus
748 1061 835 1113 est
865 1056 1019 1111 enim
1051 1072 1183 1111 oves
1215 1056 1287 1109 ad
1310 1055 1629 1119 dexteram,
1652 1057 1785 1119 etc.,
1817 1051 2067 1124 usquead

415 1146 751 1202 manifestet
780 1145 1161 1218 cogitationes
1192 1143 1403 1199 cordis.
1434 1143 1563 1214 (Id.,
1591 1143 1686 1198 lib.
1713 1141 1778 1197 de
1797 1142 2066 1197 Pteniten-

413 1236 513 1306 tia,
545 1239 688 1289 tom.
722 1234 791 1302 V,
827 1238 973 1306 part.
1008 1251 1067 1298 ιι,
1092 1232 1200 1287 col.
1238 1232 1375 1287 4544
1403 1235 1459 1286 et
1488 1231 1631 1303 seq.)

484 1324 629 1379 Cum
662 1322 1217 1379 manifestissimum
1252 1320 1329 1376 sit
1360 1318 1545 1376 multo
1571 1320 1807 1392 gravius
1828 1336 2066 1391 peccare

413 1414 713 1479 scientem,
749 1418 881 1477 etc.,
916 1427 1085 1483 usque
1112 1410 1183 1466 ad
1211 1414 1267 1466 et
1297 1409 1418 1465 Dei.
1452 1410 1579 1481 (Id.,
1634 1410 1731 1464 lib.
1766 1424 1824 1465 ιν
1854 1408 1919 1465 de
1960 1413 2063 1464 Ba-

408 1504 625 1575 ptismo,
660 1506 802 1555 tom.
838 1500 927 1564 IX,
962 1499 1069 1555 col.
1109 1499 1253 1570 158,)

485 1592 664 1648 Nolite
691 1605 818 1658 ergo
847 1587 1019 1660 efﬁci,
1052 1592 1185 1654 etc.,
1221 1604 1406 1657 usque
1452 1588 1524 1642 ad
1564 1588 1808 1658 justitia,
1841 1596 1892 1643 el
1924 1589 2063 1643 reri-

412 1689 540 1737 tatc.
577 1676 1142 1748 Fuistisaliquando
1172 1677 1443 1743 tenebrm,
1479 1694 1633 1731 nunc
1656 1680 1849 1731 autem
1882 1676 1981 1731 lux
2006 1677 2062 1731 in

2176 516 2404 569 Dictum
2428 518 2597 571 estde
2612 517 2856 572 Domino
2871 517 2926 571 in
2950 517 3251 590 Evangelio
3267 536 3278 572 :
3295 520 3754 591 Baptizuballesus

2175 603 2372 677 plures
2403 622 2580 677 quam
2612 606 2852 673 Jonnes,
2884 611 3017 673 etc.,
3048 623 3211 679 usque
3240 608 3305 663 ad
3334 625 3440 664 non
3467 615 3548 665 est
3572 612 3754 684 baptis-

2175 709 2329 749 mus.
2364 694 2495 765 (Id.,
2531 702 2688 750 tract.
2723 697 2791 751 15
2820 697 2881 751 in
2929 698 3135 766 Evang.
3186 712 3268 751 sec
3293 697 3461 764 Joan.,
3508 702 3633 755 tom.
3677 703 3756 771 Ill,

2174 786 2325 854 part.
2361 801 2423 849 11,
2454 783 2560 839 col.
2596 785 2724 842 1511
2763 790 2819 841 et
2851 788 3001 858 seq.)

2250 874 2312 929 Ut
2335 873 2613 930 exhiberet
2656 876 2769 947 ipse
2814 880 2947 944 etc.,
2998 892 3182 947 usque
3223 876 3293 931 ad
3333 878 3555 948 seipsum
3588 879 3757 948 diligit.

2174 961 2578 1033 Superexaltat
2635 966 2831 1019 autem
2906 963 3302 1020 misericordia
3368 964 3590 1036 judicis,
3648 971 3757 1035 etc.,

2172 1066 2342 1122 usque
2387 1051 2457 1105 ad
2500 1050 2849 1123 significavit
2880 1052 2939 1107 in
2990 1052 3203 1109 triduo.
3253 1053 3376 1124 (Id.,
3409 1053 3499 1108 lib.
3543 1054 3601 1109 de
3638 1056 3759 1125 Perf.

2162 1139 2305 1210 justi
2334 1140 2502 1206 hom.,
2534 1144 2677 1196 tom.
2714 1145 2784 1208 X,
2816 1145 2964 1214 part.
2992 1160 3034 1207 1,
3066 1141 3175 1198 col.
3207 1143 3353 1213 310.)

2247 1228 2373 1300 Ipse
2402 1232 2491 1284 est
2513 1229 2669 1285 enim
2688 1228 2843 1297 ﬁnis,
2858 1229 3306 1302 utnihilduplici
3321 1231 3481 1286 corde
3502 1230 3763 1297 faciamus,

2173 1320 2305 1383 etc.,
2333 1335 2503 1390 usque
2523 1318 2593 1375 ad
2624 1320 2908 1375 mundam
2948 1323 3004 1375 et
3034 1318 3381 1391 simplicem.
3432 1319 3552 1390 (Id.,
3599 1320 3683 1374 lib.
3715 1321 3765 1375 de

2173 1405 2347 1462 Serm.
2380 1409 2531 1463 Dom.
2558 1409 2615 1463 in
2646 1416 2847 1476 monte,
2879 1412 3022 1464 tom.
3056 1408 3153 1476 ΙΙΙ,
3188 1407 3294 1464 col.
3329 1409 3461 1463 1288
3489 1412 3542 1464 et
3568 1411 3697 1479 seq.)

2248 1513 2493 1570 Lavabis
2538 1532 2650 1582 me,
2704 1515 2762 1570 id
2789 1520 2878 1572 est
2927 1514 3269 1570 mundabis:
3323 1518 3378 1569 et
3413 1530 3577 1586 super
3611 1514 3765 1569 nivem

2173 1601 2507 1659 dealbabor.
2542 1605 2611 1659 Et
2639 1603 2687 1659 si
2747 1603 2965 1659 fuerint
3020 1608 3258 1676 peccata
3303 1607 3489 1658 vestra
3532 1606 3592 1657 ut
3634 1602 3767 1657 freni-

2173 1691 2352 1757 cium,
2370 1696 2504 1761 etc.,
2529 1709 2696 1765 usque
2716 1694 2785 1748 ad
2809 1693 3181 1749 mandatum.
3200 1692 3329 1762 (Id.,
3351 1700 3505 1747 tract.
3528 1694 3581 1746 in
3597 1692 3716 1763 psal.
3730 1707 3767 1757 1.,

411 1767 659 1824 Domino
690 1770 822 1834 etc.,
856 1782 1024 1837 usque
1062 1764 1132 1820 ad
1172 1764 1250 1818 ibi
1285 1781 1399 1819 non
1448 1764 1673 1819 addidit
1702 1764 1761 1819 in
1793 1764 2054 1820 Domino.

2200 1797 2313 1835 om.
2348 1781 2444 1845 IV,
2478 1764 2627 1853 part.
2661 1796 2702 1847 1,
2735 1781 2844 1836 col.
2876 1781 3025 1851 593.)

413 1857 538 1929 (Id.,
565 1856 660 1911 lib.
689 1856 753 1910 de
777 1856 1009 1925 Perfeci.
1028 1857 1151 1910 vitae
1172 1855 1432 1922 hominis,
1462 1858 1603 1909 tom.
1633 1855 1699 1919 Χ,
1715 1858 1863 1925 part,
1898 1871 1939 1924 ι,
1953 1852 2063 1908 col.

412 1946 518 2000 307
550 1948 608 2001 et
640 1947 792 2016 seq.)

484 2035 554 2089 Et
585 2039 739 2089 terra
770 2036 971 2089 nostra
1001 2036 1317 2105 antequam
1350 2032 1639 2104 acciperet
1671 2031 1919 2086 formam
1957 2032 2065 2087 do-

412 2122 632 2191 ctrinas,
665 2126 799 2190 etc.,
846 2139 1016 2194 usque
1063 2121 1134 2177 ad
1165 2138 1379 2193 sponso
1413 2120 1585 2176 unico
1628 2126 1746 2176 tuo.
1802 2120 1929 2192 (Id.,
1964 2122 2061 2176 lib.

410 2226 512 2269 χιιι
546 2211 804 2282 Confess.,
839 2214 982 2267 tom.
1015 2210 1058 2275 Ι,
1093 2210 1203 2266 col.
1237 2212 1343 2265 850
1372 2212 1429 2265 et
1460 2210 1608 2281 seq.)

482 2302 551 2356 Et
580 2300 721 2355 vidit
767 2305 913 2356 lleus
961 2298 1151 2355 lucem
1201 2297 1338 2371 quia
1386 2298 1540 2353 bona
1569 2302 1677 2363 est,
1729 2300 1863 2364 etc.,
1897 2313 2066 2369 usque

412 2390 483 2445 ad
511 2389 648 2445 boni
680 2392 880 2444 estote.
916 2388 1044 2460 (Id.,
1085 2405 1248 2445 serm.
1277 2386 1341 2443 de
1373 2388 1481 2456 vig.
1529 2388 1770 2454 Paschw,
1818 2390 1959 2441 tom.
1999 2385 2061 2454 V,

412 2482 560 2551 part.
596 2497 634 2546 1,
668 2477 777 2534 col.
814 2477 1000 2546 1092.)

484 2567 990 2632 Quemadmodum
1022 2566 1080 2621 in
1112 2566 1259 2639 ipsis
1289 2564 1650 2637 corporibus,
1684 2581 1751 2621 ea
1782 2563 2067 2636 quzeinl'e—

414 2655 568 2712 riora
598 2660 755 2725 sunt,
790 2660 922 2723 etc.,
955 2673 1125 2729 usque
1153 2655 1223 2711 ad
1253 2655 1353 2710 lux
1380 2654 1436 2709 is
1469 2654 1735 2709 Domino.
1780 2653 1912 2725 (Id.,
1964 2654 2060 2708 lib.

413 2745 478 2802 de
509 2745 654 2811 Crat,
687 2746 818 2802 Nov.
855 2747 1102 2813 Testam.,
1125 2749 1269 2800 tom.
1305 2745 1374 2813 II,
1410 2742 1519 2800 col.
1550 2743 1695 2815 562).

487 2837 779 2891 Probantes
808 2835 938 2907 quid
964 2836 1055 2903 sit,
1089 2838 1221 2903 etc.,
1246 2850 1433 2906 usque
1450 2833 1522 2889 ad
1554 2832 2061 2904 turpeestetdicere.

414 2924 596 2980 Nemo
627 2928 760 2980 ante
791 2927 1025 2996 tempus
1051 2924 1282 2979 deserat
1310 2939 1526 2978 aream.
1561 2920 1791 2977 Toleret
1834 2918 2063 2993 paleam

413 3010 476 3067 in
522 3012 754 3079 tritura,
805 3012 1012 3069 toleret
1060 3012 1117 3067 in
1167 3028 1324 3080 area,
1374 3017 1505 3078 etc.,
1546 3027 1715 3082 usque
1759 3010 1829 3065 ad
1877 3025 2064 3082 neque

415 3102 824 3175 superbientes
854 3105 919 3157 ut
944 3101 1299 3157 insultanter
1329 3100 1590 3173 arguatis
1619 3100 1751 3169 (Id.,
1805 3116 1967 3155 serm.
2001 3099 2066 3154 de

412 3192 559 3247 verb.
593 3198 790 3263 upost.,
822 3195 966 3246 tom.
998 3190 1066 3255 V,
1100 3194 1248 3262 part.
1285 3207 1322 3255 1,
1354 3188 1462 3245 col.
1493 3189 1599 3243 899
1628 3193 1683 3243 et
1712 3188 1858 3261 seq.)

487 3278 683 3335 Omnia
713 3286 913 3344 autem,
947 3282 1080 3345 etc.,
1134 3293 1318 3349 usque
1349 3277 1422 3332 ad
1472 3277 1656 3333 lumen
1701 3285 1798 3333 est.
1831 3277 1947 3333 Hoc
1978 3280 2067 3332 est

406 3367 731 3441 judicium:
792 3366 1072 3438 quoniam
1122 3365 1221 3420 lux
1265 3366 1423 3421 venit
1452 3366 1511 3420 in
1564 3367 1875 3434 mundum,
1929 3372 2062 3431 etc.,

416 3472 586 3528 usque
612 3455 684 3511 ad
714 3456 868 3528 quod
900 3454 960 3509 in
991 3471 1052 3510 se
1083 3454 1303 3511 odisset
1351 3455 1689 3511 ostenderit.
1740 3456 1868 3525 (Id.,
1905 3462 2060 3510 tract.

416 3546 475 3601 in
509 3548 721 3613 Evang.
746 3561 850 3608 sec,
880 3545 1064 3610 Joan.,
1090 3548 1229 3599 tom.
1266 3544 1363 3609 IlI,
1391 3548 1539 3616 part.
1573 3560 1633 3611 11,
1663 3543 1772 3599 col.
1811 3544 1994 3612 1491.)

488 3640 721 3705 Propter
746 3633 888 3705 quod
916 3632 1069 3698 dicit,
1110 3637 1246 3700 etc.,
1286 3649 1474 3705 usque
1521 3633 1595 3689 ad
1645 3632 1988 3689 illuminabit
2018 3641 2067 3689 te

388 3709 684 3779 “Christus.
758 3721 1014 3777 Somnus
1089 3721 1318 3790 animae,
1380 3727 1469 3778 est
1543 3721 1803 3779 oblivisci
1880 3722 2063 3778 Deum

419 3826 617 3879 suum,
650 3814 787 3876 etc.,
817 3826 988 3882 usque
1016 3811 1085 3866 ad
1116 3810 1475 3867 illuminabit
1505 3816 1560 3867 te
1590 3811 1875 3867 Christus.
1934 3811 2065 3882 (Id.,

418 3907 575 3956 tract.
612 3901 672 3954 in
696 3900 839 3971 psal.
875 3917 1005 3967 1.x",
1040 3904 1183 3956 tom.
1218 3900 1309 3968 IV,
1342 3904 1493 3973 part.
1529 3919 1572 3969 1,
1603 3899 1713 3957 col.
1736 3902 1884 3970 750).

490 3987 615 4043 Nisi
647 3988 803 4044 enim
837 3988 909 4043 ad
942 3993 1205 4046 mortuos
1248 3989 1619 4046 suscitandos
1658 3976 1942 4045 Dominus
1973 4004 2067 4044 ve-

420 4076 623 4146 nisset,
657 4081 792 4143 etc.,
823 4094 992 4151 usque
1021 4078 1091 4134 ad
1121 4078 1181 4134 in
1212 4079 1500 4152 sepulcro.
1537 4079 1667 4147 (Id.,
1708 4095 1871 4134 serm.
1907 4078 1975 4135 44
2004 4077 2069 4132 de

416 4167 564 4224 verb.
586 4168 793 4236 Evang.
827 4171 969 4223 tom.
998 4167 1066 4235 V,
1100 4172 1250 4240 part.
1286 4186 1323 4234 1,
1358 4167 1469 4224 col.
1509 4167 1650 4223 1494
1681 4171 1738 4222 et
1767 4170 1916 4238 seq.)

491 4255 667 4313 Videte
715 4257 915 4328 itaque,
960 4260 1182 4329 fratres,
1244 4262 1377 4326 etc.,
1412 4274 1598 4329 usque
1646 4258 1719 4312 ad
1752 4258 1811 4311 in
1857 4272 1961 4329 quo
1990 4264 2069 4311 est

417 4346 669 4402 luxuria.
705 4344 839 4401 Dies
869 4345 1057 4401 malos
1090 4346 1216 4400 duae
1250 4362 1343 4402 res
1375 4345 1616 4413 faciunt,
1641 4344 1867 4401 malitia
1888 4349 1945 4400 et
1965 4344 2069 4400 mi-

417 4435 588 4503 seria,
621 4439 753 4503 etc.,
786 4449 958 4505 usque
984 4439 1052 4488 ad
1078 4438 1311 4505 tempus
1342 4432 1615 4489 redimas.
1634 4433 1765 4503 (Id.,
1789 4450 1951 4489 serm.
1977 4435 2066 4501 50,

334 4554 343 4561 ο
417 4526 561 4581 hom.
597 4525 683 4592 10,
716 4528 861 4579 tom.
889 4522 961 4589 V,
989 4526 1138 4595 part.
1175 4539 1215 4589 1,
1247 4521 1358 4577 col.
1390 4521 1498 4575 909
1527 4525 1585 4577 et
1616 4526 1765 4593 seq.)

488 4612 591 4669 Sed
620 4613 950 4685 implemini,
983 4616 1117 4679 etc.,
1150 4627 1337 4683 usque
1367 4610 1439 4666 ad
1492 4612 1554 4666 in
1584 4610 1836 4667 cordibus
1880 4613 2072 4666 vestris

417 4702 667 4756 Domino.
699 4699 1082 4756 Ambulantes
1110 4715 1248 4771 ergo
1266 4699 1325 4754 in
1357 4697 1681 4766 Cbristo,et
1702 4699 1894 4755 adhuc
1916 4714 2077 4770 pere-

418 4788 744 4861 grinantes,
777 4791 911 4855 etc.,
943 4805 1115 4860 usque
1160 4788 1231 4844 ad
1260 4792 1464 4844 mutus
1495 4792 1584 4843 est
1611 4788 2073 4859 Deo.(1d.,lracl.

422 4879 483 4932 in
512 4877 652 4948 psal.
688 4893 908 4944 Lxxxw,
941 4880 1082 4932 tom.
1118 4875 1213 4945 IV,
1244 4881 1393 4948 part.
1428 4894 1469 4947 1,
1501 4876 1609 4933 col.
1644 4876 1827 4944 1108.)

495 4966 715 5021 Gratias
740 4972 977 5034 agentes,
1010 4969 1142 5032 etc.,
1176 4982 1365 5039 usque
1395 4966 1467 5023 ad
1499 4968 1559 5021 in
1607 4968 1802 5022 timore
1847 4968 2073 5022 Christi.

419 5054 505 5110 Ab
520 5052 627 5108 hoc
644 5070 760 5108 uno
774 5057 830 5108 et
846 5070 976 5110 vero
991 5054 1105 5110 Deo
1120 5053 1294 5110 vitam
1312 5071 1621 5127 speramus
1635 5059 2071 5120 aaternam,etc.,

422 5157 593 5214 usque
619 5141 691 5196 ad
737 5141 882 5197 satis
929 5158 1056 5199 esse
1100 5143 1524 5199 contenderint.
1579 5143 1707 5215 (Id.,
1743 5144 1840 5198 lib.
1890 5161 1963 5200 vn
1994 5144 2066 5200 de

423 5231 583 5288 Civil.
613 5232 737 5299 Dei,
773 5234 913 5287 tom.
946 5230 1065 5300 VII,
1100 5232 1207 5288 col.
1239 5234 1346 5287 220
1374 5237 1431 5287 et
1464 5236 1613 5303 seq.)

490 5320 741 5377 Mulieres
770 5321 906 5376 viris
932 5323 1046 5377 suis
1077 5321 1328 5389 subditae,
1361 5325 1495 5385 etc.,
1525 5336 1712 5391 usque
1742 5322 1813 5377 ad
1856 5322 2070 5392 diligite

422 5425 621 5466 uxores
650 5416 872 5465 vestras.
901 5408 1089 5465 Nolite
1122 5408 1390 5463 mmchari
1415 5412 1547 5479 post
1577 5424 1783 5464 uxores
1824 5415 2067 5478 vestras,

423 5501 560 5566 etc.,
575 5514 742 5571 usque
763 5497 834 5553 ad
861 5498 933 5553 ad
955 5500 1129 5569 caput
1142 5494 1408 5551 Ecclesia:
1421 5495 1738 5552 Christum.
1764 5497 2068 5569 (Id.,serm.

423 5585 488 5644 de
517 5585 695 5642 decem
743 5585 979 5653 chordis,
1031 5587 1173 5641 tom.
1202 5582 1269 5652 V,
1319 5588 1473 5657 part.
1505 5602 1544 5654 1,
1580 5583 1689 5641 col.
1722 5587 1792 5641 83
1838 5590 1895 5642 et
1925 5588 2073 5660 seq.)

2245 1868 2439 1923 Vestis
2497 1870 2877 1926 sacerdotalis
2921 1869 3240 1926 Ecclesiam
3310 1868 3606 1943 significat,
3662 1871 3770 1933 etc.,

2173 1973 2343 2029 usque
2372 1959 2441 2013 ad
2500 1976 2709 2031 rugam
2740 1976 2857 2015 non
2906 1959 3160 2015 habeant
3218 1960 3345 2031 (Id.,
3378 1966 3527 2014 tract.
3580 1959 3631 2013 in
3655 1957 3769 2028 psal.

2173 2062 2381 2112 cxxxu,
2413 2052 2553 2103 tom.
2583 2048 2677 2114 1V,
2712 2053 2863 2121 part.
2896 2066 2957 2115 11,
2985 2048 3096 2105 col.
3136 2048 3317 2121 1734.)

2244 2135 2522 2192 Exhibete
2553 2153 2689 2209 ergo
2718 2153 2820 2192 vos
2845 2136 3087 2210 dignum
3105 2154 3319 2210 corpus
3341 2136 3439 2192 tali
3460 2136 3772 2207 capite,etc.,

2173 2241 2343 2296 usque
2388 2225 2459 2280 ad
2512 2225 2571 2280 in
2603 2226 2831 2281 Christo
2883 2226 3043 2281 Jesu.
3079 2226 3213 2298 (Id.,
3271 2243 3431 2281 serm.
3460 2224 3590 2298 quod
3633 2223 3776 2278 tribus

2172 2313 2315 2369 mod.
2350 2313 2547 2369 Christ.
2578 2315 2755 2383 intel.,
2786 2319 2927 2370 tom.
2951 2314 3021 2382 V,
3052 2320 3203 2386 part.
3238 2313 3569 2382 11,001.1500
3587 2316 3637 2367 et
3658 2315 3776 2381 seq.)

2245 2420 2408 2477 Nemo
2436 2423 2587 2477 enim
2618 2438 2882 2494 unquam,
2916 2425 3050 2490 etc.,
3103 2439 3295 2495 usque
3321 2421 3391 2477 ad
3437 2420 3572 2476 etde
3597 2419 3776 2475 ossibus

2172 2510 2309 2581 ejus.
2371 2509 2514 2565 Cum
2567 2510 2636 2566 de
2666 2515 2874 2566 sancta
2929 2509 3240 2566 dilectione
3290 2509 3628 2582 praeciperet,
3666 2509 3777 2569 etc.,

2172 2615 2345 2669 usque
2394 2599 2463 2653 ad
2510 2598 2769 2655 foventes
2833 2614 3069 2654 carnem
3123 2616 3320 2655 suam.
3381 2598 3504 2669 (Id.,
3562 2595 3650 2652 lib.
3699 2610 3777 2649 χιιι

2172 2696 2346 2743 contr.
2380 2689 2585 2755 Faust.,
2619 2691 2761 2743 tom.
2795 2688 2945 2757 VIII,
2977 2687 3085 2743 col.
3117 2689 3271 2760 392.)

2242 2775 2428 2831 Nemo
2453 2776 2609 2831 enim
2641 2792 2906 2847 unquam
2938 2792 3175 2832 carnem
3205 2793 3378 2832 suam
3410 2774 3539 2831 odio
3586 2770 3780 2840 habuit,

2172 2867 2310 2931 etc.,
2367 2881 2536 2937 usque
2590 2864 2679 2919 ad.
2742 2864 3187 2921 consuetudinis
3249 2865 3412 2921 bona;
3443 2865 3567 2936 (Id.,
3608 2862 3693 2916 lib.
3730 2859 3783 2913 de

2172 2958 2323 3009 Doct.
2357 2954 2678 3020 Christian.,
2710 2959 2853 3010 tom.
2886 2953 2986 3019 Ill,
3019 2957 3167 3026 part.
3202 2971 3243 3023 1,
3277 2953 3386 3011 col.
3418 2952 3526 3025 28.)

2243 3060 2386 3117 Caro
2418 3059 2683 3135 diligitur
2712 3059 2948 3133 quidem
2992 3078 3098 3117 nec
3148 3065 3349 3117 tamen
3401 3059 3639 3133 proprie,
3675 3060 3783 3119 etc.,

2097 3172 2140 3238 ρ
2178 3165 2348 3238 usque
2378 3150 2449 3205 ad
2478 3157 2618 3205 sunt
2665 3148 2879 3205 omnia.
2933 3150 3065 3220 (Id.,
3120 3151 3217 3205 lib.
3257 3151 3551 3219 1Relract.,
3589 3152 3714 3201 tom.
3751 3142 3785 3206 Ι,

2178 3237 2286 3293 col.
2318 3239 2471 3308 617.)

2245 3329 2471 3400 Propter
2499 3330 2597 3384 hoc
2625 3329 2916 3400 relinquet,
2950 3331 3083 3395 etc.,
3113 3345 3306 3401 usque
3338 3329 3409 3384 ad
3432 3330 3613 3383 timeat
3636 3325 3790 3379 virum

2173 3433 2352 3473 suum.
2388 3416 2493 3472 Illa
2522 3418 2738 3473 extasis
2767 3435 2943 3490 quam
2957 3417 3376 3475 Deusimmisit
3403 3416 3788 3479 inAdam,ctc.,

2174 3522 2343 3577 usque
2374 3506 2443 3560 ad
2471 3506 2662 3562 dicere
2692 3506 2971 3579 potuisse.
3006 3507 3134 3577 (Id.,
3170 3506 3266 3562 lib.
3304 3507 3580 3562 1xdeCen.
3601 3502 3665 3558 ad
3685 3502 3790 3563 litt,

2175 3598 2317 3649 tom.
2352 3595 2449 3661 ΙΙΙ,
2483 3598 2632 3667 part.
2666 3613 2705 3660 1,
2740 3594 2849 3651 col.
2883 3595 3037 3666 408.)

2247 3683 2446 3755 Neque
2477 3683 2633 3739 enim
2666 3683 2811 3739 dixit
2843 3685 3060 3740 frustra
3101 3685 3454 3756 Apostolus:
3497 3683 3670 3738 Adam
3712 3674 3793 3750 qui

2177 3776 2265 3828 est
2294 3772 2484 3828 forma
2514 3772 2717 3839 futuri,
2751 3776 2885 3839 etc.,
2918 3789 3087 3846 usque
3116 3773 3187 3829 ad
3221 3790 3440 3847 corpus
3468 3789 3593 3829 esse
3628 3783 3797 3843 posse-

2177 3877 2331 3916 mus.
2367 3861 2497 3933 (Id.,
2532 3862 2630 3917 lib.
2653 3879 2734 3917 x11
2762 3869 2935 3918 contr.
2970 3864 3177 3929 Faust.,
3211 3866 3360 3917 tom.
3383 3853 3796 3929 VIII,col.258.)

2248 3969 2541 4033 Quantum
2587 3969 2932 4042 mysteaium
2983 3970 3052 4025 de
3084 3969 3315 4026 Christo
3370 3969 3643 4033 continet,
3688 3967 3797 4027 etc.,

2174 4074 2349 4130 usque
2379 4058 2449 4113 ad
2481 4058 2668 4114 forma
2700 4058 3051 4131 futuri.(Id.,
3075 4066 3231 4114 tract.
3253 4058 3798 4131 inEvangJecJoan-i

2178 4151 2320 4203 tom.
2360 4148 2460 4216 III,
2495 4151 2647 4219 part.
2681 4165 2744 4214 11,
2779 4146 2884 4204 col.
2924 4148 3105 4219 1463.)

2250 4237 2325 4292 Ut
2355 4236 2632 4292 noveritis
2663 4235 2801 4308 quia
2833 4253 2988 4291 unus
3019 4236 3237 4292 dicitur
3268 4237 3540 4293 Christus
3580 4235 3734 4305 caput
3759 4231 3804 4282 et

2180 4322 2390 4396 cerpus
2424 4341 2617 4392 suum,
2651 4327 2782 4391 etc.,
2815 4341 2983 4397 usque
3002 4325 3071 4380 ad
3102 4325 3241 4396 quia
3260 4330 3438 4382 erunt
3452 4326 3567 4381 duo
3592 4323 3647 4378 in
3662 4332 3807 4376 carne

2179 4430 2316 4469 una.
2350 4413 2483 4482 (Id.,
2509 4421 2649 4469 tract
2666 4416 2721 4469 in
2743 4415 2883 4484 psal.
2908 4431 3039 4481 xxx,
3056 4418 3199 4469 tom.
3224 4414 3322 4483 IV,
3339 4418 3492 4488 part.
3513 4407 3808 4481 1,001.232.)

2101 4542 2148 4607 Β
2249 4518 2339 4574 Sic
2370 4535 2506 4592 ergo
2538 4519 2853 4591 aliquando
2872 4519 3326 4576 insinuanturin
3351 4510 3811 4593 ScripturisChri-

2182 4612 2329 4677 stus,
2365 4611 2496 4677 etc.,
2546 4625 2716 4680 usque
2744 4608 2814 4664 ad
2845 4625 2999 4664 unus
3049 4608 3321 4665 Christus
3354 4613 3467 4666 est.
3518 4608 3625 4678 (Id.
3671 4618 3808 4659 serm.

2184 4697 2325 4770 quod
2355 4697 2483 4753 trib.
2515 4697 2660 4755 mod.
2693 4697 2891 4754 Christ.
2926 4698 3159 4770 intellig.
3194 4702 3338 4754 tom.
3363 4699 3433 4767 V,
3467 4701 3616 4771 part.
3648 4712 3701 4761 ιι,
3722 4687 3811 4747 col.

2184 4787 2326 4843 1500
2354 4791 2410 4843 et
2440 4787 2586 4860 seq.)

2256 4875 2539 4933 Dominus
2571 4879 2769 4932 noster
2786 4876 2961 4933 Jesus
2972 4875 3241 4933 Christus
3255 4877 3524 4933 Salvator
3553 4865 3816 4933 sedensad

2186 4965 2482 5021 dexteram
2555 4964 2764 5033 Patris,
2835 4968 2943 5020 etc.
3015 4981 3186 5036 usque
3240 4965 3310 5020 ad
3379 4983 3489 5021 nos
3562 4966 3816 5019 creatura.

2185 5054 2318 5123 (Id.,
2349 5061 2504 5120 tract,
2535 5055 2591 5108 in
2620 5054 2765 5125 psal.
2800 5068 3074 5120 cxxxvm,
3106 5059 3250 5109 tom.
3285 5053 3382 5120 ιν,
3418 5058 3569 5126 part.
3620 5068 3698 5116 ιιι,
3726 5044 3818 5103 col.

2182 5143 2325 5197 1784
2356 5146 2413 5196 et
2444 5142 2594 5213 seq.)

2247 5231 2463 5286 Omnes
2497 5229 2697 5286 ﬁdeles
2729 5230 2869 5303 quid
2900 5230 3147 5287 audiunt
3167 5232 3238 5288 ab
3259 5231 3575 5305 Apostolo?
3595 5230 3703 5285 Vos
3723 5242 3805 5282 au-

2176 5324 2297 5376 tem
2328 5317 2467 5374 estis
2498 5336 2711 5391 corpus
2741 5318 2977 5381 Christi.
3008 5324 3064 5375 et
3093 5322 3357 5378 membra
3386 5339 3457 5378 ex
3476 5325 3658 5394 parte,
3688 5323 3807 5380 etc.,

2178 5425 2350 5482 usque
2375 5408 2445 5463 ad
2476 5424 2693 5480 sponsa
2713 5409 2771 5462 in
2794 5425 3052 5482 corpore.
3072 5410 3380 5481 (Id..scrm.
3416 5410 3806 5472 dever.Evany.

2180 5502 2326 5555 tom.
2358 5495 2427 5565 V,
2460 5501 2611 5570 part.
2644 5515 2683 5566 1,
2718 5496 2828 5553 col.
2859 5499 2967 5553 570
2998 5504 3055 5555 et
3084 5499 3242 5572 seq.)

2260 5585 2519 5659 Reliquit
2549 5585 2775 5643 Patrem
2807 5603 2941 5644 cum
2956 5586 3119 5644 dixit:
3144 5587 3263 5661 Ego
3284 5592 3507 5645 aPatre
3519 5586 3689 5657 exivi,
3710 5586 3827 5645 etc-1
