3964 6168
424 322 543 391 383

1623 315 1854 380 FLORI
1899 311 2215 375 ΒΙΑωηί
2257 309 2641 374 MONACHI.

3649 319 3750 383 εει

496 463 735 535 Quidam
764 459 998 535 quidem,
1034 462 1167 527 etc.,
1203 473 1387 527 usque
1416 455 1488 509 ad
1523 454 1789 508 suscitare
1834 448 2067 503 vinculis
2097 447 2152 512 Α
2179 444 2496 513 Johannes,
2531 449 2664 513 etc.,
2696 461 2868 517 usque
2893 444 2961 500 ad
2991 444 3050 500 in
3080 444 3302 501 vinculo
3327 448 3749 520 pacis.(ld.,serm.

424 556 582 611 meis.
614 554 765 619 Sunt
789 551 850 606 in
880 548 1141 605 Ecclesia
1170 545 1411 618 quidam
1443 540 2079 616 prwpositi,etc.,usque

425 644 496 700 ad
540 643 691 697 inter
740 637 1129 696 mercenarius
1179 649 1498 690 remanere.
1551 632 1683 701 (Id.,
1726 636 1883 684 tract.
1918 628 1987 681 46
2017 628 2079 681 in

424 734 638 802 Evang.
670 745 772 786 see.
806 732 993 795 Joan.,
1045 729 1187 780 tom.
1242 723 1339 790 III,
1384 724 1533 794 part.
1577 737 1639 787 ιι,
1682 718 1789 773 col.
1839 715 1977 771 1729
2023 718 2079 771 et

424 822 574 894 seq.)

495 910 685 968 Etiam
698 925 801 980 per
822 904 1211 961 mercenaries
1232 917 1429 957 vocem
1445 898 1640 956 audite
1658 896 2048 969 pastoris,etc.
2062 937 2076 957 .

426 1017 595 1072 usque
624 999 693 1054 ad
723 997 990 1053 Christus
1020 985 1865 1059 annuntietur.(ld.,ibid.,col.
1892 985 2074 1056 1751.)

497 1090 750 1146 Possunt
778 1085 872 1140 isti
908 1082 1201 1138 maledicti
1236 1080 1430 1153 potius
1461 1076 2072 1140 calumniatores,etc.,

425 1194 595 1253 usque
637 1175 707 1233 ad
758 1192 873 1230 non
925 1174 993 1228 dc
1041 1169 1406 1241 turpitudine
1458 1167 1747 1222 vitiorum.
1795 1165 1922 1237 (Id.,
1973 1164 2071 1219 lib.

425 1276 596 1325 contr.
631 1268 838 1335 Faust.,
870 1268 1011 1318 tom.
1045 1260 1198 1324 VIII,
1232 1258 1339 1313 col.
1375 1257 1479 1311 429
1507 1261 1565 1311 ct
1595 1255 1741 1327 seq.)

492 1356 877 1413 Notissimum
911 1366 1040 1406 esse
1066 1348 1314 1405 arbitror
1344 1346 1640 1402 sanctitati
1675 1348 1881 1399 vostra:
1915 1343 2070 1415 quod

426 1445 507 1501 ait
531 1442 867 1516 Apnstolus,
902 1444 1033 1503 etc.,
1067 1451 1237 1509 usque
1265 1435 1335 1489 ad
1366 1451 1478 1488 non
1511 1433 1757 1488 credunt
1787 1448 1915 1486 esse
1944 1448 2071 1502 quae

424 1536 649 1591 dicunt.
682 1532 812 1603 (Id.,
846 1536 999 1585 tract.
1034 1529 1090 1581 in
1136 1526 1279 1597 psal.
1330 1541 1454 1591 cxv,
1506 1527 1645 1577 tom.
1690 1522 1759 1592 Il,
1810 1525 1956 1592 part.
2011 1538 2067 1585 ιι,

426 1623 533 1680 col.
572 1622 710 1676 1490
737 1624 794 1675 et
823 1616 969 1689 seq.)

497 1712 759 1767 Fuerunt
781 1707 939 1763 enim
970 1704 1146 1760 etiam
1170 1701 1535 1775 temporibus
1548 1700 1946 1773 apostolorum
1969 1699 2067 1771 qui

2187 534 2252 589 de
2282 537 2417 591 blas.
2451 536 2600 608 Spir.
2630 544 2830 603 sanet.,
2859 541 3000 592 tom.
3033 536 3099 604 V,
3133 542 3276 609 part.
3308 556 3345 607 1,
3377 539 3476 595 col.
3508 543 3635 613 461.)

2256 626 2410 681 Nihil
2439 642 2536 698 per
2562 628 2975 693 contentionem,
3009 630 3141 694 etc.,
3174 643 3351 699 usque
3397 629 3462 683 ad
3491 632 3614 701 quod
3639 640 3681 687 et
3706 636 3756 689 in

2185 717 2395 774 Christo
2422 716 2566 772 Jesu.
2601 716 2724 771 Non
2776 715 2885 771 hoc
2936 715 3020 769 ita
3067 715 3339 773 debemus
3365 718 3677 790 existimem,
3706 728 3758 778 ut

2186 823 2301 861 non
2335 805 2899 874 existimemus,etc.,
2920 822 3089 878 usque
3115 806 3183 861 ad
3212 824 3382 862 onera
3403 814 3584 865 nostra
3601 816 3757 881 porte-

2186 913 2338 951 mus.
2374 896 2503 967 (Id.,
2536 895 2633 951 lib.
2664 896 2888 963 Quaest,
2920 899 3062 951 tom.
3093 896 3187 963 VI,
3220 895 3325 951 col.
3355 898 3414 952 81
3447 901 3498 952 et
3524 902 3652 971 seq.)

2256 988 2369 1057 ()ui
2396 1002 2519 1040 cum
2546 986 2607 1039 in
2636 987 2816 1056 forma
2843 986 3290 1056 Dei,etc.,usque
3319 986 3387 1041 ad
3413 990 3626 1057 formam
3645 994 3763 1047 serui

2183 1076 2474 1146 accipiens.
2507 1073 2652 1129 Hinc
2684 1090 2821 1146 ergo
2870 1074 3059 1146 magis
3108 1075 3434 1145 quaerebant
3459 1093 3582 1131 eum
3609 1077 3764 1133 Judmi

2182 1164 2527 1231 interﬁcere,
2562 1167 2696 1229 etc.,
2723 1180 2894 1235 usque
2920 1163 2990 1217 ad
3021 1163 3264 1218 formam
3308 1164 3448 1219 servi
3495 1165 3760 1237 accipiens.

2181 1254 2315 1321 (Id.,
2351 1261 2506 1309 tract.
2538 1256 2573 1307 7
2605 1255 2665 1308 in
2692 1254 2898 1322 Evang.
2928 1269 3031 1308 sec.
3062 1254 3341 1318 Joannem,
3372 1255 3507 1308 tom.
3532 1254 3620 1319 III,
3642 1262 3764 1325 part.

2182 1360 2243 1409 11,
2273 1343 2381 1397 col.
2420 1343 2602 1414 1535.)

2251 1433 2377 1487 Νοιι
2424 1448 2559 1504 ergo
2608 1430 2928 1503 exinanivit
2970 1430 3243 1487 amittens
3289 1433 3440 1504 quod
3490 1439 3618 1501 erat,
3660 1441 3767 1505 etc.,

2180 1538 2350 1594 usque
2378 1521 2448 1575 ad
2477 1520 2744 1575 Christus
2775 1518 3004 1576 occisus
3031 1524 3138 1576 est.
3175 1521 3304 1591 (Id.,
3334 1529 3481 1578 tract.
3512 1525 3569 1577 in
3600 1527 3768 1596 Evang.

2179 1609 2475 1666 secundum
2503 1612 2786 1677 Joannem,
2818 1614 2960 1664 tom.
3003 1608 3099 1676 ΙΙΙ,
3130 1614 3281 1680 part.
3314 1627 3373 1678 11,
3422 1610 3525 1667 col.
3571 1614 3691 1669 1836
3728 1618 3773 1669 et

2180 1699 2328 1771 seq.)

422 1800 724 1856 veritatem
758 1812 873 1851 non
903 1793 1160 1859 veritate,
1181 1795 1315 1857 etc.,
1334 1807 1500 1862 usque
1521 1790 1591 1845 ad
1612 1790 1774 1862 prius
1805 1794 2067 1861 negetur.
2099 1815 2149 1883 Β
2251 1788 2521 1844 Christus
2553 1787 2653 1844 Dei
2682 1787 2865 1844 Filius
2893 1792 2986 1843 est
3015 1792 3073 1843 et
3103 1789 3257 1845 Deus
3284 1788 3613 1857 homo,etc.,
3638 1808 3776 1863 usque

425 1890 557 1959 (Id.,
590 1889 686 1943 lib.
713 1892 902 1941 contra
925 1883 1289 1946 Mendacium,
1321 1885 1462 1935 tom.
1495 1879 1587 1943 VI,
1621 1879 1729 1934 col.
1760 1878 1910 1949 527.)

499 1978 641 2033 Tres
671 1989 949 2048 personas
977 1971 1120 2026 dixit
1167 1969 1474 2036 Dominus,
1504 1972 1561 2023 et
1607 1968 1889 2023 debemus
1938 1967 2072 2023 illas

423 2065 775 2138 investigare
805 2063 863 2117 in
891 2059 1222 2133 Evangelio,
1257 2063 1389 2126 etc.,
1422 2074 1593 2130 usque
1619 2058 1689 2112 ad
1718 2058 1937 2112 bonum
1970 2074 2070 2129 pa-

425 2160 637 2211 ratum.
673 2154 983 2225 (Id.,serm.
1018 2152 1086 2204 49
1109 2148 1173 2205 de
1202 2150 1349 2205 verb.
1381 2149 1611 2217 Evang.,
1644 2151 1783 2202 tom.
1817 2146 1884 2214 V,
1920 2150 2069 2218 part.

421 2258 462 2314 1,
497 2243 604 2300 col.
635 2240 743 2297 756
772 2245 828 2297 et
859 2240 1007 2312 seq.)

496 2334 559 2389 In
594 2348 655 2388 se
685 2335 881 2388 autem
916 2345 1180 2384 reversus
1221 2328 1369 2383 dixit
1402 2344 1413 2382 :
1463 2327 1675 2393 Quanti
1729 2325 2072 2387 mercenarii

422 2423 607 2497 patris
637 2421 751 2477 mei
784 2419 1086 2476 abundant
1115 2418 1387 2490 panibus,
1421 2420 1553 2484 etc.,
1576 2432 1747 2488 usque
1773 2417 1844 2472 ad
1876 2432 2071 2488 perce-

422 2514 635 2586 perunt
665 2509 991 2566 mercedem
1023 2524 1212 2562 suam.
1250 2506 1487 2579 (Id.,lib.
1508 2510 1713 2576 Quaest.
1740 2507 1797 2560 in
1829 2508 2068 2577 Evang.,

422 2606 564 2658 tom.
600 2603 699 2666 III,
732 2601 879 2671 part.
913 2613 975 2667 11,
1010 2595 1117 2652 col.
1152 2596 1332 2667 1345.)

496 2690 647 2763 Quid
675 2690 823 2745 enim
864 2687 995 2742 dum
1040 2685 1365 2749 omnimodo,
1400 2688 1534 2752 etc.,
1579 2701 1766 2756 usque
1810 2685 1879 2739 ad
1928 2686 2073 2741 mori

424 2780 661 2834 lucrum.
689 2775 839 2831 Audi
865 2774 1066 2847 quales
1097 2778 1518 2829 commemorat
1546 2773 1858 2845 Apostolus
1892 2774 2071 2832 falsos

424 2869 792 2933 fratres,etc.,
824 2880 994 2936 usque
1041 2863 1110 2918 ad
1138 2862 1430 2918 homicida
1459 2865 1569 2918 est.
1602 2863 1733 2934 (Id.,
1758 2871 1913 2918 tract.
1946 2864 1982 2919 5
2012 2865 2072 2919 in

423 2957 631 3026 Evang.
665 2970 769 3011 see.
801 2955 984 3021 Joan.,
1017 2956 1160 3007 tom.
1193 2951 1292 3017 III,
1324 2955 1473 3024 part.
1509 2969 1572 3016 11,
1599 2951 1706 3007 col.
1746 2953 1928 3020 1424.)

494 3045 776 3101 Videmus
807 3042 1119 3111 istos,etc.,
1143 3057 1310 3112 usque
1338 3040 1409 3095 ad
1438 3040 1938 3111 dili‘ametur.(ld.,
1971 3042 2067 3097 lib.

424 3142 613 3192 contra
644 3133 830 3199 Petil.,
864 3135 1006 3186 tom.
1042 3130 1130 3197 IX,
1165 3129 1273 3184 col.
1307 3130 1456 3200 314.)

498 3222 646 3292 Quod
675 3222 725 3276 si
752 3222 950 3283 vivere,
983 3222 1116 3282 etc.,
1149 3234 1337 3289 usque
1385 3218 1456 3272 ad
1505 3218 1897 3274 collaborantes
1943 3221 2072 3291 fidei
2093 3185 2143 3255 (ἶ

426 3311 731 3380 Evangelii.
765 3306 909 3363 Cum
956 3305 1132 3361 verba
1178 3305 1415 3378 propria
1462 3306 1686 3360 faciunt
1730 3308 2070 3380 ambiguam

426 3400 941 3471 scripturam,etc.,
974 3411 1144 3466 usque
1170 3393 1241 3449 ad
1263 3393 1651 3449 necessariam
1684 3400 1919 3467 prepter
1946 3413 2068 3464 vos,

429 3490 561 3562 (Id.,
592 3489 688 3543 lib.
722 3504 783 3542 ιιι
815 3486 878 3542 de
906 3485 1171 3541 Doctrina
1197 3484 1536 3549 Christiana,
1569 3488 1710 3539 tom.
1745 3484 2004 3557 III,part.
2030 3504 2069 3555 1,

429 3578 537 3635 col.
571 3579 643 3633 65
668 3581 725 3633 et
753 3579 901 3646 seq.)
1046 3637 1059 3643 _

499 3668 629 3721 Haec
662 3665 817 3720 enim
851 3681 977 3736 qua:
1008 3678 1165 3717 nunc
1195 3660 1762 3734 agimus,etc.,usque
1780 3663 1849 3718 ad
1872 3665 2075 3735 justus

428 3759 485 3811 et
515 3755 628 3809 ﬁde
655 3753 814 3807 vivit.
847 3753 976 3824 (Id.,
1011 3752 1108 3805 lib.
1143 3750 1212 3806 ad
1240 3751 1391 3818 Jan.,
1424 3754 1565 3806 tom.
1598 3755 1669 3819 ll,
1704 3750 1815 3806 col.
1854 3754 2003 3819 216.)

501 3844 682 3899 Intret
712 3844 845 3897 ante
870 3844 1244 3913 conspectum
1268 3844 1436 3894 tuum
1459 3840 1712 3913 gemitus
1725 3842 2078 3913 compedito-

431 3949 583 3999 rum,
613 3935 746 3998 etc.,
778 3946 947 4001 usque
989 3930 1057 3984 ad
1105 3928 1358 4001 gemitus
1409 3945 1630 3986 eorum.
1664 3931 1796 4001 (Id.,
1827 3939 1980 3987 tract.
2016 3935 2077 3987 in

425 4022 567 4096 psal.
596 4036 817 4088 urxvm,
848 4022 991 4074 tom.
1025 4017 1119 4087 ιν,
1156 4018 1263 4074 col.
1290 4018 1471 4090 1019.)

500 4111 721 4182 Corpus
752 4112 1020 4164 nostrum
1053 4110 1466 4163 ornamentum
1497 4107 1668 4163 nobis
1698 4108 1965 4177 fuit,etc.,
1991 4127 2079 4167 us-

426 4218 530 4275 que
559 4200 629 4255 ad
659 4198 876 4271 quibus
908 4197 1288 4252 ministraret.
1324 4197 1434 4267 Id.,
1466 4204 1623 4253 tract.
1657 4199 1715 4252 in
1742 4199 1885 4270 psal.
1914 4216 2074 4267 chv,

428 4295 571 4347 tom.
605 4288 698 4355 IV,
732 4291 879 4359 part.
910 4304 972 4353 ιι,
1005 4286 1115 4343 col.
1150 4285 1330 4357 1896.)

498 4380 754 4447 Manere,
785 4374 998 4447 inquit,
1031 4376 1089 4429 in
1124 4391 1360 4429 carnem
1393 4375 1791 4430 necessarium
1843 4380 2079 4449 propter

427 4486 548 4524 vos.
582 4464 910 4538 Compellor
938 4467 1155 4528 autem,
1184 4467 1318 4528 etc.,
1359 4478 1527 4534 usque
1556 4463 1627 4518 ad
1645 4464 1849 4534 justus
1873 4466 2074 4535 judex.

2180 1877 2250 1932 ad
2278 1877 2561 1932 Dominus
2594 1880 2791 1933 noster
2820 1877 2989 1933 Jesus
3019 1876 3774 1948 Christus.(ld.,lib.Enel1ir.,

2182 1969 2322 2021 tom.
2357 1966 2451 2031 VI,
2484 1965 2591 2021 col.
2623 1966 2731 2021 249
2761 1970 2820 2021 et
2847 1966 2995 2038 seq.)

2251 2054 2397 2110 Nam
2428 2054 2477 2109 si
2508 2053 2929 2126 temporalibus
2961 2059 3020 2109 et
3036 2055 3572 2127 passibilibusDeus
3591 2057 3778 2123 tribuit,

2181 2149 2315 2211 etc.,
2346 2161 2515 2215 usque
2539 2144 2608 2199 ad
2647 2144 2802 2200 Deus
2833 2143 3118 2200 Christus.
3151 2145 3284 2217 (Id.,
3315 2146 3471 2217 epist.
3514 2146 3579 2201 ad
3618 2148 3779 2202 Maxi-

2178 2236 2339 2298 min.,
2375 2233 2672 2299 tom.VIlI,
2701 2232 2808 2288 col.
2840 2234 2947 2288 797
2979 2238 3037 2289 et
3066 2234 3215 2306 seq.)

2252 2323 2405 2379 Deus
2455 2339 2629 2394 quem
2679 2323 2900 2394 genuit,
2933 2327 3065 2390 etc.,
3098 2339 3273 2395 usque
3315 2325 3386 2379 ad
3417 2324 3668 2380 infirmus
3692 2327 3781 2379 est.

2179 2414 2263 2482 (S.
2295 2414 2565 2484 August,
2600 2412 2698 2467 lib.
2732 2412 2934 2479 Quaest.
2966 2412 3055 2479 83,
3094 2416 3237 2468 tom.
3271 2412 3366 2478 VI,
3400 2413 3504 2469 col.
3535 2414 3640 2485 31.)

2251 2501 2309 2557 Si
2342 2500 2532 2573 potuit
2561 2504 2618 2555 et
2643 2500 2851 2567 noluit,
2884 2500 3118 2556 invidus
3148 2506 3262 2557 est.
3311 2504 3391 2558 Ex
3438 2519 3550 2575 quo
3587 2499 3787 2557 conﬁci-

2179 2595 2297 2657 tur,
2328 2593 2647 2662 etc.,usque
2670 2590 2740 2644 ad
2771 2606 2887 2645 non
2918 2590 3326 2661 degenerando
3348 2591 3422 2647 ab
3448 2588 3789 2663 aequali.(ld.,

2179 2688 2335 2736 tract.
2372 2682 2431 2735 in
2474 2681 2616 2751 psal.
2652 2696 2839 2745 Lxxw,
2873 2684 3017 2734 tom.
3071 2683 3169 2745 IV,
3206 2685 3359 2753 part.
3394 2698 3431 2746 1,
3482 2680 3587 2736 col.
3617 2679 3713 2733 949
3749 2682 3794 2733 et

2178 2773 2330 2842 seq.)

2251 2860 2358 2923 Qui
2390 2875 2523 2914 cum
2555 2858 2613 2913 in
2650 2858 2837 2914 forma
2865 2857 2964 2913 Dei
2997 2862 3175 2925 esset,
3190 2863 3328 2927 etc.,
3362 2874 3528 2931 usque
3552 2858 3622 2914 ad
3644 2874 3675 2912 a
3700 2871 3795 2928 quo

2180 2949 2415 3022 genitus
2444 2952 2552 3004 est.
2584 2948 2715 3020 (Id.,
2736 2955 2894 3004 tract.
2921 2949 2979 3003 in
3006 2948 3148 3019 psal.
3173 2964 3367 3017 cxxv1,
3391 2952 3533 3004 tom.
3558 2946 3645 3017 ιν,
3666 2948 3794 3018 part.

2180 3057 2243 3106 ιι,
2275 3037 2383 3094 col.
2420 3037 2603 3109 1671.)

2254 3128 2322 3183 Et
2349 3126 2603 3182 haeretici
2633 3126 2872 3199 quidem
2904 3126 3110 3181 dicunt
3141 3127 3434 3183 minorem
3460 3126 3659 3182 Filium
3686 3137 3796 3179 esse

2181 3235 2359 3289 quam
2389 3217 2556 3272 Pater
2585 3220 2695 3284 est,
2723 3219 2858 3280 etc.,
2889 3232 3059 3288 usque
3103 3217 3174 3271 ad
3216 3233 3352 3273 esse
3381 3220 3659 3273 creatura.
3684 3212 3795 3285 (Id.,

2184 3307 2284 3363 lib.
2315 3306 2380 3362 de
2414 3307 2585 3371 Trin.,
2618 3309 2760 3362 tom.
2793 3304 2939 3371 VIII,
2975 3303 3085 3360 col.
3118 3305 3226 3360 829
3256 3310 3318 3362 et
3346 3309 3498 3378 seq)

2252 3398 2421 3453 Pater
2451 3411 2587 3468 ergo
2617 3399 2674 3449 et
2703 3393 2885 3450 Filius
2916 3411 3100 3449 unum
3132 3400 3297 3462 sunt,
3326 3391 3715 3467 etc.,usquead
3741 3392 3800 3444 de

2182 3485 2513 3541 substantia
2533 3485 2663 3555 ejus
2695 3483 2988 3539 dicuntur.
3018 3484 3153 3553 (Id.,
3173 3485 3279 3539 lib.
3310 3485 3377 3540 de
3411 3485 3582 3552 Trin.,
3608 3486 3645 3537 t.
3676 3478 3801 3546 VIII,

2183 3574 2292 3632 col.
2326 3575 2431 3628 926
2457 3576 2512 3629 et
2543 3576 2690 3645 seq.)

2253 3663 2499 3719 Cuinam
2531 3662 2686 3717 enim
2720 3661 2925 3734 rapina
2953 3665 3077 3717 erat
3104 3678 3236 3719 esse
3266 3662 3519 3736 aequalis
3547 3662 3676 3728 Deo,
3693 3661 3805 3722 etc.,

2180 3768 2350 3825 usque
2379 3752 2448 3807 ad
2483 3768 2589 3806 nos
2618 3750 2826 3807 divites
2857 3748 3012 3806 facit.
3047 3751 3178 3819 (Id.,
3212 3753 3398 3809 iiber
3433 3754 3583 3810 Verb.
3612 3746 3809 3823 apostol.

2183 3846 2326 3897 tom.
2360 3841 2426 3907 V,
2462 3843 2610 3912 part.
2644 3857 2684 3908 1,
2717 3839 2826 3895 col.
2866 3840 3000 3895 1213
3029 3844 3086 3896 et
3114 3840 3263 3913 seq.)

2257 3934 2318 3985 In
2353 3928 2634 4001 principio
2664 3932 2789 3984 erat
2815 3928 3168 3984 Verbum.Et
3198 3929 3333 3997 ideo
3360 3929 3423 3985 in
3446 3927 3722 4003 principio
3749 3924 3815 3979 fe-

2178 4019 2264 4075 cit
2293 4019 2449 4074 Deus
2479 4018 2691 4074 coelum
2721 4021 2779 4073 et
2807 4022 3043 4085 terram,
3072 4021 3208 4084 etc.,
3243 4036 3422 4093 usque
3469 4020 3542 4075 ad
3581 4018 3639 4073 in
3668 4027 3815 4071 carne

2183 4109 2431 4164 venisse.
2466 4108 2598 4177 (Id.,
2624 4124 2786 4163 serm.
2829 4107 2893 4163 de
2940 4107 3112 4179 ejusd.
3149 4117 3323 4180 apost.
3358 4109 3563 4177 verbis,
3596 4112 3730 4163 tom.
3756 4104 3815 4167 νο

2186 4202 2335 4270 part.
2373 4216 2412 4266 1,
2446 4195 2557 4253 col.
2588 4197 2741 4266 990.)

2258 4286 2398 4343 Vide
2431 4289 2688 4359 quantus
2736 4286 2926 4342 factus
2957 4284 3034 4341 sit
3064 4285 3359 4359 tantillus,
3395 4291 3535 4357 etc.,
3563 4300 3723 4358 usque
3763 4278 3823 4336 ad

2189 4376 2375 4432 factus
2407 4380 2498 4431 est
2540 4375 2735 4430 homo.
2770 4374 2901 4446 (Id.,
2932 4391 3094 4430 serm.
3128 4377 3189 4430 in
3239 4386 3359 4432 nat.
3394 4378 3578 4432 sancti
3616 4371 3824 4433 Joannis

2186 4466 2470 4536 Baptistae,
2500 4468 2644 4521 tom.
2676 4468 2745 4532 V,
2781 4467 2930 4535 part.
2964 4482 3001 4529 1,
3030 4463 3143 4519 col.
3178 4465 3368 4536 1321.)

430 4557 558 4629 (Id.,
585 4564 743 4611 tract.
778 4557 837 4610 in
867 4553 1003 4625 psal.
1036 4568 1195 4617 xcm,
1228 4554 1372 4605 tom.
1408 4550 1500 4617 IV,
1534 4556 1683 4622 part.
1716 4569 1778 4619 ιι,
1812 4553 2075 4609 οοΙ.1207
2108 4555 2151 4620 D
2252 4553 2425 4610 Venit
2471 4553 2685 4625 aliquis
2734 4558 2788 4609 et
2835 4552 3058 4625 accepit
3103 4546 3354 4624 aliquid,
3414 4559 3553 4623 etc.,
3586 4567 3746 4625 usque
3769 4546 3829 4603 ad

429 4649 486 4700 et
516 4645 662 4715 seq.)

500 4736 564 4789 Et
594 4735 653 4788 in
677 4735 832 4789 nullo
863 4734 1167 4798 terremini,
1202 4735 1333 4799 etc.,
1379 4747 1564 4802 usque
1615 4732 1685 4786 ad
1734 4732 1967 4788 audistis
2014 4734 2079 4790 de

429 4839 533 4878 me.
566 4820 765 4890 Vobis,
798 4821 1012 4892 inquit,
1047 4821 1328 4877 donatum
1383 4823 1472 4876 est
1510 4836 1614 4892 pro
1657 4820 1904 4890 Christo,
1939 4826 2074 4895 etc.,

432 4926 600 4982 usque
622 4909 691 4964 ad
722 4907 868 4963 dixit
898 4925 1024 4965 esse
1056 4909 1359 4963 donatum.
1395 4908 1700 4981 (Id.,lib.(le
1734 4910 1950 4967 Gratet
1978 4911 2072 4966 lib.

422 4998 648 5063 arbitr”
681 5001 824 5052 tom.
858 4996 923 5063 X,
957 5001 1106 5069 part.
1142 5015 1180 5065 1,
1217 4997 1327 5053 col.
1358 4998 1507 5069 897.)

500 5086 680 5142 Vobis
712 5087 992 5141 donatum
1025 5090 1112 5141 est
1142 5103 1247 5159 pro
1277 5086 1506 5143 Christo
1529 5105 1641 5141 non
1663 5087 1854 5143 solum
1878 5091 1941 5142 ut
1961 5104 2077 5144 cre-

430 5176 584 5233 datis
615 5175 673 5230 in
705 5192 861 5246 eum,
894 5179 1028 5243 etc.,
1072 5192 1239 5247 usque
1287 5176 1359 5231 ad
1407 5180 1471 5231 ut
1509 5180 1807 5248 pateretur
1852 5193 1954 5249 pro
1987 5194 2073 5233 eo.

431 5266 559 5335 (Id.,
611 5266 708 5320 lib.
759 5265 824 5321 de
874 5265 1053 5321 Prwd.
1101 5273 1294 5334 sanet,
1348 5270 1487 5321 tom.
1538 5265 1603 5334 X,
1659 5269 1809 5339 part.
1870 5283 1907 5333 1,
1965 5265 2074 5321 col.

429 5356 579 5425 962.)

1086 5443 1318 5500 CAPUT
1358 5443 1427 5497 II.

501 5532 566 5587 Si
594 5550 701 5605 qua
729 5551 853 5605 ergo
876 5534 1527 5602 consolatio,etc.,usque
1556 5531 1629 5586 ad
1663 5531 1718 5587 id
1750 5534 1925 5603 ipsum
1949 5551 2079 5589 sen-

434 5621 645 5677 tientes.
682 5624 745 5678 In
772 5622 882 5679 hoc
924 5620 1354 5695 cognoscimus,
1388 5620 1542 5676 sicut
1589 5620 1730 5676 dicit
1779 5623 2078 5693 apostolus

2180 4644 2343 4716 quod
2374 4642 2646 4698 ostendit.
2668 4642 2802 4712 (Id.,
2831 4659 2902 4698 ex
2927 4657 3090 4697 serm.
3115 4640 3178 4697 de
3208 4643 3392 4699 Paulo
3421 4643 3682 4717 apostolo,
3703 4644 3827 4694 tom.

2185 4736 2256 4801 V,
2289 4736 2437 4804 part.
2473 4749 2512 4799 1,
2545 4730 2653 4787 col.
2689 4732 2825 4786 1279
2855 4735 2912 4786 et
2942 4735 3089 4803 seq.)

2256 4821 2406 4877 Dicit
2434 4820 2709 4877 Joannes.
2744 4820 2999 4876 Verbum
3033 4836 3166 4876 caro
3197 4821 3427 4877 factum
3464 4825 3576 4890 est,
3610 4825 3668 4878 et
3692 4814 3834 4873 babi-

2180 4911 2328 4967 tavit
2356 4911 2415 4965 in
2447 4909 2637 4966 nobis.
2661 4908 2871 4965 Audite
2893 4910 3020 4981 jam
3050 4914 3378 4983 utrumque
3408 4911 3474 4967 in
3500 4910 3606 4968 illo
3624 4904 3837 4966 notissi-

2186 5017 2282 5055 mo
2312 4997 2591 5071 capitulo,
2611 5004 2745 5067 etc.,
2768 5014 2938 5070 usque
2966 4999 3036 5054 ad
3057 4999 3306 5055 formam
3338 5002 3502 5058 servi
3533 4998 3831 5071 accipiens.

2187 5089 2315 5161 (Id.,
2346 5106 2416 5143 ex
2457 5104 2701 5144 sermone
2742 5088 2807 5143 de
2852 5088 3029 5143 tribus
3069 5088 3266 5157 modis,
3310 5093 3465 5146 tom.
3502 5090 3575 5159 V,
3608 5089 3754 5162 part.
3783 5100 3835 5147 11,

2187 5177 2295 5233 col.
2327 5178 2508 5248 1095.)

2260 5266 2389 5338 Ipse
2421 5269 2510 5322 est
2538 5265 2806 5321 Christus
2838 5269 2894 5321 et
2923 5265 3105 5321 factor
3133 5270 3191 5321 et
3234 5267 3457 5323 factus.
3491 5266 3644 5322 Vide
3674 5264 3840 5320 facto-

2189 5370 2331 5410 rem.
2368 5359 2433 5409 In
2484 5354 2768 5427 principio
2818 5359 2941 5410 erat
2986 5354 3267 5423 Verbum,
3306 5359 3369 5411 et
3417 5357 3688 5412 Verbum
3731 5351 3843 5408 erat

2188 5445 2341 5517 apud
2398 5444 2607 5511 Deum,
2657 5448 2788 5511 etc.,
2834 5459 3004 5516 usque
3051 5444 3121 5499 ad
3178 5445 3310 5517 quis
3362 5443 3692 5501 cnam-abit.
3744 5438 3844 5507 Id.,

2184 5550 2347 5590 serm.
2380 5533 2445 5589 de
2472 5534 2649 5589 verbis
2678 5534 2985 5604 Evangelii,
3019 5537 3161 5590 tom.
3192 5534 3262 5601 V,
3294 5539 3456 5605 part.
3497 5553 3535 5602 1,
3573 5532 3686 5590 col.
3723 5525 3848 5586 1149

2188 5627 2244 5679 et
2272 5626 2420 5693 seq.)
