3914 6166
164 353 259 418 385

902 340 1311 411 EXPOSITIO
1354 348 1432 410 IN
1478 347 1648 410 EPP.
1690 347 2041 415 PAULL—
2069 348 2188 411 EP.
2222 351 2327 411 AD
2373 348 2712 414 PHILIPP.

3392 351 3513 415 386

219 486 497 556 Assumpla
525 485 716 537 autem
752 497 927 537 carne
948 498 1065 553 qua
1084 481 1276 537 factus
1296 484 1384 537 est
1409 481 1584 538 homo
1606 481 1760 537 sicut
1785 483 1842 550 Α
1940 482 2095 537 Deus
2141 486 2229 538 est
2259 481 2414 539 enim
2448 484 2548 555 qui
2580 486 2854 555 operatur
2884 482 2941 539 in
2986 483 3149 541 vobis
3196 487 3252 539 et
3289 483 3429 539 velle
3462 490 3519 541 et

161 573 397 649 aqualem
426 587 484 627 se
512 570 686 637 novit,
717 574 851 639 etc.,
904 587 1072 642 usque
1119 571 1189 626 ad
1234 572 1421 643 major
1447 575 1537 627 est
1569 571 1754 626 Pater.

161 667 266 737 (ld.,
294 664 377 718 lib.
406 677 423 714 1
450 668 615 716 contr.
645 658 1032 727 Maximinum,
1065 663 1205 715 tom.
1238 659 1387 727 VIII,
1431 658 1539 716 col.
1571 659 1720 731 747.)

216 752 265 808 Si
290 751 429 806 enim
459 748 749 804 conﬁteris
782 748 882 804 Dei
906 749 1317 817 formam,etc.,
1340 766 1509 821 usque
1536 749 1606 805 ad
1630 764 1758 804 esse

160 858 252 897 non
276 837 444 911 potuit
489 836 814 909 intequalis.
851 838 982 910 (Id.,
1015 837 1177 903 ibid,
1209 836 1318 893 col.
1351 839 1457 894 747
1490 842 1546 893 et
1575 840 1723 909 seq.)

217 928 468 997 Quoniam
498 943 634 983 cum
663 926 724 982 in
747 927 934 984 forma
966 926 1062 982 Dei
1092 930 1267 993 esset,
1301 937 1430 982 non‘
1467 927 1758 999 rapinam,

160 1025 267 1085 etc.,
292 1032 444 1088 usque
490 1015 559 1069 ad
616 1015 856 1071 omnino
900 1016 1236 1087 procedere.
1290 1016 1427 1086 (Id.,
1483 1032 1647 1071 serm.
1699 1015 1764 1070 de

159 1107 488 1179 disceptatione
532 1112 724 1160 contra
769 1106 1137 1176 Pascentium,
1188 1108 1330 1161 tom.
1365 1109 1437 1173 II,
1482 1104 1589 1161 col.
1626 1105 1765 1160 1042

159 1201 201 1251 et
222 1212 329 1266 seq.

212 1283 442 1350 Quicum
472 1281 529 1338 in
565 1281 752 1338 forma
781 1282 880 1337 Dei
912 1286 1087 1351 esset,
1122 1286 1254 1350 etc.,
1290 1298 1458 1354 usque
1485 1283 1555 1337 ad
1580 1286 1766 1339 muta-

158 1379 251 1429 tam
278 1371 646 1428 divinitatem.
683 1372 814 1441 (Id.,
847 1371 1018 1429 libate
1046 1370 1236 1427 Gratia
1260 1372 1395 1427 Novi
1417 1373 1759 1439 Testamcnti,

156 1467 270 1518 tom.
300 1461 362 1528 ΙΙ,
390 1460 497 1516 col.
530 1462 683 1533 543.)

208 1552 256 1607 I~n
280 1549 711 1616 similitudinem,
743 1554 879 1616 etc.,
911 1566 1099 1623 usque
1133 1549 1204 1604 ad
1238 1557 1297 1605 ut
1326 1548 1766 1605 homo.Habitus

162 1641 209 1695 in
233 1657 289 1694 ea
315 1656 369 1694 re
393 1638 611 1694 dicitur
640 1655 766 1710 qum
796 1639 968 1695 nobis
1001 1642 1065 1695 ut
1093 1638 1380 1693 habeatur
1399 1637 1765 1707 accidit,ctc.,

157 1745 296 1800 usque
336 1728 402 1782 ad
439 1726 733 1783 diceretur
762 1726 863 1783 illa
891 1727 1208 1801 susceptio.
1243 1728 1375 1799 (Id.,
1408 1728 1503 1781 lib.
1540 1728 1765 1794 Quaest,

160 1821 272 1872 tom.
300 1816 387 1883 Vl,
418 1815 532 1872 col.
565 1817 636 1870 84
664 1820 722 1871 et
751 1820 904 1888 seq.)

205 1907 526 1975 Ilumiliavit,
553 1909 687 1973 etc.,
719 1921 909 1976 usque
966 1906 1037 1960 ad
1085 1914 1314 1961 mortem
1350 1912 1534 1961 autem
1562 1906 1764 1961 crucis.

152 1995 352 2062 Discite,
382 1994 598 2066 inquit,
632 2010 668 2049 a
697 1994 962 2050 me.Cum
994 2010 1183 2050 essem
1215 1994 1273 2048 in
1305 1993 1593 2066 principio
1614 1993 1768 2050 Deus

153 2084 273 2156 apud
302 2082 699 2151 Deum,creavi
728 2086 992 2154 vos,otc.,
1025 2099 1195 2155 usque
1215 2082 1286 2138 ad
1306 2086 1363 2138 et
1382 2099 1485 2155 ego
1510 2081 1766 2137 reﬁciam

151 2189 245 2228 vos.
271 2172 389 2244 (Id.,
419 2189 588 2229 δον-γη.
620 2188 697 2227 xn
727 2171 793 2227 de
841 2171 1023 2228 Verbis
1069 2173 1458 2243 apostolorum,
1510 2175 1652 2226 tom.
1698 2170 1766 2237 V,

152 2265 272 2332 part.
302 2278 338 2327 1,
368 2260 475 2316 col.
518 2262 666 2332 898.)

205 2348 526 2421 Intelligens
574 2366 711 2422 ergo
743 2348 912 2405 Pater
941 2336 1306 2415 effusionem,
1338 2353 1473 2417 etc.,
1502 2364 1673 2420 usque
1701 2347 1771 2402 ad

152 2437 197 2492 in
222 2437 473 2493 cordibus
519 2439 734 2494 nostris
764 2437 1129 2494 charitatem.
1163 2439 1478 2507 (Id.,serm.
1513 2440 1574 2493 in
1593 2438 1773 2492 natali

152 2531 296 2583 sancti
320 2529 630 2593 Laurentii,
663 2531 806 2582 tom.
838 2527 909 2595 V,
944 2534 1094 2600 part.
1130 2546 1165 2594 1,
1200 2527 1308 2583 col.
1343 2528 1522 2592 1396.)

205 2617 414 2673 Creator
462 2616 733 2672 hominis
781 2615 956 2671 homo
1005 2633 1132 2672 esse
1180 2617 1457 2689 dignatus
1496 2619 1604 2683 est,
1637 2619 1769 2682 etc.,

151 2722 290 2778 usque
314 2706 381 2761 ad
409 2705 458 2762 si
524 2705 983 2777 cruciﬁgeretur.
1017 2706 1148 2775 (Id.,
1183 2714 1342 2762 tract.
1374 2706 1445 2761 36
1477 2706 1537 2760 in
1564 2706 1771 2772 Evang.

152 2796 407 2850 secundum
450 2796 743 2861 Joannem,
799 2797 942 2849 tom.
988 2798 1089 2861 III,
1123 2798 1273 2866 part.
1307 2811 1366 2863 11,
1404 2792 1513 2850 col.
1550 2794 1688 2848 1664
1717 2796 1776 2847 et

153 2885 274 2956 seq.)

204 2978 410 3045 PrOpter
434 2972 586 3047 quod
612 2980 667 3028 et
713 2973 872 3040 Deus,
901 2974 1035 3041 etc.,
1067 2986 1257 3043 usque
1298 2971 1368 3026 ad
1403 2971 1464 3025 in
1492 2970 1673 3041 gloria
1701 2978 1780 3026 est

148 3062 226 3117 Dei
249 3066 438 3118 Patris.
472 3063 547 3117 In
581 3060 856 3133 passione
885 3060 1075 3132 magis
1105 3060 1234 3131 ejus
1264 3057 1566 3115 humilitas
1598 3075 1776 3130 quam

149 3149 347 3207 claritas
365 3151 846 3216 commendatur,
876 3154 1009 3217 etc.,
1041 3164 1213 3220 usque
1233 3148 1304 3203 ad
1330 3148 1455 3203 sine
1486 3148 1600 3203 {ine
1630 3164 1778 3203 sem-

1867 570 2095 643 operari
2121 589 2224 644 pro
2256 571 2408 627 bona
2435 570 2754 639 voluntate,
2785 576 2916 640 etc.,
2942 589 3110 643 usque
3139 572 3208 629 ad
3228 572 3399 629 detur
3431 578 3512 627 to-

1866 662 1993 714 tum
2025 660 2160 716 Deo.
2196 660 2327 729 (Id.,
2363 661 2462 716 lib.
2496 661 2560 716 de
2592 666 2737 717 Bono
2762 663 2999 731 Perseu,
3032 666 3173 718 tom.
3208 660 3273 727 Χ,
3299 667 3517 735 partm,

1868 748 1976 804 col.
2015 748 2195 821 1013.)

1940 836 2245 908 Proprium
2297 837 2511 910 quippe
2543 838 2877 905 arbitrium,
2908 844 3041 904 etc.,
3076 856 3245 911 usque
3292 840 3373 896 ad
3404 857 3523 895 ma-

1868 924 2237 999 gnitudinem
2270 926 2658 983 continentiae.
2695 927 2999 999 (Id.,epist.
3033 926 3102 983 ad
3129 929 3265 997 Jul.,
3299 933 3442 984 tom.
3477 929 3525 984 ΙΙ

1871 1012 1980 1069 col.
2014 1015 2113 1068 851
2141 1018 2197 1069 et
2226 1018 2376 1086 seq.)

1943 1104 2242 1168 Quomodo
2275 1103 2419 1158 dicis
2443 1105 2598 1175 quod
2623 1105 2795 1160 audio
2821 1104 3011 1160 dicere
3040 1109 3139 1160 :ut
3161 1110 3313 1161 recte
3335 1106 3529 1165 creda-

1876 1208 2011 1247 mus
2041 1191 2099 1246 in
2129 1192 2336 1259 Deum,
2370 1198 2504 1259 etc.,
2536 1210 2705 1265 usque
2734 1195 2803 1249 ad
2844 1193 2998 1249 viam
3030 1194 3159 1266 ejus
3186 1193 3358 1249 volet.
3396 1193 3524 1262 (Id.,

1875 1282 1970 1337 lib.
2004 1281 2069 1336 de
2104 1285 2252 1337 Bono
2283 1287 2527 1348 Perseu,
2562 1286 2703 1338 tom.
2735 1282 2801 1353 X,
2853 1286 3002 1355 part.
3051 1299 3111 1350 ιι,
3160 1280 3268 1337 col.
3306 1282 3445 1337 10l2
3473 1284 3530 1337 et

1876 1370 2027 1441 seq.)

1949 1458 2145 1513 Omnia
2173 1466 2355 1514 autem
2381 1461 2570 1531 facile,
2601 1464 2734 1526 etc.,
2769 1476 2957 1531 usque
2997 1459 3068 1514 ad
3097 1466 3148 1515 et
3181 1460 3528 1531 congratula-

1874 1548 2018 1602 miui
2041 1549 2197 1603 mihi.
2236 1546 2571 1603 Similitudo
2620 1548 2691 1603 de
2737 1547 3132 1603 luminaribus
3173 1547 3309 1603 data
3338 1552 3426 1603 est
3457 1548 3529 1605 ad

1877 1640 2132 1703 sanctos,
2166 1640 2391 1705 ut,etc.,
2442 1654 2611 1709 usque
2661 1636 2731 1692 ad
2762 1654 2865 1708 per
2906 1637 3155 1709 ﬁguram
3187 1634 3333 1691 liber
3360 1636 3526 1709 legis.

1880 1725 2011 1794 (Id.,
2045 1732 2200 1781 tract.
2231 1727 2289 1780 in
2314 1726 2458 1797 psal.
2493 1743 2647 1793 xcm,
2682 1730 2824 1782 tom.
2860 1723 2952 1795 ιν,
2986 1729 3136 1798 part.
3171 1742 3232 1795 11,
3264 1724 3371 1780 col.
3393 1725 3531 1781 1193

1878 1818 1935 1871 ct
1962 1810 2111 1885 Seq.)

1946 1903 2053 1967 Qui
2086 1907 2356 1959 numerat
2388 1903 2828 1959 multitudinem
2854 1902 3178 1970 stellarum,
3204 1907 3337 1969 etc.,
3358 1918 3532 1976 usque

1877 1994 1962 2049 ad
1983 1992 2109 2063 jam
2167 1996 2434 2047 numerat
2482 1993 2657 2048 Deus.
2693 1993 2822 2063 (Id.,
2857 1998 3011 2048 tract.
3044 1993 3105 2045 in
3151 1991 3294 2062 psal.
3345 2007 3527 2058 CXLVI,

1876 2085 2018 2136 tom.
2047 2080 2139 2149 IV,
2174 2084 2321 2153 part.
2356 2098 2418 2146 11,
2448 2081 2553 2136 col.
2591 2082 2771 2151 1904.)

1949 2170 2111 2224 Sicut
2142 2168 2341 2225 stellas
2372 2168 2499 2224 oculi
2533 2186 2647 2224 non
2679 2167 3001 2239 exstinguit
3034 2185 3166 2236 nox,
3197 2172 3331 2235 etc.,
3360 2184 3531 2239 usque

1878 2259 1963 2314 ad
1992 2257 2292 2313 mundana
2312 2256 2613 2330 iniquitas.
2652 2257 2781 2330 (Id.,
2815 2257 2910 2312 lib.
2944 2258 3092 2313 Sent.
3130 2261 3345 2328 Prosp.,
3382 2260 3524 2311 tom.

1878 2346 1943 2414 X,
1978 2350 2128 2418 part.
2162 2362 2224 2414 11,
2258 2345 2366 2402 col.
2402 2346 2584 2418 1869.)

1949 2436 2113 2508 Spero
2168 2443 2352 2491 autem
2408 2437 2469 2491 in
2524 2437 2780 2503 Domino,
2842 2438 2975 2504 etc.,
3038 2450 3223 2507 usque
3280 2434 3349 2489 ad
3398 2450 3529 2503 erga

1878 2542 2061 2581 meum
2106 2525 2440 2597 obsequium.
2477 2525 2631 2580 Inter
2685 2523 3075 2580 mercenarios
3123 2527 3322 2595 pastor
3369 2522 3529 2596 inge-

1881 2613 2051 2681 muit,
2074 2617 2218 2677 etc.,
2251 2629 2424 2687 usque
2456 2613 2542 2670 ad
2572 2613 2722 2669 inter
2768 2612 3162 2669 mercenarios
3212 2628 3531 2667 remanere.

1881 2703 2012 2773 (Id.,
2045 2710 2203 2759 tract.
2252 2704 2312 2757 in
2358 2704 2563 2772 Evang.
2595 2718 2699 2758 sec.
2748 2705 2938 2770 Jama,
2972 2707 3115 2757 tom.
3159 2701 3254 2769 ΙΙΙ,
3290 2706 3437 2774 part.
3473 2718 3532 2768 ιι,

1882 2790 1991 2848 col.
2028 2791 2207 2863 1739.)

2522 2878 2753 2934 CAPUT
2794 2879 2890 2934 III.

1955 2973 2033 3025 De
2061 2975 2272 3033 caetero,
2301 2970 2518 3038 fratres,
2552 2971 2687 3037 etc.,
2719 2982 2906 3038 usque
2937 2966 3009 3021 ad
3040 2966 3192 3021 vobis
3222 2972 3407 3020 autem
3436 2981 3530 3020 ne-

1883 3057 2198 3111 cessarium.
2234 3054 2458 3109 Dixisse
2509 3053 2747 3125 quidem
2802 3051 3145 3125 Apostolum
3197 3051 3420 3106 scimus
3462 3051 3535 3107 ad

1885 3143 2288 3217 Philippenses
2321 3160 2334 3199 :
2362 3143 2595 3211 Eadem,
2645 3146 2778 3212 etc.,
2830 3158 3003 3215 usque
3050 3142 3137 3197 ad
3167 3139 3313 3195 mihi
3363 3138 3535 3195 mole-

148 3254 231 3310 per
256 3244 337 3296 est
362 3240 629 3297 claritas.
662 3239 797 3311 (Id.,
827 3247 989 3295 tract.
1024 3239 1126 3293 104
1157 3239 1219 3293 in
1240 3238 1445 3307 Evang.
1477 3252 1581 3293 sec.
1603 3238 1772 3293 Joan-
1805 3220 1848 3288 C
1888 3238 2016 3289 stus
2046 3233 2141 3288 sit.
2168 3233 2249 3305 (S.
2280 3233 2426 3304 Aug.
2471 3232 2545 3286 lib
2575 3231 2640 3287 de
2673 3231 2849 3286 Prwd.
2882 3237 3078 3299 sanct.,
3112 3233 3253 3285 tom.
3286 3228 3351 3297 X,
3386 3232 3532 3302 part.

150 3333 406 3397 nem,tom.
439 3327 549 3396 ΙΙΙ,
582 3332 733 3399 part.
767 3344 827 3395 ιι,
857 3326 967 3382 col.
1003 3327 1188 3396 1903.)

203 3415 423 3490 Propter
452 3417 621 3490 quod
652 3416 808 3472 Deus
838 3432 973 3472 eum
1015 3414 1310 3480 exaltavit,
1341 3418 1475 3482 etc.,
1510 3430 1681 3487 usque
1709 3413 1780 3468 ad

148 3502 298 3561 Filius
334 3506 687 3581 unigenitus
734 3504 857 3561 Dei.
908 3504 1041 3574 (Id.,
1089 3505 1187 3559 lib.
1235 3511 1408 3559 contr.
1464 3504 1774 3571 Maximum

148 3596 264 3650 tom.
292 3595 432 3664 VIII,
469 3595 590 3651 col.
619 3594 777 3664 759.)

203 3684 465 3743 Novimus
487 3685 799 3740 Christum
819 3685 1021 3740 sedere
1032 3682 1105 3739 ad
1118 3683 1416 3741 dexteram
1438 3682 1624 3739 Patris
1646 3686 1779 3754 post

149 3776 614 3831 resurrectionem
644 3791 680 3830 a
710 3773 980 3839 mortuis,
1012 3776 1144 3840 etc.,
1167 3789 1338 3845 usque
1357 3773 1427 3828 ad
1458 3771 1777 3829 soabellum

149 3863 331 3933 pedum
358 3869 629 3921 tuorum.
664 3862 794 3934 (Id.,
842 3868 1003 3917 tract.
1050 3863 1107 3916 in
1152 3862 1297 3931 psal.
1349 3878 1460 3928 cxx,
1505 3864 1647 3916 tom.
1680 3857 1774 3927 IV,

151 3957 273 4020 part.
304 3969 363 4021 11,
396 3952 510 4010 col.
546 3953 689 4008 1450
717 3955 775 4006 et
805 3951 953 4023 seq.)

206 4039 393 4098 Dicitis
424 4059 531 4098 vos
564 4040 864 4096 Christum
897 4039 1107 4107 colere,
1139 4042 1450 4110 etc.,usque
1480 4037 1549 4093 ad
1570 4038 1640 4092 de
1662 4037 1777 4093 Deo

150 4132 293 4184 natus
318 4129 588 4204 aequalis.
611 4128 739 4199 (Id.,
774 4128 870 4184 lib.
903 4145 942 4184 ιι
964 4136 1140 4185 contr.
1154 4125 1775 4195 Maximiu.,tom.VllI,

147 4218 234 4273 col.
261 4222 407 4285 759.)

202 4309 347 4372 Quod
379 4310 530 4366 dicit
572 4309 754 4366 Jacob
798 4308 867 4364 ad
899 4308 1115 4381 Joseph
1150 4308 1305 4380 quod
1338 4310 1428 4364 est
1457 4305 1776 4377 somnium,

138 4399 250 4464 etc.,
277 4414 444 4471 usque
484 4398 559 4455 ad
591 4400 649 4454 et
679 4397 1063 4453 infernornm.
1095 4396 1231 4465 (Id.,
1264 4396 1359 4452 lib.
1400 4399 1610 4465 Quéest.
1646 4394 1774 4450 Gen.

141 4486 206 4540 tit.
236 4503 423 4555 cum,
456 4492 503 4542 t.
537 4486 642 4552 ΙΙΙ,
676 4489 827 4558 part.
854 4502 896 4554 1,
930 4484 1039 4540 col.
1066 4484 1169 4540 581
1208 4487 1265 4540 et
1294 4492 1443 4555 seq.)

1888 3341 1927 3389 1,
1959 3321 2069 3378 col.
2098 3322 2204 3377 959
2234 3326 2292 3377 et
2321 3320 2465 3392 seq.)

1960 3411 2137 3468 Videte
2164 3426 2325 3466 canes
2357 3429 2376 3466 :
2405 3409 2579 3465 videte
2625 3410 2800 3465 malos
2847 3410 3122 3481 operarios
3153 3427 3172 3463 :
3203 3408 3377 3464 videte
3408 3423 3539 3463 con-

1886 3503 2166 3556 cisionem.
2200 3500 2385 3556 Canes
2413 3497 2726 3571 appellavit
2757 3515 2871 3553 non
2904 3498 3147 3565 ratione,
3166 3497 3263 3553 sed
3302 3513 3540 3554 consuc-

1887 3590 2110 3658 tudine,
2145 3594 2278 3657 etc.,
2312 3605 2487 3662 usque
2506 3589 2593 3645 ad
2624 3586 3035 3644 innocentibus
3055 3585 3379 3641 irritentur.
3404 3585 3534 3653 (Id.,

1889 3680 1986 3733 lib.
2015 3678 2079 3735 de
2111 3678 2259 3735 Grat.
2291 3681 2429 3734 Nov.
2467 3680 2691 3733 Testem.
2725 3680 2867 3732 tom.
2900 3676 2972 3744 ΙΙ,
3006 3675 3115 3731 col.
3147 3674 3298 3747 555.)

1956 3768 2061 3825 Nos
2092 3770 2241 3823 enim
2267 3784 2455 3822 sumus
2481 3767 2844 3833 circumcisio,
2885 3766 2983 3837 qui
3022 3766 3226 3836 spiritu
3272 3757 3538 3820 servimus

1885 3859 2011 3913 Deo.
2048 3857 2297 3912 Maxime
2343 3855 2403 3910 in
2434 3855 2535 3911 illo
2566 3854 2689 3911 loco
2720 3855 2861 3911 satis
2892 3852 3071 3909 claret
3103 3853 3257 3926 quod
3286 3852 3538 3925 Spiritus

1887 3950 2130 4003 sanctus
2163 3963 2279 4005 non
2310 3946 2386 4001 sit
2412 3949 2697 4015 creatura,
2729 3949 2863 4011 etc.,
2884 3960 3062 4017 usque
3100 3944 3180 3998 ad
3212 3942 3269 3996 in
3301 3957 3538 4012 corpore

1886 4040 2097 4093 vestro.
2152 4036 2284 4107 (Id.,
2338 4035 2435 4089 lib.
2484 4033 2549 4089 de
2597 4035 2743 4089 Trin.
2796 4036 2938 4088 tom.
2986 4031 3133 4098 VIII,
3186 4030 3292 4086 col.
3348 4032 3453 4084 827
3482 4034 3541 4084 et

1888 4126 2033 4198 seq.)

1955 4212 2220 4269 Audistis
2249 4212 2539 4268 dicentem
2569 4209 2911 4282 Apostolum
2943 4206 3209 4262 Paulum.
3231 4206 3348 4261 Nos
3377 4204 3534 4261 enim

1888 4319 2096 4358 sumus
2126 4300 2513 4367 circumcisio,
2541 4299 2640 4372 qui
2673 4297 2907 4371 spiritui
2940 4295 3040 4351 Dei
3064 4294 3371 4358 servimus,
3399 4296 3535 4360 etc.,

1881 4407 2058 4463 usque
2088 4391 2169 4447 ad
2189 4406 2367 4462 quam
2398 4406 2601 4444 cursor
2621 4391 2827 4460 praeter
2846 4386 3019 4443 viam.
3053 4384 3181 4453 (Id.,
3215 4380 3446 4439 serm.de
3463 4380 3531 4443 ed

1889 4482 2033 4547 lect.,
2068 4484 2208 4537 tom.
2243 4479 2322 4548 ν,
2345 4482 2494 4552 part.
2529 4496 2570 4544 1,
2602 4476 2710 4533 col.
2744 4476 2848 4531 915
2879 4476 2947 4531 ad
2980 4474 3130 4543 920.)

193 4578 366 4649 Itaque
392 4577 721 4633 charissimi
746 4576 878 4643 mei,
909 4582 1033 4639 etc.,
1066 4589 1255 4645 usque
1284 4573 1355 4629 ad
1382 4588 1484 4644 pro
1517 4573 1656 4629 bona
1681 4587 1779 4626 υο-
1810 4592 1855 4657 Β
1960 4570 2326 4626 Circumcisus
2356 4576 2543 4624 octava
2572 4567 2678 4624 die.
2711 4566 2773 4620 In
2819 4563 3112 4619 veteribus
3152 4559 3537 4618 sacramentis

138 4648 597 4731 laniateQuando
619 4664 793 4735 jubet
822 4665 1555 4734 utoperentur,etc.,usque
1580 4661 1650 4717 ad
1671 4660 1772 4732 qui
1810 4648 1849 4657 ”
1886 4658 2253 4714 circumcisio
2286 4656 2684 4730 parvulorum,
2716 4658 2850 4721 etc.,
2883 4667 3059 4723 usque
3087 4650 3175 4706 ad
3203 4653 3335 4722 post
3359 4648 3536 4721 septi-

136 4759 385 4823 operatur
434 4754 497 4810 in
548 4752 733 4808 vobis.
769 4752 897 4823 (Id.,
948 4751 1046 4807 lib.
1079 4750 1144 4806 de
1191 4750 1339 4807 Grat.
1385 4758 1436 4805 et
1485 4749 1580 4805 lib.
1629 4749 1772 4814 arb.,

136 4842 255 4896 tom.
286 4843 349 4907 X,
378 4847 537 4915 part.
571 4858 611 4911 1,
645 4840 756 4897 col.
789 4840 937 4912 ι94.)

196 4930 333 4987 Audi
366 4948 575 4988 vocem
606 4929 888 5003 Apostoli.
923 4929 1070 4985 Cum
1114 4930 1345 4997 timore,
1398 4927 1609 5000 inquit,
1641 4931 1776 4993 etc.,

141 5032 289 5090 usque
326 5021 401 5076 ad
431 5020 741 5077 auferatur
768 5018 1040 5090 superbo.
1076 5018 1371 5091 (Id.,tract.
1405 5018 1466 5073 in
1492 5018 1632 5089 psal.
1653 5034 1774 5085 va,

143 5109 265 5163 tom.
298 5109 395 5180 IV,
429 5114 586 5183 part.
616 5126 657 5177 1,
691 5107 800 5164 col.
828 5106 983 5179 789.)

198 5196 403 5253 Mirum
434 5200 534 5254 est
561 5200 757 5254 autem
791 5196 945 5269 quod
975 5194 1284 5268 prisdieato
1333 5193 1560 5250 Christo
1601 5193 1780 5250 cruci-

141 5282 257 5356 lixo,
286 5290 426 5355 etc.,
477 5302 649 5359 usque
694 5287 765 5342 ad
812 5302 885 5341 ne
913 5284 1171 5341 sicceris.
1204 5281 1335 5353 (Id.,
1374 5300 1540 5340 serm.
1574 5284 1638 5340 de
1667 5300 1777 5340 ver.

139 5374 321 5447 Evmg.
353 5381 509 5432 tom.
535 5374 602 5445 V,
635 5379 785 5448 part.
816 5392 856 5443 1,
891 5372 1000 5431 col.
1031 5375 1186 5443 730.)

192 5463 298 5518 Nec
327 5465 403 5521 de
435 5464 570 5537 ipsa
598 5463 1033 5537 perseverantia
1056 5461 1193 5519 boni
1236 5461 1417 5519 voluit
1440 5462 1593 5518 Deus
1617 5477 1782 5517 sane-

136 5553 234 5618 tos,
256 5558 394 5622 etc.,
419 5570 597 5626 usque
626 5554 696 5610 ad
726 5555 784 5610 in
813 5552 1063 5610 Domino
1084 5551 1385 5625 glorietur.
1421 5552 1552 5624 (Id.,
1586 5552 1683 5607 lib.
1718 5549 1783 5605 de

139 5638 329 5701 Cor.“
355 5649 694 5719 graA,tom.
726 5645 793 5715 X,
823 5648 977 5719 part.
1010 5662 1050 5717 1,
1081 5640 1190 5705 col.
1221 5642 1329 5700 925
1356 5645 1414 5699 et
1453 5638 1601 5716 seq.)

1885 4764 2050 4803 mum
2082 4751 2319 4803 octavus
2346 4750 2451 4801 est.
2486 4745 2616 4817 (Id.,
2652 4743 2807 4815 epist.
2835 4741 2905 4797 ad
2943 4741 3129 4798 Hilar.
3172 4755 3345 4804 mam,
3390 4742 3536 4813 tom.

1886 4841 1961 4904 II,
1994 4836 2102 4892 col.
2133 4838 2284 4904 680.)
2696 4836 2706 4847 '

1959 4926 2073 4981 Nec
2104 4928 2333 4980 moveat
2360 4923 2515 4994 quod
2542 4921 2622 4978 ait
2652 4922 2977 4979 secundum
2995 4918 3293 4993 justitiam
3318 4935 3445 4988 quae
3478 4916 3537 4970 in
3618 4974 3625 4977 _

1890 5014 2015 5089 lege
2045 5018 2155 5081 est,
2173 5019 2484 5086 etc.,usque
2501 5012 2583 5068 ad
2599 5012 2924 5067 secundum
2950 5028 3114 5083 spem
3140 5007 3266 5065 vitae
3288 5012 3536 5065 mterme.

1889 5104 2020 5173 (Id.,
2050 5105 2149 5159 lib.
2179 5102 2249 5159 ad
2280 5103 2651 5173 Boni/"nciam,
2676 5118 2805 5172 pap.
2845 5100 2994 5167 Urb.,
3027 5103 3170 5155 tom.
3205 5098 3270 5170 X,
3314 5099 3461 5168 part.
3497 5111 3535 5163 1,

1890 5192 1999 5248 col.
2030 5193 2180 5263 558.)

1959 5284 2191 5352 Propter
2218 5298 2375 5353 quem
2405 5282 2943 5353 mania,etc.,usque
2974 5279 3057 5335 ad
3068 5277 3295 5351 justitia
3322 5276 3379 5329 in
3409 5269 3534 5344 fide.

1890 5371 2008 5427 Hoc
2036 5388 2172 5444 ergo
2203 5371 2542 5428 Judaeorum
2573 5370 2789 5427 Paulus
2819 5370 3189 5428 destruxerat
3219 5362 3373 5437 quod
3414 5377 3538 5416 ma-

1889 5459 2014 5515 lum
2043 5460 2360 5530 habebant,
2393 5465 2526 5528 etc.,
2559 5477 2730 5532 usque
2759 5459 2827 5515 ad
2859 5459 3014 5531 quod
3048 5457 3106 5511 in
3138 5455 3303 5509 Petro
3344 5466 3539 5524 repre-

1889 5548 2195 5622 henderat,
2228 5551 2356 5623 (Id.,
2388 5552 2544 5623 epist.
2580 5551 2651 5606 ad
2683 5553 2864 5616 Hier.,
2896 5552 3040 5603 tom.
3072 5544 3143 5607 Il,
3166 5541 3273 5598 col.
3302 5542 3449 5611 156.)

1962 5638 2108 5709 Quid
2140 5644 2247 5698 est.
2280 5640 2408 5700 Non
2456 5641 2681 5698 habens
2723 5654 2913 5696 meam
2955 5632 3271 5709 justitiam,
3313 5648 3440 5708 quae
3470 5646 3539 5690 ex

3472 6008 3658 6128 ,-
