3964 6168
397 298 515 357 399

1597 299 1825 360 FLORI
1872 297 2184 391 DIACQNI
2229 295 2612 364 MONACHI.

3634 304 3733 367 400

397 398 651 501 ritatem,
683 434 816 502 etc.,
850 448 1018 507 usque
1043 432 1114 488 ad
1153 436 1387 504 superet
1431 429 1592 488 nulla
1620 431 1747 487 erit.
1780 432 1913 501 (Id.,
1941 433 2037 487 lib.
2070 432 2125 498 Α
2155 429 2388 486 virtutis
2435 434 2546 484 tua;
2603 428 2831 486 emittet
2878 428 3162 485 Dominus
3203 443 3269 485 ex
3309 430 3456 488 Sion.
3501 434 3739 508 Apparet,

392 520 649 590 Enchir.,
679 525 822 577 tom.
856 522 952 591 VI,
988 520 1098 577 col.
1129 522 1234 577 288
1261 525 1316 576 et
1348 524 1496 592 seq.)

466 611 690 678 Amata,
719 612 819 668 sed
853 611 992 683 quid
1023 610 1238 667 amatis
1265 610 1475 677 videte,
1507 614 1640 679 etc.,
1667 626 1835 682 usque
1881 610 1952 667 ad
1990 615 2049 667 et

398 698 513 754 fide
546 717 662 756 non
722 700 876 756 ficta.
911 699 1040 770 (Id.,
1077 708 1234 756 tract.
1268 702 1328 755 in
1375 701 1748 772 psalm.xxx1,
1773 704 1915 755 tom.
1948 699 2046 768 IV,

395 793 545 858 part,
582 806 621 856 ι,
653 787 761 845 col.
795 790 945 858 260.)

465 876 757 954 Quidquid
790 893 925 950 ergo
959 877 1275 956 salubriter
1307 883 1500 934 mente
1532 877 1876 954 concipitur,
1911 881 2043 946 etc.,

391 952 562 1038 usque
586 967 654 1020 ad
682 964 927 1038 laqueus
951 952 1059 1022 erit
1079 966 1292 1023 dilecti.
1324 967 1452 1038 (Id.,
1473 952 1630 1022 tract.
1665 969 1721 1021 in
1748 969 1892 1039 psal.
1919 984 2042 1036 exp,

398 1061 537 1110 tom.
574 1055 666 1123 ιν,
700 1060 848 1127 part.
883 1073 945 1124 II,
980 1055 1088 1111 col.
1128 1056 1308 1127 1816.)

462 1143 606 1199 Cum
626 1144 784 1200 enim
805 1145 1024 1201 diceret
1045 1145 1558 1212 charitas,addidit
1586 1146 1656 1200 de
1686 1145 1858 1200 corde
1875 1160 2043 1216 puro,

388 1235 519 1301 etc.,
547 1249 714 1305 usque
758 1233 828 1290 ad
872 1251 1007 1306 spes
1059 1239 1257 1290 nostra
1316 1234 1577 1290 fallatur.
1630 1234 1761 1306 (Id.,
1804 1236 1900 1289 lib.
1935 1252 1953 1289 ι
1981 1234 2048 1302 de

373 1311 791 1389 'Doct.,Christ.,
834 1327 974 1378 tom.
1007 1323 1104 1391 III,
1135 1327 1284 1394 part.
1310 1341 1348 1391 ι,
1383 1323 1491 1379 col.
1530 1323 1640 1396 36.)

455 1411 495 1466 Α
529 1411 724 1483 quibus
754 1411 1000 1483 quidam,
1043 1419 1167 1479 etc.,
1201 1429 1387 1484 usque
1433 1413 1504 1468 ad
1554 1413 1618 1468 de
1665 1413 1861 1484 quibus
1890 1411 2047 1487 afﬁr-

393 1509 568 1556 mant.
622 1501 769 1564 Quid
819 1500 974 1556 enim
1026 1500 1326 1567 molestiae,
1364 1501 1729 1574 tristitiaeque
1777 1502 2046 1575 ingerant

383 1589 773 1661 prudentibus
805 1589 1084 1646 fratribus
1114 1591 1431 1656 temerarii,
1465 1596 1598 1658 etc.,
1630 1608 1804 1664 usque
1853 1591 1922 1646 ad
1970 1591 2043 1646 ad

382 1695 578 1734 escam
611 1677 970 1750 perveniant.
1005 1679 1251 1754 (Id.,lib.
1275 1679 1339 1734 de
1372 1679 1499 1735 Gen.
1524 1680 1593 1735 ad
1625 1681 1756 1748 litt.,
1780 1684 1921 1736 tom.
1945 1679 2040 1748 IlI,

384 1770 541 1837 part.
575 1783 615 1833 ι,
650 1765 758 1821 col.
789 1769 891 1822 261
929 1772 984 1822 et
1016 1768 1163 1839 seq.)

448 1853 663 1912 Scimus
695 1864 876 1912 autem
906 1859 1038 1929 quia
1067 1858 1208 1913 bona
1238 1867 1318 1914 est
1346 1859 1453 1927 lex,
1486 1860 1536 1913 si
1556 1860 1679 1931 quis
1701 1874 1764 1914 ea
1796 1859 2040 1927 legitime

382 1943 592 2000 ulatur.
625 1944 792 2002 Justo
824 1945 980 2001 enim
1007 1964 1123 2002 non
1154 1951 1243 2002 est
1267 1946 1357 2003 lex
1389 1947 1584 2020 posita
1617 1964 1630 2000 :
1665 1964 1791 2020 qua:
1839 1951 2034 2004 tamen

381 2032 536 2088 bona
565 2037 673 2105 est,
687 2050 856 2106 usque
885 2033 954 2090 ad
987 2035 1097 2092 nisi
1130 2035 1327 2092 divina
1349 2036 1541 2109 gratia
1565 2035 1880 2092 subveniri.
1900 2037 2032 2108 (Id.,

377 2120 477 2177 lib.
536 2121 600 2178 de
648 2123 800 2194 Spir.
859 2133 911 2180 et
965 2125 1095 2189 litt.,
1123 2129 1264 2180 tom.
1314 2124 1380 2196 X,
1415 2129 1563 2197 part.
1601 2143 1637 2194 ι,
1687 2124 1796 2182 col.
1830 2127 1935 2180 208
1970 2130 2036 2186 et

379 2212 529 2282 seq.)

449 2298 607 2355 Bona
635 2303 722 2356 est
752 2299 842 2356 lex
863 2299 949 2355 illi
982 2301 1082 2374 qui
1113 2318 1180 2358 ea
1208 2301 1464 2375 legitime
1497 2304 1838 2371 utitur,etc.,
1868 2320 2032 2376 usque

376 2386 446 2442 ad
458 2392 701 2445 sanante
727 2406 830 2462 per
858 2390 1128 2463 gratiam.
1150 2392 1451 2464 (Id.,epist.
1479 2392 1548 2448 ad
1577 2393 2025 2472 Anast.,tom.ll,

383 2475 492 2532 col.
523 2471 712 2533 593'et
742 2480 888 2550 seq.)

445 2563 682 2622 Scientes
711 2568 826 2635 hoc,
846 2577 1174 2641 etc.,usque
1205 2570 1276 2625 ad
1308 2570 1447 2641 quod
1478 2571 1745 2626 creditum
1763 2578 1840 2626 est
1865 2573 2024 2626 mihi.

374 2653 490 2708 Deo
520 2653 661 2711 vivit
694 2656 793 2727 qui
826 2657 936 2712 sub
973 2658 1083 2714 Deo
1114 2657 1351 2730 est,legi
1384 2663 1603 2723 autem,
1628 2659 1727 2730 qui
1759 2660 1868 2714 sub
1901 2658 2026 2731 lege

373 2746 479 2800 est.
502 2744 617 2799 Sub
648 2743 773 2818 lege
823 2751 1020 2802 autem
1065 2746 1296 2814 vivitur,
1332 2748 1391 2803 in
1441 2749 2026 2822 quantum':quisque

371 2828 640 2904 peccator
673 2834 847 2904 est,id
881 2840 970 2893 est
999 2835 1057 2890 in
1093 2841 1381 2908 quantum
1407 2838 1631 2894 aveteri
1651 2837 1886 2893 homine
1907 2854 2022 2914 non

371 2924 459 2975 est
489 2925 771 2978 mutatus.
807 2924 924 2980 Sua
955 2924 1111 2980 enim
1142 2926 1262 2980 vita
1292 2916 1450 2982 vivit.

439 3009 509 3065 Et
540 3008 667 3068 ideo
699 3009 790 3066 lex
819 3029 998 3085 supra
1029 3011 1194 3068 illum
1231 3019 1338 3081 est,
1371 3014 1512 3086 quia
1541 3015 1644 3087 qui
1688 3014 1851 3072 illam
1905 3032 2021 3072 non

368 3097 591 3172 implet,
625 3097 796 3166 infra,
829 3106 961 3169 etc.,
994 3107 1163 3175 usque
1189 3103 1260 3160 ad
1289 3103 1485 3160 stabili
1532 3105 1797 3176 gaudens
1845 3105 2015 3161 bono.

2085 518 2098 520 “
2159 520 2388 586 fratres,
2423 517 3026 588 evidentissime,etc.,
3046 519 3296 591 usquead
3327 521 3476 593 regni
3505 523 3618 594 ejus
3643 541 3740 582 non

2157 608 2266 662 erit
2295 607 2447 664 ﬁnis.
2484 608 2614 680 (Id.,
2649 616 2812 664 tract.
2844 611 2900 664 in
2935 594 3080 680 psal.
3115 625 3223 676 cxx,
3255 612 3390 664 tom.
3423 609 3505 680 IV,
3537 617 3665 684 part.
3689 630 3742 685 ιι,

2161 696 2271 753 col.
2309 697 2494 765 1453.)

2221 785 2290 842 Si
2335 786 2393 840 in
2447 785 2563 842 illis
2609 786 2849 843 vocibus
2899 804 3025 859 quae
3085 786 3300 842 ﬁebant
3329 786 3384 842 in
3414 788 3608 860 Exodo,
3636 795 3748 859 etc.,

2154 892 2325 946 usque
2353 876 2424 930 ad
2457 875 2656 931 nullus
2717 875 3068 948 imperiosus
3127 875 3331 949 egisse.
3367 877 3498 945 (Id.,
3529 878 3614 932 lib.
3643 897 3675 933 ιι
3700 879 3753 936 de

2159 967 2378 1030 Trinit.,
2414 969 2557 1021 tom.
2589 965 2738 1033 VIII,
2774 964 2884 1020 col.
2918 967 3070 1035 866.)

2226 1053 2304 1108 De
2341 1053 2617 1110 invisibili
2653 1054 2768 1112 Deo
2793 1053 2944 1111 inter
2973 1071 3079 1110 nos
3110 1055 3320 1128 agitur,
3353 1060 3477 1124 etc.,
3508 1072 3656 1128 usque
3695 1057 3752 1113 ad

2152 1142 2482 1199 videbimus
2503 1160 2637 1199 eum
2659 1143 2834 1200 sicuti
2859 1148 2965 1199 est.
3000 1145 3132 1216 (Id.,
3153 1144 3247 1200 lib.
3273 1153 3436 1201 contr.
3469 1147 3746 1215 Maelmin,

2153 1235 2296 1289 tom.
2327 1232 2474 1300 VIII,
2514 1231 2620 1288 col.
2654 1234 2762 1288 762
2789 1237 2844 1288 et
2871 1236 3018 1305 seq.)
3339 1270 3344 1277 .

2221 1321 2434 1377 Habeas
2469 1322 2649 1392 ﬁdem,
2684 1325 2818 1390 etc.,
2871 1338 3057 1393 usque
3113 1323 3184 1378 ad
3244 1339 3349 1380 non
3402 1321 3747 1395 blasphemare.

2154 1409 2314 1465 Istud
2349 1409 2608 1482 Apostoli
2643 1409 2813 1482 quale
2843 1415 2930 1468 est
2956 1415 2979 1466 Ρ
3009 1428 3202 1476 nonne
3229 1407 3310 1467 ita
3338 1411 3606 1482 mirabile,
3635 1417 3749 1480 etc.,

2151 1515 2320 1570 usque
2365 1500 2436 1554 ad
2483 1499 2812 1555 excluditur
2842 1516 3014 1573 opere
3044 1502 3292 1558 Satanae.
3321 1500 3552 1574 (Id.,lib.
3575 1501 3751 1557 delvet.

2151 1596 2202 1642 et
2230 1596 2398 1656 grat.,
2432 1592 2574 1644 tom.
2609 1589 2672 1656 X,
2708 1593 2858 1660 part.
2894 1607 2933 1655 ι,
2967 1589 3074 1646 col.
3110 1590 3258 1662 262.)

2222 1673 2391 1731 Nulla
2405 1679 2670 1731 creatura
2681 1679 2788 1743 est,
2805 1677 2923 1732 sive
2947 1694 3076 1749 quae
3097 1676 3156 1732 in
3180 1677 3412 1733 veritate
3434 1682 3616 1733 manet
3633 1678 3757 1733 dans

2151 1762 2397 1835 gloriam
2429 1764 2564 1832 Deo,
2598 1769 2731 1833 etc.,
2767 1782 2936 1838 usque
2955 1766 3026 1822 ad
3059 1765 3170 1822 sibi
3203 1765 3438 1848 retinuit
3475 1766 3754 1838 (Id.,expos.

2148 1852 2295 1924 Epis.
2329 1854 2399 1909 ad
2432 1853 2585 1923 Gal.,
2620 1857 2760 1910 tom.
2797 1855 2894 1922 IlI,
2916 1860 3068 1927 part.
3103 1873 3163 1924 ιι,
3199 1855 3306 1911 col.
3337 1857 3473 1911 2128
3499 1858 3551 1911 et
3571 1857 3698 1926 seq.)

2801 1996 3036 2053 CAPUT
3063 1998 3147 2070 ιι.

2215 2118 2438 2176 Obsecro
2469 2121 2661 2189 igitur,
2693 2128 2815 2186 etc.,
2847 2137 3037 2193 usque
3069 2124 3140 2177 ad
3188 2123 3258 2178 ad
3285 2125 3605 2192 agnitionem
3629 2125 3751 2178 veri-

2140 2210 2268 2263 tatis
2295 2210 2500 2266 venire.
2520 2209 2787 2273 Quandiu
2808 2210 3100 2283 permistis
3129 2218 3272 2268 sunt
3301 2213 3482 2268 amba:
3501 2211 3749 2282 civitates,

2138 2301 2270 2364 etc.,
2303 2314 2474 2370 usque
2502 2298 2572 2353 ad
2602 2315 2735 2354 cum
2767 2298 2866 2355 illo
2910 2317 3014 2372 per
3063 2301 3340 2373 speciem.
3375 2301 3499 2374 (Id.,
3548 2303 3637 2357 lib.
3673 2317 3752 2356 xix

2137 2385 2201 2441 de
2229 2386 2387 2442 Civit.
2421 2387 2564 2455 Dei.,
2594 2391 2741 2444 tom.
2782 2388 2903 2456 VII,
2936 2390 3047 2445 col.
3077 2391 3187 2445 656
3216 2395 3273 2446 et
3303 2393 3450 2462 seq.)
3687 2389 3694 2395 ’

2208 2473 2372 2531 Sicut
2402 2479 2597 2531 autem
2629 2476 2957 2533 Jerusalem
2989 2479 3284 2552 significat
3303 2479 3581 2536 civitatem
3600 2478 3750 2535 socie-

2135 2566 2432 2634 tatemque
2480 2568 2839 2633 sanctorum,
2873 2570 3007 2636 etc.,
3039 2583 3207 2639 usque
3236 2568 3306 2623 ad
3337 2568 3435 2624 Dei
3477 2567 3749 2623 mdiﬁcatio

2133 2652 2294 2708 estis.
2328 2653 2457 2721 (Id.,
2508 2654 2603 2708 lib.
2653 2654 2718 2710 de
2763 2657 3167 2713 cateehizandis
3213 2657 3474 2726 Rudibus,
3505 2662 3638 2712 tom.
3667 2655 3747 2724 VI,

2133 2740 2241 2797 col.
2275 2742 2379 2796 337
2403 2747 2461 2797 et
2490 2747 2638 2814 seq.)

2206 2830 2321 2885 Ista
2340 2830 2512 2902 plane
2533 2832 2878 2889 difﬁcillime
2900 2835 3344 2909 discernuntur,
3362 2837 3456 2892 ubi
3482 2836 3580 2892 ait:
3604 2835 3753 2891 Obse-

2133 2935 2252 2985 cro,
2284 2923 2420 2987 etc.,
2454 2937 2621 2993 usque
2650 2922 2720 2976 ad
2770 2911 2827 2977 et
2874 2923 3160 2979 habitavit
3194 2925 3255 2980 in
3290 2926 3477 2981 nobis.
3509 2925 3628 2996 (Id.,
3656 2923 3743 2978 lib.

2130 3009 2200 3062 ad
2228 3010 2389 3064 Paul.
2422 3012 2590 3081 episc.
2632 3013 2774 3068 tom.
2802 3011 2869 3079 ΙΙ,
2898 3012 3006 3068 col.
3041 3014 3148 3069 635
3179 3018 3238 3069 et
3267 3015 3416 3087 seq.)

2201 3098 2347 3153 Cum
2380 3099 2675 3166 audimus,
2711 3103 2765 3154 et
2798 3100 2857 3154 in
2891 3100 3072 3156 sacris
3105 3100 3324 3158 litteris
3345 3101 3590 3175 legimus
3618 3101 3750 3172 quod

371 3185 502 3258 (Id.,
534 3204 717 3259 expos.
750 3189 920 3260 Epist.
948 3191 1017 3246 ad
1070 3192 1209 3257 Gal.,
1242 3197 1385 3248 tom.
1441 3193 1536 3263 III,
1590 3196 1740 3264 part.
1791 3211 1852 3264 ιι,
1903 3193 2011 3249 col.
2039 3176 2088 3271 _C
2127 3185 2263 3242 velit
2283 3203 2487 3243 omnes
2510 3181 2779 3244 homines
2811 3188 3022 3258 salvos,
3045 3193 3178 3260 etc.,
3198 3192 3459 3264 usquead
3487 3191 3755 3265 quodcun-

366 3276 511 3330 2145
535 3280 591 3331 et
623 3276 774 3348 seq.)

441 3363 650 3420 Gratias
680 3380 778 3436 ago
804 3368 875 3433 ei,
908 3375 1031 3434 etc.,
1067 3384 1252 3440 usque
1284 3369 1354 3425 ad
1388 3385 1618 3441 quorum
1656 3372 1872 3442 primus
1919 3387 2017 3440 ego

367 3467 521 3508 sum.
554 3452 868 3525 Apestolus
898 3455 1115 3512 Paulus
1147 3473 1215 3512 ex
1247 3462 1613 3530 persecutore
1660 3459 1872 3514 Christi
1918 3477 2017 3516 an-

366 3541 668 3597 nuntiator
697 3543 906 3612 factus,
934 3539 1068 3612 etc.,
1100 3563 1269 3618 usque
1297 3547 1368 3602 ad
1411 3553 1744 3619 persecutor
1773 3551 1829 3604 et
1858 3549 2013 3620 inju-

365 3627 576 3685 riosus.
602 3632 736 3699 (Id.,
781 3649 943 3688 serm.
978 3633 1042 3690 de
1090 3651 1240 3691 conv.
1293 3636 1478 3704 Paul.,
1510 3641 1653 3692 tom.
1682 3637 1749 3704 V,
1781 3643 1931 3709 part.
1963 3643 2010 3708 Ι,

363 3715 472 3772 col.
509 3719 646 3774 1268
677 3725 732 3776 et
763 3722 908 3793 seq.)

431 3804 534 3860 Sed
588 3806 705 3863 ideo
750 3810 1207 3880 misericordiam,
1241 3821 1363 3880 etc.,
1397 3831 1583 3887 usque
1616 3815 1686 3871 ad
1733 3817 1789 3870 in
1841 3817 2010 3873 vitam

357 3899 641 3949 eternam.
677 3895 822 3962 Quia
866 3898 1328 3956 misericordiam
1379 3907 1434 3957 et
1481 3903 1776 3959 veritatem
1821 3904 2011 3978 diligit

358 3981 532 4052 Deus,
565 3987 698 4052 etc.,
725 4003 897 4059 usque
925 3987 994 4042 ad
1026 4005 1235 4061 negare
1285 3991 1498 4062 poterit
1540 3992 1825 4048 debitum.
1871 3995 2003 4068 (Id.,

355 4074 508 4127 tract.
545 4073 602 4127 in
621 4075 765 4145 psal.
803 4092 1030 4145 Lxxxul,
1063 4082 1204 4133 tom.
1242 4078 1332 4146 IV,
1358 4083 1509 4151 part.
1543 4097 1603 4147 ιι,
1626 4069 1933 4156 οοΙ.1067.)

419 4158 524 4214 Sed
553 4163 1012 4232 misericordiam,
1045 4174 1371 4239 etc.,usque
1402 4169 1474 4224 ad
1507 4171 1568 4223 in
1599 4171 2001 4228 incredulitate.

351 4247 562 4321 Magna
587 4256 675 4306 est
705 4252 1106 4310 misericordia
1137 4258 1238 4311 tua
1270 4273 1281 4312 :
1319 4262 1376 4312 et
1407 4259 1479 4312 de
1524 4274 1738 4330 magna
1780 4249 2004 4316 miseri-

347 4338 564 4406 cordia,
596 4344 727 4409 etc.,
752 4359 920 4414 usque
949 4343 1017 4398 ad
1056 4345 1156 4400 sed
1191 4362 1466 4419 magnam
1509 4348 1995 4406 misericordiam.

345 4427 556 4494 (Id.,in
583 4431 726 4499 psal.
753 4448 804 4499 ι,
837 4435 978 4486 tom.
1019 4432 1109 4498 IV,
1146 4438 1295 4505 part.
1331 4452 1369 4502 ι,
1401 4435 1511 4492 col.
1548 4437 1700 4504 588.)

416 4515 623 4610 [fidelis
650 4535 844 4587 sermo,
877 4527 1000 4586 etc.,
1051 4538 1238 4592 usque
1283 4523 1355 4577 ad
1407 4525 1464 4578 in
1511 4525 1681 4579 vitam
1709 4535 1996 4583 artemam.
2033 4547 2078 4610 Ι)

346 4602 519 4658 Nulla
548 4622 726 4674 causa
757 4609 863 4663 fuit
895 4609 1164 4666 veniendi
1190 4611 1420 4684 Christo
1445 4613 1709 4682 Domino,
1728 4615 1842 4670 nisi
1865 4633 2002 4689 pec-

345 4693 591 4759 catores,
620 4699 754 4762 etc.,
783 4714 952 4768 usque
997 4699 1066 4753 ad
1115 4701 1325 4774 versati
1379 4701 1436 4755 in
1483 4701 1822 4759 inﬁrmitate
1853 4705 2000 4777 ejus.

345 4777 479 4848 (Id.,
509 4795 669 4836 serm.
701 4783 735 4834 9
763 4783 829 4839 de
856 4785 1056 4842 eisdem
1085 4791 1231 4844 verb.
1264 4800 1459 4861 apost.,
1489 4795 1630 4849 tom.
1661 4792 1728 4849 V.
1755 4799 1903 4864 part.
1956 4812 1996 4864 ι,

343 4866 452 4921 col.
486 4867 593 4922 945
618 4873 672 4924 et
703 4873 851 4943 seq.)

411 4953 678 5013 Christus
708 4959 880 5017 Jesus
912 4964 1068 5018 venit
1098 4965 1156 5020 in
1186 4969 1476 5024 mundum
1518 4975 1868 5042 peccatores,
1901 4972 1994 5026 in-

339 5040 487 5113 quit,
512 5044 725 5114 salvos,
747 5053 878 5118 etc.,
905 5069 1076 5124 usque
1104 5055 1174 5110 ad
1205 5057 1274 5111 ad
1305 5073 1438 5112 eum
1471 5040 1716 5114 sanandi
1756 5060 1989 5116 currite.

337 5131 469 5202 (Id.,
505 5134 639 5188 ibid.
668 5152 828 5194 serm.
867 5141 952 5208 10,
987 5142 1095 5198 col.
1128 5146 1223 5200 951
1268 5151 1324 5200 et
1355 5148 1498 5218 seq.)

403 5223 749 5284 Audivimus
783 5228 1016 5288 beatum
1049 5236 1378 5306 apostolum
1413 5237 1655 5310 P_aulum
1682 5239 1988 5308 dicentem,

335 5311 639 5388 Ilumanus
670 5333 882 5387 sermo,
916 5326 972 5376 et
1002 5324 1161 5377 omni
1210 5326 1544 5397 acceptione
1585 5327 1817 5399 dignus,
1853 5334 1985 5396 etc.,

331 5415 499 5471 usque
542 5403 613 5460 ad
662 5406 800 5489 sine
835 5412 1108 5481 parvulos
1165 5415 1360 5469 venire
1410 5416 1480 5469 ad
1524 5431 1634 5472 me.
1686 5417 1816 5486 (Id.,
1852 5417 1984 5473 ibid.

329 5503 496 5543 serm.
528 5493 582 5559 8,
617 5494 724 5551 col.
758 5496 882 5565 940,
918 5506 974 5553 et
1008 5501 1156 5571 seq.)

400 5578 535 5650 Regi
563 5591 1100 5670 autem,etc.,usque
1132 5590 1202 5646 ad
1234 5590 1426 5648 bonam
1458 5595 1982 5674 militz’um.Virgam

2129 3292 2241 3347 que
2291 3293 2406 3332 non
2455 3277 2609 3332 fecit.
2646 3278 2776 3350 (Id.,
2811 3278 2908 3333 lib.
2941 3279 3195 3356 Enchir.,
3231 3285 3376 3338 tom.
3410 3281 3504 3352 VI,
3534 3279 3636 3336 col.
3664 3279 3753 3353 280

2126 3369 2182 3420 et
2379 3453 2521 3509 illud
2544 3456 2696 3528 quod
2733 3454 2953 3512 dictum
2985 3460 3094 3526 est,
3119 3474 3330 3516 omnes
3355 3459 3422 3515 in
3453 3457 3668 3518 Christo
3687 3454 3752 3512 vi.-

2091 3605 2094 3607 _
2123 3543 2870 3618 viﬁcabuntur.etc..usque
2898 3545 2968 3600 ad
2999 3545 3111 3603 nisi
3145 3548 3220 3604 ab
3255 3547 3385 3620 ipso
3418 3547 3636 3604 volente
3651 3561 3780 3616 nou.

2122 3631 2272 3687 ﬁunt
2301 3633 2432 3704 (Id.,
2465 3635 2525 3688 in
2548 3635 2692 3706 psal.
2727 3651 2860 3699 exn,
2893 3651 2963 3691 ex
2985 3638 3146 3708 epist.
3181 3637 3254 3693 ad
3285 3639 3490 3705 Fital.,
3523 3642 3655 3692 tom.
3692 3633 3749 3702 ll,

2121 3719 2230 3776 col.
2263 3720 2367 3776 985
2391 3726 2447 3777 et
2478 3723 2625 3796 seq.)

2189 3809 2327 3864 Vult
2358 3813 2554 3866 autem
2584 3810 2739 3885 Deus
2769 3829 2971 3887 omnes
2997 3812 3269 3889 homines
3303 3815 3495 3872 salvos
3525 3813 3645 3871 ﬁeri
3687 3815 3751 3882 et,

2117 3903 2249 3966 etc.,
2282 3917 2451 3971 usque
2478 3901 2547 3956 ad
2567 3903 2678 3972 sub
2709 3902 2809 3960 Dei
2839 3907 3142 3975 potestate.
3179 3906 3319 3977 (Id.,
3340 3906 3439 3962 lib.
3471 3906 3534 3962 de
3567 3904 3754 3976 Spir.“

2117 3990 2250 4066 litt.,
2278 3994 2419 4046 tom.
2452 3991 2517 4058 Χ,
2550 3995 2776 4064 part._1,
2799 3991 2908 4066 col.
2939 3993 3092 4060 238.)

2186 4064 2334 4146 Quia
2379 4096 2513 4152 ergo
2567 4097 2672 4136 nos
2724 4080 2824 4153 qui
2875 4064 3017 4137 salvi
3051 4081 3232 4152 futuri
3266 4083 3390 4156 sint
3431 4082 3754 4151 nescientes,

2112 4172 2247 4235 etc.,
2278 4184 2447 4247 usque
2489 4168 2559 4223 ad
2607 4169 2882 4247 quoniam
2915 4186 3021 4244 nos
3053 4171 3191 4245 facit
3216 4171 3382 4229 velle.
3420 4173 3553 4247 (Id.,
3587 4167 3755 4241 lib._de

2110 4247 2232 4330 Nat.
2265 4264 2314 4311 et
2341 4245 2506 4327 grat.,
2540 4261 2680 4312 tom.
2715 4257 2780 4324 X,
2801 4245 2964 4330 part.
2994 4276 3034 4327 ι,
3068 4258 3176 4316 col.
3209 4262 3341 4317 255.

2185 4328 2332 4410 Unus
2355 4347 2504 4400 enim
2531 4347 2690 4414 Deus,
2722 4328 2846 4413 etc.,
2880 4363 3068 4419 usque
3100 4348 3172 4403 ad
3199 4365 3305 4421 pro
3329 4351 3604 4407 omnibus.
3625 4347 3754 4404 Cum

2110 4433 2188 4489 sit
2219 4433 2343 4506 ipse
2365 4433 2630 4490 Christus
2652 4435 2939 4506 sapientia
2960 4435 3054 4492 Dei
3078 4454 3181 4509 per
3203 4454 3387 4510 quam
3417 4444 3611 4496 creata
3633 4438 3755 4493 sunt

2110 4522 2477 4591 omnia,etc.,
2497 4539 2666 4595 usque
2693 4523 2763 4578 ad
2794 4524 2895 4595 qui
2918 4528 3007 4581 est
3027 4525 3243 4582 veritas
3277 4528 3339 4584 in
3363 4527 3620 4585 aeternis.
3638 4524 3754 4599 (Id.,

2115 4611 2213 4665 lib.
2250 4627 2267 4664 ι
2300 4610 2365 4665 de
2393 4627 2538 4666 cons.
2571 4628 2790 4682 evang.,
2824 4616 2965 4668 tom.
2990 4613 3091 4682 III,
3124 4619 3279 4686 part.
3314 4634 3356 4682 ι,
3392 4617 3504 4672 col.
3539 4615 3684 4685 870.)

2184 4699 2270 4754 Tu
2302 4716 2363 4754 es
2393 4699 2605 4765 veritas
2635 4718 2811 4773 super
2840 4702 3038 4770 omnia
3068 4704 3418 4776 praesidens,
3453 4711 3756 4775 etc.,usquc

2111 4787 2180 4842 ad
2212 4788 2380 4843 nobis
2415 4789 2735 4846 serviendo.
2761 4791 2894 4863 (Id.,
2928 4793 3028 4847 lib.
3061 4811 3094 4846 x
3123 4783 3550 4868 Confess,'tom.
3585 4793 3624 4862 Ι,
3657 4789 3752 4846 col.

2105 4879 2210 4932 867
2230 4881 2287 4932 et
2317 4877 2466 4949 seq.)
2953 4869 2956 4872 ’

2175 4965 2235 5020 Si
2267 4982 2472 5021 omnes
2503 4966 2791 5036 homines,
2813 4971 3076 5041 quandiu
3110 4971 3396 5029 mortales
3419 4971 3750 5040 sunt,etiam
3780 5022 3782 5024 ,

2105 5053 2301 5110 miseri
2335 5054 2452 5110 sint
2483 5073 2719 5120 necesse
2750 5063 2857 5126 est,
2883 5063 3015 5128 etc.,
3052 5077 3221 5132 usque
3247 5062 3321 5118 ad
3354 5063 3456 5134 qui
3500 5062 3558 5116 in
3597 5073 3754 5132 supe-

2102 5143 2355 5200 rioribus
2384 5143 2522 5201 vita.
2555 5146 2688 5218 (Id.,
2717 5147 2812 5204 lib.
2845 5147 2910 5204 de
2958 5149 3115 5210 Civil.
3168 5151 3286 5218 Dei,
3321 5155 3468 5208 tom.
3504 5151 3624 5217 VII,
3657 5145 3754 5206 col-

2099 5233 2204 5286 268
2237 5236 2292 5287 et
2323 5249 2422 5304 seq
2451 5235 2472 5302 )

2169 5323 2256 5378 Au
2284 5322 2590 5394 apostolus
2620 5324 2851 5392 Petrus,
2888 5326 3042 5392 sicut
3089 5344 3224 5384 eum
3278 5327 3531 5400 quidam
3579 5327 3758 5386 favum

2097 5426 2366 5481 perverso
2397 5428 2673 5468 excusare
2697 5413 2984 5486 nituntur,
3005 5419 3328 5491 etc.,usque
3364 5418 3439 5474 ad
3472 5414 3754 5490 quomodo

2097 5503 2186 5554 est
2218 5500 2592 5556 membrum?
2627 5501 2732 5571 Id.,
2765 5511 2923 5570 tract.
2955 5506 3015 5559 in
3045 5505 3256 5582 Evang.
3293 5520 3384 5564 sec
3412 5506 3572 5566 Joan.
3613 5519 3754 5584 LXIII,

2103 5605 2223 5646 om.
2265 5589 2369 5661 Ill,
2401 5595 2550 5668 part.
2589 5607 2650 5668 ιι,
2684 5590 2792 5673 col.
2833 5593 2971 5656 1810
3002 5598 3058 5652 et
3079 5599 3226 5674 seq.)
