3914 6166
187 378 281 446 ιω
923 372 1337 437 EXPOSITIO
1386 374 1473 437 IN
1507 369 1678 435 EPP.
1725 372 1733 433 i

1978 408 2091 433 .--
2128 370 2250 437 ΕΡ.
2296 373 2320 437 Ι
2367 376 2469 437 AD
2512 373 2677 438 TIM.
3389 368 3509 439 102

180 520 185 529 ‘
238 508 449 570 Verbum
483 515 611 565 caro
654 500 883 564 factum
922 509 1030 573 est,
1062 511 1121 563 et
1151 504 1435 563 habitavit
1466 508 1524 562 in
1554 504 1746 562 nobis.
1780 506 1835 573 Α
2502 504 2733 565 CAPUT
2772 504 2865 564 IV.

181 602 329 662 Habes
377 599 716 671 majestatem
778 598 850 653 ad
902 612 1081 668 quam
1131 612 1281 663 ores,
1316 598 1449 665 etc.,
1482 611 1654 668 usque
1680 595 1751 651 ad
1930 596 2170 667 Spiritus
2198 604 2400 664 autern,
2427 601 2561 666 etc.,
2595 614 2783 671 usque
2814 599 2886 655 ad
2918 601 3015 672 qui
3041 606 3403 673 cognoverunt
3424 617 3509 660 ve-

182 686 586 749 misericordiam.
630 686 764 757 (Id.,
797 692 952 741 tract.
1004 686 1060 741 in
1104 686 1248 757 psal.
1293 701 1445 753 xxix,
1476 689 1617 741 tom.
1651 684 1748 753 1V,
1858 685 2249 740 ritatemAudi
2279 701 2416 760 ergo
2439 686 2595 758 quod
2623 688 2919 744 confiteris
2938 694 2993 743 te
3015 705 3131 745 non
3151 676 3510 761 vide‘re,etc‘.,

177 783 293 855 part.
320 796 349 847 ι,
376 775 471 834 col.
500 776 601 830 216
627 778 683 830 et
713 776 863 848 seq.)
1858 788 2030 845 usque
2058 774 2127 828 ad
2158 773 2579 830 daemoniorum
2609 775 3211 849 mendaciloquorum.
3245 774 3375 851 (Id.,
3410 780 3508 836 lib.

232 866 392 925 Talem
418 882 474 921 se
499 864 650 920 Deus
679 863 930 936 prmbuit
956 864 1319 930 hominibus,
1353 869 1418 919 ut
1446 864 1623 919 etiam
1647 880 1748 936 pa-
1858 878 1969 917 xxx
1997 870 2189 919 contra
2217 862 2424 929 Faust,
2455 868 2597 920 tom.
2630 862 2801 938 VIII.)
3172 925 3176 931 τ

178 972 278 1015 nam
303 956 362 1012 de
385 952 512 1010 cmlo
542 952 787 1020 miserit,
819 956 952 1019 etc.,
981 969 1151 1025 usque
1178 953 1251 1009 ad
1277 954 1432 1025 quod
1484 966 1600 1009 non
1645 969 1749 1025 po-
1931 950 2075 1007 Hinc
2103 950 2278 1007 etiam
2308 951 2452 1007 illud
2486 958 2839 1025 praeceptum
2870 956 3025 1027 quod
3066 961 3171 1011 est.
3208 950 3332 1013 Non
3366 976 3507 1015 mm-

177 1052 311 1103 tsras.
345 1045 459 1109 (Id.,
489 1050 638 1099 D'ael.
671 1043 739 1098 in:
768 1043 908 1115 psal.
939 1059 1163 1112 cxxxnv,
1196 1046 1338 1099 tom.
1374 1029 1465 1108 IV,
1503 1046 1652 1115 part.
1687 1059 1746 1110 11,
1858 1038 2147 1106 chaheris,
2180 1043 2314 1107 etc.,
2347 1056 2515 1112 usque
2544 1041 2615 1096 ad
2646 1041 2967 1111 Manichaei,
3003 1044 3051 1099 si
3089 1045 3336 1103 dederis.
3373 1048 3480 1120 (Id.
3516 1092 3531 1119 ,

178 1131 259 1192 col.
287 1133 395 1189 1741
427 1135 474 1188 et
504 1132 650 1204 seq.)

1858 1128 2018 1194 ibid.,
2046 1126 2157 1184 col.
2195 1128 2344 1195 310.)

226 1222 549 1279 Mediatorem
575 1219 890 1276 Dominum
934 1221 1136 1277 Jesum
1189 1220 1488 1278 Christum
1539 1230 1749 1277 secun-
1929 1218 2091 1285 Quod
2119 1222 2314 1274 autem
2345 1218 2631 1275 Dominus
2658 1213 2940 1277 invitatus
2967 1222 3124 1278 venit
3152 1223 3223 1279 ad
3245 1224 3502 1298 nuptias,

177 1311 283 1367 dum
304 1307 575 1366 hominem
605 1307 740 1377 dici,
775 1312 909 1375 etc.,
941 1324 1110 1383 usque
1139 1310 1210 1366 ad
1240 1309 1533 1384 diligendo
1564 1310 1751 1365 imite-
1856 1311 1989 1375 etc.,
2021 1324 2193 1380 usque
2238 1307 2310 1363 ad
2368 1308 2588 1363 bonum
2643 1308 2846 1364 vinum
2896 1326 3082 1383 usque
3128 1311 3340 1369 adhuc.
3370 1315 3502 1384 (Id.,

172 1398 352 1456 tisunt.
379 1397 496 1470 (Id.,
524 1410 708 1470 cmpos.
738 1392 910 1471 Epist.
950 1399 1022 1455 ad
1051 1399 1152 1455 Gal
1202 1402 1344 1455 tom.
1379 1399 1474 1464 III,
1501 1400 1650 1472 part.
1684 1415 1746 1466 11,
1857 1404 2014 1453 tract.
2056 1399 2117 1452 in
2164 1396 2368 1466 Evang.
2420 1412 2526 1454 sec.
2575 1399 2757 1466 Joan.,
2808 1402 2948 1454 tom.
2982 1400 3083 1470 III,
3114 1404 3263 1474 part.
3294 1419 3355 1471 ιι,
3389 1402 3501 1481 col,

174 1486 253 1559 col.
272 1490 435 1555 2122.)
1859 1486 1999 1541 1458
2026 1489 2081 1542 et
2112 1486 2260 1559 seq.)

219 1576 335 1632 Nam
363 1592 535 1648 neque
562 1592 669 1648 per
696 1574 893 1649 ipsum
923 1575 1309 1633 liberaremur
1329 1593 1513 1633 unum
1537 1576 1747 1633 media-
1892 1574 1895 1579 ’
1928 1575 2075 1645 Quia
2104 1576 2280 1630 omnis
2308 1580 2913 1650 creatura,etc.,usque
2943 1578 3016 1633 ad
3047 1594 3212 1651 quam
3232 1590 3508 1638 assecutus

168 1669 308 1721 torem
334 1664 425 1721 Dei
449 1669 504 1721 et
529 1664 859 1733 hominum,
892 1670 1026 1733 etc.,
1060 1678 1233 1738 usque
1262 1666 1332 1722 ad
1370 1666 1418 1723 si
1467 1665 1581 1723 dici
1634 1682 1747 1722 non
1856 1680 1930 1720 es.
1959 1665 2332 1720 Testamento
2383 1663 2578 1720 Veteri
2636 1666 2734 1720 ubi
2787 1667 3035 1738 quidam
3078 1667 3191 1723 cibi
3239 1670 3504 1725 carnium

166 1758 333 1825 potest.
359 1754 479 1826 (Id.,
508 1746 605 1809 lib.
642 1756 887 1822 Bnehir.,
921 1759 1064 1811 tom.
1096 1748 1194 1822 VI,
1221 1755 1328 1812 col.
1359 1756 1467 1811 249
1496 1758 1551 1812 et
1600 1755 1747 1827 seq.)
1857 1750 2262 1823 prohibentur,
2296 1755 2428 1819 etc.,
2463 1764 2633 1824 usque
2662 1752 2731 1808 ad
2763 1758 2957 1808 tamen
2991 1754 3309 1811 auctoritas
3348 1772 3507 1823 com-

216 1842 328 1915 Ego,
355 1841 550 1942 inquit,
584 1842 995 1912 Dominus,ero
1020 1843 1138 1900 illis
1168 1844 1227 1899 in
1260 1844 1466 1913 Deum,
1499 1848 1631 1912 etc.,
1658 1860 1747 1899 us-
1780 1870 1826 1942 Β
1846 1839 2154 1942 mandata.
2186 1838 2323 1910 (Id.,
2354 1837 2456 1895 lih.
2492 1848 2665 1896 contr.
2698 1846 2912 1910 Faust.,
2939 1847 3082 1898 tom.
3116 1842 3264 1914 VIII,
3290 1845 3511 1901 col.233

165 1946 243 2003 que
273 1931 332 1986 ad
372 1936 423 1987 et
476 1930 670 1988 divina
723 1932 1065 1990 humanitas
1121 1933 1356 1990 Christi.
1392 1934 1523 2007 (Id.,
1559 1933 1654 1989 lib.
1688 1934 1753 1989 de
1780 1929 1825 1942 ”
1861 1932 1917 1984 et
1949 1929 2096 2000 seq.)
3394 2004 3395 2007 η

170 2016 496 2087 causam,
527 2025 675 2077 tom.
709 2022 778 2088 V,
811 2025 961 2094 part.
995 2040 1034 2091 1,
1068 2022 1178 2078 col.
1210 2023 1360 2093 310.)

1963 2017 2142 2072 lmnia
2169 2019 2393 2073 munda
2425 2018 2923 2085 mundis,Domini
2945 2027 3033 2077 est
3054 2027 3209 2078 terra
3237 2028 3293 2079 et
3322 2024 3509 2097 pleni-

217 2108 355 2180 σήν-ι
379 2111 761 2178 testimonium,
795 2116 928 2176 etc.,
962 2124 1151 2183 usque
1197 2112 1269 2167 ad
1313 2114 1374 2167 in
1400 2112 1504 2182 ﬁde
1533 2118 1585 2167 et
1614 2114 1753 2167 veri-
1862 2106 2024 2174 tudo,
2057 2110 2189 2173 etc.,
2220 2122 2393 2178 usque
2423 2108 2494 2162 ad
2537 2110 2815 2165 recitatur
2861 2112 2932 2165 ad
2978 2112 3507 2170 confirmationem.

164 2197 338 2253 tale.Ait
362 2197 640 2256 Dominus
669 2199 843 2255 Jesus
872 2199 967 2255 his
998 2198 1098 2272 qui
1122 2199 1568 2255 crediderantin
1591 2216 1748 2268 eum,
1858 2195 1992 2263 (Id.,
2027 2194 2129 2249 lib.
2163 2211 2180 2249 ι
2209 2195 2279 2249 ad
2312 2197 2433 2262 Τὶι.,
2466 2199 2608 2251 tom.
2641 2196 2790 2267 VIII,
2822 2197 2929 2253 col.
2965 2199 3074 2253 236
3103 2204 3159 2256 et
3188 2202 3334 2273 seq.)

162 2288 262 2351 eto',
289 2300 436 2358 usque
459 2287 528 2342 ad
571 2286 633 2342 id
683 2287 843 2358 quod
894 2287 1179 2343 videatur.
1216 2288 1342 2360 (Id.,
1378 2295 1557 2343 tract.
1592 2290 1662 2343 40
1691 2290 1753 2345 in
1930 2285 2145 2355 Ineptas
2173 2291 2378 2355 autem,
2408 2288 2544 2350 etc.,
2579 2301 2766 2356 usque
2795 2286 2866 2341 ad
2899 2302 3024 2359 quae
3050 2304 3201 2345 nunc
3223 2298 3392 2363 est,et
3416 2294 3506 2363 fu-

161 2374 775 2445 Emg.sec.loan.,tom.
800 2374 900 2443 III,
929 2381 1078 2448 part.
1114 2394 1176 2444 11,
1211 2375 1321 2432 col.
1359 2375 1497 2432 1690
1524 2380 1582 2433 et
1604 2380 1753 2449 seq.)
1862 2370 2232 2429 tarwNidete
2263 2372 2545 2429 amatoria
2561 2376 2763 2429 sancta
2793 2372 3245 2434 cantica.Videte
3276 2378 3510 2436 Cantica

216 2462 322 2518 Volo
353 2479 466 2535 ergo
512 2467 686 2534 viros,
715 2469 850 2531 etc.,
882 2480 1071 2537 usque
1119 2465 1189 2520 ad
1235 2481 1335 2538 per
1378 2481 1543 2538 opera
1590 2467 1749 2522 bona.
1861 2461 2245 2528 canticorum,
2279 2465 2412 2526 etc.,
2441 2478 2614 2534 usque
2659 2463 2730 2518 ad
2778 2460 2987 2519 divitiae
3031 2470 3087 2521 et
3134 2466 3338 2522 honor.
3375 2467 3505 2539 (Id.,

164 2549 352 2606 levavit
377 2546 474 2625 pro
502 2552 679 2609 nobis
707 2553 995 2610 Dominus
1027 2558 1227 2610 noster
1268 2570 1480 2610 manus
1524 2571 1661 2610 suas
1691 2554 1752 2610 in
1861 2557 1999 2633 tract
2054 2552 2115 2605 in
2140 2550 2281 2622 psal.
2317 2566 2505 2617 1:11.111,
2539 2555 2681 2606 tom.
2712 2550 2809 2620 ιν,
2834 2557 2981 2625 part.
3014 2571 3075 2621 11,
3110 2554 3227 2611 col.
3256 2557 3443 2625 1868.)

162 2650 311 2711 cruce,
338 2640 439 2696 etc.
470 2658 647 2715 usque
672 2641 744 2698 ad
783 2641 962 2698 levari
1012 2643 1085 2698 ad
1119 2643 1326 2698 Deum.
1362 2643 1489 2715 (Id.,
1524 2644 1583 2698 in
1608 2644 1750 2715 psal.
1934 2634 2140 2695 Fidelis
2170 2656 2365 2710 sermo,
2399 2644 2531 2707 etc.,
2562 2656 2749 2712 usque
2780 2643 2852 2697 ad
2887 2645 2982 2715 qui
3010 2652 3061 2699 te
3090 2645 3342 2700 audiunt.
3362 2645 3509 2709 Quid

161 2740 259 2794 1.111,
284 2732 414 2785 tom.
442 2730 533 2799 IV,
567 2735 724 2804 part.
757 2748 796 2799 1,
829 2730 938 2787 col.
968 2732 1121 2803 755.)
1863 2730 1954 2783 est
1984 2727 2180 2796 homo,
2214 2726 2351 2799 quia
2380 2744 2608 2783 memor
2634 2745 2696 2784 es
2726 2730 2876 2801 ejus,
2912 2736 3012 2787 aut
3043 2732 3201 2788 ﬁlius
3227 2733 3507 2802 hominis,

212 2816 395 2888 lulier,
423 2824 554 2888 etc.,
588 2836 782 2893 usque
810 2820 883 2876 ad
932 2822 1003 2876 in
1040 2821 1282 2876 silentio.
1319 2821 1481 2888 Quod
1532 2820 1752 2876 dictum
1862 2819 1997 2882 etc.,
2024 2826 2196 2887 usque
2241 2816 2312 2870 ad
2360 2816 2561 2871 beatos
2607 2817 2731 2872 ﬁeri
2764 2818 3059 2889 praedicat.
3093 2819 3223 2893 (Id.,
3256 2830 3415 2878 tract.
3452 2825 3509 2877 in

159 2908 243 2971 est,
268 2910 319 2962 et
343 2909 410 2964 ad
457 2909 654 2966 virum
703 2914 872 2965 tuum
922 2909 1222 2966 conversio
1270 2914 1393 2972 tua.
1428 2913 1485 2966 et
1513 2909 1637 2981 ipse
1666 2909 1755 2965 tui
1858 2905 2005 2975 psal.
2037 2920 2158 2973 vm,
2190 2908 2333 2960 tom.
2368 2904 2460 2973 IV,
2493 2909 2641 2977 part.
2676 2923 2714 2973 1,
2751 2905 2858 2961 col.
2892 2906 3039 2978 113.)

161 2993 521 3067 dominabitur,
545 3004 871 3071 etc.,usque
898 2997 968 3055 ad
997 3002 1053 3054 et
1082 2998 1394 3071 augebitur
1422 2997 1751 3070 culpa.(Id.,
2517 3001 2750 3058 CAPUT
2787 3003 2854 3059 V.

157 3081 230 3137 lib.
257 3099 308 3141 χι
332 3085 392 3142 de
420 3087 546 3143 Gen.
601 3087 682 3144 ad
731 3088 861 3153 ιῑιιη
902 3091 1044 3143 tom.
1080 3086 1178 3153 IlI,
1212 3091 1361 3159 part.
1395 3105 1434 3153 1,
1466 3085 1573 3141 col.
1607 3086 1754 3158 450.)
1933 3083 2233 3149 Seniorem,
2264 3080 2399 3153 etc.,
2432 3097 2619 3154 usque
2650 3082 2719 3137 ad
2748 3092 3024 3156 acceptum
3053 3092 3133 3141 est
3156 3102 3341 3143 coram
3375 3093 3504 3146 Deo.

208 3172 544 3245 Adam'enim,
567 3181 710 3245 etc.,
738 3190 925 3249 usque
954 3175 1026 3232 ad
1057 3177 1118 3231 in
1143 3176 1601 3249 prm’aricatione
1619 3175 1748 3247 fuit.
1792 3228 1843 3249 _,
1862 3171 2061 3238 Qualis
2085 3170 2183 3226 illa
2213 3175 2335 3228 erat
2363 3170 2605 3226 docente
2624 3174 2682 3227 te
2702 3171 2982 3247 magistro
3001 3173 3209 3231 intimo
3231 3176 3287 3231 in
3312 3177 3509 3234 schola

154 3257 203 3314 Si
215 3260 321 3332 jam
351 3242 639 3337 spiritalis
666 3242 803 3321 erat
828 3242 1035 3333 Adam,»
1070 3242 1359 3336 quamvis
1386 3242 1749 3332 mentepnon
1782 3242 1843 3309 θ’
1865 3261 2133 3334 pectoris,
2167 3265 2301 3326 etc.,
2330 3276 2503 3333 usque
2530 3260 2600 3315 ad
2648 3242 2829 3332 quasi
2840 3244 2841 3247 η
2866 3262 2937 3317 ab
2988 3263 3263 3335 omnibus
3310 3266 3507 3338 genita

153 3358 365 3426 corpore,
401 3357 533 3422 etc.,
585 3363 760 3426 usque
803 3353 876 3409 ad
923 3352 1236 3409 invidendo
1284 3352 1582 3408 vetuisset.
1618 3353 1750 3425 (Id.,
1862 3350 2089 3405 fuisset.
2126 3349 2256 3421 (Id.,
2287 3348 2387 3404 lib.
2423 3350 2669 3420 Con/ess.
2704 3368 2782 3421 1x,
2814 3354 2956 3406 tom.
2991 3351 3036 3421 Ι,
3067 3352 3175 3408 col;
3203 3353 3355 3422 773.)

152 3424 275 3519 Ibid”
303 3431 402 3487 col.
430 3434 535 3488 452
562 3437 624 3490 et
655 3424 804 3505 seq.)
1630 3424 1633 3425 ⁷
1911 3440 2077 3519 Quae
2107 3446 2285 3494 autem
2314 3450 2443 3493 vere
2465 3437 2651 3506 vidua,
2686 3444 2820 3515 etc.,
2842 3457 3032 3519 usque
3054 3442 3124 3496 ad
3146 3450 3305 3519 nocte
3325 3450 3378 3499 et
3393 3443 3502 3519 die.

200 3515 472 3590 Superbus
504 3522 609 3579 ille
636 3520 905 3595 angelus,
932 3537 1003 3577 ac
1032 3534 1136 3593 p‘er
1178 3521 1289 3577 hoc
1335 3521 1589 3589 invidus,
1618 3526 1750 3591 etc.,
1863 3516 2067 3585 Omnis
2111 3526 2303 3583 anima
2350 3543 2475 3599 quae
2525 3526 2800 3601 intelligit
2849 3546 2912 3585 se
2955 3518 3295 3587 derelictam
3345 3516 3504 3587 omni

151 3616 283 3676 tum
322 3609 389 3664 ad
412 3610 636 3668 diaboli
677 3610 907 3683 laqueis
935 3608 1237 3683 implicati.
1271 3611 1403 3680 (Id.,
1438 3611 1536 3666 lib.
1566 3628 1664 3667 XIV
1691 3612 1757 3667 de
1864 3615 2100 3682 auxilio,
2132 3620 2266 3680 etc.,
2300 3631 2471 3686 usque
2498 3616 2569 3670 ad
2599 3615 2883 3672 auxilium
2917 3622 3124 3690 praesto
3152 3623 3241 3675 est
3262 3618 3506 3692 illi.(ld.,

150 3692 274 3783 Ciuit.
304 3701 442 3766 Dei.,
471 3704 623 3757 tom.
656 3700 777 3769 VII,
807 3699 916 3757 col.
952 3699 1057 3755 419
1086 3702 1143 3754 et
1173 3703 1324 3771 seq.)
1865 3712 2020 3761 tract.
2037 3706 2096 3759 in
2118 3704 2461 3776 psal.cxxx1,
2481 3705 3254 3783 tom.lV,part.11,col.1725
3273 3712 3339 3764 et
3358 3725 3482 3782 seq.

202 3781 503 3856 Saluabitur,
534 3793 676 3852 etc.,
707 3789 999 3861 usquead
1031 3802 1157 3843 eum
1203 3787 1509 3844 sobrietate.
1544 3791 1609 3843 In
1644 3788 1755 3844 isto
1936 3793 2217 3848 Concerta
2250 3792 2309 3846 in
2359 3792 2641 3859 oratione,
2671 3792 2836 3849 vince
2881 3793 2989 3849 hoc
3039 3781 3340 3865 saeculum,
3373 3781 3508 3867 etc.,

150 3878 259 3927 sexu
284 3876 519 3933 masculi
549 3882 613 3934 et
633 3877 885 3946 feminae,
906 3875 1211 3949 apostolus
1238 3876 1454 3932 Paulus
1487 3877 1760 3933 oocultio-
1867 3896 2035 3954 usque
2063 3881 2133 3938 ad
2163 3880 2572 3936 nulla‘damna
2601 3881 2900 3938 formides.
2928 3883 3254 3955 (Id.,lib.ad
3283 3872 3513 3943 Probum

152 3957 223 4014 nis
244 3964 532 4035 cujusdam
566 3966 679 4035 rei,
709 3970 843 4038 etc.,
877 3982 1047 4040 usque
1089 3965 1163 4021 ad
1204 3965 1589 4022 sanctiﬁcatio
1643 3983 1757 4022 non
1867 3974 1931 4029 de
1961 3988 2042 4027 or.
2074 3972 2202 4037 Deo,
2234 3974 2378 4025 tom.
2415 3970 2482 4039 Il,
2517 3970 2623 4026 col.
2655 3972 2805 4043 506.)

152 4045 420 4111 invenitur;
445 4057 585 4125 (Id.,
624 4053 707 4111 lib
753 4055 1223 4121 n1deTriniL,
1275 4058 1435 4110 tom.’
1471 4055 1622 4121 VIII,
1647 4055 1757 4112 col.
1940 4063 2402 4132 QuantaCunque
2448 4060 2863 4132 temporalium
2907 4060 3196 4116 bonorum
3244 4063 3517 4121 felicitate

154 4132 299 4206 4004.)
1870 4149 2269 4216 circumﬂuas,
2291 4151 2425 4216 etc.,
2456 4165 2624 4220 usque
2644 4149 2714 4203 ad
2739 4148 3171 4221 incorruptione
3196 4155 3514 4223 vegetatur.

203 4224 507 4288 Cormaum
538 4236 600 4289 et
624 4248 764 4288 caro
793 4247 924 4287 mea
943 4231 1379 4288 exsultaverunt
1398 4231 1458 4286 in
1480 4231 1663 4288 Deum
1687 4234 1763 4289 vi-
1871 4238 2001 4311 (Id.,
2035 4238 2191 4303 ibid.,
2226 4235 2334 4292 col.
2371 4236 2476 4290 496
2503 4240 2571 4290 et-
2589 4236 2736 4307 seq.)

152 4326 277 4387 mm,
305 4322 432 4386 etc.,
461 4337 639 4395 usque
669 4321 741 4376 ad
783 4337 1022 4393 operare
1065 4336 1241 4393 opera
1290 4325 1410 4375 tua.
1444 4321 1572 4391 (Id.,
1603 4329 1757 4377 tract.
1941 4324 2368 4397 Deliciaeigitur
2389 4323 2680 4395 spiritales
2701 4323 2926 4381 deliciis
2948 4326 3283 4383 carnalibus
3304 4327 3364 4383 in
3388 4345 3518 4384 san-

152 4400 196 4456 ἔπ
236 4408 363 4477 psal.
413 4426 651 4477 Lxxxm,
699 4415 844 4466 tom.
895 4408 989 4477 IV,
1038 4413 1191 4483 part.
1245 4426 1303 4478 11,
1354 4409 1464 4465 col.
1521 4411 1659 4465 1060
1707 4416 1765 4468 et
1871 4419 1964 4472 cta
1991 4415 2257 4469 castitate
2288 4412 2621 4480 succedant,
2657 4416 2791 4483 etc.,
2823 4429 2995 4485 usque
3035 4415 3105 4470 ad
3142 4419 3207 4470 ut
3235 4416 3389 4471 Deus
3420 4433 3514 4472 ac-

152 4498 270 4564 seq.)
1622 4522 1627 4523 ί
1871 4504 2159 4576 quiratur.
2209 4502 2344 4571 (Id.,
2386 4502 2482 4557 lib.
2531 4501 2600 4557 de
2647 4506 2794 4558 Bono
2841 4503 3070 4572 viduii.,
3100 4508 3241 4559 tom.
3276 4502 3367 4573 VI,
3402 4504 3512 4561 col.

202 4582 389 4676 Qualis
408 4589 568 4660 pax?
599 4602 781 4661 quam
808 4585 1015 4643 oculus
1048 4603 1162 4643 non
1185 4586 1461 4655 vidit,nec
1484 4590 1645 4645 auris
1666 4607 1765 4645 au-
1795 4613 1839 4676 ι)
1873 4594 1976 4648 447
2006 4596 2063 4647 et
2092 4594 2243 4663 seq.)

152 4667 280 4738 divit,
305 4680 433 4748 etc.,
466 4694 644 4751 usque
673 4677 744 4733 ad
772 4694 884 4750 pax
909 4693 1089 4749 super
1118 4677 1319 4733 Israel.
1351 4678 1480 4747 (Id.,
1514 4688 1666 4736 tract.
1701 4683 1761 4735 in
1795 4667 1835 4676 ”
1941 4681 2049 4745 Qui
2077 4680 2299 4737 exaltas
2331 4696 2424 4734 me
2455 4680 2524 4733 de
2575 4678 2757 4750 portis
2808 4679 3035 4748 mortis,
3067 4684 3200 4749 etc.,
3233 4697 3403 4753 usque
3447 4683 3519 4738 ad

148 4759 258 4826 PW-
286 4777 487 4836 cxxvu,
522 4772 672 4823 tom.
703 4766 799 4834 IV,
836 4771 985 4839 part.
1021 4783 1080 4835 ιι,
1115 4765 1226 4822 col.
1260 4767 1446 4836 1688.)

1967 4788 1978 4805 ο
2006 4773 2204 4843 portas
2234 4768 2439 4824 mortis
2469 4766 2822 4838 pervenitur.
2857 4769 2988 4837 (Id.,
3022 4777 3161 4826 tract
3191 4773 3249 4827 in
3267 4773 3410 4844 psal.
3436 4790 3513 4842 1x,

750 4860 983 4921 CAPUT
1031 4864 1134 4919 III.
1874 4865 2015 4915 tom.
2050 4858 2146 4927 IV,
2174 4860 2324 4930 part.
2357 4873 2397 4922 1,
2431 4853 2539 4909 col.
2574 4854 2725 4923 123.)

204 4938 381 4999 Fidelis
405 4960 593 5001 sema
621 4965 640 5000 :
669 4945 733 5001 Si
761 4946 903 5018 quis,
955 4948 1088 5015 etc.,
1141 4960 1329 5017 usque
1387 4946 1459 5000 ad
1513 4947 1770 5002 columna
1945 4946 2080 5002 Vita
2109 4962 2235 5019 quae
2264 4944 2322 4999 in
2356 4942 2610 5016 peccatis
2640 4948 2746 5012 est,
2782 4962 2940 5002 mors
2971 4946 3248 5020 appellari
3280 4948 3340 5005 in
3368 4950 3519 5007 Scri-

149 5028 606 5095 elﬁmamentum
636 5035 905 5090 veritatis.
938 5034 1135 5089 Necsi
1161 5050 1292 5090 esse
1321 5035 1636 5107 quisquam
1666 5036 1767 5091 de-
1875 5036 2066 5110 pturis
2098 5035 2264 5101 solet,
2297 5036 2431 5101 etc.,
2464 5048 2635 5104 usque
2662 5033 2732 5088 ad
2762 5039 2998 5108 tangere
3030 5042 3350 5094 mortuum.
3385 5042 3518 5110 (Id.,

149 5110 483 5190 betotiosus,
518 5137 692 5195 usque
708 5123 783 5178 ad
801 5124 1103 5195 opprimat
1124 5124 1238 5179 ista
1268 5123 1605 5181 necessitas.
1637 5124 1764 5193 (Id.,
1878 5126 1973 5182 lib.
2006 5132 2177 5181 contr.
2211 5122 2481 5192 Manich.,
2515 5126 2657 5177 tom.
2693 5127 2790 5189 III,
2824 5129 2970 5195 part.
3006 5143 3042 5191 1,
3074 5126 3182 5182 col.
3215 5129 3363 5201 212.)

148 5200 225 5259 lib.
250 5211 431 5266 κατὰ
460 5210 699 5268 Ciuita'te
722 5213 841 5279 Dei,
873 5217 1013 5267 tom.
1050 5212 1168 5278 VII,
1203 5210 1315 5267 col.
1341 5213 1491 5281 647.)
1780 5206 1783 5207 ⁷
1944 5215 2011 5271 Si
2039 5215 2161 5286 quis
2210 5219 2415 5279 autem,
2447 5219 2573 5278 etc.,
2608 5228 2795 5284 usque
2842 5213 2913 5268 ad
2960 5216 3011 5269 si
3055 5217 3198 5287 ﬁlios
3244 5200 3518 5272 educavit.

202 5293 567 5371 Etmanifeste
596 5316 877 5374 magnum,
908 5304 1042 5367 etc.,
1086 5316 1272 5373 usque
1319 5302 1390 5356 ad
1434 5311 1770 5376 assumptum
1877 5302 2023 5369 Quia
2050 5303 2166 5356 duo
2216 5301 2507 5373 praecipua
2556 5304 2859 5373 praecepta,
2891 5302 3000 5359 hoc
3038 5309 3126 5361 est
3156 5307 3227 5361 ad
3257 5303 3520 5359 dilectio-

144 5390 208 5436 ιιι
230 5386 284 5440 in
310 5388 649 5457 gloria.Non
681 5390 740 5445 in
769 5390 886 5446 Deo
916 5393 1150 5445 tantum
1202 5389 1515 5448 innotescit
1545 5391 1768 5465 angelis
1876 5404 2007 5445 nem
2038 5388 2164 5453 Dei,
2194 5390 2249 5441 et
2276 5386 2668 5455 dilectionem,
2704 5392 2840 5459 etc.,
2873 5407 3043 5462 usque
3070 5392 3140 5446 ad
3171 5388 3386 5444 inﬁdeli
3420 5390 3519 5446 de-

148 5474 285 5541 quod
304 5476 720 5536 absconditum
751 5483 860 5549 est,
892 5482 1025 5547 etc.,
1058 5492 1234 5553 usque
1266 5479 1335 5534 ad
1385 5478 1513 5551 ipsa
1556 5480 1768 5537 veritas
1876 5480 2073 5536 terior.
2108 5478 2237 5551 (Id.,
2273 5477 2370 5532 lib.
2402 5494 2495 5531 XIX
2524 5476 2588 5531 de
2618 5479 2780 5536 Civil.
2813 5479 2929 5549 Dei,
2960 5496 3077 5550 cap.
3113 5480 3196 5546 14,
3229 5481 3373 5546 tom,
3393 5478 3518 5549 VII,

143 5557 346 5622 clmt.
369 5569 518 5638 (Id.,
553 5569 654 5625 lib.
686 5584 721 5624 v
750 5569 815 5625 de
844 5568 973 5626 Gen.
996 5567 1067 5624 ad
1095 5568 1228 5635 litt.,
1252 5570 1395 5623 tom.
1429 5568 1528 5636 IlI,
1553 5572 1701 5640 part.
1726 5586 1768 5638 1,
1878 5568 1987 5625 col.
2018 5569 2127 5623 642
2157 5570 2213 5623 et
2244 5567 2390 5639 seq.)

146 5646 233 5703 col.
262 5653 411 5724 335.)
756 5720 761 5723 _
1949 5657 2095 5714 Cum
2123 5656 2366 5712 vidisset
2395 5668 2530 5729 ergo
2558 5655 2731 5712 Jesus
2763 5660 3007 5711 matrem
3059 5658 3129 5711 διε
3163 5654 3520 5730 discipulum
