3914 6166
190 344 291 409 105

1001 345 1407 408 EXPOSITIO
1452 344 1531 407 IN
1574 343 1743 406 EPP.
1776 341 2267 406 PAULL—EP.
2301 345 2354 407 II
2399 348 2503 408 AD
2544 347 2711 409 TIM.

3436 347 3554 409 406

250 480 457 553 Pauper
478 474 578 535 Dei
609 474 671 534 in
722 478 918 537 animo
968 483 1086 537 est:
1135 496 1251 536 non
1281 479 1343 535 in
1372 477 1606 546 saeculo,
1656 482 1789 543 etc.,
1820 473 1976 546 Axv
2027 482 2198 535 cbntr.
2260 479 2465 549 Faust.,
2542 486 2686 539 tom.
2747 480 2890 551 VIII,
2955 479 3063 539 col.
3119 480 3225 538 313
3279 484 3337 537 et
3406 484 3555 559 seq.)

191 568 642 643 usque'adsaturet
670 568 944 641 panibus.
977 569 1110 639 (Id.,
1142 576 1297 625 tract.
1330 570 1391 623 in
1434 569 1576 640 psal.
1610 584 1798 634 cxxxr,

190 664 313 717 tom.
343 657 430 722 IV,
460 660 606 729 part.
641 674 704 722 ιι,
738 656 846 714 col.
882 656 1065 729 1727.)

250 748 285 803 0
310 748 728 815 thimotee,etc.,
780 763 969 818 usque
1000 746 1073 802 ad
1104 751 1292 804 Amen.
1324 746 1534 803 Veniat
1562 746 1621 803 in
1646 762 1805 803 men-

1980 568 2104 624 Non
2136 569 2293 625 enim
2328 569 2427 637 ait,
2461 570 2725 627 devitans
2757 572 3065 628 verborum
3100 570 3405 638 novitates,
3455 571 3554 626 sed

1911 656 2155 724 addidit,
2188 661 2320 726 etc.,
2351 676 2520 730 usque
2550 659 2620 715 ad
2663 659 2821 715 velut
2868 659 3224 733 imperitiam
3274 659 3556 716 deridere.

1908 746 2042 815 (Id.,
2075 754 2234 803 tract.
2265 749 2301 800 7
2333 750 2393 803 in
2413 751 2627 821 Evang.
2651 764 2755 805 sec.
2786 751 2966 805 Joan..
3000 753 3143 805 tom.
3170 749 3271 819 III,
3314 751 3463 821 part.
3496 764 3559 815 ιι,

188 839 286 892 tem
314 836 578 892 adversus
606 833 757 891 tales
780 834 1103 907 apostolica
1123 834 1223 891 illa
1235 835 1577 892 admonitio.
1599 835 1803 909 Aptavi
1911 833 2020 891 col.
2054 835 2191 891 1879
2216 839 2273 891 et
2302 840 2450 909 seq.)

187 941 291 994 vos,
335 928 458 990 etc.,
506 939 677 996 usque
727 923 797 979 ad
855 923 1155 997 apostolus
1212 922 1448 980 Paulus.
1508 924 1640 994 (Id.,
1703 925 1800 981 lib.

872 1276 986 1362 IN
1042 1274 1685 1365 EPIS'I‘OLAM
1741 1276 1816 1362 II
1873 1275 2015 1361 AD
2076 1274 2815 1367 TIMOTHEUM.

1640 1478 2065 1491 -Ψ

330 1684 341 1694 ,
560 1683 569 1692 ,
701 1626 1233 1683 ARGUMENTUM.

234 1716 359 1772 Item
389 1715 698 1772 Timotheo
729 1716 931 1772 scribit
961 1717 1031 1772 de
1060 1716 1464 1773 exhortatione
1506 1718 1790 1792 martyrii,

177 1808 224 1860 et
241 1804 414 1860 omnis
446 1804 664 1878 regulae
693 1804 988 1861 veritatis:
1018 1808 1076 1861 et
1106 1806 1245 1878 quid
1271 1807 1534 1862 futurum
1568 1806 1794 1863 sittem-

176 1894 381 1967 poribus
408 1893 773 1964 novissimis,
795 1897 862 1951 .et
890 1895 960 1951 de
990 1911 1100 1950 sua
1145 1894 1418 1967 passione
1468 1896 1731 1952 scribens
1762 1914 1795 1953 a

176 1983 346 2040 Roma.

675 2072 907 2128 CAPUT
949 2072 1258 2130 PRIMUM.

230 2162 415 2217 Paulus
467 2161 751 2234 apostolus
804 2162 932 2218 Iesu
988 2162 1191 2218 Christi
1264 2170 1323 2218 tu
1383 2164 1576 2219 melius
1626 2166 1789 2220 nosti.

174 2249 223 2305 In
247 2250 342 2306 hoc
368 2249 635 2323 Apostoli
669 2250 1008 2306 testimonio
1057 2267 1257 2308 cavere
1305 2251 1608 2321 debemus,
1655 2257 1790 2325 etc.,

172 2355 311 2411 usque
336 2340 401 2395 ad
426 2343 707 2412 operetur
738 2339 1099 2413 patientiam.
1139 2340 1267 2413 (Id.,
1288 2358 1449 2397 serm.
1481 2342 1707 2411 degrat.
1741 2350 1791 2398 et

173 2428 251 2482 lib.
278 2431 409 2496 arb.,
443 2433 593 2484 tom.
631 2472 644 2484 .
677 2428 743 2497 X,
777 2432 926 2501 part.
960 2446 1001 2495 ι,
1033 2429 1143 2485 col.
1175 2431 1279 2484 904
1310 2435 1368 2486 et
1399 2431 1546 2503 seq.)

224 2516 391 2588 Major
420 2517 647 2590 quippe
676 2517 921 2574 libertas
952 2522 1043 2575 est
1068 2519 1419 2585 necessaria,
1453 2524 1585 2586 etc.,
1622 2537 1790 2592 usque

168 2604 543 2662 adcruciantia
576 2611 939 2679 superarent.
972 2608 1107 2675 (Id.,
1138 2610 1234 2663 lib.
1270 2609 1334 2665 de
1362 2612 1589 2665 Corr.et
1618 2618 1787 2678 εῖναι,

172 2697 287 2750 tom.
316 2695 378 2766 X,
410 2699 568 2767 part.
602 2713 643 2763 ι,
675 2695 785 2751 col.
817 2697 922 2751 937
953 2702 1011 2752 et
1038 2697 1184 2769 seq.)

792 2784 1025 2841 CAPUT
1064 2787 1134 2841 II.

226 2874 289 2928 Tu
304 2890 442 2943 ergo,
474 2875 591 2944 ﬁli,
623 2873 763 2929 alios
794 2873 999 2930 docere.
1033 2873 1344 2931 Excellenti
1379 2891 1516 2948 ergo
1563 2876 1789 2932 sancti-

162 2963 255 3016 tate
282 2961 624 3028 eminentes,
657 2965 793 3029 etc.,
816 2978 986 3034 usque
1015 2962 1431 3019 adsalubriter
1462 2964 1783 3019 imitentur.

170 3050 274 3121 (Id.,
301 3059 451 3118 trncl,
486 3055 553 3107 in
579 3053 727 3124 psal.
761 3069 910 3117 LXXI,
942 3056 1085 3107 tom.
1112 3052 1203 3120 IV,
1240 3056 1388 3123 part.
1424 3071 1461 3122 ι,
1493 3052 1602 3108 col.
1634 3054 1784 3126 904.)

221 3141 406 3196 Labore
430 3144 491 3196 in
520 3142 782 3197 omnibus
814 3142 1167 3197 intellectum.
1202 3141 1575 3197 Timotheum
1609 3160 1784 3214 quem

168 3226 281 3284 dicit
306 3229 830 3303 germanissimum
862 3229 1070 3296 lilium,
1096 3234 1230 3297 etc.,
1251 3247 1421 3302 usque
1439 3232 1510 3286 ad
1529 3230 1789 3287 saluber-

164 3317 283 3374 rime
307 3319 598 3376 hortatur.
633 3316 765 3386 (Id.,
800 3319 900 3374 lib.
932 3319 997 3375 de
1025 3335 1173 3391 oper.
1194 3320 1467 3385 monach.,
1488 3324 1631 3376 tom.
1664 3321 1786 3389 VI.)

1899 1629 2223 1704 telligimus
2251 1647 2564 1703 corporum
2583 1631 3068 1687 resurrectionem
3097 1631 3393 1702 (Id.,traet.
3415 1648 3552 1687 xvm

1906 1721 1967 1775 in.
1995 1724 2208 1793 Evang.
2240 1737 2345 1776 sec.
2377 1723 2561 1792 Joan.,
2590 1724 2732 1778 tom.
2768 1721 2865 1788 III,
2899 1724 3048 1793 part.
3082 1738 3141 1790 ιι,
3174 1719 3283 1776 col.
3331 1720 3462 1776 1551
3498 1725 3556 1776 et

1902 1826 2050 1865 860.)
2394 1836 2397 1839 '

1969 1810 2251 1955 (Ninnulli
2285 1900 2442 1957 enim
2472 1899 2839 1956 attendentes
2878 1900 3074 1969 verba,
3116 1902 3249 1965 etc.,
3280 1914 3449 1970 usque
3485 1898 3556 1954 ad

1908 1987 1969 2042 in
2028 1988 2403 2045 tribulatione
2461 1988 2766 2061 patientes.
2824 1988 2951 2058 (Id.,
3017 1989 3114 2043 lib.
3172 1987 3244 2042 ad
3293 1990 3553 2054 Januar.,

1824 2063 1873 2128 Β
1904 2079 2046 2131 tom.
2080 2077 2151 2143 II,
2184 2076 2294 2132 col.
2327 2077 2484 2147 206.)

1970 2165 2074 2221 Sed
2099 2166 2342 2237 ﬁrmum,
2377 2170 2509 2232 etc.,
2543 2182 2729 2237 usque
2742 2165 2815 2220 ad
2835 2180 3032 2221 nomen
3052 2164 3289 2221 Domini.
3315 2162 3555 2219 Dicebat

1897 2254 2238 2328 Apostolus:
2272 2255 2354 2309 Ex
2402 2255 2619 2327 quibus
2664 2257 2754 2310 est
2802 2254 3149 2327 Hymenaeus
3178 2257 3235 2307 et
3265 2251 3549 2319 Philetus,

1899 2348 2033 2411 etc.,
2074 2360 2244 2416 usque
2291 2344 2361 2399 (ul
2391 2344 2462 2399 ab
2493 2342 2803 2415 iniquitate
2859 2343 3082 2399 recede.
3119 2342 3249 2413 (Id.,
3301 2349 3455 2397 tract.
3492 2344 3553 2397 in

1894 2434 2038 2505 psal.
2071 2450 2205 2499 xcn,
2238 2437 2379 2488 tom.
2416 2432 2507 2498 IV,
2539 2436 2688 2504 part.
2721 2448 2781 2495 ιι,
2815 2430 2925 2486 col.
2960 2432 3151 2499 1185.)

1970 2522 2123 2578 Satis
2154 2522 2310 2577 enim
2345 2521 2521 2577 ﬁxum
2559 2525 2736 2593 atque
2768 2519 3070 2575 immobile
3091 2521 3262 2576 debet
3284 2522 3457 2575 corde
3472 2537 3553 2575 re-

1896 2610 2089 2676 tineri,
2118 2615 2223 2666 etc.
2281 2627 2449 2683 usque
2486 2611 2556 2666 ad
2589 2611 2854 2666 nominat
2882 2626 3094 2664 nomen
3137 2609 3367 2664 Domini
3420 2609 3548 2681 (Id.,

1899 2701 1994 2756 lib.
2027 2700 2091 2755 de
2117 2700 2484 2755 oatechizaml.
2514 2700 2680 2765 Rud.,
2714 2703 2854 2754 tom.
2888 2698 2985 2763 VI,
3012 2698 3121 2753 col.
3155 2699 3278 2754 323.

1969 2789 2084 2845 Nec
2114 2792 2341 2845 moveat
2370 2789 2523 2860 quod
2556 2804 2708 2859 saepe
2736 2786 3005 2843 diabolus
3027 2787 3254 2842 seducit
3281 2786 3457 2842 etiam
3479 2785 3550 2840 il-

1895 2876 2005 2945 los,
2068 2881 2203 2943 etc.,
2244 2893 2415 2949 usque
2443 2877 2512 2931 ad
2543 2876 2804 2948 seipsum
2856 2874 3013 2930 videt
3069 2875 3199 2946 (Id.,
3259 2875 3352 2930 ltb.
3384 2891 3456 2928 xx
3484 2874 3551 2929 de

1898 2967 2058 3022 Civit.
2097 2968 2210 3031 Dei,
2245 2970 2386 3021 tom.
2414 2965 2536 3035 VII,
2572 2964 2679 3019 col.
2708 2963 2858 3034 669.)

1963 3054 2233 3109 Nondum
2266 3052 2539 3125 apparuit
2561 3051 2875 3123 judibium,
2910 3052 3008 3106 sed
3034 3051 3162 3122 jam
3194 3050 3412 3105 factum
3435 3053 3545 3126 est,

1894 3147 2026 3211 etc.,
2059 3159 2229 3214 usque
2252 3143 2322 3197 ad
2352 3142 2510 3197 novit
2538 3140 2778 3196 zizania.
2812 3140 2916 3213 (Id.
2951 3147 3110 3195 tract.
3146 3139 3216 3195 12
3246 3141 3307 3193 in
3339 3141 3544 3208 Evang.

1892 3250 1996 3289 sec.
2026 3235 2209 3298 Joan.,
2242 3236 2383 3287 tom.
2419 3231 2514 3299 ΙΙΙ,
2549 3234 2698 3303 part.
2733 3248 2795 3298 ιι,
2827 3228 2936 3285 col.
2974 3228 3155 3300 1490.)

1965 3322 2134 3377 Modo
2167 3321 2323 3377 enim
2355 3338 2567 3392 corpus
2598 3319 2810 3374 Christi
2845 3319 3092 3374 mistum
3145 3321 3235 3374 est
3264 3321 3546 3390 tanquam

220 3406 493 3464 Profectus
526 3407 795 3464 ﬁdelium
828 3407 955 3463 sine
982 3408 1325 3476 tentatione,
1357 3412 1490 3476 etc.,
1523 3426 1692 3480 usque
1716 3410 1787 3466 ad
1818 3430 1861 3497 α
1899 3428 2053 3477 area,
2087 3413 2220 3476 etc.,
2279 3426 2451 3482 usque
2504 3409 2573 3464 ad
2603 3408 2798 3464 salvus
2855 3408 2984 3463 erit.
3038 3407 3170 3478 (Id.,
3227 3407 3385 3474 ibid.,
3437 3407 3550 3463 col.

163 3498 432 3553 tentationi
465 3497 776 3554 resistens.
809 3497 941 3568 (Id.,
977 3497 1076 3553 lib.
1107 3498 1253 3553 Sent.
1274 3499 1784 3569 Prosperi,tom.X,

165 3589 288 3653 part.
317 3604 377 3653 ιι,
406 3587 515 3643 col.
553 3586 737 3657 1877.)

216 3673 408 3730 Filium
421 3673 692 3731 hominis
704 3673 1003 3729 Christum
1022 3675 1104 3730 ita
1127 3675 1435 3741 credanus,
1453 3679 1587 3740 etc.,
1620 3691 1789 3747 usque

162 3761 217 3813 ad
242 3767 292 3817 et
318 3763 501 3819 lilium
536 3762 823 3819 hominis.
858 3764 992 3832 (Id.,
1028 3764 1127 3818 lib.
1159 3771 1330 3819 contr.
1366 3765 1573 3830 Faust.,
1607 3763 1697 3819 tit.
1731 3767 1784 3831 3,

162 3850 277 3906 tom.
304 3851 447 3917 VIII,
478 3850 601 3908 col.
633 3853 742 3906 209
771 3855 827 3908 et
853 3852 998 3924 seq.)

213 3938 271 3993 Et
296 3941 507 4013 repulit
542 3940 995 3996 tabernaculum
1052 3940 1293 4013 Josepb,
1327 3945 1463 4012 etc.,
1514 3959 1682 4014 usque
1718 3943 1789 3998 ad

158 4030 443 4086 secundum
474 4028 863 4103 Evangelium
897 4046 1115 4085 meum.
1172 4030 1303 4098 (Id,,
1352 4037 1507 4086 tract.
1554 4033 1616 4085 in
1640 4032 1784 4102 psal.

160 4129 332 4187 tum,
359 4122 504 4174 tom.
542 4117 641 4186 IV,
669 4122 820 4189 part.
846 4136 884 4186 ι,
918 4118 1029 4173 col.
1064 4119 1204 4173 1006
1235 4122 1292 4172 et
1322 4120 1468 4190 seq.)

213 4203 265 4259 In
291 4223 389 4279 quo
446 4207 644 4263 laboro
700 4211 834 4275 etc.,
889 4223 1079 4280 usque
1132 4206 1204 4261 ad
1238 4208 1461 4262 verbum
1516 4210 1782 4263 veritatis.

159 4288 610 4367 Credidi,!inquit,
626 4294 1587 4368 propterquodlocutussum,etc.,
1620 4312 1788 4370 usque

160 4378 214 4432 ad
235 4397 329 4455 ego
356 4383 715 4439 humiliatus
735 4401 868 4439 sum
884 4383 1081 4439 nimis.
1097 4384 1396 4448 (Id.,tract.
1415 4386 1475 4439 in
1498 4386 1641 4455 psal.
1656 4402 1782 4453 cxv,

161 4470 275 4523 tom.
306 4471 394 4535 IV,
427 4476 587 4544 part.
621 4489 684 4539 ιι,
717 4470 828 4527 col.
862 4471 1042 4542 1492.)

213 4556 360 4614 Dicat
387 4576 530 4633 ergo
565 4559 824 4616 Ecclesia
849 4561 1086 4628 Christi,
1123 4560 1325 4616 civitas
1361 4560 1513 4633 regis
1562 4562 1781 4635 magni,

159 4648 265 4713 etc.,
302 4665 469 4720 usque
523 4648 598 4704 ad
638 4664 744 4703 nec
776 4648 834 4703 in
894 4648 1261 4721 praconihus
1320 4648 1591 4721 alligatis.
1647 4651 1781 4721 (Id.,

158 4731 236 4787 lib.
263 4753 366 4792 xvu
395 4737 461 4792 de
496 4738 667 4793 Civil.
695 4738 814 4802 Dei,
847 4741 994 4793 tom.
1026 4737 1150 4803 VII,
1182 4738 1291 4793 col.
1318 4739 1473 4807 528.)

211 4821 506 4895 Propterea
540 4843 659 4881 non
707 4830 977 4898 poterant
1019 4827 1270 4892 credere,
1331 4831 1464 4895 etc.,
1498 4845 1667 4900 usque
1713 4830 1783 4884 ad

156 4908 440 4969 voluntatis
472 4914 773 4970 humanae.
818 4916 953 4987 (Id.,
986 4923 1143 4972 tract.
1195 4917 1268 4971 53
1298 4916 1358 4970 in
1406 4918 1621 4986 Evang.
1673 4934 1779 4974 see.

155 4997 305 5063 Joan.,
335 5005 480 5057 tom.
520 5003 622 5071 III,
657 5007 808 5075 part.
842 5021 905 5072 ιι,
937 5003 1046 5059 col.
1084 5006 1265 5075 1776.)

213 5088 440 5160 Profana
471 5099 659 5147 autem
687 5096 822 5157 etc.,
838 5110 1027 5165 usque
1040 5094 1110 5149 ad
1144 5102 1204 5149 ut
1218 5110 1414 5149 cancer
1429 5098 1618 5167 serpit.
1638 5097 1783 5153 Cum

161 5172 256 5231 sint
282 5177 429 5235 inter
457 5198 523 5236 se
556 5181 671 5236 duo
701 5180 818 5237 ista
859 5183 1168 5247 contraria,
1210 5186 1343 5249 etc.,
1386 5198 1557 5256 usque
1593 5186 1681 5240 ad.
1726 5187 1784 5241 in

161 5262 286 5319 atria
310 5266 545 5322 Domini
608 5270 738 5341 (Id.,
771 5277 929 5326 tract.
980 5273 1041 5327 in
1085 5274 1226 5344 psal.
1262 5289 1453 5341 cxvm,
1514 5278 1655 5330 tom.
1692 5275 1784 5342 IV,

162 5356 288 5421 part.
314 5372 373 5421 ιι,
405 5355 519 5412 col.
560 5358 696 5414 1556
726 5363 783 5413 et
808 5360 957 5432 seq.)

219 5442 291 5497 Ea:
317 5446 517 5516 quibus
558 5454 637 5502 est
680 5452 816 5513 etc.,
868 5466 1055 5521 usque
1108 5451 1181 5505 ad
1212 5451 1559 5522 quorundam
1602 5452 1783 5521 fidem.

163 5526 349 5588 Omnes
378 5534 543 5589 enim
577 5541 743 5593 sectae
766 5556 895 5611 quae
926 5556 989 5594 se
1020 5539 1279 5611 aliquam
1314 5540 1650 5612 religionem
1682 5541 1784 5595 ho-

164 5618 392 5677 minibus
424 5624 1232 5701 inserereLpraasumpserunt,
1254 5634 1386 5697 etc.,
1424 5646 1589 5701 usque
1608 5630 1677 5684 ad
1708 5630 1789 5683 in-

1899 3502 2084 3568 1221.)

1969 3590 2048 3645 De
2079 3588 2196 3645 illis
2226 3588 2450 3656 ovibus,
2487 3589 2557 3643 de
2577 3587 2793 3660 quibus
2824 3586 2967 3642 dicit
2995 3584 3342 3658 Apostolus:
3385 3585 3557 3641 Novit

1897 3678 2182 3734 Dominus
2213 3677 2312 3750 qui
2347 3680 2488 3732 sunt
2514 3677 2642 3747 ejus
2676 3680 2783 3731 etc.
2815 3676 3066 3748 usquead
3096 3675 3167 3729 de
3190 3690 3368 3729 manu
3400 3691 3549 3732 mea.

1898 3767 2028 3839 (Id.,
2064 3766 2227 3833 ibid.,
2260 3764 2369 3821 col.
2405 3765 2587 3836 1725.)

1969 3856 2263 3911 Numerus
2293 3870 2429 3926 ergo
2452 3855 2774 3924 justorum,
2810 3853 2906 3925 qui
2942 3853 3268 3908 secundum
3300 3850 3558 3923 proposi-

1895 3949 2024 4000 tum
2056 3943 2270 4016 usqum!
2320 3946 2698 3998 sacrosancta
2736 3942 3040 4014 mysteria.
3095 3941 3227 4012 (Id.,
3277 3941 3375 3995 lib.
3423 3957 3459 3995 v
3491 3940 3556 3995 de

1900 4039 2054 4105 Bapt.
2089 4041 2260 4089 contr.
2301 4036 2522 4099 Donat.,
2557 4036 2701 4104 tom.
2737 4030 2829 4097 IV,
2862 4030 2969 4086 col.
3006 4030 3109 4084 195
3137 4032 3196 4084 et
3225 4029 3370 4100 seq.)

1966 4125 2031 4177 In
2076 4138 2276 4190 magna
2331 4128 2512 4176 autem
2554 4119 2729 4184 domo,
2785 4127 2908 4182 etc.,
2963 4134 3117 4188 uque
3160 4118 3232 4171 ad
3275 4116 3342 4171 de
3384 4117 3542 4171 corde

1892 4227 2051 4282 puro.
2086 4210 2379 4273 Quosdam
2432 4208 2530 4279 qui
2582 4208 2736 4261 circa
2765 4206 3065 4261 veritatem
3107 4206 3539 4272 aberraverant,
3596 4198 3603 4201 ⁷

1894 4303 2026 4367 etc.,
2060 4315 2228 4370 usque
2256 4298 2325 4352 ad
2356 4296 2600 4351 tolerare
2632 4299 2940 4367 coguntur.
2975 4294 3105 4364 (Id.,
3140 4292 3299 4357 ibid.,
3322 4291 3417 4347 lib.
3454 4308 3541 4361 ιιι,

1895 4386 2004 4443 col.
2040 4386 2188 4457 452.)

1969 4477 2045 4532 De
2074 4475 2290 4547 quibus
2320 4472 2401 4529 ait
2422 4471 2762 4546 Apostolus:
2788 4472 2989 4528 Sermo
3009 4486 3212 4525 eorum
3244 4469 3545 4525 sicutcan-

1895 4582 1991 4620 rer
2022 4565 2204 4636 serpit
2232 4568 2366 4633 etc.,
2400 4579 2569 4633 usque
2595 4562 2665 4617 ad
2697 4566 2760 4616 ut
2807 4576 3015 4614 cancer
3060 4558 3350 4631 serpebat.
3410 4558 3541 4629 (Id.,

1896 4654 2053 4722 ibid.,
2088 4653 2188 4708 lib.
2222 4670 2295 4718 IV,
2329 4651 2437 4706 col.
2471 4651 2576 4705 165
2601 4655 2657 4704 et
2686 4651 2834 4719 seq.)
3351 4716 3361 4727 ⁸

1965 4742 2254 4798 Omnibus
2285 4737 2667 4795 consideratis
2696 4741 2835 4809 puto
2859 4753 2950 4790 me
2974 4752 3085 4791 non
3102 4735 3543 4805 temeredicere,

1890 4835 2023 4897 etc.,
2055 4847 2223 4902 usque
2249 4830 2319 4884 ad
2350 4824 3011 4900 spiritualiterseparati
3036 4829 3195 4882 sunt.
3217 4825 3351 4896 (Id.,
3384 4825 3543 4891 ibid.,

1894 4921 1987 4975 lib.
2024 4936 2121 4986 vn,
2156 4917 2266 4973 col.
2297 4916 2447 4986 241.)

1962 5009 2043 5065 Ne
2075 5021 2407 5080 quaeramus
2438 5020 2571 5059 eum
2623 5004 2847 5075 absque
2895 5004 3083 5072 nobis,
3118 5008 3229 5060 etc.
3279 5020 3452 5076 usque
3474 5004 3545 5058 ad

1893 5099 1981 5153 vel
2014 5096 2190 5154 unius
2222 5094 2402 5150 moris
2429 5092 2489 5148 in
2521 5093 2714 5149 domo.
2750 5093 2882 5165 (Id.,
2913 5111 2983 5149 ex
3015 5102 3173 5150 tract.
3194 5094 3335 5166 psal.
3372 5107 3540 5155 vau,

1892 5192 2035 5243 tom.
2073 5186 2164 5253 IV,
2199 5187 2345 5257 part.
2382 5202 2421 5250 ι,
2454 5182 2562 5239 col.
2596 5184 2703 5239 815
2730 5186 2786 5238 et
2817 5184 2962 5255 seq.)

1965 5276 2043 5331 De
2074 5274 2230 5330 vasis
2287 5274 2479 5329 aureis
2509 5277 2567 5327 et
2621 5273 2933 5345 argenteis,
2995 5278 3129 5339 etc.,
3179 5288 3349 5344 usque
3389 5268 3461 5324 ad
3488 5272 3547 5323 et

1895 5365 2113 5420 ﬁctilia.
2150 5364 2280 5437 (Id.,
2313 5380 2382 5419 ea:
2413 5364 2509 5419 lib.
2544 5363 2775 5417 ltelract.
2810 5380 2873 5429 Il,
2908 5367 3049 5419 tom.
3085 5363 3128 5430 Ι,
3160 5359 3268 5416 col.
3295 5360 3420 5413 638.

1964 5454 2172 5527 Stultos
2202 5460 2405 5521 autem,
2436 5458 2557 5519 etc.,
2593 5468 2779 5523 usque
2811 5452 2881 5507 ad
2906 5455 3001 5524 qui
3023 5451 3278 5506 resistunt
3298 5448 3540 5502 veritati.

1897 5543 2114 5598 Mundo
2138 5546 2193 5597 et
2220 5541 2469 5614 simplici
2503 5540 2671 5595 oculo
2700 5558 2847 5612 opus
2877 5543 3056 5596 estut
3086 5535 3417 5591 inveniatur
3454 5536 3548 5593 via

1898 5632 2195 5704 sap7cntia:
2254 5637 2387 5699 etc.,
2450 5647 2616 5702 usque
2674 5631 2743 5686 ad
2798 5629 3118 5683 veritatem.
3178 5625 3311 5696 (Id.,
3370 5626 3468 5682 lib.
3500 5643 3543 5684 ιι
