  <div class='ocr_page' id='page_1' title='image "/cluster/home/n/w/nwhite01/storage/ocr_20150623/119/hvd.32044052820040/214.png"; bbox 0 0 3964 6168; ppageno 0'>
   <div class='ocr_carea' id='block_1_1' title="bbox 173 332 268 396">
    <p class='ocr_par' dir='ltr' id='par_1_1' title="bbox 173 332 268 396">
     <span class='ocr_line' id='line_1_1' title="bbox 173 332 268 396; baseline -0.042 -1"><span class='ocrx_word' id='word_1_1' title='bbox 173 332 268 396; x_wconf 70' lang='grc'>117</span> 
     </span>
    </p>
   </div>
   <div class='ocr_carea' id='block_1_2' title="bbox 999 331 2738 398">
    <p class='ocr_par' dir='ltr' id='par_1_2' title="bbox 999 331 2738 398">
     <span class='ocr_line' id='line_1_2' title="bbox 999 331 2738 398; baseline 0.001 -6"><span class='ocrx_word' id='word_1_2' title='bbox 999 331 1406 398; x_wconf 84' lang='lat' dir='ltr'>EXPOSITIO</span> <span class='ocrx_word' id='word_1_3' title='bbox 1451 331 1527 394; x_wconf 84' lang='lat' dir='ltr'><strong>IN</strong></span> <span class='ocrx_word' id='word_1_4' title='bbox 1577 331 1744 396; x_wconf 79' lang='lat' dir='ltr'>EPP.</span> <span class='ocrx_word' id='word_1_5' title='bbox 1791 332 2048 396; x_wconf 80' lang='lat' dir='ltr'>PAULI.</span> <span class='ocrx_word' id='word_1_6' title='bbox 2082 331 2310 394; x_wconf 87' lang='lat' dir='ltr'>-—-EP.</span> <span class='ocrx_word' id='word_1_7' title='bbox 2343 336 2458 394; x_wconf 65' lang='lat' dir='ltr'>&#39;AD</span> <span class='ocrx_word' id='word_1_8' title='bbox 2505 331 2738 396; x_wconf 80' lang='lat' dir='ltr'>HEBR.</span> 
     </span>
    </p>
   </div>
   <div class='ocr_carea' id='block_1_3' title="bbox 3425 332 3566 395">
    <p class='ocr_par' dir='ltr' id='par_1_3' title="bbox 3425 332 3566 395">
     <span class='ocr_line' id='line_1_3' title="bbox 3425 332 3566 395; baseline 0 0"><span class='ocrx_word' id='word_1_9' title='bbox 3425 332 3566 395; x_wconf 74' lang='grc'>418</span> 
     </span>
    </p>
   </div>
   <div class='ocr_carea' id='block_1_4' title="bbox 173 465 3568 539">
    <p class='ocr_par' dir='ltr' id='par_1_4' title="bbox 173 465 3568 539">
     <span class='ocr_line' id='line_1_4' title="bbox 173 465 3568 539; baseline 0.002 -22"><span class='ocrx_word' id='word_1_10' title='bbox 173 481 295 534; x_wconf 69' lang='lat' dir='ltr'>mn,</span> <span class='ocrx_word' id='word_1_11' title='bbox 355 467 489 532; x_wconf 73' lang='lat' dir='ltr'>etc.,</span> <span class='ocrx_word' id='word_1_12' title='bbox 539 478 734 536; x_wconf 65' lang='lat' dir='ltr'>usque</span> <span class='ocrx_word' id='word_1_13' title='bbox 791 465 863 528; x_wconf 74' lang='lat' dir='ltr'>ad</span> <span class='ocrx_word' id='word_1_14' title='bbox 930 467 1208 526; x_wconf 67' lang='lat' dir='ltr'>conuenit</span> <span class='ocrx_word' id='word_1_15' title='bbox 1261 474 1391 526; x_wconf 78' lang='lat' dir='ltr'>sunt</span> <span class='ocrx_word' id='word_1_16' title='bbox 1443 482 1613 524; x_wconf 82' lang='lat' dir='ltr'>senes.</span> <span class='ocrx_word' id='word_1_17' title='bbox 1673 466 1806 525; x_wconf 66' lang='lat' dir='ltr'>Hec</span> <span class='ocrx_word' id='word_1_18' title='bbox 1832 465 2214 539; x_wconf 68' lang='lat' dir='ltr'>Aprineipes</span> <span class='ocrx_word' id='word_1_19' title='bbox 2241 470 2476 539; x_wconf 82' lang='lat' dir='ltr'>propter</span> <span class='ocrx_word' id='word_1_20' title='bbox 2507 466 2756 522; x_wconf 77' lang='lat' dir='ltr'>Pilatum</span> <span class='ocrx_word' id='word_1_21' title='bbox 2787 465 3220 535; x_wconf 78' lang='lat' dir='ltr'>intellexerunt,</span> <span class='ocrx_word' id='word_1_22' title='bbox 3270 468 3373 538; x_wconf 84' lang='lat' dir='ltr'>qui</span> <span class='ocrx_word' id='word_1_23' title='bbox 3408 469 3568 524; x_wconf 79' lang='lat' dir='ltr'>testi-</span> 
     </span>
    </p>
   </div>
   <div class='ocr_carea' id='block_1_5' title="bbox 173 551 1807 627">
    <p class='ocr_par' dir='ltr' id='par_1_5' title="bbox 173 551 1807 627">
     <span class='ocr_line' id='line_1_5' title="bbox 173 551 1807 627; baseline 0 -19"><span class='ocrx_word' id='word_1_24' title='bbox 173 557 244 608; x_wconf 88' lang='lat' dir='ltr'>est</span> <span class='ocrx_word' id='word_1_25' title='bbox 268 551 427 606; x_wconf 88' lang='lat' dir='ltr'>enim</span> <span class='ocrx_word' id='word_1_26' title='bbox 459 551 590 607; x_wconf 86' lang='lat' dir='ltr'>laus</span> <span class='ocrx_word' id='word_1_27' title='bbox 619 551 778 620; x_wconf 80' lang='lat' dir='ltr'>fidei,</span> <span class='ocrx_word' id='word_1_28' title='bbox 799 551 847 607; x_wconf 94' lang='lat' dir='ltr'>si</span> <span class='ocrx_word' id='word_1_29' title='bbox 881 553 1035 624; x_wconf 92' lang='lat' dir='ltr'>quod</span> <span class='ocrx_word' id='word_1_30' title='bbox 1068 553 1342 623; x_wconf 81' lang='lat' dir='ltr'>creditur,</span> <span class='ocrx_word' id='word_1_31' title='bbox 1376 558 1508 620; x_wconf 90' lang='lat' dir='ltr'>etc.,</span> <span class='ocrx_word' id='word_1_32' title='bbox 1541 571 1709 627; x_wconf 84' lang='lat' dir='ltr'>usque</span> <span class='ocrx_word' id='word_1_33' title='bbox 1736 554 1807 610; x_wconf 87' lang='lat' dir='ltr'>ad</span> 
     </span>
    </p>
   </div>
   <div class='ocr_carea' id='block_1_6' title="bbox 171 639 1802 716">
    <p class='ocr_par' dir='ltr' id='par_1_6' title="bbox 171 639 1802 716">
     <span class='ocr_line' id='line_1_6' title="bbox 171 639 1802 716; baseline 0 -18"><span class='ocrx_word' id='word_1_34' title='bbox 171 658 279 714; x_wconf 68' lang='lat' dir='ltr'>qua!</span> <span class='ocrx_word' id='word_1_35' title='bbox 307 657 427 697; x_wconf 87' lang='lat' dir='ltr'>non</span> <span class='ocrx_word' id='word_1_36' title='bbox 455 639 750 696; x_wconf 80' lang='lat' dir='ltr'>videntur.</span> <span class='ocrx_word' id='word_1_37' title='bbox 781 641 865 712; x_wconf 79' lang='lat' dir='ltr'>(S.</span> <span class='ocrx_word' id='word_1_38' title='bbox 888 644 1059 714; x_wconf 68' lang='lat' dir='ltr'>Aug,</span> <span class='ocrx_word' id='word_1_39' title='bbox 1093 644 1153 698; x_wconf 86' lang='lat' dir='ltr'>in</span> <span class='ocrx_word' id='word_1_40' title='bbox 1172 643 1354 710; x_wconf 80' lang='lat' dir='ltr'>Joan.,</span> <span class='ocrx_word' id='word_1_41' title='bbox 1385 647 1506 701; x_wconf 85' lang='lat' dir='ltr'>tom</span> <span class='ocrx_word' id='word_1_42' title='bbox 1531 643 1627 702; x_wconf 88' lang='lat' dir='ltr'><strong>III.</strong></span> <span class='ocrx_word' id='word_1_43' title='bbox 1653 648 1802 716; x_wconf 88' lang='lat' dir='ltr'>part.</span> 
     </span>
    </p>
   </div>
   <div class='ocr_carea' id='block_1_7' title="bbox 168 729 593 802">
    <p class='ocr_par' dir='ltr' id='par_1_7' title="bbox 168 729 593 802">
     <span class='ocr_line' id='line_1_7' title="bbox 168 729 593 802; baseline -0.007 -15"><span class='ocrx_word' id='word_1_44' title='bbox 168 749 231 802; x_wconf 72' lang='lat' dir='ltr'><strong>LV,</strong></span> <span class='ocrx_word' id='word_1_45' title='bbox 259 729 369 786; x_wconf 91' lang='lat' dir='ltr'>col.</span> <span class='ocrx_word' id='word_1_46' title='bbox 409 730 593 801; x_wconf 80' lang='grc'>1837.)</span> 
     </span>
    </p>
   </div>
   <div class='ocr_carea' id='block_1_8' title="bbox 223 819 1806 894">
    <p class='ocr_par' dir='ltr' id='par_1_8' title="bbox 223 819 1806 894">
     <span class='ocr_line' id='line_1_8' title="bbox 223 819 1806 894; baseline 0.003 -20"><span class='ocrx_word' id='word_1_47' title='bbox 223 819 343 874; x_wconf 79' lang='lat' dir='ltr'>Fide</span> <span class='ocrx_word' id='word_1_48' title='bbox 374 819 756 890; x_wconf 78' lang='lat' dir='ltr'>intelligimus,</span> <span class='ocrx_word' id='word_1_49' title='bbox 791 824 923 886; x_wconf 90' lang='lat' dir='ltr'>etc.,</span> <span class='ocrx_word' id='word_1_50' title='bbox 971 837 1158 893; x_wconf 88' lang='lat' dir='ltr'>usque</span> <span class='ocrx_word' id='word_1_51' title='bbox 1209 822 1280 876; x_wconf 87' lang='lat' dir='ltr'>ad</span> <span class='ocrx_word' id='word_1_52' title='bbox 1312 837 1439 892; x_wconf 74' lang='lat' dir='ltr'>quae</span> <span class='ocrx_word' id='word_1_53' title='bbox 1491 837 1592 894; x_wconf 82' lang='lat' dir='ltr'>per</span> <span class='ocrx_word' id='word_1_54' title='bbox 1645 822 1806 892; x_wconf 83' lang='lat' dir='ltr'>ﬁdem</span> 
     </span>
    </p>
   </div>
   <div class='ocr_carea' id='block_1_9' title="bbox 161 909 1800 983">
    <p class='ocr_par' dir='ltr' id='par_1_9' title="bbox 161 909 1800 983">
     <span class='ocr_line' id='line_1_9' title="bbox 161 909 1800 983; baseline 0.001 -19"><span class='ocrx_word' id='word_1_55' title='bbox 161 918 238 974; x_wconf 80' lang='lat' dir='ltr'>est,</span> <span class='ocrx_word' id='word_1_56' title='bbox 266 909 434 966; x_wconf 70' lang='grc' dir='ltr'>ἡανῶ</span> <span class='ocrx_word' id='word_1_57' title='bbox 461 916 540 965; x_wconf 86' lang='lat' dir='ltr'>est</span> <span class='ocrx_word' id='word_1_58' title='bbox 582 910 884 970; x_wconf 81' lang='lat' dir='ltr'>institutus.</span> <span class='ocrx_word' id='word_1_59' title='bbox 917 909 1372 967; x_wconf 79' lang='lat' dir='ltr'>Consideremus</span> <span class='ocrx_word' id='word_1_60' title='bbox 1402 927 1470 966; x_wconf 86' lang='lat' dir='ltr'>ea</span> <span class='ocrx_word' id='word_1_61' title='bbox 1502 928 1630 983; x_wconf 87' lang='lat' dir='ltr'>quae</span> <span class='ocrx_word' id='word_1_62' title='bbox 1663 911 1800 970; x_wconf 84' lang='lat' dir='ltr'>fecit</span> 
     </span>
    </p>
   </div>
   <div class='ocr_carea' id='block_1_10' title="bbox 1914 553 3175 627">
    <p class='ocr_par' dir='ltr' id='par_1_10' title="bbox 1914 553 3175 627">
     <span class='ocr_line' id='line_1_10' title="bbox 1914 553 3175 627; baseline 0.002 -19"><span class='ocrx_word' id='word_1_63' title='bbox 1914 553 2180 609; x_wconf 90' lang='lat' dir='ltr'>monium</span> <span class='ocrx_word' id='word_1_64' title='bbox 2211 555 2474 625; x_wconf 85' lang='lat' dir='ltr'>ejusdem</span> <span class='ocrx_word' id='word_1_65' title='bbox 2510 554 2724 627; x_wconf 86' lang='lat' dir='ltr'>psalmi</span> <span class='ocrx_word' id='word_1_66' title='bbox 2758 554 3175 611; x_wconf 82' lang='lat' dir='ltr'>adhibuerunt.</span> 
     </span>
    </p>
   </div>
   <div class='ocr_carea' id='block_1_11' title="bbox 1987 643 3566 716">
    <p class='ocr_par' dir='ltr' id='par_1_11' title="bbox 1987 643 3566 716">
     <span class='ocr_line' id='line_1_11' title="bbox 1987 643 3566 716; baseline 0.001 -16"><span class='ocrx_word' id='word_1_67' title='bbox 1987 643 2048 700; x_wconf 90' lang='lat' dir='ltr'><strong>In</strong></span> <span class='ocrx_word' id='word_1_68' title='bbox 2079 643 2284 699; x_wconf 79' lang='lat' dir='ltr'>Vetere</span> <span class='ocrx_word' id='word_1_69' title='bbox 2339 646 2733 712; x_wconf 89' lang='lat' dir='ltr'>Testamento,</span> <span class='ocrx_word' id='word_1_70' title='bbox 2795 645 3030 716; x_wconf 80' lang='lat' dir='ltr'>quando</span> <span class='ocrx_word' id='word_1_71' title='bbox 3089 647 3566 714; x_wconf 59' lang='lat' dir='ltr'>commendat-ias,</span> 
     </span>
    </p>
   </div>
   <div class='ocr_carea' id='block_1_12' title="bbox 1915 732 3570 805">
    <p class='ocr_par' dir='ltr' id='par_1_12' title="bbox 1915 732 3570 805">
     <span class='ocr_line' id='line_1_12' title="bbox 1915 732 3570 805; baseline 0.002 -18"><span class='ocrx_word' id='word_1_72' title='bbox 1915 736 2048 798; x_wconf 90' lang='lat' dir='ltr'>etc.,</span> <span class='ocrx_word' id='word_1_73' title='bbox 2077 749 2248 804; x_wconf 85' lang='lat' dir='ltr'>usque</span> <span class='ocrx_word' id='word_1_74' title='bbox 2275 733 2347 788; x_wconf 83' lang='lat' dir='ltr'>ad</span> <span class='ocrx_word' id='word_1_75' title='bbox 2379 734 2437 788; x_wconf 86' lang='lat' dir='ltr'>in</span> <span class='ocrx_word' id='word_1_76' title='bbox 2460 732 2708 789; x_wconf 88' lang='lat' dir='ltr'>Domino</span> <span class='ocrx_word' id='word_1_77' title='bbox 2731 738 3174 804; x_wconf 65' lang='lat' dir='ltr'>praecesserunt.</span> <span class='ocrx_word' id='word_1_78' title='bbox 3210 735 3339 805; x_wconf 92' lang='lat' dir='ltr'>(Id.,</span> <span class='ocrx_word' id='word_1_79' title='bbox 3374 735 3470 790; x_wconf 84' lang='lat' dir='ltr'>lib.</span> <span class='ocrx_word' id='word_1_80' title='bbox 3495 735 3570 792; x_wconf 75' lang='lat' dir='ltr'>de</span> 
     </span>
    </p>
   </div>
   <div class='ocr_carea' id='block_1_13' title="bbox 1917 821 3436 895">
    <p class='ocr_par' dir='ltr' id='par_1_13' title="bbox 1917 821 3436 895">
     <span class='ocr_line' id='line_1_13' title="bbox 1917 821 3436 895; baseline 0.001 -19"><span class='ocrx_word' id='word_1_81' title='bbox 1917 821 2063 878; x_wconf 81' lang='lat' dir='ltr'>Crat.</span> <span class='ocrx_word' id='word_1_82' title='bbox 2098 824 2234 878; x_wconf 84' lang='lat' dir='ltr'>Novi</span> <span class='ocrx_word' id='word_1_83' title='bbox 2265 824 2603 889; x_wconf 85' lang='lat' dir='ltr'>Testamenti,</span> <span class='ocrx_word' id='word_1_84' title='bbox 2628 827 2770 876; x_wconf 91' lang='lat' dir='ltr'>tom.</span> <span class='ocrx_word' id='word_1_85' title='bbox 2807 822 2876 889; x_wconf 87' lang='lat' dir='ltr'>Il,</span> <span class='ocrx_word' id='word_1_86' title='bbox 2912 821 3022 876; x_wconf 87' lang='lat' dir='ltr'>col.</span> <span class='ocrx_word' id='word_1_87' title='bbox 3052 823 3160 877; x_wconf 78' lang='grc'>546</span> <span class='ocrx_word' id='word_1_88' title='bbox 3189 827 3436 895; x_wconf 82' lang='lat' dir='ltr'>etseq.)</span> 
     </span>
    </p>
   </div>
   <div class='ocr_carea' id='block_1_14' title="bbox 1986 912 3572 982">
    <p class='ocr_par' dir='ltr' id='par_1_14' title="bbox 1986 912 3572 982">
     <span class='ocr_line' id='line_1_14' title="bbox 1986 912 3572 982; baseline 0 -15"><span class='ocrx_word' id='word_1_89' title='bbox 1986 913 2100 967; x_wconf 76' lang='lat' dir='ltr'>Alii</span> <span class='ocrx_word' id='word_1_90' title='bbox 2128 919 2311 967; x_wconf 85' lang='lat' dir='ltr'>autem</span> <span class='ocrx_word' id='word_1_91' title='bbox 2340 913 2570 967; x_wconf 75' lang='lat' dir='ltr'>distenti</span> <span class='ocrx_word' id='word_1_92' title='bbox 2595 918 2744 978; x_wconf 83' lang='lat' dir='ltr'>sunt,</span> <span class='ocrx_word' id='word_1_93' title='bbox 2766 915 2897 978; x_wconf 90' lang='lat' dir='ltr'>etc.,</span> <span class='ocrx_word' id='word_1_94' title='bbox 2924 927 3111 982; x_wconf 90' lang='lat' dir='ltr'>usque</span> <span class='ocrx_word' id='word_1_95' title='bbox 3143 912 3214 966; x_wconf 88' lang='lat' dir='ltr'>ad</span> <span class='ocrx_word' id='word_1_96' title='bbox 3234 919 3296 967; x_wconf 89' lang='lat' dir='ltr'>ut</span> <span class='ocrx_word' id='word_1_97' title='bbox 3322 929 3432 968; x_wconf 87' lang='lat' dir='ltr'>non</span> <span class='ocrx_word' id='word_1_98' title='bbox 3450 915 3572 967; x_wconf 83' lang='lat' dir='ltr'>sine</span> 
     </span>
    </p>
   </div>
   <div class='ocr_carea' id='block_1_15' title="bbox 154 999 3572 1073">
    <p class='ocr_par' dir='ltr' id='par_1_15' title="bbox 154 999 3572 1073">
     <span class='ocr_line' id='line_1_15' title="bbox 154 999 3572 1073; baseline 0.001 -19"><span class='ocrx_word' id='word_1_99' title='bbox 154 999 321 1063; x_wconf 87' lang='lat' dir='ltr'>Deus,</span> <span class='ocrx_word' id='word_1_100' title='bbox 353 1002 491 1066; x_wconf 84' lang='lat' dir='ltr'>etc.,</span> <span class='ocrx_word' id='word_1_101' title='bbox 525 1015 696 1072; x_wconf 79' lang='lat' dir='ltr'>usque</span> <span class='ocrx_word' id='word_1_102' title='bbox 723 999 794 1053; x_wconf 89' lang='lat' dir='ltr'>ad</span> <span class='ocrx_word' id='word_1_103' title='bbox 827 1016 1012 1071; x_wconf 84' lang='lat' dir='ltr'>usque</span> <span class='ocrx_word' id='word_1_104' title='bbox 1053 1017 1208 1055; x_wconf 86' lang='lat' dir='ltr'>nunc</span> <span class='ocrx_word' id='word_1_105' title='bbox 1253 1004 1546 1073; x_wconf 87' lang='lat' dir='ltr'>operatur.</span> <span class='ocrx_word' id='word_1_106' title='bbox 1579 1001 1708 1072; x_wconf 90' lang='lat' dir='ltr'>(Id.,</span> <span class='ocrx_word' id='word_1_107' title='bbox 1742 1001 1807 1058; x_wconf 83' lang='lat' dir='ltr'>de</span> <span class='ocrx_word' id='word_1_108' title='bbox 1911 1001 2067 1057; x_wconf 81' lang='lat' dir='ltr'>nobis</span> <span class='ocrx_word' id='word_1_109' title='bbox 2097 1009 2630 1057; x_wconf 81' lang='lat' dir='ltr'>consummarentur.</span> <span class='ocrx_word' id='word_1_110' title='bbox 2664 1001 2734 1055; x_wconf 89' lang='lat' dir='ltr'>Et</span> <span class='ocrx_word' id='word_1_111' title='bbox 2763 1001 2820 1054; x_wconf 91' lang='lat' dir='ltr'>in</span> <span class='ocrx_word' id='word_1_112' title='bbox 2849 999 2975 1054; x_wconf 84' lang='lat' dir='ltr'>illis</span> <span class='ocrx_word' id='word_1_113' title='bbox 3000 1000 3287 1072; x_wconf 63' lang='lat' dir='ltr'>patri-bus,</span> <span class='ocrx_word' id='word_1_114' title='bbox 3322 1003 3457 1072; x_wconf 90' lang='lat' dir='ltr'>etc.,</span> <span class='ocrx_word' id='word_1_115' title='bbox 3485 1018 3572 1056; x_wconf 84' lang='lat' dir='ltr'>us-</span> 
     </span>
    </p>
   </div>
   <div class='ocr_carea' id='block_1_16' title="bbox 171 1087 1732 1162">
    <p class='ocr_par' dir='ltr' id='par_1_16' title="bbox 171 1087 1732 1162">
     <span class='ocr_line' id='line_1_16' title="bbox 171 1087 1732 1162; baseline 0.003 -21"><span class='ocrx_word' id='word_1_116' title='bbox 171 1088 276 1146; x_wconf 78' lang='lat' dir='ltr'>Gen.</span> <span class='ocrx_word' id='word_1_117' title='bbox 307 1087 377 1142; x_wconf 84' lang='lat' dir='ltr'>ad</span> <span class='ocrx_word' id='word_1_118' title='bbox 409 1087 828 1156; x_wconf 64' lang='lat' dir='ltr'>litteram,:tom</span> <span class='ocrx_word' id='word_1_119' title='bbox 865 1087 961 1158; x_wconf 87' lang='lat' dir='ltr'><strong>III,</strong></span> <span class='ocrx_word' id='word_1_120' title='bbox 989 1093 1142 1160; x_wconf 83' lang='lat' dir='ltr'>part,</span> <span class='ocrx_word' id='word_1_121' title='bbox 1170 1107 1210 1156; x_wconf 92' lang='lat'><strong>1,</strong></span> <span class='ocrx_word' id='word_1_122' title='bbox 1239 1089 1347 1145; x_wconf 92' lang='lat' dir='ltr'>col.</span> <span class='ocrx_word' id='word_1_123' title='bbox 1373 1091 1480 1145; x_wconf 88' lang='lat'>333</span> <span class='ocrx_word' id='word_1_124' title='bbox 1502 1095 1558 1146; x_wconf 89' lang='lat' dir='ltr'>et</span> <span class='ocrx_word' id='word_1_125' title='bbox 1585 1095 1732 1162; x_wconf 89' lang='lat' dir='ltr'>seq.)</span> 
     </span>
    </p>
   </div>
   <div class='ocr_carea' id='block_1_17' title="bbox 228 1193 1801 1266">
    <p class='ocr_par' dir='ltr' id='par_1_17' title="bbox 228 1193 1801 1266">
     <span class='ocr_line' id='line_1_17' title="bbox 228 1193 1801 1266; baseline 0.001 -16"><span class='ocrx_word' id='word_1_126' title='bbox 228 1195 284 1250; x_wconf 88' lang='lat' dir='ltr'><strong>In</strong></span> <span class='ocrx_word' id='word_1_127' title='bbox 318 1193 605 1266; x_wconf 90' lang='lat' dir='ltr'>principio</span> <span class='ocrx_word' id='word_1_128' title='bbox 637 1194 773 1249; x_wconf 79' lang='lat' dir='ltr'>fecit</span> <span class='ocrx_word' id='word_1_129' title='bbox 802 1194 954 1250; x_wconf 89' lang='lat' dir='ltr'>Deus</span> <span class='ocrx_word' id='word_1_130' title='bbox 985 1194 1197 1250; x_wconf 66' lang='lat' dir='ltr'>caelum</span> <span class='ocrx_word' id='word_1_131' title='bbox 1231 1200 1287 1251; x_wconf 87' lang='lat' dir='ltr'>et</span> <span class='ocrx_word' id='word_1_132' title='bbox 1332 1201 1569 1253; x_wconf 91' lang='lat' dir='ltr'>terram.</span> <span class='ocrx_word' id='word_1_133' title='bbox 1607 1198 1801 1265; x_wconf 87' lang='lat' dir='ltr'>Terra,</span> 
     </span>
    </p>
   </div>
   <div class='ocr_carea' id='block_1_18' title="bbox 167 1282 1804 1355">
    <p class='ocr_par' dir='ltr' id='par_1_18' title="bbox 167 1282 1804 1355">
     <span class='ocr_line' id='line_1_18' title="bbox 167 1282 1804 1355; baseline 0.002 -16"><span class='ocrx_word' id='word_1_134' title='bbox 167 1290 278 1349; x_wconf 87' lang='lat' dir='ltr'>etc.,</span> <span class='ocrx_word' id='word_1_135' title='bbox 313 1300 485 1355; x_wconf 82' lang='lat' dir='ltr'>usque</span> <span class='ocrx_word' id='word_1_136' title='bbox 511 1283 582 1338; x_wconf 87' lang='lat' dir='ltr'>ad</span> <span class='ocrx_word' id='word_1_137' title='bbox 611 1282 872 1338; x_wconf 85' lang='lat' dir='ltr'>condidit</span> <span class='ocrx_word' id='word_1_138' title='bbox 909 1285 1219 1340; x_wconf 90' lang='lat' dir='ltr'>mundum.</span> <span class='ocrx_word' id='word_1_139' title='bbox 1272 1286 1405 1353; x_wconf 91' lang='lat' dir='ltr'>(Id.,</span> <span class='ocrx_word' id='word_1_140' title='bbox 1457 1295 1646 1342; x_wconf 86' lang='lat' dir='ltr'>contra</span> <span class='ocrx_word' id='word_1_141' title='bbox 1676 1290 1804 1343; x_wconf 86' lang='grc' dir='ltr'>Μα-</span> 
     </span>
    </p>
   </div>
   <div class='ocr_carea' id='block_1_19' title="bbox 167 1370 1430 1444">
    <p class='ocr_par' dir='ltr' id='par_1_19' title="bbox 167 1370 1430 1444">
     <span class='ocr_line' id='line_1_19' title="bbox 167 1370 1430 1444; baseline 0.002 -17"><span class='ocrx_word' id='word_1_142' title='bbox 167 1373 316 1438; x_wconf 76' lang='lat' dir='ltr'>nich.,</span> <span class='ocrx_word' id='word_1_143' title='bbox 351 1375 494 1426; x_wconf 85' lang='lat' dir='ltr'>tom.</span> <span class='ocrx_word' id='word_1_144' title='bbox 529 1370 628 1440; x_wconf 87' lang='lat' dir='ltr'><strong>III,</strong></span> <span class='ocrx_word' id='word_1_145' title='bbox 661 1375 809 1442; x_wconf 89' lang='lat' dir='ltr'>part.</span> <span class='ocrx_word' id='word_1_146' title='bbox 845 1389 882 1439; x_wconf 83' lang='lat'>1,</span> <span class='ocrx_word' id='word_1_147' title='bbox 916 1371 1024 1426; x_wconf 91' lang='lat' dir='ltr'>col.</span> <span class='ocrx_word' id='word_1_148' title='bbox 1061 1374 1163 1427; x_wconf 89' lang='lat'>176</span> <span class='ocrx_word' id='word_1_149' title='bbox 1193 1377 1251 1428; x_wconf 90' lang='lat' dir='ltr'>et</span> <span class='ocrx_word' id='word_1_150' title='bbox 1281 1377 1430 1444; x_wconf 86' lang='lat' dir='ltr'>seq.)</span> 
     </span>
    </p>
   </div>
   <div class='ocr_carea' id='block_1_20' title="bbox 221 1477 1803 1553">
    <p class='ocr_par' dir='ltr' id='par_1_20' title="bbox 221 1477 1803 1553">
     <span class='ocr_line' id='line_1_20' title="bbox 221 1477 1803 1553; baseline 0.003 -21"><span class='ocrx_word' id='word_1_151' title='bbox 221 1477 344 1534; x_wconf 80' lang='lat' dir='ltr'>Fide</span> <span class='ocrx_word' id='word_1_152' title='bbox 371 1479 474 1549; x_wconf 86' lang='lat' dir='ltr'>qui</span> <span class='ocrx_word' id='word_1_153' title='bbox 501 1486 726 1533; x_wconf 80' lang='lat' dir='ltr'>vocatur</span> <span class='ocrx_word' id='word_1_154' title='bbox 755 1481 1222 1547; x_wconf 77' lang='lat' dir='ltr'>Abraham,etc.,</span> <span class='ocrx_word' id='word_1_155' title='bbox 1284 1497 1472 1552; x_wconf 89' lang='lat' dir='ltr'>usque</span> <span class='ocrx_word' id='word_1_156' title='bbox 1520 1482 1591 1536; x_wconf 87' lang='lat' dir='ltr'>ad</span> <span class='ocrx_word' id='word_1_157' title='bbox 1649 1483 1803 1553; x_wconf 86' lang='lat' dir='ltr'>cujus</span> 
     </span>
    </p>
   </div>
   <div class='ocr_carea' id='block_1_21' title="bbox 167 1566 1804 1641">
    <p class='ocr_par' dir='ltr' id='par_1_21' title="bbox 167 1566 1804 1641">
     <span class='ocr_line' id='line_1_21' title="bbox 167 1566 1804 1641; baseline 0.002 -19"><span class='ocrx_word' id='word_1_158' title='bbox 167 1569 352 1638; x_wconf 76' lang='lat' dir='ltr'>arti/ea:</span> <span class='ocrx_word' id='word_1_159' title='bbox 374 1575 426 1622; x_wconf 92' lang='lat' dir='ltr'>et</span> <span class='ocrx_word' id='word_1_160' title='bbox 455 1566 704 1622; x_wconf 76' lang='lat' dir='ltr'>conditor</span> <span class='ocrx_word' id='word_1_161' title='bbox 725 1569 885 1622; x_wconf 88' lang='lat' dir='ltr'>Deus.</span> <span class='ocrx_word' id='word_1_162' title='bbox 920 1569 1130 1623; x_wconf 85' lang='lat' dir='ltr'>Beatus</span> <span class='ocrx_word' id='word_1_163' title='bbox 1161 1569 1515 1641; x_wconf 83' lang='lat' dir='ltr'>Stephanus,</span> <span class='ocrx_word' id='word_1_164' title='bbox 1547 1575 1679 1636; x_wconf 91' lang='lat' dir='ltr'>etc.,</span> <span class='ocrx_word' id='word_1_165' title='bbox 1705 1587 1804 1625; x_wconf 87' lang='lat' dir='ltr'>us-</span> 
     </span>
    </p>
   </div>
   <div class='ocr_carea' id='block_1_22' title="bbox 164 1656 1798 1728">
    <p class='ocr_par' dir='ltr' id='par_1_22' title="bbox 164 1656 1798 1728">
     <span class='ocr_line' id='line_1_22' title="bbox 164 1656 1798 1728; baseline 0.002 -19"><span class='ocrx_word' id='word_1_166' title='bbox 164 1656 558 1728; x_wconf 79' lang='lat' dir='ltr'>queadfuerat</span> <span class='ocrx_word' id='word_1_167' title='bbox 603 1657 984 1728; x_wconf 80' lang='lat' dir='ltr'>amputanda.</span> <span class='ocrx_word' id='word_1_168' title='bbox 1019 1657 1148 1726; x_wconf 90' lang='lat' dir='ltr'>(Id.,</span> <span class='ocrx_word' id='word_1_169' title='bbox 1210 1659 1306 1712; x_wconf 87' lang='lat' dir='ltr'>lib.</span> <span class='ocrx_word' id='word_1_170' title='bbox 1339 1658 1404 1713; x_wconf 87' lang='lat' dir='ltr'>de</span> <span class='ocrx_word' id='word_1_171' title='bbox 1457 1661 1622 1715; x_wconf 82' lang='lat' dir='ltr'>Civit.</span> <span class='ocrx_word' id='word_1_172' title='bbox 1681 1660 1798 1715; x_wconf 94' lang='lat' dir='ltr'>Dei.</span> 
     </span>
    </p>
   </div>
   <div class='ocr_carea' id='block_1_23' title="bbox 165 1743 993 1817">
    <p class='ocr_par' dir='ltr' id='par_1_23' title="bbox 165 1743 993 1817">
     <span class='ocr_line' id='line_1_23' title="bbox 165 1743 993 1817; baseline 0.002 -19"><span class='ocrx_word' id='word_1_173' title='bbox 165 1751 283 1800; x_wconf 88' lang='lat' dir='ltr'>tom.</span> <span class='ocrx_word' id='word_1_174' title='bbox 313 1744 444 1809; x_wconf 77' lang='lat' dir='ltr'><strong>VII,</strong></span> <span class='ocrx_word' id='word_1_175' title='bbox 477 1743 586 1799; x_wconf 85' lang='lat' dir='ltr'>col.</span> <span class='ocrx_word' id='word_1_176' title='bbox 621 1745 728 1799; x_wconf 79' lang='grc'>495</span> <span class='ocrx_word' id='word_1_177' title='bbox 757 1749 813 1800; x_wconf 89' lang='lat' dir='ltr'>et</span> <span class='ocrx_word' id='word_1_178' title='bbox 843 1751 993 1817; x_wconf 87' lang='lat' dir='ltr'>seq.)</span> 
     </span>
    </p>
   </div>
   <div class='ocr_carea' id='block_1_24' title="bbox 221 1833 1890 1909">
    <p class='ocr_par' dir='ltr' id='par_1_24' title="bbox 221 1833 1890 1909">
     <span class='ocr_line' id='line_1_24' title="bbox 221 1833 1890 1909; baseline 0.003 -21"><span class='ocrx_word' id='word_1_179' title='bbox 221 1833 349 1889; x_wconf 69' lang='lat' dir='ltr'>Fide</span> <span class='ocrx_word' id='word_1_180' title='bbox 378 1843 431 1889; x_wconf 87' lang='lat' dir='ltr'>et</span> <span class='ocrx_word' id='word_1_181' title='bbox 462 1835 581 1905; x_wconf 83' lang='lat' dir='ltr'>ipsa</span> <span class='ocrx_word' id='word_1_182' title='bbox 605 1833 750 1888; x_wconf 88' lang='lat' dir='ltr'>Sara</span> <span class='ocrx_word' id='word_1_183' title='bbox 779 1834 1014 1904; x_wconf 72' lang='lat' dir='ltr'>sterilis,</span> <span class='ocrx_word' id='word_1_184' title='bbox 1049 1839 1189 1906; x_wconf 87' lang='lat' dir='ltr'>etc.,</span> <span class='ocrx_word' id='word_1_185' title='bbox 1225 1853 1416 1908; x_wconf 89' lang='lat' dir='ltr'>usque</span> <span class='ocrx_word' id='word_1_186' title='bbox 1460 1837 1532 1892; x_wconf 88' lang='lat' dir='ltr'>ad</span> <span class='ocrx_word' id='word_1_187' title='bbox 1565 1838 1635 1892; x_wconf 86' lang='lat' dir='ltr'>ad</span> <span class='ocrx_word' id='word_1_188' title='bbox 1661 1855 1814 1894; x_wconf 88' lang='lat' dir='ltr'>oram</span> <span class='ocrx_word' id='word_1_189' title='bbox 1833 1838 1890 1909; x_wconf 45' lang='lat' dir='ltr'>1B</span> 
     </span>
    </p>
   </div>
   <div class='ocr_carea' id='block_1_25' title="bbox 160 1923 1806 1996">
    <p class='ocr_par' dir='ltr' id='par_1_25' title="bbox 160 1923 1806 1996">
     <span class='ocr_line' id='line_1_25' title="bbox 160 1923 1806 1996; baseline 0.002 -18"><span class='ocrx_word' id='word_1_190' title='bbox 160 1926 306 1978; x_wconf 82' lang='lat' dir='ltr'>maris</span> <span class='ocrx_word' id='word_1_191' title='bbox 357 1924 807 1978; x_wconf 73' lang='lat' dir='ltr'>innumerabilis.</span> <span class='ocrx_word' id='word_1_192' title='bbox 864 1924 1049 1979; x_wconf 85' lang='lat' dir='ltr'>Ambo</span> <span class='ocrx_word' id='word_1_193' title='bbox 1106 1923 1364 1979; x_wconf 86' lang='lat' dir='ltr'>seniores</span> <span class='ocrx_word' id='word_1_194' title='bbox 1423 1931 1609 1994; x_wconf 87' lang='lat' dir='ltr'>erant,</span> <span class='ocrx_word' id='word_1_195' title='bbox 1670 1933 1806 1996; x_wconf 89' lang='lat' dir='ltr'>etc.,</span> 
     </span>
    </p>
   </div>
   <div class='ocr_carea' id='block_1_26' title="bbox 162 2011 1809 2083">
    <p class='ocr_par' dir='ltr' id='par_1_26' title="bbox 162 2011 1809 2083">
     <span class='ocr_line' id='line_1_26' title="bbox 162 2011 1809 2083; baseline 0.002 -16"><span class='ocrx_word' id='word_1_196' title='bbox 162 2029 308 2083; x_wconf 84' lang='lat' dir='ltr'>usque</span> <span class='ocrx_word' id='word_1_197' title='bbox 342 2011 416 2066; x_wconf 88' lang='lat' dir='ltr'>ad</span> <span class='ocrx_word' id='word_1_198' title='bbox 445 2016 536 2066; x_wconf 89' lang='lat' dir='ltr'>est</span> <span class='ocrx_word' id='word_1_199' title='bbox 594 2012 832 2066; x_wconf 88' lang='lat' dir='ltr'>mortui.</span> <span class='ocrx_word' id='word_1_200' title='bbox 868 2013 1000 2083; x_wconf 85' lang='lat' dir='ltr'>(Id.,</span> <span class='ocrx_word' id='word_1_201' title='bbox 1035 2014 1132 2067; x_wconf 91' lang='lat' dir='ltr'>lib.</span> <span class='ocrx_word' id='word_1_202' title='bbox 1191 2029 1328 2069; x_wconf 82' lang='lat' dir='ltr'>xvm</span> <span class='ocrx_word' id='word_1_203' title='bbox 1360 2013 1424 2068; x_wconf 88' lang='lat' dir='ltr'>de</span> <span class='ocrx_word' id='word_1_204' title='bbox 1480 2013 1640 2070; x_wconf 82' lang='lat' dir='ltr'>Civil.</span> <span class='ocrx_word' id='word_1_205' title='bbox 1701 2018 1809 2072; x_wconf 92' lang='lat' dir='ltr'>Dei</span> 
     </span>
    </p>
   </div>
   <div class='ocr_carea' id='block_1_27' title="bbox 163 2087 1212 2179">
    <p class='ocr_par' dir='ltr' id='par_1_27' title="bbox 163 2087 1212 2179">
     <span class='ocr_line' id='line_1_27' title="bbox 163 2087 1212 2179; baseline 0 -23"><span class='ocrx_word' id='word_1_206' title='bbox 163 2106 286 2156; x_wconf 85' lang='lat' dir='ltr'>tom.</span> <span class='ocrx_word' id='word_1_207' title='bbox 319 2099 455 2164; x_wconf 79' lang='lat' dir='ltr'><strong>VII,</strong></span> <span class='ocrx_word' id='word_1_208' title='bbox 489 2099 576 2155; x_wconf 90' lang='lat' dir='ltr'>ool</span> <span class='ocrx_word' id='word_1_209' title='bbox 607 2101 712 2154; x_wconf 88' lang='lat'>507</span> <span class='ocrx_word' id='word_1_210' title='bbox 743 2105 801 2155; x_wconf 90' lang='lat' dir='ltr'>et</span> <span class='ocrx_word' id='word_1_211' title='bbox 831 2105 980 2179; x_wconf 85' lang='lat' dir='ltr'>seq.)</span> <span class='ocrx_word' id='word_1_212' title='bbox 1209 2087 1212 2090; x_wconf 6' lang='lat'>8</span> 
     </span>
    </p>
   </div>
   <div class='ocr_carea' id='block_1_28' title="bbox 222 2187 1805 2264">
    <p class='ocr_par' dir='ltr' id='par_1_28' title="bbox 222 2187 1805 2264">
     <span class='ocr_line' id='line_1_28' title="bbox 222 2187 1805 2264; baseline 0.003 -20"><span class='ocrx_word' id='word_1_213' title='bbox 222 2189 408 2244; x_wconf 79' lang='lat' dir='ltr'>Natus</span> <span class='ocrx_word' id='word_1_214' title='bbox 438 2192 528 2244; x_wconf 89' lang='lat' dir='ltr'>est</span> <span class='ocrx_word' id='word_1_215' title='bbox 560 2187 757 2259; x_wconf 82' lang='lat' dir='ltr'>itaque</span> <span class='ocrx_word' id='word_1_216' title='bbox 785 2189 1051 2256; x_wconf 83' lang='lat' dir='ltr'>Abrahae,</span> <span class='ocrx_word' id='word_1_217' title='bbox 1082 2193 1216 2257; x_wconf 89' lang='lat' dir='ltr'>etc.,</span> <span class='ocrx_word' id='word_1_218' title='bbox 1249 2206 1422 2261; x_wconf 89' lang='lat' dir='ltr'>usque</span> <span class='ocrx_word' id='word_1_219' title='bbox 1448 2193 1518 2246; x_wconf 84' lang='lat' dir='ltr'>ad</span> <span class='ocrx_word' id='word_1_220' title='bbox 1551 2208 1805 2264; x_wconf 91' lang='lat' dir='ltr'>congau-</span> 
     </span>
    </p>
   </div>
   <div class='ocr_carea' id='block_1_29' title="bbox 162 2276 1804 2349">
    <p class='ocr_par' dir='ltr' id='par_1_29' title="bbox 162 2276 1804 2349">
     <span class='ocr_line' id='line_1_29' title="bbox 162 2276 1804 2349; baseline 0.002 -15"><span class='ocrx_word' id='word_1_221' title='bbox 162 2277 304 2334; x_wconf 85' lang='lat' dir='ltr'>debit</span> <span class='ocrx_word' id='word_1_222' title='bbox 338 2276 510 2332; x_wconf 85' lang='lat' dir='ltr'>mihi.</span> <span class='ocrx_word' id='word_1_223' title='bbox 542 2278 676 2347; x_wconf 87' lang='lat' dir='ltr'>(Id.,</span> <span class='ocrx_word' id='word_1_224' title='bbox 708 2293 777 2332; x_wconf 72' lang='lat' dir='ltr'>ex</span> <span class='ocrx_word' id='word_1_225' title='bbox 807 2278 902 2332; x_wconf 91' lang='lat' dir='ltr'>lib.</span> <span class='ocrx_word' id='word_1_226' title='bbox 936 2277 1000 2332; x_wconf 86' lang='lat' dir='ltr'>de</span> <span class='ocrx_word' id='word_1_227' title='bbox 1021 2277 1183 2333; x_wconf 83' lang='lat' dir='ltr'>Civit.</span> <span class='ocrx_word' id='word_1_228' title='bbox 1209 2281 1324 2346; x_wconf 89' lang='lat' dir='ltr'>Dei,</span> <span class='ocrx_word' id='word_1_229' title='bbox 1349 2284 1496 2337; x_wconf 90' lang='lat' dir='ltr'>tom.</span> <span class='ocrx_word' id='word_1_230' title='bbox 1537 2285 1659 2349; x_wconf 83' lang='lat' dir='ltr'><strong>VII,</strong></span> <span class='ocrx_word' id='word_1_231' title='bbox 1695 2281 1804 2337; x_wconf 91' lang='lat' dir='ltr'>col.</span> 
     </span>
    </p>
   </div>
   <div class='ocr_carea' id='block_1_30' title="bbox 163 2368 1167 2435">
    <p class='ocr_par' dir='ltr' id='par_1_30' title="bbox 163 2368 1167 2435">
     <span class='ocr_line' id='line_1_30' title="bbox 163 2368 1167 2435; baseline 0.009 -13"><span class='ocrx_word' id='word_1_232' title='bbox 163 2368 298 2435; x_wconf 73' lang='grc'>510.)</span> <span class='ocrx_word' id='word_1_233' title='bbox 1139 2389 1167 2431; x_wconf 88' lang='grc'>“.</span> 
     </span>
    </p>
   </div>
   <div class='ocr_carea' id='block_1_31' title="bbox 223 2457 1810 2530">
    <p class='ocr_par' dir='ltr' id='par_1_31' title="bbox 223 2457 1810 2530">
     <span class='ocr_line' id='line_1_31' title="bbox 223 2457 1810 2530; baseline 0.003 -16"><span class='ocrx_word' id='word_1_234' title='bbox 223 2460 394 2514; x_wconf 75' lang='lat' dir='ltr'>Juxta</span> <span class='ocrx_word' id='word_1_235' title='bbox 421 2457 583 2528; x_wconf 78' lang='lat' dir='ltr'>ﬁdem</span> <span class='ocrx_word' id='word_1_236' title='bbox 609 2457 858 2527; x_wconf 76' lang='lat' dir='ltr'>defuncti</span> <span class='ocrx_word' id='word_1_237' title='bbox 885 2466 1035 2522; x_wconf 83' lang='lat' dir='ltr'>sunt,</span> <span class='ocrx_word' id='word_1_238' title='bbox 1069 2463 1202 2524; x_wconf 88' lang='lat' dir='ltr'>etc.,</span> <span class='ocrx_word' id='word_1_239' title='bbox 1237 2475 1424 2530; x_wconf 88' lang='lat' dir='ltr'>usque</span> <span class='ocrx_word' id='word_1_240' title='bbox 1464 2460 1534 2515; x_wconf 88' lang='lat' dir='ltr'>ad</span> <span class='ocrx_word' id='word_1_241' title='bbox 1580 2462 1810 2518; x_wconf 81' lang='lat' dir='ltr'>Paravit</span> 
     </span>
    </p>
   </div>
   <div class='ocr_carea' id='block_1_32' title="bbox 163 2546 1807 2624">
    <p class='ocr_par' dir='ltr' id='par_1_32' title="bbox 163 2546 1807 2624">
     <span class='ocr_line' id='line_1_32' title="bbox 163 2546 1807 2624; baseline 0.004 -24"><span class='ocrx_word' id='word_1_242' title='bbox 163 2549 297 2601; x_wconf 80' lang='lat' dir='ltr'>enim</span> <span class='ocrx_word' id='word_1_243' title='bbox 323 2547 450 2601; x_wconf 88' lang='lat' dir='ltr'>itlis</span> <span class='ocrx_word' id='word_1_244' title='bbox 472 2548 772 2601; x_wconf 86' lang='lat' dir='ltr'>civitatem:</span> <span class='ocrx_word' id='word_1_245' title='bbox 789 2546 937 2611; x_wconf 88' lang='lat' dir='ltr'>Quid</span> <span class='ocrx_word' id='word_1_246' title='bbox 968 2552 1056 2602; x_wconf 89' lang='lat' dir='ltr'>est</span> <span class='ocrx_word' id='word_1_247' title='bbox 1086 2548 1241 2624; x_wconf 89' lang='lat' dir='ltr'>quod</span> <span class='ocrx_word' id='word_1_248' title='bbox 1277 2547 1421 2603; x_wconf 84' lang='lat' dir='ltr'>dixit</span> <span class='ocrx_word' id='word_1_249' title='bbox 1447 2549 1650 2617; x_wconf 87' lang='lat' dir='ltr'>Jacob,</span> <span class='ocrx_word' id='word_1_250' title='bbox 1673 2554 1807 2621; x_wconf 87' lang='lat' dir='ltr'>etc.,</span> 
     </span>
    </p>
   </div>
   <div class='ocr_carea' id='block_1_33' title="bbox 163 2634 1809 2709">
    <p class='ocr_par' dir='ltr' id='par_1_33' title="bbox 163 2634 1809 2709">
     <span class='ocr_line' id='line_1_33' title="bbox 163 2634 1809 2709; baseline 0.002 -19"><span class='ocrx_word' id='word_1_251' title='bbox 163 2652 316 2707; x_wconf 83' lang='lat' dir='ltr'>usque</span> <span class='ocrx_word' id='word_1_252' title='bbox 357 2635 433 2690; x_wconf 85' lang='lat' dir='ltr'>ad</span> <span class='ocrx_word' id='word_1_253' title='bbox 464 2634 749 2690; x_wconf 87' lang='lat' dir='ltr'>Dominus</span> <span class='ocrx_word' id='word_1_254' title='bbox 807 2634 1134 2706; x_wconf 89' lang='lat' dir='ltr'>pollicetur.</span> <span class='ocrx_word' id='word_1_255' title='bbox 1166 2637 1295 2705; x_wconf 89' lang='lat' dir='ltr'>(Id.,</span> <span class='ocrx_word' id='word_1_256' title='bbox 1360 2639 1458 2696; x_wconf 82' lang='lat' dir='ltr'>lib.</span> <span class='ocrx_word' id='word_1_257' title='bbox 1516 2643 1716 2709; x_wconf 69' lang='lat' dir='ltr'>Quaest.</span> <span class='ocrx_word' id='word_1_258' title='bbox 1750 2642 1809 2694; x_wconf 91' lang='lat' dir='ltr'>in</span> 
     </span>
    </p>
   </div>
   <div class='ocr_carea' id='block_1_34' title="bbox 163 2723 1046 2796">
    <p class='ocr_par' dir='ltr' id='par_1_34' title="bbox 163 2723 1046 2796">
     <span class='ocr_line' id='line_1_34' title="bbox 163 2723 1046 2796; baseline -0.001 -17"><span class='ocrx_word' id='word_1_259' title='bbox 163 2725 278 2779; x_wconf 82' lang='lat' dir='ltr'>Gen.</span> <span class='ocrx_word' id='word_1_260' title='bbox 309 2729 462 2779; x_wconf 91' lang='lat' dir='ltr'>tom.</span> <span class='ocrx_word' id='word_1_261' title='bbox 499 2723 594 2790; x_wconf 86' lang='grc' dir='ltr'>ΙΙΙ,</span> <span class='ocrx_word' id='word_1_262' title='bbox 619 2741 676 2796; x_wconf 88' lang='lat' dir='ltr'>p.</span> <span class='ocrx_word' id='word_1_263' title='bbox 708 2741 746 2791; x_wconf 92' lang='lat'>1,</span> <span class='ocrx_word' id='word_1_264' title='bbox 779 2724 867 2780; x_wconf 88' lang='lat' dir='ltr'>col</span> <span class='ocrx_word' id='word_1_265' title='bbox 897 2725 1046 2796; x_wconf 83' lang='lat'>590.)</span> 
     </span>
    </p>
   </div>
   <div class='ocr_carea' id='block_1_35' title="bbox 223 2831 1815 2906">
    <p class='ocr_par' dir='ltr' id='par_1_35' title="bbox 223 2831 1815 2906">
     <span class='ocr_line' id='line_1_35' title="bbox 223 2831 1815 2906; baseline 0.001 -19"><span class='ocrx_word' id='word_1_266' title='bbox 223 2831 424 2887; x_wconf 85' lang='lat' dir='ltr'>incola</span> <span class='ocrx_word' id='word_1_267' title='bbox 452 2846 558 2902; x_wconf 85' lang='lat' dir='ltr'>ego</span> <span class='ocrx_word' id='word_1_268' title='bbox 592 2847 723 2886; x_wconf 90' lang='lat' dir='ltr'>sum</span> <span class='ocrx_word' id='word_1_269' title='bbox 757 2831 814 2885; x_wconf 90' lang='lat' dir='ltr'>in</span> <span class='ocrx_word' id='word_1_270' title='bbox 839 2836 1012 2899; x_wconf 89' lang='lat' dir='ltr'>terra,</span> <span class='ocrx_word' id='word_1_271' title='bbox 1038 2837 1174 2896; x_wconf 84' lang='lat' dir='ltr'>etc.,</span> <span class='ocrx_word' id='word_1_272' title='bbox 1199 2849 1369 2905; x_wconf 82' lang='lat' dir='ltr'>usque</span> <span class='ocrx_word' id='word_1_273' title='bbox 1398 2833 1815 2906; x_wconf 86' lang='lat' dir='ltr'>adperegrina-</span> 
     </span>
    </p>
   </div>
   <div class='ocr_carea' id='block_1_36' title="bbox 159 2920 1808 2994">
    <p class='ocr_par' dir='ltr' id='par_1_36' title="bbox 159 2920 1808 2994">
     <span class='ocr_line' id='line_1_36' title="bbox 159 2920 1808 2994; baseline 0.001 -20"><span class='ocrx_word' id='word_1_274' title='bbox 159 2926 246 2974; x_wconf 86' lang='lat' dir='ltr'>tur</span> <span class='ocrx_word' id='word_1_275' title='bbox 272 2938 306 2975; x_wconf 89' lang='lat' dir='ltr'>a</span> <span class='ocrx_word' id='word_1_276' title='bbox 339 2920 619 2987; x_wconf 85' lang='lat' dir='ltr'>Domino.</span> <span class='ocrx_word' id='word_1_277' title='bbox 654 2920 786 2988; x_wconf 88' lang='lat' dir='ltr'>(Id.,</span> <span class='ocrx_word' id='word_1_278' title='bbox 812 2923 868 2975; x_wconf 86' lang='lat' dir='ltr'>in</span> <span class='ocrx_word' id='word_1_279' title='bbox 898 2921 1318 2992; x_wconf 84' lang='lat' dir='ltr'>psalm.cxv111,</span> <span class='ocrx_word' id='word_1_280' title='bbox 1353 2925 1495 2978; x_wconf 84' lang='lat' dir='ltr'>tom.</span> <span class='ocrx_word' id='word_1_281' title='bbox 1533 2922 1626 2990; x_wconf 86' lang='grc' dir='ltr'>ιν,</span> <span class='ocrx_word' id='word_1_282' title='bbox 1660 2940 1716 2994; x_wconf 91' lang='lat' dir='ltr'>p.</span> <span class='ocrx_word' id='word_1_283' title='bbox 1747 2939 1808 2990; x_wconf 89' lang='lat'>11,</span> 
     </span>
    </p>
   </div>
   <div class='ocr_carea' id='block_1_37' title="bbox 161 3007 700 3080">
    <p class='ocr_par' dir='ltr' id='par_1_37' title="bbox 161 3007 700 3080">
     <span class='ocr_line' id='line_1_37' title="bbox 161 3007 700 3080; baseline 0 -18"><span class='ocrx_word' id='word_1_284' title='bbox 161 3007 257 3064; x_wconf 87' lang='lat' dir='ltr'>col.</span> <span class='ocrx_word' id='word_1_285' title='bbox 291 3011 437 3064; x_wconf 82' lang='lat'>1518</span> <span class='ocrx_word' id='word_1_286' title='bbox 459 3013 518 3065; x_wconf 92' lang='lat' dir='ltr'>et</span> <span class='ocrx_word' id='word_1_287' title='bbox 548 3013 700 3080; x_wconf 85' lang='lat' dir='ltr'>seq.)</span> 
     </span>
    </p>
   </div>
   <div class='ocr_carea' id='block_1_38' title="bbox 220 3098 1809 3166">
    <p class='ocr_par' dir='ltr' id='par_1_38' title="bbox 220 3098 1809 3166">
     <span class='ocr_line' id='line_1_38' title="bbox 220 3098 1809 3166; baseline 0.002 -14"><span class='ocrx_word' id='word_1_288' title='bbox 220 3098 348 3152; x_wconf 88' lang='lat' dir='ltr'>ideo</span> <span class='ocrx_word' id='word_1_289' title='bbox 390 3114 508 3152; x_wconf 88' lang='lat' dir='ltr'>non</span> <span class='ocrx_word' id='word_1_290' title='bbox 539 3098 923 3153; x_wconf 86' lang='lat' dir='ltr'>confunditur</span> <span class='ocrx_word' id='word_1_291' title='bbox 952 3099 1104 3154; x_wconf 88' lang='lat' dir='ltr'>Deus</span> <span class='ocrx_word' id='word_1_292' title='bbox 1148 3100 1342 3154; x_wconf 80' lang='lat' dir='ltr'>vocari</span> <span class='ocrx_word' id='word_1_293' title='bbox 1383 3100 1536 3154; x_wconf 90' lang='lat' dir='ltr'>Deus</span> <span class='ocrx_word' id='word_1_294' title='bbox 1584 3116 1809 3166; x_wconf 89' lang='lat' dir='ltr'>eorum,</span> 
     </span>
    </p>
   </div>
   <div class='ocr_carea' id='block_1_39' title="bbox 1915 1088 3567 1162">
    <p class='ocr_par' dir='ltr' id='par_1_39' title="bbox 1915 1088 3567 1162">
     <span class='ocr_line' id='line_1_39' title="bbox 1915 1088 3567 1162; baseline -0.001 -16"><span class='ocrx_word' id='word_1_295' title='bbox 1915 1107 2014 1162; x_wconf 89' lang='lat' dir='ltr'>que</span> <span class='ocrx_word' id='word_1_296' title='bbox 2042 1091 2112 1146; x_wconf 87' lang='lat' dir='ltr'>ad</span> <span class='ocrx_word' id='word_1_297' title='bbox 2142 1090 2404 1146; x_wconf 71' lang='lat' dir='ltr'>Ecclesiae</span> <span class='ocrx_word' id='word_1_298' title='bbox 2439 1107 2579 1145; x_wconf 68' lang='lat' dir='ltr'>mea:</span> <span class='ocrx_word' id='word_1_299' title='bbox 2614 1088 2875 1145; x_wconf 87' lang='lat' dir='ltr'>minimis</span> <span class='ocrx_word' id='word_1_300' title='bbox 2903 1091 3070 1146; x_wconf 84' lang='lat' dir='ltr'>meis.</span> <span class='ocrx_word' id='word_1_301' title='bbox 3101 1090 3286 1161; x_wconf 85' lang='lat' dir='ltr'>(lbid.,</span> <span class='ocrx_word' id='word_1_302' title='bbox 3322 1097 3463 1146; x_wconf 82' lang='lat' dir='ltr'>tom.</span> <span class='ocrx_word' id='word_1_303' title='bbox 3496 1091 3567 1157; x_wconf 87' lang='lat' dir='ltr'>II,</span> 
     </span>
    </p>
   </div>
   <div class='ocr_carea' id='block_1_40' title="bbox 1915 1179 2436 1251">
    <p class='ocr_par' dir='ltr' id='par_1_40' title="bbox 1915 1179 2436 1251">
     <span class='ocr_line' id='line_1_40' title="bbox 1915 1179 2436 1251; baseline -0.002 -16"><span class='ocrx_word' id='word_1_304' title='bbox 1915 1179 2023 1235; x_wconf 93' lang='lat' dir='ltr'>col.</span> <span class='ocrx_word' id='word_1_305' title='bbox 2057 1180 2164 1235; x_wconf 80' lang='grc'>549</span> <span class='ocrx_word' id='word_1_306' title='bbox 2195 1183 2251 1234; x_wconf 89' lang='lat' dir='ltr'>et</span> <span class='ocrx_word' id='word_1_307' title='bbox 2288 1186 2436 1251; x_wconf 88' lang='lat' dir='ltr'>seq.)</span> 
     </span>
    </p>
   </div>
   <div class='ocr_carea' id='block_1_41' title="bbox 2544 1312 2934 1368">
    <p class='ocr_par' dir='ltr' id='par_1_41' title="bbox 2544 1312 2934 1368">
     <span class='ocr_line' id='line_1_41' title="bbox 2544 1312 2934 1368; baseline 0 -1"><span class='ocrx_word' id='word_1_308' title='bbox 2544 1312 2780 1368; x_wconf 88' lang='lat' dir='ltr'>CAPUT</span> <span class='ocrx_word' id='word_1_309' title='bbox 2813 1313 2934 1368; x_wconf 86' lang='grc' dir='ltr'>ΧΙΙ.</span> 
     </span>
    </p>
   </div>
   <div class='ocr_carea' id='block_1_42' title="bbox 1983 1445 3571 1517">
    <p class='ocr_par' dir='ltr' id='par_1_42' title="bbox 1983 1445 3571 1517">
     <span class='ocr_line' id='line_1_42' title="bbox 1983 1445 3571 1517; baseline 0.001 -16"><span class='ocrx_word' id='word_1_310' title='bbox 1983 1445 2213 1517; x_wconf 81' lang='lat' dir='ltr'>Ideoque</span> <span class='ocrx_word' id='word_1_311' title='bbox 2235 1453 2285 1501; x_wconf 92' lang='lat' dir='ltr'>et</span> <span class='ocrx_word' id='word_1_312' title='bbox 2324 1462 2422 1500; x_wconf 86' lang='lat' dir='ltr'>nos</span> <span class='ocrx_word' id='word_1_313' title='bbox 2461 1454 2670 1502; x_wconf 86' lang='lat' dir='ltr'>tantam</span> <span class='ocrx_word' id='word_1_314' title='bbox 2705 1447 2960 1502; x_wconf 77' lang='lat' dir='ltr'>habentes</span> <span class='ocrx_word' id='word_1_315' title='bbox 3009 1447 3319 1517; x_wconf 79' lang='lat' dir='ltr'>impositam</span> <span class='ocrx_word' id='word_1_316' title='bbox 3371 1448 3571 1502; x_wconf 85' lang='lat' dir='ltr'>nubem</span> 
     </span>
    </p>
   </div>
   <div class='ocr_carea' id='block_1_43' title="bbox 1911 1535 3573 1607">
    <p class='ocr_par' dir='ltr' id='par_1_43' title="bbox 1911 1535 3573 1607">
     <span class='ocr_line' id='line_1_43' title="bbox 1911 1535 3573 1607; baseline -0.001 -16"><span class='ocrx_word' id='word_1_317' title='bbox 1911 1537 2150 1601; x_wconf 79' lang='lat' dir='ltr'>testium,</span> <span class='ocrx_word' id='word_1_318' title='bbox 2185 1539 2320 1602; x_wconf 88' lang='lat' dir='ltr'>etc.,</span> <span class='ocrx_word' id='word_1_319' title='bbox 2356 1552 2540 1606; x_wconf 88' lang='lat' dir='ltr'>usque</span> <span class='ocrx_word' id='word_1_320' title='bbox 2571 1535 2644 1590; x_wconf 90' lang='lat' dir='ltr'>ad</span> <span class='ocrx_word' id='word_1_321' title='bbox 2679 1543 2838 1607; x_wconf 87' lang='lat' dir='ltr'>atque</span> <span class='ocrx_word' id='word_1_322' title='bbox 2871 1536 2928 1589; x_wconf 85' lang='lat' dir='ltr'>in.</span> <span class='ocrx_word' id='word_1_323' title='bbox 2960 1535 3188 1589; x_wconf 75' lang='lat' dir='ltr'>dextera</span> <span class='ocrx_word' id='word_1_324' title='bbox 3207 1535 3350 1590; x_wconf 81' lang='lat' dir='ltr'>sedis</span> <span class='ocrx_word' id='word_1_325' title='bbox 3379 1537 3476 1591; x_wconf 88' lang='lat' dir='ltr'>Dei</span> <span class='ocrx_word' id='word_1_326' title='bbox 3492 1551 3573 1590; x_wconf 87' lang='lat' dir='ltr'>se-</span> 
     </span>
    </p>
   </div>
   <div class='ocr_carea' id='block_1_44' title="bbox 1914 1622 3570 1695">
    <p class='ocr_par' dir='ltr' id='par_1_44' title="bbox 1914 1622 3570 1695">
     <span class='ocr_line' id='line_1_44' title="bbox 1914 1622 3570 1695; baseline -0.001 -16"><span class='ocrx_word' id='word_1_327' title='bbox 1914 1623 2194 1679; x_wconf 89' lang='lat' dir='ltr'>det.Tunc</span> <span class='ocrx_word' id='word_1_328' title='bbox 2226 1623 2382 1678; x_wconf 87' lang='lat' dir='ltr'>enim</span> <span class='ocrx_word' id='word_1_329' title='bbox 2416 1626 2473 1678; x_wconf 90' lang='lat' dir='ltr'>et</span> <span class='ocrx_word' id='word_1_330' title='bbox 2503 1622 2593 1678; x_wconf 87' lang='lat' dir='ltr'>lex</span> <span class='ocrx_word' id='word_1_331' title='bbox 2623 1623 2923 1694; x_wconf 87' lang='lat' dir='ltr'>impletur,</span> <span class='ocrx_word' id='word_1_332' title='bbox 2952 1627 3086 1690; x_wconf 91' lang='lat' dir='ltr'>etc.,</span> <span class='ocrx_word' id='word_1_333' title='bbox 3122 1639 3293 1694; x_wconf 86' lang='lat' dir='ltr'>usque</span> <span class='ocrx_word' id='word_1_334' title='bbox 3321 1623 3391 1678; x_wconf 87' lang='lat' dir='ltr'>ad</span> <span class='ocrx_word' id='word_1_335' title='bbox 3422 1639 3570 1695; x_wconf 83' lang='lat' dir='ltr'>quas</span> 
     </span>
    </p>
   </div>
   <div class='ocr_carea' id='block_1_45' title="bbox 1911 1711 3569 1784">
    <p class='ocr_par' dir='ltr' id='par_1_45' title="bbox 1911 1711 3569 1784">
     <span class='ocr_line' id='line_1_45' title="bbox 1911 1711 3569 1784; baseline -0.001 -17"><span class='ocrx_word' id='word_1_336' title='bbox 1911 1729 2206 1784; x_wconf 87' lang='lat' dir='ltr'>nusquam</span> <span class='ocrx_word' id='word_1_337' title='bbox 2242 1713 2497 1767; x_wconf 84' lang='lat' dir='ltr'>futurus.</span> <span class='ocrx_word' id='word_1_338' title='bbox 2522 1712 2654 1781; x_wconf 91' lang='lat' dir='ltr'>(Id.,</span> <span class='ocrx_word' id='word_1_339' title='bbox 2694 1711 2773 1767; x_wconf 88' lang='lat' dir='ltr'>lib</span> <span class='ocrx_word' id='word_1_340' title='bbox 2799 1712 2862 1766; x_wconf 88' lang='lat' dir='ltr'>de</span> <span class='ocrx_word' id='word_1_341' title='bbox 2882 1711 3284 1768; x_wconf 73' lang='lat' dir='ltr'>catechimndis</span> <span class='ocrx_word' id='word_1_342' title='bbox 3308 1712 3569 1782; x_wconf 65' lang='lat' dir='ltr'>Rudibus,</span> 
     </span>
    </p>
   </div>
   <div class='ocr_carea' id='block_1_46' title="bbox 1919 1800 2740 1873">
    <p class='ocr_par' dir='ltr' id='par_1_46' title="bbox 1919 1800 2740 1873">
     <span class='ocr_line' id='line_1_46' title="bbox 1919 1800 2740 1873; baseline -0.002 -16"><span class='ocrx_word' id='word_1_343' title='bbox 1919 1805 1977 1857; x_wconf 88' lang='lat' dir='ltr'>et</span> <span class='ocrx_word' id='word_1_344' title='bbox 2005 1806 2146 1858; x_wconf 90' lang='lat' dir='ltr'>tom.</span> <span class='ocrx_word' id='word_1_345' title='bbox 2180 1801 2276 1869; x_wconf 89' lang='lat' dir='ltr'>VI,</span> <span class='ocrx_word' id='word_1_346' title='bbox 2310 1800 2420 1856; x_wconf 90' lang='lat' dir='ltr'>col.</span> <span class='ocrx_word' id='word_1_347' title='bbox 2457 1802 2558 1856; x_wconf 88' lang='lat'>338</span> <span class='ocrx_word' id='word_1_348' title='bbox 2593 1801 2740 1873; x_wconf 89' lang='lat' dir='ltr'>seq.)</span> 
     </span>
    </p>
   </div>
   <div class='ocr_carea' id='block_1_47' title="bbox 1990 1890 3571 1962">
    <p class='ocr_par' dir='ltr' id='par_1_47' title="bbox 1990 1890 3571 1962">
     <span class='ocr_line' id='line_1_47' title="bbox 1990 1890 3571 1962; baseline 0 -16"><span class='ocrx_word' id='word_1_349' title='bbox 1990 1892 2287 1962; x_wconf 84' lang='lat' dir='ltr'>Recogitate</span> <span class='ocrx_word' id='word_1_350' title='bbox 2315 1893 2464 1946; x_wconf 86' lang='lat' dir='ltr'>enim</span> <span class='ocrx_word' id='word_1_351' title='bbox 2491 1907 2637 1957; x_wconf 87' lang='lat' dir='ltr'>eum,</span> <span class='ocrx_word' id='word_1_352' title='bbox 2669 1895 2804 1958; x_wconf 90' lang='lat' dir='ltr'>etc.,</span> <span class='ocrx_word' id='word_1_353' title='bbox 2840 1907 3026 1961; x_wconf 85' lang='lat' dir='ltr'>usque</span> <span class='ocrx_word' id='word_1_354' title='bbox 3057 1890 3415 1945; x_wconf 84' lang='lat' dir='ltr'>adadversus</span> <span class='ocrx_word' id='word_1_355' title='bbox 3440 1907 3571 1962; x_wconf 70' lang='lat' dir='ltr'>pec-</span> 
     </span>
    </p>
   </div>
   <div class='ocr_carea' id='block_1_48' title="bbox 1913 1979 3570 2052">
    <p class='ocr_par' dir='ltr' id='par_1_48' title="bbox 1913 1979 3570 2052">
     <span class='ocr_line' id='line_1_48' title="bbox 1913 1979 3570 2052; baseline -0.001 -17"><span class='ocrx_word' id='word_1_356' title='bbox 1913 1988 2095 2035; x_wconf 86' lang='lat' dir='ltr'>catum</span> <span class='ocrx_word' id='word_1_357' title='bbox 2124 1988 2504 2052; x_wconf 82' lang='lat' dir='ltr'>repugnantes.</span> <span class='ocrx_word' id='word_1_358' title='bbox 2539 1980 2851 2035; x_wconf 76' lang='lat' dir='ltr'>Perfectior</span> <span class='ocrx_word' id='word_1_359' title='bbox 2882 1979 2940 2032; x_wconf 87' lang='lat' dir='ltr'>in</span> <span class='ocrx_word' id='word_1_360' title='bbox 2971 1979 3079 2034; x_wconf 83' lang='lat' dir='ltr'>hac</span> <span class='ocrx_word' id='word_1_361' title='bbox 3123 1979 3260 2045; x_wconf 85' lang='lat' dir='ltr'>vita,</span> <span class='ocrx_word' id='word_1_362' title='bbox 3293 1983 3428 2047; x_wconf 89' lang='lat' dir='ltr'>etc.,</span> <span class='ocrx_word' id='word_1_363' title='bbox 3477 1996 3570 2035; x_wconf 86' lang='lat' dir='ltr'>us-</span> 
     </span>
    </p>
   </div>
   <div class='ocr_carea' id='block_1_49' title="bbox 1915 2069 3568 2142">
    <p class='ocr_par' dir='ltr' id='par_1_49' title="bbox 1915 2069 3568 2142">
     <span class='ocr_line' id='line_1_49' title="bbox 1915 2069 3568 2142; baseline 0.001 -19"><span class='ocrx_word' id='word_1_364' title='bbox 1915 2086 2018 2140; x_wconf 86' lang='lat' dir='ltr'>que</span> <span class='ocrx_word' id='word_1_365' title='bbox 2045 2070 2115 2125; x_wconf 88' lang='lat' dir='ltr'>ad</span> <span class='ocrx_word' id='word_1_366' title='bbox 2145 2070 2347 2142; x_wconf 86' lang='lat' dir='ltr'>utique</span> <span class='ocrx_word' id='word_1_367' title='bbox 2379 2073 2682 2142; x_wconf 78' lang='lat' dir='ltr'>martyres.</span> <span class='ocrx_word' id='word_1_368' title='bbox 2717 2069 2846 2141; x_wconf 79' lang='lat' dir='ltr'>(1d,,</span> <span class='ocrx_word' id='word_1_369' title='bbox 2879 2085 3041 2124; x_wconf 84' lang='lat' dir='ltr'>serm.</span> <span class='ocrx_word' id='word_1_370' title='bbox 3075 2069 3140 2123; x_wconf 89' lang='lat' dir='ltr'>de</span> <span class='ocrx_word' id='word_1_371' title='bbox 3177 2069 3321 2124; x_wconf 87' lang='lat' dir='ltr'>verb.</span> <span class='ocrx_word' id='word_1_372' title='bbox 3376 2073 3568 2139; x_wconf 59' lang='lat' dir='ltr'>Apost.</span> 
     </span>
    </p>
   </div>
   <div class='ocr_carea' id='block_1_50' title="bbox 1916 2157 2643 2230">
    <p class='ocr_par' dir='ltr' id='par_1_50' title="bbox 1916 2157 2643 2230">
     <span class='ocr_line' id='line_1_50' title="bbox 1916 2157 2643 2230; baseline -0.001 -17"><span class='ocrx_word' id='word_1_373' title='bbox 1916 2162 2056 2213; x_wconf 90' lang='lat' dir='ltr'>tom.</span> <span class='ocrx_word' id='word_1_374' title='bbox 2090 2157 2156 2225; x_wconf 87' lang='lat' dir='ltr'><strong>V,</strong></span> <span class='ocrx_word' id='word_1_375' title='bbox 2193 2176 2250 2230; x_wconf 89' lang='lat' dir='ltr'>p.</span> <span class='ocrx_word' id='word_1_376' title='bbox 2285 2175 2325 2223; x_wconf 87' lang='lat'>1,</span> <span class='ocrx_word' id='word_1_377' title='bbox 2359 2157 2468 2214; x_wconf 81' lang='lat' dir='ltr'>col.</span> <span class='ocrx_word' id='word_1_378' title='bbox 2494 2159 2643 2228; x_wconf 88' lang='lat'>868.)</span> 
     </span>
    </p>
   </div>
   <div class='ocr_carea' id='block_1_51' title="bbox 1986 2245 3572 2317">
    <p class='ocr_par' dir='ltr' id='par_1_51' title="bbox 1986 2245 3572 2317">
     <span class='ocr_line' id='line_1_51' title="bbox 1986 2245 3572 2317; baseline -0.002 -14"><span class='ocrx_word' id='word_1_379' title='bbox 1986 2249 2052 2302; x_wconf 84' lang='lat' dir='ltr'>Et</span> <span class='ocrx_word' id='word_1_380' title='bbox 2077 2247 2234 2303; x_wconf 87' lang='lat' dir='ltr'>obliti</span> <span class='ocrx_word' id='word_1_381' title='bbox 2261 2250 2386 2303; x_wconf 85' lang='lat' dir='ltr'>estis</span> <span class='ocrx_word' id='word_1_382' title='bbox 2435 2247 2840 2313; x_wconf 80' lang='lat' dir='ltr'>consolationis,</span> <span class='ocrx_word' id='word_1_383' title='bbox 2893 2251 3028 2313; x_wconf 89' lang='lat' dir='ltr'>etc.,</span> <span class='ocrx_word' id='word_1_384' title='bbox 3072 2262 3262 2317; x_wconf 91' lang='lat' dir='ltr'>usque</span> <span class='ocrx_word' id='word_1_385' title='bbox 3319 2245 3390 2301; x_wconf 90' lang='lat' dir='ltr'>ad</span> <span class='ocrx_word' id='word_1_386' title='bbox 3442 2261 3572 2315; x_wconf 76' lang='lat' dir='ltr'>ergo</span> 
     </span>
    </p>
   </div>
   <div class='ocr_carea' id='block_1_52' title="bbox 1917 2334 3572 2408">
    <p class='ocr_par' dir='ltr' id='par_1_52' title="bbox 1917 2334 3572 2408">
     <span class='ocr_line' id='line_1_52' title="bbox 1917 2334 3572 2408; baseline -0.001 -17"><span class='ocrx_word' id='word_1_387' title='bbox 1917 2336 2154 2392; x_wconf 85' lang='lat' dir='ltr'>adulteri</span> <span class='ocrx_word' id='word_1_388' title='bbox 2181 2346 2233 2393; x_wconf 89' lang='lat' dir='ltr'>et</span> <span class='ocrx_word' id='word_1_389' title='bbox 2263 2353 2370 2393; x_wconf 89' lang='lat' dir='ltr'>non</span> <span class='ocrx_word' id='word_1_390' title='bbox 2401 2337 2510 2408; x_wconf 84' lang='lat' dir='ltr'>ﬁlii</span> <span class='ocrx_word' id='word_1_391' title='bbox 2536 2338 2684 2392; x_wconf 84' lang='lat' dir='ltr'>estis.</span> <span class='ocrx_word' id='word_1_392' title='bbox 2721 2335 2784 2391; x_wconf 90' lang='lat' dir='ltr'><strong>In</strong></span> <span class='ocrx_word' id='word_1_393' title='bbox 2844 2335 3072 2392; x_wconf 85' lang='lat' dir='ltr'>Christo</span> <span class='ocrx_word' id='word_1_394' title='bbox 3127 2335 3202 2390; x_wconf 88' lang='lat' dir='ltr'>sit</span> <span class='ocrx_word' id='word_1_395' title='bbox 3253 2351 3428 2406; x_wconf 90' lang='lat' dir='ltr'>quem</span> <span class='ocrx_word' id='word_1_396' title='bbox 3485 2334 3572 2392; x_wconf 67' lang='lat' dir='ltr'>vis</span> 
     </span>
    </p>
   </div>
   <div class='ocr_carea' id='block_1_53' title="bbox 1918 2423 3574 2497">
    <p class='ocr_par' dir='ltr' id='par_1_53' title="bbox 1918 2423 3574 2497">
     <span class='ocr_line' id='line_1_53' title="bbox 1918 2423 3574 2497; baseline -0.001 -16"><span class='ocrx_word' id='word_1_397' title='bbox 1918 2443 2044 2482; x_wconf 86' lang='lat' dir='ltr'>esse</span> <span class='ocrx_word' id='word_1_398' title='bbox 2077 2425 2496 2494; x_wconf 62' lang='lat' dir='ltr'>Christianum,</span> <span class='ocrx_word' id='word_1_399' title='bbox 2559 2431 2693 2494; x_wconf 92' lang='lat' dir='ltr'>etc.,</span> <span class='ocrx_word' id='word_1_400' title='bbox 2754 2441 2924 2496; x_wconf 88' lang='lat' dir='ltr'>usque</span> <span class='ocrx_word' id='word_1_401' title='bbox 2953 2425 3024 2480; x_wconf 88' lang='lat' dir='ltr'>ad</span> <span class='ocrx_word' id='word_1_402' title='bbox 3081 2424 3140 2479; x_wconf 91' lang='lat' dir='ltr'>in</span> <span class='ocrx_word' id='word_1_403' title='bbox 3197 2423 3574 2497; x_wconf 85' lang='lat' dir='ltr'>passionibus</span> 
     </span>
    </p>
   </div>
   <div class='ocr_carea' id='block_1_54' title="bbox 1918 2513 3384 2586">
    <p class='ocr_par' dir='ltr' id='par_1_54' title="bbox 1918 2513 3384 2586">
     <span class='ocr_line' id='line_1_54' title="bbox 1918 2513 3384 2586; baseline -0.001 -16"><span class='ocrx_word' id='word_1_404' title='bbox 1918 2515 2062 2570; x_wconf 87' lang='lat' dir='ltr'>snis.</span> <span class='ocrx_word' id='word_1_405' title='bbox 2098 2517 2230 2586; x_wconf 89' lang='lat' dir='ltr'>(Id.,</span> <span class='ocrx_word' id='word_1_406' title='bbox 2260 2515 2324 2571; x_wconf 87' lang='lat' dir='ltr'>de</span> <span class='ocrx_word' id='word_1_407' title='bbox 2355 2517 2527 2582; x_wconf 84' lang='lat' dir='ltr'>Past.,</span> <span class='ocrx_word' id='word_1_408' title='bbox 2560 2519 2704 2570; x_wconf 87' lang='lat' dir='ltr'>tom.</span> <span class='ocrx_word' id='word_1_409' title='bbox 2737 2514 2805 2581; x_wconf 71' lang='grc' dir='ltr'>ν,</span> <span class='ocrx_word' id='word_1_410' title='bbox 2840 2518 2988 2586; x_wconf 86' lang='lat' dir='ltr'>part.</span> <span class='ocrx_word' id='word_1_411' title='bbox 3024 2532 3062 2580; x_wconf 88' lang='lat'><strong>1,</strong></span> <span class='ocrx_word' id='word_1_412' title='bbox 3097 2513 3204 2569; x_wconf 90' lang='lat' dir='ltr'>col.</span> <span class='ocrx_word' id='word_1_413' title='bbox 3234 2514 3384 2583; x_wconf 86' lang='lat'>276.)</span> 
     </span>
    </p>
   </div>
   <div class='ocr_carea' id='block_1_55' title="bbox 1991 2601 3576 2676">
    <p class='ocr_par' dir='ltr' id='par_1_55' title="bbox 1991 2601 3576 2676">
     <span class='ocr_line' id='line_1_55' title="bbox 1991 2601 3576 2676; baseline -0.001 -18"><span class='ocrx_word' id='word_1_414' title='bbox 1991 2603 2273 2676; x_wconf 86' lang='lat' dir='ltr'>Flagellat</span> <span class='ocrx_word' id='word_1_415' title='bbox 2323 2608 2517 2659; x_wconf 82' lang='lat' dir='ltr'>autem</span> <span class='ocrx_word' id='word_1_416' title='bbox 2577 2620 2812 2658; x_wconf 89' lang='lat' dir='ltr'>omnem</span> <span class='ocrx_word' id='word_1_417' title='bbox 2865 2603 3075 2669; x_wconf 82' lang='lat' dir='ltr'>filium,</span> <span class='ocrx_word' id='word_1_418' title='bbox 3137 2609 3268 2670; x_wconf 83' lang='lat' dir='ltr'>etc.,</span> <span class='ocrx_word' id='word_1_419' title='bbox 3309 2618 3478 2674; x_wconf 87' lang='lat' dir='ltr'>usque</span> <span class='ocrx_word' id='word_1_420' title='bbox 3505 2601 3576 2657; x_wconf 88' lang='lat' dir='ltr'>ad</span> 
     </span>
    </p>
   </div>
   <div class='ocr_carea' id='block_1_56' title="bbox 1919 2689 3573 2766">
    <p class='ocr_par' dir='ltr' id='par_1_56' title="bbox 1919 2689 3573 2766">
     <span class='ocr_line' id='line_1_56' title="bbox 1919 2689 3573 2766; baseline -0.002 -18"><span class='ocrx_word' id='word_1_421' title='bbox 1919 2693 2046 2748; x_wconf 85' lang='lat' dir='ltr'>sine</span> <span class='ocrx_word' id='word_1_422' title='bbox 2078 2692 2325 2766; x_wconf 83' lang='lat' dir='ltr'>ﬂagello.</span> <span class='ocrx_word' id='word_1_423' title='bbox 2354 2693 2485 2762; x_wconf 91' lang='lat' dir='ltr'>(Id.,</span> <span class='ocrx_word' id='word_1_424' title='bbox 2515 2695 2573 2747; x_wconf 89' lang='lat' dir='ltr'>in</span> <span class='ocrx_word' id='word_1_425' title='bbox 2597 2694 2740 2764; x_wconf 86' lang='lat' dir='ltr'>psal.</span> <span class='ocrx_word' id='word_1_426' title='bbox 2770 2709 2933 2748; x_wconf 69' lang='lat' dir='ltr'><strong><em>xxxv:</em></strong></span> <span class='ocrx_word' id='word_1_427' title='bbox 2969 2697 3026 2747; x_wconf 89' lang='lat' dir='ltr'>et</span> <span class='ocrx_word' id='word_1_428' title='bbox 3052 2709 3263 2762; x_wconf 77' lang='lat' dir='ltr'><strong><em>xxxvu,</em></strong></span> <span class='ocrx_word' id='word_1_429' title='bbox 3297 2696 3436 2746; x_wconf 92' lang='lat' dir='ltr'>tom.</span> <span class='ocrx_word' id='word_1_430' title='bbox 3476 2689 3573 2758; x_wconf 91' lang='lat' dir='ltr'>IV,</span> 
     </span>
    </p>
   </div>
   <div class='ocr_carea' id='block_1_57' title="bbox 1920 2781 2356 2854">
    <p class='ocr_par' dir='ltr' id='par_1_57' title="bbox 1920 2781 2356 2854">
     <span class='ocr_line' id='line_1_57' title="bbox 1920 2781 2356 2854; baseline 0 -18"><span class='ocrx_word' id='word_1_431' title='bbox 1920 2799 1976 2854; x_wconf 89' lang='lat' dir='ltr'>p.</span> <span class='ocrx_word' id='word_1_432' title='bbox 2012 2799 2050 2852; x_wconf 91' lang='lat'><strong>1,</strong></span> <span class='ocrx_word' id='word_1_433' title='bbox 2085 2781 2172 2836; x_wconf 91' lang='lat' dir='ltr'>col</span> <span class='ocrx_word' id='word_1_434' title='bbox 2204 2783 2356 2850; x_wconf 87' lang='grc'>274.)</span> 
     </span>
    </p>
   </div>
   <div class='ocr_carea' id='block_1_58' title="bbox 1992 2869 3576 2943">
    <p class='ocr_par' dir='ltr' id='par_1_58' title="bbox 1992 2869 3576 2943">
     <span class='ocr_line' id='line_1_58' title="bbox 1992 2869 3576 2943; baseline -0.002 -18"><span class='ocrx_word' id='word_1_435' title='bbox 1992 2873 2173 2935; x_wconf 85' lang='lat' dir='ltr'>Quem</span> <span class='ocrx_word' id='word_1_436' title='bbox 2205 2870 2360 2926; x_wconf 89' lang='lat' dir='ltr'>enim</span> <span class='ocrx_word' id='word_1_437' title='bbox 2394 2870 2583 2943; x_wconf 84' lang='lat' dir='ltr'>diligit</span> <span class='ocrx_word' id='word_1_438' title='bbox 2612 2870 2896 2925; x_wconf 89' lang='lat' dir='ltr'>Dominus</span> <span class='ocrx_word' id='word_1_439' title='bbox 2927 2869 3187 2941; x_wconf 85' lang='lat' dir='ltr'>corripit,</span> <span class='ocrx_word' id='word_1_440' title='bbox 3230 2871 3362 2935; x_wconf 89' lang='lat' dir='ltr'>etc.,</span> <span class='ocrx_word' id='word_1_441' title='bbox 3405 2883 3576 2939; x_wconf 87' lang='lat' dir='ltr'>usque</span> 
     </span>
    </p>
   </div>
   <div class='ocr_carea' id='block_1_59' title="bbox 1920 2957 3570 3030">
    <p class='ocr_par' dir='ltr' id='par_1_59' title="bbox 1920 2957 3570 3030">
     <span class='ocr_line' id='line_1_59' title="bbox 1920 2957 3570 3030; baseline -0.003 -16"><span class='ocrx_word' id='word_1_442' title='bbox 1920 2959 1989 3014; x_wconf 86' lang='lat' dir='ltr'>ad</span> <span class='ocrx_word' id='word_1_443' title='bbox 2019 2959 2075 3014; x_wconf 91' lang='lat' dir='ltr'>in</span> <span class='ocrx_word' id='word_1_444' title='bbox 2107 2958 2449 3014; x_wconf 80' lang='lat' dir='ltr'>infirmitate</span> <span class='ocrx_word' id='word_1_445' title='bbox 2509 2958 2826 3030; x_wconf 79' lang='lat' dir='ltr'>perﬁcitur.</span> <span class='ocrx_word' id='word_1_446' title='bbox 2880 2959 3006 3026; x_wconf 91' lang='lat' dir='ltr'>(Id.,</span> <span class='ocrx_word' id='word_1_447' title='bbox 3040 2960 3098 3011; x_wconf 88' lang='lat' dir='ltr'>in</span> <span class='ocrx_word' id='word_1_448' title='bbox 3149 2957 3288 3028; x_wconf 86' lang='lat' dir='ltr'>psal.</span> <span class='ocrx_word' id='word_1_449' title='bbox 3348 2972 3570 3024; x_wconf 79' lang='lat' dir='ltr'><strong><em>1.xxx1x,</em></strong></span> 
     </span>
    </p>
   </div>
   <div class='ocr_carea' id='block_1_60' title="bbox 1919 3046 2735 3119">
    <p class='ocr_par' dir='ltr' id='par_1_60' title="bbox 1919 3046 2735 3119">
     <span class='ocr_line' id='line_1_60' title="bbox 1919 3046 2735 3119; baseline -0.001 -17"><span class='ocrx_word' id='word_1_450' title='bbox 1919 3052 2060 3102; x_wconf 90' lang='lat' dir='ltr'>tom.</span> <span class='ocrx_word' id='word_1_451' title='bbox 2098 3047 2189 3115; x_wconf 90' lang='lat' dir='ltr'>IV,</span> <span class='ocrx_word' id='word_1_452' title='bbox 2224 3065 2280 3119; x_wconf 91' lang='lat' dir='ltr'>p.</span> <span class='ocrx_word' id='word_1_453' title='bbox 2314 3065 2376 3114; x_wconf 87' lang='lat'>11,</span> <span class='ocrx_word' id='word_1_454' title='bbox 2409 3047 2516 3102; x_wconf 91' lang='lat' dir='ltr'>col.</span> <span class='ocrx_word' id='word_1_455' title='bbox 2553 3046 2735 3115; x_wconf 80' lang='grc'>1145.)</span> 
     </span>
    </p>
   </div>
   <div class='ocr_carea' id='block_1_61' title="bbox 1993 3133 3572 3208">
    <p class='ocr_par' dir='ltr' id='par_1_61' title="bbox 1993 3133 3572 3208">
     <span class='ocr_line' id='line_1_61' title="bbox 1993 3133 3572 3208; baseline -0.003 -17"><span class='ocrx_word' id='word_1_456' title='bbox 1993 3137 2235 3203; x_wconf 85' lang='lat' dir='ltr'>Quando</span> <span class='ocrx_word' id='word_1_457' title='bbox 2264 3135 2507 3208; x_wconf 89' lang='lat' dir='ltr'>corripit</span> <span class='ocrx_word' id='word_1_458' title='bbox 2539 3137 2709 3202; x_wconf 87' lang='lat' dir='ltr'>Deus,</span> <span class='ocrx_word' id='word_1_459' title='bbox 2743 3139 2876 3202; x_wconf 90' lang='lat' dir='ltr'>etc.,</span> <span class='ocrx_word' id='word_1_460' title='bbox 2911 3151 3082 3206; x_wconf 87' lang='lat' dir='ltr'>usque</span> <span class='ocrx_word' id='word_1_461' title='bbox 3110 3134 3180 3188; x_wconf 86' lang='lat' dir='ltr'>ad</span> <span class='ocrx_word' id='word_1_462' title='bbox 3209 3133 3572 3204; x_wconf 86' lang='lat' dir='ltr'>comparatio</span> 
     </span>
    </p>
   </div>
   <div class='ocr_carea' id='block_1_62' title="bbox 158 3185 3571 3295">
    <p class='ocr_par' dir='ltr' id='par_1_62' title="bbox 158 3185 3571 3295">
     <span class='ocr_line' id='line_1_62' title="bbox 158 3185 3571 3295; baseline -0.003 -9"><span class='ocrx_word' id='word_1_463' title='bbox 158 3188 371 3295; x_wconf 65' lang='grc' dir='ltr'><strong>ρωξίι</strong></span> <span class='ocrx_word' id='word_1_464' title='bbox 406 3185 564 3295; x_wconf 56' lang='lat' dir='ltr'>enim</span> <span class='ocrx_word' id='word_1_465' title='bbox 596 3185 715 3240; x_wconf 74' lang='grc' dir='ltr'><strong>ίιιίε</strong></span> <span class='ocrx_word' id='word_1_466' title='bbox 745 3186 1445 3295; x_wconf 27' lang='lat' dir='ltr'>exinanisse“),</span> <span class='ocrx_word' id='word_1_467' title='bbox 1471 3189 1725 3295; x_wconf 62' lang='lat' dir='ltr'>etgsaac</span> <span class='ocrx_word' id='word_1_468' title='bbox 1756 3193 1813 3243; x_wconf 67' lang='lat' dir='ltr'>et</span> <span class='ocrx_word' id='word_1_469' title='bbox 1842 3203 1884 3269; x_wconf 86' lang='lat' dir='ltr'>c</span> <span class='ocrx_word' id='word_1_470' title='bbox 1922 3185 2232 3280; x_wconf 55' lang='lat' dir='ltr'>mas;</span> <span class='ocrx_word' id='word_1_471' title='bbox 2258 3185 2504 3295; x_wconf 59' lang='grc' dir='ltr'>ξιξιζῖίί</span> <span class='ocrx_word' id='word_1_472' title='bbox 2529 3185 3571 3295; x_wconf 45' lang='lat' dir='ltr'>.1.&#39;g~;;..:&quot;;...;.;;,1...:51:111.,</span> 
     </span>
    </p>
   </div>
   <div class='ocr_carea' id='block_1_63' title="bbox 155 3275 1808 3347">
    <p class='ocr_par' dir='ltr' id='par_1_63' title="bbox 155 3275 1808 3347">
     <span class='ocr_line' id='line_1_63' title="bbox 155 3275 1808 3347; baseline 0.002 -18"><span class='ocrx_word' id='word_1_473' title='bbox 155 3275 346 3342; x_wconf 84' lang='lat' dir='ltr'>Jacob,</span> <span class='ocrx_word' id='word_1_474' title='bbox 383 3279 523 3338; x_wconf 88' lang='lat' dir='ltr'>etc.,</span> <span class='ocrx_word' id='word_1_475' title='bbox 558 3291 729 3347; x_wconf 86' lang='lat' dir='ltr'>usque</span> <span class='ocrx_word' id='word_1_476' title='bbox 757 3275 828 3330; x_wconf 86' lang='lat' dir='ltr'>ad</span> <span class='ocrx_word' id='word_1_477' title='bbox 858 3277 1132 3331; x_wconf 88' lang='lat' dir='ltr'>custodit.</span> <span class='ocrx_word' id='word_1_478' title='bbox 1169 3277 1298 3347; x_wconf 90' lang='lat' dir='ltr'>(Id.,</span> <span class='ocrx_word' id='word_1_479' title='bbox 1322 3284 1509 3332; x_wconf 88' lang='lat' dir='ltr'>contra</span> <span class='ocrx_word' id='word_1_480' title='bbox 1528 3280 1808 3345; x_wconf 85' lang='lat' dir='ltr'>Faustum,</span> 
     </span>
    </p>
   </div>
   <div class='ocr_carea' id='block_1_64' title="bbox 157 3361 807 3431">
    <p class='ocr_par' dir='ltr' id='par_1_64' title="bbox 157 3361 807 3431">
     <span class='ocr_line' id='line_1_64' title="bbox 157 3361 807 3431; baseline 0.002 -17"><span class='ocrx_word' id='word_1_481' title='bbox 157 3368 287 3418; x_wconf 85' lang='lat' dir='ltr'>tom.</span> <span class='ocrx_word' id='word_1_482' title='bbox 319 3362 480 3429; x_wconf 83' lang='lat' dir='ltr'><strong>VIII,</strong></span> <span class='ocrx_word' id='word_1_483' title='bbox 512 3361 622 3418; x_wconf 90' lang='lat' dir='ltr'>coL</span> <span class='ocrx_word' id='word_1_484' title='bbox 655 3362 807 3431; x_wconf 77' lang='grc'>454.)</span> 
     </span>
    </p>
   </div>
   <div class='ocr_carea' id='block_1_65' title="bbox 214 3469 1814 3543">
    <p class='ocr_par' dir='ltr' id='par_1_65' title="bbox 214 3469 1814 3543">
     <span class='ocr_line' id='line_1_65' title="bbox 214 3469 1814 3543; baseline 0.003 -19"><span class='ocrx_word' id='word_1_485' title='bbox 214 3469 344 3526; x_wconf 77' lang='lat' dir='ltr'>Fide</span> <span class='ocrx_word' id='word_1_486' title='bbox 374 3469 587 3530; x_wconf 81' lang='lat' dir='ltr'>obtulit</span> <span class='ocrx_word' id='word_1_487' title='bbox 615 3469 888 3525; x_wconf 71' lang='lat' dir='ltr'>Abraham</span> <span class='ocrx_word' id='word_1_488' title='bbox 915 3471 1086 3537; x_wconf 86' lang='lat' dir='ltr'>Isaac,</span> <span class='ocrx_word' id='word_1_489' title='bbox 1109 3475 1246 3542; x_wconf 82' lang='lat' dir='ltr'>etc.,</span> <span class='ocrx_word' id='word_1_490' title='bbox 1271 3488 1458 3543; x_wconf 91' lang='lat' dir='ltr'>usque</span> <span class='ocrx_word' id='word_1_491' title='bbox 1491 3473 1562 3527; x_wconf 90' lang='lat' dir='ltr'>ad</span> <span class='ocrx_word' id='word_1_492' title='bbox 1595 3473 1814 3529; x_wconf 73' lang='lat' dir='ltr'>benedi-</span> 
     </span>
    </p>
   </div>
   <div class='ocr_carea' id='block_1_66' title="bbox 158 3559 1810 3632">
    <p class='ocr_par' dir='ltr' id='par_1_66' title="bbox 158 3559 1810 3632">
     <span class='ocr_line' id='line_1_66' title="bbox 158 3559 1810 3632; baseline 0.003 -20"><span class='ocrx_word' id='word_1_493' title='bbox 158 3561 236 3613; x_wconf 74' lang='lat' dir='ltr'>xit</span> <span class='ocrx_word' id='word_1_494' title='bbox 263 3561 428 3616; x_wconf 81' lang='lat' dir='ltr'>Isaac</span> <span class='ocrx_word' id='word_1_495' title='bbox 453 3567 508 3615; x_wconf 91' lang='lat' dir='ltr'>et</span> <span class='ocrx_word' id='word_1_496' title='bbox 525 3559 688 3615; x_wconf 75' lang='lat' dir='ltr'>Iacob</span> <span class='ocrx_word' id='word_1_497' title='bbox 717 3566 768 3614; x_wconf 88' lang='lat' dir='ltr'>et</span> <span class='ocrx_word' id='word_1_498' title='bbox 793 3559 960 3614; x_wconf 84' lang='lat' dir='ltr'>Esau.</span> <span class='ocrx_word' id='word_1_499' title='bbox 993 3559 1153 3614; x_wconf 85' lang='lat' dir='ltr'>Hane</span> <span class='ocrx_word' id='word_1_500' title='bbox 1185 3575 1320 3632; x_wconf 87' lang='lat' dir='ltr'>ergo</span> <span class='ocrx_word' id='word_1_501' title='bbox 1361 3560 1810 3632; x_wconf 82' lang='lat' dir='ltr'>promissionem</span> 
     </span>
    </p>
   </div>
   <div class='ocr_carea' id='block_1_67' title="bbox 154 3647 1814 3723">
    <p class='ocr_par' dir='ltr' id='par_1_67' title="bbox 154 3647 1814 3723">
     <span class='ocr_line' id='line_1_67' title="bbox 154 3647 1814 3723; baseline 0.002 -21"><span class='ocrx_word' id='word_1_502' title='bbox 154 3652 314 3718; x_wconf 71' lang='lat' dir='ltr'>pater</span> <span class='ocrx_word' id='word_1_503' title='bbox 343 3648 489 3719; x_wconf 85' lang='lat' dir='ltr'>pius</span> <span class='ocrx_word' id='word_1_504' title='bbox 521 3647 778 3704; x_wconf 78' lang='lat' dir='ltr'>fideliter</span> <span class='ocrx_word' id='word_1_505' title='bbox 807 3652 1033 3716; x_wconf 82' lang='lat' dir='ltr'>tenens,</span> <span class='ocrx_word' id='word_1_506' title='bbox 1087 3652 1220 3720; x_wconf 90' lang='lat' dir='ltr'>etc.,</span> <span class='ocrx_word' id='word_1_507' title='bbox 1279 3665 1449 3722; x_wconf 87' lang='lat' dir='ltr'>usque</span> <span class='ocrx_word' id='word_1_508' title='bbox 1503 3650 1572 3705; x_wconf 86' lang='lat' dir='ltr'>ad</span> <span class='ocrx_word' id='word_1_509' title='bbox 1629 3650 1814 3723; x_wconf 85' lang='lat' dir='ltr'>spinis</span> 
     </span>
    </p>
   </div>
   <div class='ocr_carea' id='block_1_68' title="bbox 158 3735 1812 3808">
    <p class='ocr_par' dir='ltr' id='par_1_68' title="bbox 158 3735 1812 3808">
     <span class='ocr_line' id='line_1_68' title="bbox 158 3735 1812 3808; baseline 0.005 -20"><span class='ocrx_word' id='word_1_510' title='bbox 158 3735 426 3802; x_wconf 76' lang='lat' dir='ltr'>Judaicis</span> <span class='ocrx_word' id='word_1_511' title='bbox 457 3741 796 3794; x_wconf 88' lang='lat' dir='ltr'>coronatus.</span> <span class='ocrx_word' id='word_1_512' title='bbox 831 3737 963 3808; x_wconf 89' lang='lat' dir='ltr'>(Id.,</span> <span class='ocrx_word' id='word_1_513' title='bbox 1000 3739 1098 3792; x_wconf 86' lang='lat' dir='ltr'>lib.</span> <span class='ocrx_word' id='word_1_514' title='bbox 1131 3753 1222 3794; x_wconf 82' lang='lat' dir='ltr'>xv1</span> <span class='ocrx_word' id='word_1_515' title='bbox 1253 3738 1318 3794; x_wconf 86' lang='lat' dir='ltr'>de</span> <span class='ocrx_word' id='word_1_516' title='bbox 1351 3739 1510 3795; x_wconf 83' lang='lat' dir='ltr'>Civit.</span> <span class='ocrx_word' id='word_1_517' title='bbox 1546 3741 1642 3795; x_wconf 88' lang='lat' dir='ltr'>Dei</span> <span class='ocrx_word' id='word_1_518' title='bbox 1668 3744 1812 3796; x_wconf 89' lang='lat' dir='ltr'>tom.</span> 
     </span>
    </p>
   </div>
   <div class='ocr_carea' id='block_1_69' title="bbox 159 3823 613 3896">
    <p class='ocr_par' dir='ltr' id='par_1_69' title="bbox 159 3823 613 3896">
     <span class='ocr_line' id='line_1_69' title="bbox 159 3823 613 3896; baseline 0.002 -15"><span class='ocrx_word' id='word_1_519' title='bbox 159 3823 270 3895; x_wconf 83' lang='lat' dir='ltr'><strong>VII,</strong></span> <span class='ocrx_word' id='word_1_520' title='bbox 303 3826 427 3883; x_wconf 92' lang='lat' dir='ltr'>col.</span> <span class='ocrx_word' id='word_1_521' title='bbox 458 3826 613 3896; x_wconf 83' lang='lat' dir='ltr'>5H.)</span> 
     </span>
    </p>
   </div>
   <div class='ocr_carea' id='block_1_70' title="bbox 215 3915 1817 3990">
    <p class='ocr_par' dir='ltr' id='par_1_70' title="bbox 215 3915 1817 3990">
     <span class='ocr_line' id='line_1_70' title="bbox 215 3915 1817 3990; baseline 0.002 -20"><span class='ocrx_word' id='word_1_522' title='bbox 215 3915 440 3988; x_wconf 76' lang='lat' dir='ltr'>Magna</span> <span class='ocrx_word' id='word_1_523' title='bbox 469 3916 639 3985; x_wconf 79' lang='lat' dir='ltr'>ﬁdes,</span> <span class='ocrx_word' id='word_1_524' title='bbox 675 3932 889 3988; x_wconf 82' lang='lat' dir='ltr'>magna</span> <span class='ocrx_word' id='word_1_525' title='bbox 920 3917 1127 3988; x_wconf 83' lang='lat' dir='ltr'>pietas,</span> <span class='ocrx_word' id='word_1_526' title='bbox 1162 3920 1300 3988; x_wconf 84' lang='lat' dir='ltr'>etc.,</span> <span class='ocrx_word' id='word_1_527' title='bbox 1322 3933 1491 3988; x_wconf 86' lang='lat' dir='ltr'>usque</span> <span class='ocrx_word' id='word_1_528' title='bbox 1510 3917 1581 3973; x_wconf 86' lang='lat' dir='ltr'>ad</span> <span class='ocrx_word' id='word_1_529' title='bbox 1601 3917 1817 3990; x_wconf 89' lang='lat' dir='ltr'>impos-</span> 
     </span>
    </p>
   </div>
   <div class='ocr_carea' id='block_1_71' title="bbox 152 4003 1818 4075">
    <p class='ocr_par' dir='ltr' id='par_1_71' title="bbox 152 4003 1818 4075">
     <span class='ocr_line' id='line_1_71' title="bbox 152 4003 1818 4075; baseline 0.004 -17"><span class='ocrx_word' id='word_1_530' title='bbox 152 4003 312 4061; x_wconf 83' lang='lat' dir='ltr'>sibile</span> <span class='ocrx_word' id='word_1_531' title='bbox 373 4021 516 4062; x_wconf 82' lang='lat' dir='ltr'>esse</span> <span class='ocrx_word' id='word_1_532' title='bbox 573 4005 848 4061; x_wconf 87' lang='lat' dir='ltr'>Creatori.</span> <span class='ocrx_word' id='word_1_533' title='bbox 912 4006 1043 4075; x_wconf 88' lang='lat' dir='ltr'>(Id.,</span> <span class='ocrx_word' id='word_1_534' title='bbox 1105 4021 1268 4062; x_wconf 86' lang='lat' dir='ltr'>serm.</span> <span class='ocrx_word' id='word_1_535' title='bbox 1324 4007 1414 4061; x_wconf 81' lang='lat' dir='ltr'>de</span> <span class='ocrx_word' id='word_1_536' title='bbox 1444 4008 1818 4064; x_wconf 80' lang='lat' dir='ltr'>immolatione</span> 
     </span>
    </p>
   </div>
   <div class='ocr_carea' id='block_1_72' title="bbox 154 4093 1170 4166">
    <p class='ocr_par' dir='ltr' id='par_1_72' title="bbox 154 4093 1170 4166">
     <span class='ocr_line' id='line_1_72' title="bbox 154 4093 1170 4166; baseline 0.006 -20"><span class='ocrx_word' id='word_1_537' title='bbox 154 4094 315 4161; x_wconf 86' lang='lat' dir='ltr'>Isaac,</span> <span class='ocrx_word' id='word_1_538' title='bbox 350 4100 508 4150; x_wconf 87' lang='lat' dir='ltr'>tom.</span> <span class='ocrx_word' id='word_1_539' title='bbox 541 4093 610 4166; x_wconf 89' lang='lat' dir='ltr'><strong>V,</strong></span> <span class='ocrx_word' id='word_1_540' title='bbox 644 4110 706 4166; x_wconf 91' lang='lat' dir='ltr'>p.</span> <span class='ocrx_word' id='word_1_541' title='bbox 747 4112 784 4162; x_wconf 86' lang='grc' dir='ltr'><strong>ι,</strong></span> <span class='ocrx_word' id='word_1_542' title='bbox 819 4093 926 4156; x_wconf 89' lang='lat' dir='ltr'>col.</span> <span class='ocrx_word' id='word_1_543' title='bbox 959 4097 1077 4158; x_wconf 84' lang='lat'>27.)</span> <span class='ocrx_word' id='word_1_544' title='bbox 1167 4133 1170 4136; x_wconf 62' lang='grc' dir='ltr'><em>η</em></span> 
     </span>
    </p>
   </div>
   <div class='ocr_carea' id='block_1_73' title="bbox 210 4184 1814 4256">
    <p class='ocr_par' dir='ltr' id='par_1_73' title="bbox 210 4184 1814 4256">
     <span class='ocr_line' id='line_1_73' title="bbox 210 4184 1814 4256; baseline 0.004 -19"><span class='ocrx_word' id='word_1_545' title='bbox 210 4184 345 4240; x_wconf 78' lang='lat' dir='ltr'>Fide</span> <span class='ocrx_word' id='word_1_546' title='bbox 371 4184 548 4241; x_wconf 75' lang='lat' dir='ltr'>Iacob</span> <span class='ocrx_word' id='word_1_547' title='bbox 577 4185 834 4250; x_wconf 81' lang='lat' dir='ltr'>moriens,</span> <span class='ocrx_word' id='word_1_548' title='bbox 866 4187 1003 4250; x_wconf 83' lang='lat' dir='ltr'>etc.,</span> <span class='ocrx_word' id='word_1_549' title='bbox 1037 4201 1222 4256; x_wconf 84' lang='lat' dir='ltr'>usque</span> <span class='ocrx_word' id='word_1_550' title='bbox 1255 4185 1351 4252; x_wconf 88' lang='lat' dir='ltr'>ad,</span> <span class='ocrx_word' id='word_1_551' title='bbox 1400 4187 1679 4256; x_wconf 68' lang='lat' dir='ltr'>excipiens</span> <span class='ocrx_word' id='word_1_552' title='bbox 1719 4201 1814 4244; x_wconf 70' lang='lat' dir='ltr'>cx-</span> 
     </span>
    </p>
   </div>
   <div class='ocr_carea' id='block_1_74' title="bbox 148 4273 1814 4345">
    <p class='ocr_par' dir='ltr' id='par_1_74' title="bbox 148 4273 1814 4345">
     <span class='ocr_line' id='line_1_74' title="bbox 148 4273 1814 4345; baseline 0.002 -18"><span class='ocrx_word' id='word_1_553' title='bbox 148 4273 454 4341; x_wconf 77' lang='lat' dir='ltr'>ploratores</span> <span class='ocrx_word' id='word_1_554' title='bbox 481 4289 612 4328; x_wconf 80' lang='lat' dir='ltr'>eum</span> <span class='ocrx_word' id='word_1_555' title='bbox 629 4289 782 4344; x_wconf 80' lang='lat' dir='ltr'>pace.</span> <span class='ocrx_word' id='word_1_556' title='bbox 816 4273 965 4340; x_wconf 80' lang='lat' dir='ltr'>Quid</span> <span class='ocrx_word' id='word_1_557' title='bbox 997 4279 1087 4329; x_wconf 85' lang='lat' dir='ltr'>est</span> <span class='ocrx_word' id='word_1_558' title='bbox 1117 4275 1274 4345; x_wconf 87' lang='lat' dir='ltr'>quod</span> <span class='ocrx_word' id='word_1_559' title='bbox 1335 4273 1617 4342; x_wconf 80' lang='lat' dir='ltr'>adoravit,</span> <span class='ocrx_word' id='word_1_560' title='bbox 1681 4278 1814 4345; x_wconf 85' lang='lat' dir='ltr'>etc.,</span> 
     </span>
    </p>
   </div>
   <div class='ocr_carea' id='block_1_75' title="bbox 154 4361 1818 4435">
    <p class='ocr_par' dir='ltr' id='par_1_75' title="bbox 154 4361 1818 4435">
     <span class='ocr_line' id='line_1_75' title="bbox 154 4361 1818 4435; baseline 0 -17"><span class='ocrx_word' id='word_1_561' title='bbox 154 4376 315 4432; x_wconf 69' lang='lat' dir='ltr'>usque</span> <span class='ocrx_word' id='word_1_562' title='bbox 347 4362 426 4417; x_wconf 87' lang='lat' dir='ltr'>ad</span> <span class='ocrx_word' id='word_1_563' title='bbox 457 4361 542 4416; x_wconf 87' lang='lat' dir='ltr'>rei</span> <span class='ocrx_word' id='word_1_564' title='bbox 574 4361 783 4417; x_wconf 69' lang='lat' dir='ltr'>futurae</span> <span class='ocrx_word' id='word_1_565' title='bbox 812 4378 927 4434; x_wconf 60' lang='lat' dir='ltr'>pra!</span> <span class='ocrx_word' id='word_1_566' title='bbox 960 4362 1340 4435; x_wconf 81' lang='lat' dir='ltr'>ﬁgurabatur.</span> <span class='ocrx_word' id='word_1_567' title='bbox 1376 4363 1483 4432; x_wconf 88' lang='lat' dir='ltr'>(Id.</span> <span class='ocrx_word' id='word_1_568' title='bbox 1520 4363 1723 4431; x_wconf 73' lang='lat' dir='ltr'>Quaest.</span> <span class='ocrx_word' id='word_1_569' title='bbox 1757 4365 1818 4418; x_wconf 84' lang='lat' dir='ltr'>in</span> 
     </span>
    </p>
   </div>
   <div class='ocr_carea' id='block_1_76' title="bbox 152 4449 1121 4522">
    <p class='ocr_par' dir='ltr' id='par_1_76' title="bbox 152 4449 1121 4522">
     <span class='ocr_line' id='line_1_76' title="bbox 152 4449 1121 4522; baseline -0.001 -16"><span class='ocrx_word' id='word_1_570' title='bbox 152 4449 297 4518; x_wconf 67' lang='lat' dir='ltr'>Gem,</span> <span class='ocrx_word' id='word_1_571' title='bbox 331 4456 463 4507; x_wconf 91' lang='lat' dir='ltr'>tom</span> <span class='ocrx_word' id='word_1_572' title='bbox 498 4450 602 4517; x_wconf 90' lang='lat' dir='ltr'><strong>IlI,</strong></span> <span class='ocrx_word' id='word_1_573' title='bbox 636 4467 693 4522; x_wconf 91' lang='lat' dir='ltr'>p.</span> <span class='ocrx_word' id='word_1_574' title='bbox 731 4451 781 4518; x_wconf 86' lang='lat'>1,</span> <span class='ocrx_word' id='word_1_575' title='bbox 823 4450 933 4512; x_wconf 81' lang='lat' dir='ltr'>col.</span> <span class='ocrx_word' id='word_1_576' title='bbox 967 4451 1121 4522; x_wconf 83' lang='lat'>583.)</span> 
     </span>
    </p>
   </div>
   <div class='ocr_carea' id='block_1_77' title="bbox 1921 3313 3574 3474">
    <p class='ocr_par' dir='ltr' id='par_1_77' title="bbox 1921 3313 3574 3474">
     <span class='ocr_line' id='line_1_77' title="bbox 1992 3313 2222 3380; baseline 0.009 -12"><span class='ocrx_word' id='word_1_577' title='bbox 1992 3313 2031 3380; x_wconf 92' lang='lat'>1,</span> <span class='ocrx_word' id='word_1_578' title='bbox 2097 3315 2132 3368; x_wconf 93' lang='lat'>8</span> <span class='ocrx_word' id='word_1_579' title='bbox 2211 3358 2222 3370; x_wconf 97' lang='lat'>.</span> 
     </span>
     <span class='ocr_line' id='line_1_78' title="bbox 1921 3316 3574 3474; baseline -0.003 -15"><span class='ocrx_word' id='word_1_580' title='bbox 1921 3316 2247 3458; x_wconf 51' lang='lat' dir='ltr'>coMtiltizm)</span> <span class='ocrx_word' id='word_1_581' title='bbox 2276 3408 2365 3458; x_wconf 88' lang='lat' dir='ltr'>est</span> <span class='ocrx_word' id='word_1_582' title='bbox 2394 3407 2589 3458; x_wconf 88' lang='lat' dir='ltr'>autem</span> <span class='ocrx_word' id='word_1_583' title='bbox 2621 3403 2798 3474; x_wconf 91' lang='lat' dir='ltr'>quod,</span> <span class='ocrx_word' id='word_1_584' title='bbox 2832 3406 2966 3468; x_wconf 89' lang='lat' dir='ltr'>etc.,</span> <span class='ocrx_word' id='word_1_585' title='bbox 2993 3418 3163 3474; x_wconf 85' lang='lat' dir='ltr'>usque</span> <span class='ocrx_word' id='word_1_586' title='bbox 3207 3402 3275 3456; x_wconf 87' lang='lat' dir='ltr'>ad</span> <span class='ocrx_word' id='word_1_587' title='bbox 3330 3400 3574 3456; x_wconf 86' lang='lat' dir='ltr'>unicum</span> 
     </span>
    </p>
   </div>
   <div class='ocr_carea' id='block_1_78' title="bbox 1924 3491 3571 3565">
    <p class='ocr_par' dir='ltr' id='par_1_78' title="bbox 1924 3491 3571 3565">
     <span class='ocr_line' id='line_1_79' title="bbox 1924 3491 3571 3565; baseline -0.002 -18"><span class='ocrx_word' id='word_1_588' title='bbox 1924 3492 2303 3565; x_wconf 84' lang='lat' dir='ltr'>ﬂagellatum.</span> <span class='ocrx_word' id='word_1_589' title='bbox 2341 3493 2470 3565; x_wconf 90' lang='lat' dir='ltr'>(Id.,</span> <span class='ocrx_word' id='word_1_590' title='bbox 2510 3495 2566 3549; x_wconf 89' lang='lat' dir='ltr'>in</span> <span class='ocrx_word' id='word_1_591' title='bbox 2607 3493 2747 3565; x_wconf 87' lang='lat' dir='ltr'>psal.</span> <span class='ocrx_word' id='word_1_592' title='bbox 2791 3508 3060 3562; x_wconf 79' lang='lat' dir='ltr'><strong><em>Lxxxvm,</em></strong></span> <span class='ocrx_word' id='word_1_593' title='bbox 3107 3495 3249 3546; x_wconf 90' lang='lat' dir='ltr'>tom.</span> <span class='ocrx_word' id='word_1_594' title='bbox 3292 3491 3387 3558; x_wconf 90' lang='lat' dir='ltr'>IV,</span> <span class='ocrx_word' id='word_1_595' title='bbox 3420 3507 3473 3562; x_wconf 92' lang='lat' dir='ltr'>p.</span> <span class='ocrx_word' id='word_1_596' title='bbox 3508 3505 3571 3557; x_wconf 92' lang='lat'>11-,</span> 
     </span>
    </p>
   </div>
   <div class='ocr_carea' id='block_1_79' title="bbox 1922 3582 3574 3743">
    <p class='ocr_par' dir='ltr' id='par_1_79' title="bbox 1922 3582 3574 3743">
     <span class='ocr_line' id='line_1_80' title="bbox 1922 3582 3574 3743; baseline -0.003 -17"><span class='ocrx_word' id='word_1_597' title='bbox 1922 3582 2323 3726; x_wconf 46' lang='lat' dir='ltr'>cokiiisgi&#39;cgrs</span> <span class='ocrx_word' id='word_1_598' title='bbox 2364 3670 2669 3727; x_wconf 89' lang='lat' dir='ltr'>Dominus.</span> <span class='ocrx_word' id='word_1_599' title='bbox 2702 3673 2836 3738; x_wconf 88' lang='lat' dir='ltr'>etc.,</span> <span class='ocrx_word' id='word_1_600' title='bbox 2881 3686 3054 3743; x_wconf 82' lang='lat' dir='ltr'>usque</span> <span class='ocrx_word' id='word_1_601' title='bbox 3083 3668 3154 3725; x_wconf 87' lang='lat' dir='ltr'>ad</span> <span class='ocrx_word' id='word_1_602' title='bbox 3179 3667 3574 3739; x_wconf 74' lang='lat' dir='ltr'>disciplinam</span> 
     </span>
    </p>
   </div>
   <div class='ocr_carea' id='block_1_80' title="bbox 1922 3755 3572 3832">
    <p class='ocr_par' dir='ltr' id='par_1_80' title="bbox 1922 3755 3572 3832">
     <span class='ocr_line' id='line_1_81' title="bbox 1922 3755 3572 3832; baseline -0.004 -17"><span class='ocrx_word' id='word_1_603' title='bbox 1922 3765 2089 3832; x_wconf 89' lang='lat' dir='ltr'>pater</span> <span class='ocrx_word' id='word_1_604' title='bbox 2117 3761 2265 3831; x_wconf 89' lang='lat' dir='ltr'>ejus.</span> <span class='ocrx_word' id='word_1_605' title='bbox 2300 3760 2428 3832; x_wconf 92' lang='lat' dir='ltr'>(Id.,</span> <span class='ocrx_word' id='word_1_606' title='bbox 2464 3762 2521 3815; x_wconf 87' lang='lat' dir='ltr'>in</span> <span class='ocrx_word' id='word_1_607' title='bbox 2549 3761 2694 3832; x_wconf 86' lang='lat' dir='ltr'>psal.</span> <span class='ocrx_word' id='word_1_608' title='bbox 2756 3776 2904 3828; x_wconf 85' lang='lat' dir='ltr'>cx1v,</span> <span class='ocrx_word' id='word_1_609' title='bbox 2937 3765 3080 3815; x_wconf 87' lang='lat' dir='ltr'>tom.</span> <span class='ocrx_word' id='word_1_610' title='bbox 3115 3758 3208 3828; x_wconf 88' lang='lat' dir='ltr'><strong>IV,</strong></span> <span class='ocrx_word' id='word_1_611' title='bbox 3269 3775 3327 3829; x_wconf 86' lang='lat' dir='ltr'>p.</span> <span class='ocrx_word' id='word_1_612' title='bbox 3364 3773 3428 3822; x_wconf 88' lang='lat'><strong>11,</strong></span> <span class='ocrx_word' id='word_1_613' title='bbox 3459 3755 3572 3811; x_wconf 87' lang='lat' dir='ltr'>col.</span> 
     </span>
    </p>
   </div>
   <div class='ocr_carea' id='block_1_81' title="bbox 1926 3850 3574 4010">
    <p class='ocr_par' dir='ltr' id='par_1_81' title="bbox 1926 3850 3574 4010">
     <span class='ocr_line' id='line_1_82' title="bbox 1926 3850 2048 3904; baseline 0 0"><span class='ocrx_word' id='word_1_614' title='bbox 1926 3850 2048 3904; x_wconf 88' lang='grc'>488.</span> 
     </span>
     <span class='ocr_line' id='line_1_83' title="bbox 1995 3853 3574 4010; baseline -0.003 -17"><span class='ocrx_word' id='word_1_615' title='bbox 1995 3853 2140 4002; x_wconf 53' lang='lat' dir='ltr'>Qtiia</span> <span class='ocrx_word' id='word_1_616' title='bbox 2170 3955 2284 3993; x_wconf 90' lang='lat' dir='ltr'>non</span> <span class='ocrx_word' id='word_1_617' title='bbox 2318 3937 2556 4010; x_wconf 87' lang='lat' dir='ltr'>repellet</span> <span class='ocrx_word' id='word_1_618' title='bbox 2586 3938 2894 4004; x_wconf 88' lang='lat' dir='ltr'>Dominus,</span> <span class='ocrx_word' id='word_1_619' title='bbox 2925 3941 3059 4004; x_wconf 90' lang='lat' dir='ltr'>etc.,</span> <span class='ocrx_word' id='word_1_620' title='bbox 3109 3952 3280 4008; x_wconf 85' lang='lat' dir='ltr'>usque</span> <span class='ocrx_word' id='word_1_621' title='bbox 3322 3935 3392 3991; x_wconf 85' lang='lat' dir='ltr'>ad</span> <span class='ocrx_word' id='word_1_622' title='bbox 3424 3939 3574 3990; x_wconf 84' lang='lat' dir='ltr'>tem-</span> 
     </span>
    </p>
   </div>
   <div class='ocr_carea' id='block_1_82' title="bbox 1925 4023 3571 4099">
    <p class='ocr_par' dir='ltr' id='par_1_82' title="bbox 1925 4023 3571 4099">
     <span class='ocr_line' id='line_1_84' title="bbox 1925 4023 3571 4099; baseline -0.002 -16"><span class='ocrx_word' id='word_1_623' title='bbox 1925 4025 2122 4099; x_wconf 88' lang='lat' dir='ltr'>porale</span> <span class='ocrx_word' id='word_1_624' title='bbox 2152 4031 2258 4082; x_wconf 88' lang='lat' dir='ltr'>est.</span> <span class='ocrx_word' id='word_1_625' title='bbox 2294 4027 2424 4098; x_wconf 92' lang='lat' dir='ltr'>(Id.,</span> <span class='ocrx_word' id='word_1_626' title='bbox 2457 4029 2517 4082; x_wconf 90' lang='lat' dir='ltr'>in</span> <span class='ocrx_word' id='word_1_627' title='bbox 2561 4029 2704 4099; x_wconf 87' lang='lat' dir='ltr'>psal.</span> <span class='ocrx_word' id='word_1_628' title='bbox 2764 4043 2892 4094; x_wconf 87' lang='lat' dir='ltr'>xcv,</span> <span class='ocrx_word' id='word_1_629' title='bbox 2925 4029 3067 4081; x_wconf 87' lang='lat' dir='ltr'>tom.</span> <span class='ocrx_word' id='word_1_630' title='bbox 3123 4024 3215 4092; x_wconf 91' lang='lat' dir='ltr'>IV,</span> <span class='ocrx_word' id='word_1_631' title='bbox 3248 4041 3305 4095; x_wconf 93' lang='lat' dir='ltr'>p.</span> <span class='ocrx_word' id='word_1_632' title='bbox 3366 4041 3428 4092; x_wconf 88' lang='lat'>11,</span> <span class='ocrx_word' id='word_1_633' title='bbox 3461 4023 3571 4079; x_wconf 89' lang='lat' dir='ltr'>col.</span> 
     </span>
    </p>
   </div>
   <div class='ocr_carea' id='block_1_83' title="bbox 1931 4118 3571 4277">
    <p class='ocr_par' dir='ltr' id='par_1_83' title="bbox 1931 4118 3571 4277">
     <span class='ocr_line' id='line_1_85' title="bbox 1931 4118 3571 4277; baseline -0.007 -15"><span class='ocrx_word' id='word_1_634' title='bbox 1931 4118 2195 4277; x_wconf 38' lang='lat' dir='ltr'>ﬁgitque</span> <span class='ocrx_word' id='word_1_635' title='bbox 2224 4204 2541 4277; x_wconf 84' lang='lat' dir='ltr'>quisquam</span> <span class='ocrx_word' id='word_1_636' title='bbox 2572 4203 2822 4276; x_wconf 84' lang='lat' dir='ltr'>superbe</span> <span class='ocrx_word' id='word_1_637' title='bbox 2853 4203 2922 4258; x_wconf 91' lang='lat' dir='ltr'>de</span> <span class='ocrx_word' id='word_1_638' title='bbox 2961 4218 3024 4259; x_wconf 89' lang='lat' dir='ltr'>se</span> <span class='ocrx_word' id='word_1_639' title='bbox 3063 4202 3402 4273; x_wconf 65' lang='lat' dir='ltr'>praesumat,</span> <span class='ocrx_word' id='word_1_640' title='bbox 3433 4201 3571 4265; x_wconf 81' lang='lat' dir='ltr'>etc.,</span> 
     </span>
    </p>
   </div>
   <div class='ocr_carea' id='block_1_84' title="bbox 1925 4288 3574 4368">
    <p class='ocr_par' dir='ltr' id='par_1_84' title="bbox 1925 4288 3574 4368">
     <span class='ocr_line' id='line_1_86' title="bbox 1925 4288 3574 4368; baseline -0.005 -18"><span class='ocrx_word' id='word_1_641' title='bbox 1925 4311 2094 4368; x_wconf 85' lang='lat' dir='ltr'>usque</span> <span class='ocrx_word' id='word_1_642' title='bbox 2119 4295 2190 4349; x_wconf 87' lang='lat' dir='ltr'>ad</span> <span class='ocrx_word' id='word_1_643' title='bbox 2221 4298 2587 4350; x_wconf 86' lang='lat' dir='ltr'>convertetur</span> <span class='ocrx_word' id='word_1_644' title='bbox 2617 4292 2675 4346; x_wconf 90' lang='lat' dir='ltr'>in</span> <span class='ocrx_word' id='word_1_645' title='bbox 2707 4291 2954 4348; x_wconf 89' lang='lat' dir='ltr'>luctum.</span> <span class='ocrx_word' id='word_1_646' title='bbox 2976 4291 3111 4360; x_wconf 78' lang='lat' dir='ltr'>(Id.,</span> <span class='ocrx_word' id='word_1_647' title='bbox 3137 4290 3193 4346; x_wconf 85' lang='lat' dir='ltr'>in</span> <span class='ocrx_word' id='word_1_648' title='bbox 3220 4288 3363 4360; x_wconf 82' lang='lat' dir='ltr'>psal.</span> <span class='ocrx_word' id='word_1_649' title='bbox 3389 4301 3574 4353; x_wconf 79' lang='lat' dir='ltr'><strong><em>Lxxw,</em></strong></span> 
     </span>
    </p>
   </div>
   <div class='ocr_carea' id='block_1_85' title="bbox 1925 4381 3596 4455">
    <p class='ocr_par' dir='ltr' id='par_1_85' title="bbox 1925 4381 3596 4455">
     <span class='ocr_line' id='line_1_87' title="bbox 1925 4381 3596 4455; baseline -0.004 -17"><span class='ocrx_word' id='word_1_650' title='bbox 1925 4388 2067 4440; x_wconf 92' lang='lat' dir='ltr'>tom.</span> <span class='ocrx_word' id='word_1_651' title='bbox 2099 4383 2195 4452; x_wconf 89' lang='lat' dir='ltr'><strong>VI,</strong></span> <span class='ocrx_word' id='word_1_652' title='bbox 2227 4387 2375 4455; x_wconf 90' lang='lat' dir='ltr'>part.</span> <span class='ocrx_word' id='word_1_653' title='bbox 2412 4383 2453 4451; x_wconf 89' lang='grc' dir='ltr'>Ι,</span> <span class='ocrx_word' id='word_1_654' title='bbox 2487 4381 2596 4438; x_wconf 91' lang='lat' dir='ltr'>col.</span> <span class='ocrx_word' id='word_1_655' title='bbox 2627 4381 2778 4455; x_wconf 81' lang='grc'>946.)</span> <span class='ocrx_word' id='word_1_656' title='bbox 3592 4393 3596 4397; x_wconf 89' lang='grc'><strong>·</strong></span> 
     </span>
    </p>
   </div>
   <div class='ocr_carea' id='block_1_86' title="bbox 1997 4463 3574 4545">
    <p class='ocr_par' dir='ltr' id='par_1_86' title="bbox 1997 4463 3574 4545">
     <span class='ocr_line' id='line_1_88' title="bbox 1997 4463 3574 4545; baseline -0.005 -15"><span class='ocrx_word' id='word_1_657' title='bbox 1997 4473 2218 4530; x_wconf 86' lang='lat' dir='ltr'>Deinde</span> <span class='ocrx_word' id='word_1_658' title='bbox 2241 4481 2424 4544; x_wconf 85' lang='lat' dir='ltr'>patres</span> <span class='ocrx_word' id='word_1_659' title='bbox 2455 4472 2691 4545; x_wconf 85' lang='lat' dir='ltr'>quidem,</span> <span class='ocrx_word' id='word_1_660' title='bbox 2715 4475 3060 4544; x_wconf 53' lang='lat' dir='ltr'>etc.,,usqne</span> <span class='ocrx_word' id='word_1_661' title='bbox 3081 4467 3154 4522; x_wconf 84' lang='lat' dir='ltr'>ad</span> <span class='ocrx_word' id='word_1_662' title='bbox 3187 4468 3246 4522; x_wconf 87' lang='lat' dir='ltr'>in</span> <span class='ocrx_word' id='word_1_663' title='bbox 3266 4463 3574 4536; x_wconf 78' lang='lat' dir='ltr'>recipiendo</span> 
     </span>
    </p>
   </div>
   <div class='ocr_carea' id='block_1_87' title="bbox 208 4555 3574 4641">
    <p class='ocr_par' dir='ltr' id='par_1_87' title="bbox 208 4555 3574 4641">
     <span class='ocr_line' id='line_1_89' title="bbox 208 4555 3574 4641; baseline -0 -27"><span class='ocrx_word' id='word_1_664' title='bbox 208 4559 276 4614; x_wconf 77' lang='lat' dir='ltr'>Et</span> <span class='ocrx_word' id='word_1_665' title='bbox 304 4555 655 4631; x_wconf 68' lang='lat' dir='ltr'>quidadhuc</span> <span class='ocrx_word' id='word_1_666' title='bbox 682 4557 862 4613; x_wconf 83' lang='lat' dir='ltr'>dicam</span> <span class='ocrx_word' id='word_1_667' title='bbox 886 4561 913 4612; x_wconf 90' lang='lat'><strong><em>?</em></strong></span> <span class='ocrx_word' id='word_1_668' title='bbox 942 4562 1074 4627; x_wconf 89' lang='lat' dir='ltr'>etc.,</span> <span class='ocrx_word' id='word_1_669' title='bbox 1108 4575 1297 4631; x_wconf 86' lang='lat' dir='ltr'>usque</span> <span class='ocrx_word' id='word_1_670' title='bbox 1325 4560 1396 4614; x_wconf 89' lang='lat' dir='ltr'>ad</span> <span class='ocrx_word' id='word_1_671' title='bbox 1438 4561 1816 4630; x_wconf 84' lang='lat' dir='ltr'>repromissio-</span> <span class='ocrx_word' id='word_1_672' title='bbox 1851 4577 1895 4641; x_wconf 80' lang='grc' dir='ltr'><strong>ι)</strong></span> <span class='ocrx_word' id='word_1_673' title='bbox 1924 4563 2410 4634; x_wconf 83' lang='lat' dir='ltr'>sanctiﬁcationem</span> <span class='ocrx_word' id='word_1_674' title='bbox 2438 4563 2574 4633; x_wconf 85' lang='lat' dir='ltr'>ejus.</span> <span class='ocrx_word' id='word_1_675' title='bbox 2609 4561 2801 4616; x_wconf 86' lang='lat' dir='ltr'>Donec</span> <span class='ocrx_word' id='word_1_676' title='bbox 2832 4560 3141 4617; x_wconf 89' lang='lat' dir='ltr'>domemur</span> <span class='ocrx_word' id='word_1_677' title='bbox 3167 4560 3223 4612; x_wconf 90' lang='lat' dir='ltr'>et</span> <span class='ocrx_word' id='word_1_678' title='bbox 3271 4555 3574 4626; x_wconf 75' lang='lat' dir='ltr'>perdome-</span> 
     </span>
    </p>
   </div>
   <div class='ocr_carea' id='block_1_88' title="bbox 146 4647 1812 4721">
    <p class='ocr_par' dir='ltr' id='par_1_88' title="bbox 146 4647 1812 4721">
     <span class='ocr_line' id='line_1_90' title="bbox 146 4647 1812 4721; baseline 0.003 -21"><span class='ocrx_word' id='word_1_679' title='bbox 146 4664 248 4702; x_wconf 69' lang='grc' dir='ltr'>πα.</span> <span class='ocrx_word' id='word_1_680' title='bbox 283 4647 598 4705; x_wconf 72' lang='lat' dir='ltr'>Abraham</span> <span class='ocrx_word' id='word_1_681' title='bbox 632 4663 749 4702; x_wconf 87' lang='lat' dir='ltr'>non</span> <span class='ocrx_word' id='word_1_682' title='bbox 799 4647 991 4702; x_wconf 89' lang='lat' dir='ltr'>solum</span> <span class='ocrx_word' id='word_1_683' title='bbox 1025 4665 1139 4703; x_wconf 90' lang='lat' dir='ltr'>non</span> <span class='ocrx_word' id='word_1_684' title='bbox 1185 4652 1273 4704; x_wconf 90' lang='lat' dir='ltr'>est</span> <span class='ocrx_word' id='word_1_685' title='bbox 1327 4647 1619 4721; x_wconf 89' lang='lat' dir='ltr'>culpatus,</span> <span class='ocrx_word' id='word_1_686' title='bbox 1681 4653 1812 4718; x_wconf 82' lang='lat' dir='ltr'>etc.,</span> 
     </span>
    </p>
   </div>
   <div class='ocr_carea' id='block_1_89' title="bbox 146 4736 1814 4810">
    <p class='ocr_par' dir='ltr' id='par_1_89' title="bbox 146 4736 1814 4810">
     <span class='ocr_line' id='line_1_91' title="bbox 146 4736 1814 4810; baseline 0.002 -20"><span class='ocrx_word' id='word_1_687' title='bbox 146 4753 309 4810; x_wconf 80' lang='lat' dir='ltr'>usque</span> <span class='ocrx_word' id='word_1_688' title='bbox 337 4737 417 4792; x_wconf 89' lang='lat' dir='ltr'>ad</span> <span class='ocrx_word' id='word_1_689' title='bbox 452 4736 742 4794; x_wconf 87' lang='lat' dir='ltr'>miracula</span> <span class='ocrx_word' id='word_1_690' title='bbox 799 4736 1065 4794; x_wconf 87' lang='lat' dir='ltr'>faciebat.</span> <span class='ocrx_word' id='word_1_691' title='bbox 1101 4738 1230 4803; x_wconf 91' lang='lat' dir='ltr'>(Id.,</span> <span class='ocrx_word' id='word_1_692' title='bbox 1264 4754 1333 4794; x_wconf 73' lang='lat' dir='ltr'>ea:</span> <span class='ocrx_word' id='word_1_693' title='bbox 1381 4739 1478 4793; x_wconf 90' lang='lat' dir='ltr'>lib.</span> <span class='ocrx_word' id='word_1_694' title='bbox 1537 4739 1603 4794; x_wconf 88' lang='lat' dir='ltr'>de</span> <span class='ocrx_word' id='word_1_695' title='bbox 1657 4740 1814 4795; x_wconf 86' lang='lat' dir='ltr'>Civit.</span> 
     </span>
    </p>
   </div>
   <div class='ocr_carea' id='block_1_90' title="bbox 145 4825 901 4899">
    <p class='ocr_par' dir='ltr' id='par_1_90' title="bbox 145 4825 901 4899">
     <span class='ocr_line' id='line_1_92' title="bbox 145 4825 901 4899; baseline 0.005 -21"><span class='ocrx_word' id='word_1_696' title='bbox 145 4827 256 4895; x_wconf 83' lang='lat' dir='ltr'>Dei,</span> <span class='ocrx_word' id='word_1_697' title='bbox 293 4831 454 4883; x_wconf 88' lang='lat' dir='ltr'>tom.</span> <span class='ocrx_word' id='word_1_698' title='bbox 487 4826 612 4895; x_wconf 81' lang='lat' dir='ltr'><strong>VII,</strong></span> <span class='ocrx_word' id='word_1_699' title='bbox 647 4825 758 4882; x_wconf 91' lang='lat' dir='ltr'>col.</span> <span class='ocrx_word' id='word_1_700' title='bbox 788 4828 901 4899; x_wconf 88' lang='lat'>35.)</span> 
     </span>
    </p>
   </div>
   <div class='ocr_carea' id='block_1_91' title="bbox 197 4916 1818 4989">
    <p class='ocr_par' dir='ltr' id='par_1_91' title="bbox 197 4916 1818 4989">
     <span class='ocr_line' id='line_1_93' title="bbox 197 4916 1818 4989; baseline 0.001 -18"><span class='ocrx_word' id='word_1_701' title='bbox 197 4916 634 4973; x_wconf 82' lang='lat' dir='ltr'>Obturaverunt</span> <span class='ocrx_word' id='word_1_702' title='bbox 663 4932 760 4971; x_wconf 87' lang='lat' dir='ltr'>ora</span> <span class='ocrx_word' id='word_1_703' title='bbox 792 4917 1026 4985; x_wconf 85' lang='lat' dir='ltr'>leonum,</span> <span class='ocrx_word' id='word_1_704' title='bbox 1060 4920 1194 4982; x_wconf 91' lang='lat' dir='ltr'>etc.,</span> <span class='ocrx_word' id='word_1_705' title='bbox 1228 4933 1414 4989; x_wconf 89' lang='lat' dir='ltr'>usque</span> <span class='ocrx_word' id='word_1_706' title='bbox 1448 4919 1518 4974; x_wconf 90' lang='lat' dir='ltr'>ad</span> <span class='ocrx_word' id='word_1_707' title='bbox 1553 4917 1616 4972; x_wconf 88' lang='lat' dir='ltr'>de</span> <span class='ocrx_word' id='word_1_708' title='bbox 1635 4934 1818 4974; x_wconf 81' lang='lat' dir='ltr'>resur-</span> 
     </span>
    </p>
   </div>
   <div class='ocr_carea' id='block_1_92' title="bbox 1927 4643 3573 4725">
    <p class='ocr_par' dir='ltr' id='par_1_92' title="bbox 1927 4643 3573 4725">
     <span class='ocr_line' id='line_1_94' title="bbox 1927 4643 3573 4725; baseline -0.005 -18"><span class='ocrx_word' id='word_1_709' title='bbox 1927 4670 2081 4718; x_wconf 90' lang='lat' dir='ltr'>mur,</span> <span class='ocrx_word' id='word_1_710' title='bbox 2113 4657 2246 4718; x_wconf 87' lang='lat' dir='ltr'>etc.,</span> <span class='ocrx_word' id='word_1_711' title='bbox 2278 4669 2445 4725; x_wconf 82' lang='lat' dir='ltr'>usque</span> <span class='ocrx_word' id='word_1_712' title='bbox 2473 4650 2542 4705; x_wconf 85' lang='lat' dir='ltr'>ad</span> <span class='ocrx_word' id='word_1_713' title='bbox 2573 4653 2771 4721; x_wconf 87' lang='lat' dir='ltr'>parcat</span> <span class='ocrx_word' id='word_1_714' title='bbox 2820 4647 2924 4702; x_wconf 90' lang='lat' dir='ltr'>tibi</span> <span class='ocrx_word' id='word_1_715' title='bbox 2974 4650 3030 4700; x_wconf 89' lang='lat' dir='ltr'>et</span> <span class='ocrx_word' id='word_1_716' title='bbox 3061 4645 3291 4700; x_wconf 86' lang='lat' dir='ltr'>deserat</span> <span class='ocrx_word' id='word_1_717' title='bbox 3318 4649 3397 4699; x_wconf 87' lang='lat' dir='ltr'>te.</span> <span class='ocrx_word' id='word_1_718' title='bbox 3441 4643 3573 4714; x_wconf 88' lang='lat' dir='ltr'>(Id.,</span> 
     </span>
    </p>
   </div>
   <div class='ocr_carea' id='block_1_93' title="bbox 1927 4731 3578 4808">
    <p class='ocr_par' dir='ltr' id='par_1_93' title="bbox 1927 4731 3578 4808">
     <span class='ocr_line' id='line_1_95' title="bbox 1927 4731 3578 4808; baseline -0.007 -12"><span class='ocrx_word' id='word_1_719' title='bbox 1927 4759 2097 4797; x_wconf 86' lang='lat' dir='ltr'>serm.</span> <span class='ocrx_word' id='word_1_720' title='bbox 2158 4741 2222 4797; x_wconf 87' lang='lat' dir='ltr'>de</span> <span class='ocrx_word' id='word_1_721' title='bbox 2252 4742 2396 4797; x_wconf 87' lang='lat' dir='ltr'>verb.</span> <span class='ocrx_word' id='word_1_722' title='bbox 2463 4744 2690 4808; x_wconf 82' lang='lat' dir='ltr'>Evang.,</span> <span class='ocrx_word' id='word_1_723' title='bbox 2751 4741 2893 4806; x_wconf 88' lang='lat' dir='ltr'>tom,</span> <span class='ocrx_word' id='word_1_724' title='bbox 2926 4735 2993 4801; x_wconf 86' lang='lat' dir='ltr'><strong>V,</strong></span> <span class='ocrx_word' id='word_1_725' title='bbox 3027 4751 3082 4806; x_wconf 93' lang='lat' dir='ltr'>p.</span> <span class='ocrx_word' id='word_1_726' title='bbox 3117 4751 3154 4801; x_wconf 92' lang='lat'>1,</span> <span class='ocrx_word' id='word_1_727' title='bbox 3217 4731 3326 4788; x_wconf 89' lang='lat' dir='ltr'>col.</span> <span class='ocrx_word' id='word_1_728' title='bbox 3387 4733 3492 4786; x_wconf 80' lang='lat'>376</span> <span class='ocrx_word' id='word_1_729' title='bbox 3521 4736 3578 4786; x_wconf 87' lang='lat' dir='ltr'>et</span> 
     </span>
    </p>
   </div>
   <div class='ocr_carea' id='block_1_94' title="bbox 1928 4848 2050 4887">
    <p class='ocr_par' dir='ltr' id='par_1_94' title="bbox 1928 4848 2050 4887">
     <span class='ocr_line' id='line_1_96' title="bbox 1928 4848 2050 4887; baseline -0.008 -1"><span class='ocrx_word' id='word_1_730' title='bbox 1928 4848 2050 4887; x_wconf 83' lang='lat' dir='ltr'>seu.</span> 
     </span>
    </p>
   </div>
   <div class='ocr_carea' id='block_1_95' title="bbox 1995 4831 3575 4988">
    <p class='ocr_par' dir='ltr' id='par_1_95' title="bbox 1995 4831 3575 4988">
     <span class='ocr_line' id='line_1_97' title="bbox 1995 4831 3575 4988; baseline -0.007 -13"><span class='ocrx_word' id='word_1_731' title='bbox 1995 4831 2187 4975; x_wconf 43' lang='lat' dir='ltr'>(amnis</span> <span class='ocrx_word' id='word_1_732' title='bbox 2219 4927 2399 4974; x_wconf 88' lang='lat' dir='ltr'>autem</span> <span class='ocrx_word' id='word_1_733' title='bbox 2429 4917 2743 4988; x_wconf 86' lang='lat' dir='ltr'>disciplina,</span> <span class='ocrx_word' id='word_1_734' title='bbox 2778 4918 2908 4981; x_wconf 91' lang='lat' dir='ltr'>etc.,</span> <span class='ocrx_word' id='word_1_735' title='bbox 2940 4928 3126 4985; x_wconf 87' lang='lat' dir='ltr'>usque</span> <span class='ocrx_word' id='word_1_736' title='bbox 3160 4912 3231 4967; x_wconf 90' lang='lat' dir='ltr'>ad</span> <span class='ocrx_word' id='word_1_737' title='bbox 3263 4912 3443 4980; x_wconf 83' lang='lat' dir='ltr'>magis</span> <span class='ocrx_word' id='word_1_738' title='bbox 3477 4926 3575 4964; x_wconf 76' lang='lat' dir='ltr'>(tu-</span> 
     </span>
    </p>
   </div>
   <div class='ocr_carea' id='block_1_96' title="bbox 1930 4999 3578 5077">
    <p class='ocr_par' dir='ltr' id='par_1_96' title="bbox 1930 4999 3578 5077">
     <span class='ocr_line' id='line_1_98' title="bbox 1930 4999 3578 5077; baseline -0.007 -12"><span class='ocrx_word' id='word_1_739' title='bbox 1930 5018 2035 5066; x_wconf 90' lang='lat' dir='ltr'>tem</span> <span class='ocrx_word' id='word_1_740' title='bbox 2088 5016 2327 5064; x_wconf 85' lang='lat' dir='ltr'>sanetur.</span> <span class='ocrx_word' id='word_1_741' title='bbox 2364 5005 2747 5077; x_wconf 88' lang='lat' dir='ltr'>Disciplinam</span> <span class='ocrx_word' id='word_1_742' title='bbox 2807 5021 2985 5076; x_wconf 89' lang='lat' dir='ltr'>quam</span> <span class='ocrx_word' id='word_1_743' title='bbox 3043 5001 3222 5057; x_wconf 73' lang='lat' dir='ltr'>Graeci</span> <span class='ocrx_word' id='word_1_744' title='bbox 3283 4999 3578 5072; x_wconf 87' lang='lat' dir='ltr'>appellant</span> 
     </span>
    </p>
   </div>
   <div class='ocr_carea' id='block_1_97' title="bbox 1933 5093 3574 5171">
    <p class='ocr_par' dir='ltr' id='par_1_97' title="bbox 1933 5093 3574 5171">
     <span class='ocr_line' id='line_1_99' title="bbox 1933 5093 3574 5171; baseline -0.007 -17"><span class='ocrx_word' id='word_1_745' title='bbox 1933 5097 2196 5171; x_wconf 89' lang='lat' dir='ltr'>paideian</span> <span class='ocrx_word' id='word_1_746' title='bbox 2229 5113 2396 5169; x_wconf 86' lang='lat' dir='ltr'>usque</span> <span class='ocrx_word' id='word_1_747' title='bbox 2424 5095 2493 5150; x_wconf 88' lang='lat' dir='ltr'>ad</span> <span class='ocrx_word' id='word_1_748' title='bbox 2515 5094 2782 5166; x_wconf 77' lang='lat' dir='ltr'>justitiae.</span> <span class='ocrx_word' id='word_1_749' title='bbox 2818 5093 2923 5166; x_wconf 92' lang='lat' dir='ltr'>(Id.</span> <span class='ocrx_word' id='word_1_750' title='bbox 2959 5095 3018 5148; x_wconf 89' lang='lat' dir='ltr'>in</span> <span class='ocrx_word' id='word_1_751' title='bbox 3035 5093 3175 5164; x_wconf 82' lang='lat' dir='ltr'>psal.</span> <span class='ocrx_word' id='word_1_752' title='bbox 3207 5108 3397 5157; x_wconf 78' lang='lat' dir='ltr'>cxvm,</span> <span class='ocrx_word' id='word_1_753' title='bbox 3431 5094 3574 5144; x_wconf 89' lang='lat' dir='ltr'>tom.</span> 
     </span>
    </p>
   </div>
   <div class='ocr_carea' id='block_1_98' title="bbox 1929 5185 2860 5259">
    <p class='ocr_par' dir='ltr' id='par_1_98' title="bbox 1929 5185 2860 5259">
     <span class='ocr_line' id='line_1_100' title="bbox 1929 5185 2860 5259; baseline -0.005 -15"><span class='ocrx_word' id='word_1_754' title='bbox 1929 5188 2019 5253; x_wconf 93' lang='lat' dir='ltr'>IV,</span> <span class='ocrx_word' id='word_1_755' title='bbox 2055 5191 2204 5259; x_wconf 86' lang='lat' dir='ltr'>part.</span> <span class='ocrx_word' id='word_1_756' title='bbox 2228 5190 2282 5254; x_wconf 85' lang='lat'>2,</span> <span class='ocrx_word' id='word_1_757' title='bbox 2315 5185 2426 5241; x_wconf 91' lang='lat' dir='ltr'>col.</span> <span class='ocrx_word' id='word_1_758' title='bbox 2460 5185 2598 5240; x_wconf 87' lang='grc'>1547</span> <span class='ocrx_word' id='word_1_759' title='bbox 2629 5189 2687 5240; x_wconf 92' lang='lat' dir='ltr'>et</span> <span class='ocrx_word' id='word_1_760' title='bbox 2712 5185 2860 5255; x_wconf 89' lang='lat' dir='ltr'>seq.)</span> 
     </span>
    </p>
   </div>
   <div class='ocr_carea' id='block_1_99' title="bbox 1997 5267 3575 5345">
    <p class='ocr_par' dir='ltr' id='par_1_99' title="bbox 1997 5267 3575 5345">
     <span class='ocr_line' id='line_1_101' title="bbox 1997 5267 3575 5345; baseline -0.009 -14"><span class='ocrx_word' id='word_1_761' title='bbox 1997 5276 2069 5332; x_wconf 87' lang='lat' dir='ltr'>Ut</span> <span class='ocrx_word' id='word_1_762' title='bbox 2100 5274 2367 5331; x_wconf 87' lang='lat' dir='ltr'>nonnulli</span> <span class='ocrx_word' id='word_1_763' title='bbox 2399 5275 2458 5330; x_wconf 89' lang='lat' dir='ltr'>in</span> <span class='ocrx_word' id='word_1_764' title='bbox 2477 5279 2671 5330; x_wconf 71' lang='lat' dir='ltr'>Graeco</span> <span class='ocrx_word' id='word_1_765' title='bbox 2704 5272 3002 5345; x_wconf 86' lang='lat' dir='ltr'>epistimin</span> <span class='ocrx_word' id='word_1_766' title='bbox 3034 5267 3393 5342; x_wconf 80' lang='lat' dir='ltr'>interpretati</span> <span class='ocrx_word' id='word_1_767' title='bbox 3417 5269 3575 5334; x_wconf 83' lang='lat' dir='ltr'>sunt,</span> 
     </span>
    </p>
   </div>
   <div class='ocr_carea' id='block_1_100' title="bbox 141 5004 1818 5078">
    <p class='ocr_par' dir='ltr' id='par_1_100' title="bbox 141 5004 1818 5078">
     <span class='ocr_line' id='line_1_102' title="bbox 141 5004 1818 5078; baseline 0.002 -20"><span class='ocrx_word' id='word_1_768' title='bbox 141 5008 383 5062; x_wconf 80' lang='lat' dir='ltr'>rectione</span> <span class='ocrx_word' id='word_1_769' title='bbox 416 5013 666 5062; x_wconf 86' lang='lat' dir='ltr'>mortuos</span> <span class='ocrx_word' id='word_1_770' title='bbox 695 5021 840 5062; x_wconf 83' lang='lat' dir='ltr'>suos.</span> <span class='ocrx_word' id='word_1_771' title='bbox 884 5004 1172 5062; x_wconf 86' lang='lat' dir='ltr'>Pluralem</span> <span class='ocrx_word' id='word_1_772' title='bbox 1224 5023 1537 5062; x_wconf 87' lang='lat' dir='ltr'>numerum</span> <span class='ocrx_word' id='word_1_773' title='bbox 1565 5024 1668 5078; x_wconf 90' lang='lat' dir='ltr'>pro</span> <span class='ocrx_word' id='word_1_774' title='bbox 1699 5007 1818 5062; x_wconf 88' lang='lat' dir='ltr'>sin-</span> 
     </span>
    </p>
   </div>
   <div class='ocr_carea' id='block_1_101' title="bbox 142 5094 1820 5168">
    <p class='ocr_par' dir='ltr' id='par_1_101' title="bbox 142 5094 1820 5168">
     <span class='ocr_line' id='line_1_103' title="bbox 142 5094 1820 5168; baseline 0.002 -19"><span class='ocrx_word' id='word_1_775' title='bbox 142 5094 332 5164; x_wconf 83' lang='lat' dir='ltr'>gulari</span> <span class='ocrx_word' id='word_1_776' title='bbox 364 5096 639 5168; x_wconf 88' lang='lat' dir='ltr'>positum</span> <span class='ocrx_word' id='word_1_777' title='bbox 669 5111 796 5152; x_wconf 87' lang='lat' dir='ltr'>esse</span> <span class='ocrx_word' id='word_1_778' title='bbox 821 5094 1238 5168; x_wconf 85' lang='lat' dir='ltr'>intelligamus,</span> <span class='ocrx_word' id='word_1_779' title='bbox 1263 5096 1576 5152; x_wconf 87' lang='lat' dir='ltr'>clauserunt</span> <span class='ocrx_word' id='word_1_780' title='bbox 1597 5113 1692 5151; x_wconf 90' lang='lat' dir='ltr'>ora</span> <span class='ocrx_word' id='word_1_781' title='bbox 1717 5096 1820 5152; x_wconf 89' lang='lat' dir='ltr'>leo-</span> 
     </span>
    </p>
   </div>
   <div class='ocr_carea' id='block_1_102' title="bbox 136 5183 1820 5257">
    <p class='ocr_par' dir='ltr' id='par_1_102' title="bbox 136 5183 1820 5257">
     <span class='ocr_line' id='line_1_104' title="bbox 136 5183 1820 5257; baseline 0.001 -19"><span class='ocrx_word' id='word_1_782' title='bbox 136 5201 291 5252; x_wconf 88' lang='lat' dir='ltr'>num,</span> <span class='ocrx_word' id='word_1_783' title='bbox 330 5201 488 5240; x_wconf 87' lang='lat' dir='ltr'>cum</span> <span class='ocrx_word' id='word_1_784' title='bbox 521 5183 686 5240; x_wconf 82' lang='lat' dir='ltr'>solus</span> <span class='ocrx_word' id='word_1_785' title='bbox 712 5183 915 5242; x_wconf 87' lang='lat' dir='ltr'>Daniel</span> <span class='ocrx_word' id='word_1_786' title='bbox 961 5184 1281 5257; x_wconf 82' lang='lat' dir='ltr'>signiﬁcari</span> <span class='ocrx_word' id='word_1_787' title='bbox 1334 5183 1717 5257; x_wconf 88' lang='lat' dir='ltr'>intelligatur.</span> <span class='ocrx_word' id='word_1_788' title='bbox 1750 5185 1820 5240; x_wconf 90' lang='lat' dir='ltr'>Et</span> 
     </span>
    </p>
   </div>
   <div class='ocr_carea' id='block_1_103' title="bbox 143 5272 1816 5342">
    <p class='ocr_par' dir='ltr' id='par_1_103' title="bbox 143 5272 1816 5342">
     <span class='ocr_line' id='line_1_105' title="bbox 143 5272 1816 5342; baseline 0.001 -15"><span class='ocrx_word' id='word_1_789' title='bbox 143 5272 470 5342; x_wconf 74' lang='lat' dir='ltr'>pluraliter</span> <span class='ocrx_word' id='word_1_790' title='bbox 501 5273 726 5328; x_wconf 85' lang='lat' dir='ltr'>dictum</span> <span class='ocrx_word' id='word_1_791' title='bbox 753 5276 886 5329; x_wconf 85' lang='lat' dir='ltr'>secti</span> <span class='ocrx_word' id='word_1_792' title='bbox 915 5282 1064 5341; x_wconf 88' lang='lat' dir='ltr'>sunt,</span> <span class='ocrx_word' id='word_1_793' title='bbox 1097 5291 1233 5330; x_wconf 90' lang='lat' dir='ltr'>cum</span> <span class='ocrx_word' id='word_1_794' title='bbox 1264 5274 1335 5329; x_wconf 91' lang='lat' dir='ltr'>de</span> <span class='ocrx_word' id='word_1_795' title='bbox 1365 5274 1488 5329; x_wconf 86' lang='lat' dir='ltr'>solo</span> <span class='ocrx_word' id='word_1_796' title='bbox 1519 5274 1671 5330; x_wconf 89' lang='lat' dir='ltr'>Isaia</span> <span class='ocrx_word' id='word_1_797' title='bbox 1699 5279 1816 5329; x_wconf 85' lang='lat' dir='ltr'>tra-</span> 
     </span>
    </p>
   </div>
   <div class='ocr_carea' id='block_1_104' title="bbox 140 5354 3578 5436">
    <p class='ocr_par' dir='ltr' id='par_1_104' title="bbox 140 5354 3578 5436">
     <span class='ocr_line' id='line_1_106' title="bbox 140 5354 3578 5436; baseline -0.002 -22"><span class='ocrx_word' id='word_1_798' title='bbox 140 5359 336 5417; x_wconf 85' lang='lat' dir='ltr'>datur.</span> <span class='ocrx_word' id='word_1_799' title='bbox 373 5361 552 5416; x_wconf 86' lang='lat' dir='ltr'>Sicut</span> <span class='ocrx_word' id='word_1_800' title='bbox 578 5361 638 5417; x_wconf 87' lang='lat' dir='ltr'>in</span> <span class='ocrx_word' id='word_1_801' title='bbox 661 5362 888 5434; x_wconf 86' lang='lat' dir='ltr'>psalmo</span> <span class='ocrx_word' id='word_1_802' title='bbox 911 5363 1084 5420; x_wconf 89' lang='lat' dir='ltr'>etiam</span> <span class='ocrx_word' id='word_1_803' title='bbox 1109 5363 1264 5436; x_wconf 90' lang='lat' dir='ltr'>quod</span> <span class='ocrx_word' id='word_1_804' title='bbox 1297 5363 1520 5418; x_wconf 88' lang='lat' dir='ltr'>dictum</span> <span class='ocrx_word' id='word_1_805' title='bbox 1545 5368 1654 5430; x_wconf 87' lang='lat' dir='ltr'>est,</span> <span class='ocrx_word' id='word_1_806' title='bbox 1678 5364 1817 5419; x_wconf 87' lang='lat' dir='ltr'>Asti-</span> <span class='ocrx_word' id='word_1_807' title='bbox 1927 5368 2060 5432; x_wconf 89' lang='lat' dir='ltr'>etc.,</span> <span class='ocrx_word' id='word_1_808' title='bbox 2094 5380 2268 5436; x_wconf 81' lang='lat' dir='ltr'>usque</span> <span class='ocrx_word' id='word_1_809' title='bbox 2291 5363 2378 5420; x_wconf 81' lang='lat' dir='ltr'>ad</span> <span class='ocrx_word' id='word_1_810' title='bbox 2407 5361 2894 5433; x_wconf 72' lang='lat' dir='ltr'>reddetjustitiaz.</span> <span class='ocrx_word' id='word_1_811' title='bbox 2927 5359 3031 5432; x_wconf 91' lang='lat' dir='ltr'>(Id.</span> <span class='ocrx_word' id='word_1_812' title='bbox 3065 5360 3163 5413; x_wconf 90' lang='lat' dir='ltr'>lib.</span> <span class='ocrx_word' id='word_1_813' title='bbox 3214 5375 3308 5411; x_wconf 75' lang='lat' dir='ltr'><strong>XIV</strong></span> <span class='ocrx_word' id='word_1_814' title='bbox 3353 5354 3417 5408; x_wconf 79' lang='lat' dir='ltr'>tle</span> <span class='ocrx_word' id='word_1_815' title='bbox 3450 5354 3578 5410; x_wconf 83' lang='lat' dir='ltr'>Tri-</span> 
     </span>
    </p>
   </div>
   <div class='ocr_carea' id='block_1_105' title="bbox 139 5451 2975 5524">
    <p class='ocr_par' dir='ltr' id='par_1_105' title="bbox 139 5451 2975 5524">
     <span class='ocr_line' id='line_1_107' title="bbox 139 5451 2975 5524; baseline -0 -19"><span class='ocrx_word' id='word_1_816' title='bbox 139 5457 322 5506; x_wconf 82' lang='lat' dir='ltr'>terunt</span> <span class='ocrx_word' id='word_1_817' title='bbox 371 5467 538 5520; x_wconf 86' lang='lat' dir='ltr'>reges</span> <span class='ocrx_word' id='word_1_818' title='bbox 566 5459 806 5522; x_wconf 68' lang='lat' dir='ltr'>terrz,et</span> <span class='ocrx_word' id='word_1_819' title='bbox 829 5454 1110 5524; x_wconf 83' lang='lat' dir='ltr'>principes</span> <span class='ocrx_word' id='word_1_820' title='bbox 1139 5461 1507 5509; x_wconf 84' lang='lat' dir='ltr'>convenerunt</span> <span class='ocrx_word' id='word_1_821' title='bbox 1536 5455 1593 5508; x_wconf 89' lang='lat' dir='ltr'>in</span> <span class='ocrx_word' id='word_1_822' title='bbox 1623 5469 1815 5520; x_wconf 87' lang='lat' dir='ltr'>unum,</span> <span class='ocrx_word' id='word_1_823' title='bbox 1927 5455 2028 5510; x_wconf 88' lang='lat' dir='ltr'>nit.</span> <span class='ocrx_word' id='word_1_824' title='bbox 2061 5457 2204 5508; x_wconf 90' lang='lat' dir='ltr'>tom.</span> <span class='ocrx_word' id='word_1_825' title='bbox 2237 5453 2387 5521; x_wconf 85' lang='lat' dir='ltr'>Vill,</span> <span class='ocrx_word' id='word_1_826' title='bbox 2421 5451 2531 5510; x_wconf 86' lang='lat' dir='ltr'>col.</span> <span class='ocrx_word' id='word_1_827' title='bbox 2567 5453 2704 5506; x_wconf 88' lang='lat'>1836</span> <span class='ocrx_word' id='word_1_828' title='bbox 2734 5454 2790 5506; x_wconf 88' lang='lat' dir='ltr'>et</span> <span class='ocrx_word' id='word_1_829' title='bbox 2825 5453 2975 5521; x_wconf 86' lang='lat' dir='ltr'>seq.)</span> 
     </span>
    </p>
   </div>
   <div class='ocr_carea' id='block_1_106' title="bbox 137 5533 3577 5622">
    <p class='ocr_par' dir='ltr' id='par_1_106' title="bbox 137 5533 3577 5622">
     <span class='ocr_line' id='line_1_108' title="bbox 137 5533 3577 5622; baseline -0.004 -24"><span class='ocrx_word' id='word_1_830' title='bbox 137 5539 448 5612; x_wconf 70' lang='lat' dir='ltr'>pluralem</span> <span class='ocrx_word' id='word_1_831' title='bbox 478 5556 790 5611; x_wconf 67' lang='lat' dir='ltr'>numerum</span> <span class='ocrx_word' id='word_1_832' title='bbox 803 5557 907 5622; x_wconf 81' lang='lat' dir='ltr'>pro</span> <span class='ocrx_word' id='word_1_833' title='bbox 920 5540 967 5599; x_wconf 82' lang='lat' dir='ltr'>si</span> <span class='ocrx_word' id='word_1_834' title='bbox 981 5539 1209 5613; x_wconf 78' lang='lat' dir='ltr'>ngulari</span> <span class='ocrx_word' id='word_1_835' title='bbox 1221 5541 1479 5613; x_wconf 88' lang='lat' dir='ltr'>positum</span> <span class='ocrx_word' id='word_1_836' title='bbox 1502 5542 1560 5597; x_wconf 90' lang='lat' dir='ltr'>in</span> <span class='ocrx_word' id='word_1_837' title='bbox 1579 5540 1819 5596; x_wconf 87' lang='lat' dir='ltr'>Actibus</span> <span class='ocrx_word' id='word_1_838' title='bbox 1999 5543 2194 5598; x_wconf 84' lang='lat' dir='ltr'>Pacem</span> <span class='ocrx_word' id='word_1_839' title='bbox 2237 5543 2552 5614; x_wconf 84' lang='lat' dir='ltr'>sequimini,</span> <span class='ocrx_word' id='word_1_840' title='bbox 2584 5545 2717 5610; x_wconf 90' lang='lat' dir='ltr'>etc.,</span> <span class='ocrx_word' id='word_1_841' title='bbox 2751 5555 2937 5610; x_wconf 87' lang='lat' dir='ltr'>usque</span> <span class='ocrx_word' id='word_1_842' title='bbox 2969 5537 3040 5592; x_wconf 89' lang='lat' dir='ltr'>ad</span> <span class='ocrx_word' id='word_1_843' title='bbox 3085 5533 3406 5604; x_wconf 80' lang='lat' dir='ltr'>inquisisset</span> <span class='ocrx_word' id='word_1_844' title='bbox 3431 5547 3577 5587; x_wconf 82' lang='lat' dir='ltr'>eam.</span> 
     </span>
    </p>
   </div>
   <div class='ocr_carea' id='block_1_107' title="bbox 136 5622 3579 5712">
    <p class='ocr_par' dir='ltr' id='par_1_107' title="bbox 136 5622 3579 5712">
     <span class='ocr_line' id='line_1_109' title="bbox 136 5622 3579 5712; baseline -0.001 -22"><span class='ocrx_word' id='word_1_845' title='bbox 136 5631 1055 5709; x_wconf 53' lang='lat' dir='ltr'>apostolorumexponiturﬂam</span> <span class='ocrx_word' id='word_1_846' title='bbox 1072 5647 1235 5708; x_wconf 80' lang='lat' dir='ltr'>reges</span> <span class='ocrx_word' id='word_1_847' title='bbox 1254 5638 1492 5708; x_wconf 79' lang='lat' dir='ltr'>propter</span> <span class='ocrx_word' id='word_1_848' title='bbox 1507 5631 1818 5711; x_wconf 78' lang='lat' dir='ltr'>Herodem,</span> <span class='ocrx_word' id='word_1_849' title='bbox 1931 5631 2058 5690; x_wconf 85' lang='lat' dir='ltr'>Filii</span> <span class='ocrx_word' id='word_1_850' title='bbox 2090 5631 2190 5690; x_wconf 89' lang='lat' dir='ltr'>Dei</span> <span class='ocrx_word' id='word_1_851' title='bbox 2211 5649 2422 5712; x_wconf 76' lang='lat' dir='ltr'>sumus</span> <span class='ocrx_word' id='word_1_852' title='bbox 2441 5636 2496 5690; x_wconf 87' lang='lat' dir='ltr'>et</span> <span class='ocrx_word' id='word_1_853' title='bbox 2518 5644 2910 5707; x_wconf 79' lang='lat' dir='ltr'>agnoscamus</span> <span class='ocrx_word' id='word_1_854' title='bbox 2921 5625 3074 5702; x_wconf 89' lang='lat' dir='ltr'>quod</span> <span class='ocrx_word' id='word_1_855' title='bbox 3093 5622 3198 5679; x_wconf 80' lang='lat' dir='ltr'>ﬁlii</span> <span class='ocrx_word' id='word_1_856' title='bbox 3217 5622 3349 5710; x_wconf 78' lang='lat' dir='ltr'>ejus</span> <span class='ocrx_word' id='word_1_857' title='bbox 3369 5637 3579 5687; x_wconf 70' lang='lat' dir='ltr'>sumus</span> 
     </span>
    </p>
   </div>
  </div>
