3938 6160
430 296 548 357 427

1424 294 1496 354 Β.
1543 294 1609 354 S.
1655 288 1911 354 LUPUS
1957 286 2533 350 FERlIARIENSIS
2576 287 2851 349 ABBAS.
3638 291 3727 357 428

1311 610 1476 760 B.
1584 548 2424 763 SERVATI
2528 605 2965 763 LUPI

738 863 1234 928 PRESBYTERI
1277 864 1378 925 ET
1419 861 1751 923 ABBA'I‘IS
1796 858 2372 920 FERRABIENSIS
2418 860 2733 922 ORDlNlS
2776 858 3052 920 SANGTI
3092 858 3492 923 BENEDICTI

1814 1036 2473 1167 OPEBA

435 1346 972 1413 STEPHANUS
1030 1344 1470 1409 BALUZIUS
1526 1345 1580 1407 Τ
1577 1344 1847 1425 utelensz's
1894 1344 1956 1425 τή
2002 1362 2180 1403 unum
2237 1342 2489 1425 εοιζςρίτ,
2541 1345 2820 1425 epistolas
2864 1345 2946 1407 ad
2990 1346 3165 1418 ﬁnem
3214 1346 3564 1407 vetustissimi
3598 1347 3765 1410 codici:

1635 1423 1975 1486 emendavit
2004 1424 2273 1505 notisque
2301 1423 2648 1486 illustrauit.

465 1564 645 1627 (Juxta
665 1561 953 1613 editionem
974 1573 1117 1610 anno
1140 1563 1259 1612 1710
1281 1560 1457 1644 datam
1482 1562 1535 1610 et
1555 1558 1940 1623 posterioribus
1960 1558 2101 1607 curis
2121 1556 2188 1606 ab
2217 1557 2333 1620 ipso
2354 1557 2566 1607 Baluzio
2589 1557 2770 1608 multis
2794 1558 2845 1608 iu
2867 1559 2996 1610 locis
3017 1562 3231 1609 auctam
3254 1562 3410 1624 atque
3429 1559 3749 1624 emendatam.)

1470 1802 1886 1875 STEPHANI
1942 1801 2271 1873 BALUZII
2327 1800 2807 1874 PPt/EFATIO.

504 2070 707 2123 Annus
739 2065 935 2139 agitur
964 2065 1320 2121 centesimus
1353 2067 1409 2119 et
1437 2063 1752 2119 vicesimus
1773 2080 1841 2120 ex
1860 2083 1973 2137 quo
1994 2067 2083 2120 vir
2113 2068 2164 2133 Α
2197 2065 2374 2121 editio
2405 2066 2675 2136 corrupte
2704 2063 2966 2118 obtrudit
2986 2066 3234 2120 παιδίας
3268 2065 3421 2131 illas;
3441 2079 3602 2135 quam
3626 2061 3774 2118 Jureti

433 2155 798 2212 clarissimus
831 2153 1100 2227 Papirius
1132 2153 1443 2209 Massonus
1473 2151 1533 2206 in
1566 2151 1867 2225 publicum
1892 2154 2088 2209 emisit

432 2243 708 2317 epistolas
732 2242 899 2314 Lupi,
934 2241 1163 2298 abbatis
1192 2241 1534 2297 monasterii
1570 2242 1973 2309 Ferrariensis,
1994 2243 2087 2297 de-

434 2334 687 2404 scriptas
715 2349 783 2387 ex
811 2331 1106 2386 veteribus
1138 2330 1497 2386 membranis
1514 2331 1776 2402 ejusdem
1798 2334 2084 2386 monaste-

435 2422 526 2492 rii,
541 2438 789 2493 quarum
812 2419 895 2474 illi
911 2419 1137 2490 copiam
1162 2419 1375 2474 fecerat
1396 2419 1603 2474 Petrus
1617 2419 1816 2474 Daniel
1834 2420 2081 2474 ballivus

435 2511 553 2566 fani
584 2509 769 2564 sancti
805 2507 1097 2562 Benedicti
1131 2508 1201 2562 ad
1238 2506 1680 2579 Ligerim.Sane
1703 2508 1943 2562 dubium
1965 2526 2079 2563 non

434 2603 523 2655 est
552 2598 692 2671 quin
727 2596 1046 2670 plurimum
1079 2596 1399 2651 debeamus
1428 2595 1672 2650 eruditis
1702 2594 1914 2668 vigiliis
1935 2597 2084 2652 Mas-

434 2688 582 2757 soni,
602 2687 700 2759 qui
725 2684 1039 2742 nonnullos
1067 2690 1328 2740 veterum
1363 2684 1717 2756 scriptorum
1746 2684 1927 2741 libros
1949 2703 1978 2741 e
2000 2690 2079 2743 te-

432 2776 630 2834 nebris
648 2776 799 2832 eruit
825 2775 1041 2846 quibus
1063 2775 1284 2830 fortean
1301 2774 1584 2829 hactenus
1606 2790 1955 2831 careremus.
1970 2776 2078 2832 Sed

430 2871 626 2922 tamen
659 2864 982 2938 optandum
1007 2866 1163 2919 esset
1182 2866 1247 2918 ut
1277 2879 1452 2935 quam
1479 2862 1538 2918 in
1563 2862 1976 2934 conquirendis
1992 2881 2081 2921 ve-

430 2959 621 3013 terum
650 2952 1159 3010 lucubrationibus
1203 2951 1568 3026 diligentiam
1604 2953 1893 3024 adhibuit,
1926 2970 2077 3011 eam-

428 3047 559 3103 dem
573 3045 633 3100 in
646 3043 888 3100 edendis
899 3042 1673 3114 adhibuisset,nequetotam
1685 3042 2078 3100 ﬁduciamcol-

428 3133 678 3190 locasset
700 3132 759 3186 in
792 3130 1250 3186 amanuensibus
1262 3134 1317 3186 et
1329 3130 1603 3186 librariis.
1620 3131 1765 3185 Nam
1781 3130 1874 3188 his
1886 3132 2076 3205 impu-

427 3223 675 3280 tandum
708 3219 957 3275 arbitror
986 3219 1141 3290 quod
1171 3223 1434 3275 vetustos
1465 3223 1730 3277 auctores
1751 3221 2073 3280 aMassono

429 3311 615 3367 editos
646 3312 768 3364 tam
799 3306 947 3363 fcnde
977 3306 1301 3363 maculatos
1332 3307 1639 3364 habemus.
1675 3310 1873 3382 Neque
1915 3311 2071 3367 eaim

430 3395 719 3472 auspicari
740 3396 874 3453 licet
902 3412 1031 3452 eam
1050 3395 1109 3451 in
1125 3397 1397 3454 Massono
1415 3396 1534 3453 sive
1556 3398 1925 3454 osoitantiam
1952 3403 2070 3457 sivc

424 3487 804 3562 supinitatem
836 3486 1017 3543 fuisse
1047 3489 1113 3541 ut
1144 3486 1201 3541 in
1235 3485 1486 3559 singulis
1517 3487 1633 3543 fere
1656 3487 1825 3544 lineis
1847 3489 2071 3546 recede-

423 3582 511 3634 ret
543 3594 576 3633 a
605 3576 904 3633 codicibus
936 3576 1153 3647 quibus
1183 3576 1475 3631 utebatur.
1510 3576 1580 3630 Et
1615 3580 1810 3632 tamen
1844 3582 2066 3634 certum

423 3671 513 3722 est
534 3665 727 3721 nullos
748 3668 1015 3720 auctores
1035 3663 1439 3736 indiligentius
1458 3669 1875 3721 essetractatos
1888 3684 2065 3738 quam

421 3771 569 3828 quos
600 3751 815 3824 Papirii
847 3751 1104 3807 Massonl
1144 3769 1284 3807 cura
1330 3751 1607 3825 vulgavit.
1641 3754 1916 3827 Exemplo
1946 3756 2067 3812 sint

419 3859 595 3916 opera
606 3839 918 3913 Agobardi,
933 3838 1354 3912 archiepiscopi
1375 3840 1807 3912 Lugdunensis,
1824 3848 1880 3898 et
1893 3844 2065 3900 Gesta

418 3928 755 3987 Collationis
792 3927 1269 4001 Carthaginensis
1319 3928 1471 3984 inter
1512 3928 1829 3987 catholicos
1860 3936 1917 3987 et
1951 3937 2063 3988 Do-

418 4019 773 4077 natistas.Et
793 4017 1100 4074 Gestorum
1125 4017 1362 4089 quidem
1394 4017 1690 4091 exemplar
1718 4020 2062 4089 vetus,illud

416 4109 612 4183 ipsum
635 4108 915 4164 nimirum
934 4123 1049 4178 quo
1071 4124 1214 4162 usus
1231 4111 1320 4164 est
1342 4107 1671 4176 Massonus,
1692 4109 2064 4166 exstatbodie

414 4198 476 4254 in
507 4197 860 4255 bibliotheca
888 4195 1242 4262 Colbertina,
1257 4197 1358 4252 sed
1377 4195 1520 4251 adeo
1538 4196 1833 4253 diversum
1865 4199 1936 4253 ab
1951 4199 2066 4254 edi-

415 4286 571 4344 tione
600 4285 961 4352 Massoni,ut
982 4302 1050 4340 ea
1080 4285 1293 4341 deinde
1326 4285 1397 4340 ad
1430 4286 1819 4356 ejusdemmet
1847 4287 2062 4344 codicis

414 4376 591 4433 fidem
622 4375 953 4432 recudenda
968 4374 1139 4429 fuerit
1168 4373 1363 4429 studio
1399 4374 1548 4429 Petri
1578 4374 1782 4430 Pithmi
1813 4376 1916 4431 viri
1939 4394 2065 4433 eru-

413 4465 690 4523 ditissimi
714 4468 771 4520 et
786 4463 845 4519 in
862 4462 1271 4535 hujuscemodi
1288 4462 1463 4517 rebus
1478 4461 1729 4517 multum
1743 4464 2059 4534 exercitati,

414 4570 450 4608 a
478 4554 646 4609 nobis
677 4554 913 4609 demum
937 4550 1121 4607 multo
1148 4549 1376 4606 felicius
1406 4551 1718 4606 emendata
1745 4554 1802 4607 et
1832 4551 2061 4609 editaiu

410 4643 569 4695 tomo
591 4640 779 4711 primo
813 4644 1021 4697 nostrae
1061 4638 1419 4696 collectionis
1459 4637 1877 4695 Conciliorum.
1912 4643 2061 4713 Ago-

410 4726 577 4781 bardi
606 4744 738 4783 vero
771 4729 948 4784 codex
977 4728 1434 4800 manuscriptus,
1459 4744 1574 4799 quo
1606 4744 1751 4784 usus
1780 4733 1869 4784 est
1901 4728 2060 4785 Mas-

2098 3444 2146 3510 B

2196 2154 2661 2209 observationem
2695 2168 2825 2208 esse
2852 2151 3221 2208 verissimam
3249 2169 3355 2226 ego
3386 2167 3602 2224 quoque
3625 2152 3779 2222 depre-

2193 2241 2392 2298 hendi.
2411 2242 2613 2313 Itaque
2635 2242 2961 2313 optandum
2978 2247 3158 2313 esset,
3174 2258 3283 2297 ceu
3301 2242 3564 2309 diximus,
3578 2244 3633 2296 ut
3651 2237 3778 2312 paulo

2192 2331 2623 2402 diligentiorem
2657 2346 2891 2401 operam
2915 2330 2975 2385 in
3008 2330 3101 2386 his
3134 2330 3262 2387 suis
3291 2329 3629 2387 oditionibus
3656 2326 3780 2383 adhi-

2192 2418 2417 2474 buisset
2444 2421 2773 2473 Massonus.
2807 2418 2887 2472 Ex
2906 2418 3109 2473 eadem
3145 2435 3321 2491 porro
3362 2415 3693 2490 indiligentia
3716 2416 3777 2469 fa-

2190 2512 2350 2561 ctum
2406 2512 2495 2562 est
2541 2512 2604 2561 ut
2655 2506 2803 2578 Lupi
2850 2506 3129 2578 epistolas
3162 2506 3488 2563 habeamus
3518 2503 3779 2561 fmdissime

2189 2600 2627 2668 conspurcatas,
2660 2595 2919 2667 adeoque
2965 2596 3213 2651 miseras
3266 2613 3331 2652 ac
3384 2594 3642 2668 perditas,
3669 2588 3778 2646 utsi

2189 2685 2388 2757 Lupus
2421 2684 2593 2740 hodie
2624 2684 3006 2757 revivisceret,
3039 2685 3132 2740 vix
3176 2700 3242 2741 se
3273 2684 3418 2758 ipse,
3432 2684 3639 2757 opinor,
3662 2677 3784 2753 agni-

2184 2776 2355 2829 turus
2382 2778 2555 2829 esset.
2572 2775 2693 2840 Quo
2711 2773 2929 2830 factum
2959 2778 3049 2830 est
3079 2778 3161 2841 ut,
3178 2791 3319 2830 cum
3342 2775 3428 2830 vir
3445 2772 3782 2829 eruditusAn-

2186 2863 2356 2918 dreas
2404 2861 2739 2918 Duchenius
2780 2866 3111 2919 vestustum
3160 2864 3427 2920 codicem
3476 2860 3780 2934 Lupinarum

2186 2950 2566 3024 epistolarum
2598 2954 2806 3007 nactus
2836 2956 3009 3019 esset,
3040 2969 3253 3008 novam
3287 2969 3489 3009 earum
3518 2949 3779 3006 editionem

2183 3040 2548 3096 adornaverit
2574 3057 2639 3096 ac
2670 3039 3080 3113 publicaverit:
3099 3041 3155 3096 in
3175 3058 3320 3114 qua,
3336 3041 3469 3098 utid
3482 3040 3653 3096 dicam
3667 3033 3786 3109 quod

2183 3145 2277 3185 res
2306 3132 2413 3196 est,
2447 3128 2916 3202 quamplurimos
2944 3147 3167 3186 errores
3197 3130 3468 3197 sustulit,
3500 3145 3607 3185 non
3635 3132 3787 3182 tamen

2181 3234 2406 3274 omnes.
2423 3218 2599 3273 Erant
2624 3218 2780 3274 enim
2812 3219 3007 3274 adhuc
3031 3218 3218 3275 multo
3239 3219 3415 3292 plura
3435 3235 3558 3292 quae
3571 3212 3791 3272 emenda-

2181 3308 2338 3364 tione
2353 3306 2473 3363 indi
2482 3307 2718 3380 gebant.
2738 3309 2997 3365 Tandem
3015 3310 3087 3364 ad
3107 3326 3202 3365 me
3219 3314 3467 3366 ventum
3484 3312 3585 3375 est,
3609 3305 3788 3364 Lector,

2180 3395 2570 3453 novissimum
2604 3397 2889 3453 editorem
2922 3413 3169 3469 operum
3204 3399 3359 3471 Lupi
3383 3395 3607 3454 abbatis
3627 3393 3791 3449 Ferra-

2178 3484 2634 3557 riensis.Itaque
2665 3487 3065 3542 necessarium
3098 3485 3341 3543 videtur
3362 3476 3791 3556 nonullaprzefari

2176 3574 2245 3630 de
2274 3589 2422 3629 nova
2449 3574 2559 3630 hac
2589 3573 2846 3630 editione
2876 3577 2933 3630 et
2962 3578 3157 3631 tecum
3188 3575 3405 3648 paucis
3437 3589 3601 3648 agere
3639 3567 3792 3626 dehoc

2176 3679 2304 3719 meo
2336 3662 2626 3718 instituto.

2243 3754 2387 3806 Cum
2418 3750 2674 3823 primum
2709 3752 2780 3807 ad
2817 3751 2943 3808 haec
2980 3752 3200 3823 studia,
3225 3771 3363 3827 quae
3395 3769 3551 3809 nunc
3581 3746 3796 3806 exercent

2172 3839 2325 3895 viros
2357 3839 2637 3907 eruditos,
2671 3840 2933 3896 animum
2969 3841 3270 3914 appuli,id
3307 3843 3458 3899 mihi
3491 3838 3797 3914 negotiicre-

2172 3928 2292 3983 didi
2326 3929 2386 3984 in
2418 3928 2624 4000 primis
2655 3929 2778 3985 dari
2811 3931 2958 3997 ut,si
2991 3947 3107 4003 quo
3140 3934 3323 3989 modo
3358 3936 3800 4006 possem,eacon-

2170 4020 2449 4073 verterem
2473 4016 2532 4072 in
2565 4035 2740 4074 usum
2765 4018 3090 4090 publicum.
3110 4021 3179 4076 Et
3196 4038 3231 4076 a
3247 4039 3442 4095 puero
3466 4035 3670 4093 magna
3683 4008 3799 4070 mihi

2172 4121 2404 4178 semper
2433 4105 2805 4177 antiquitatis
2828 4124 2987 4163 cura.
3022 4109 3227 4181 Itaque
3261 4126 3508 4182 semper
3537 4103 3709 4163 amavi
3729 4116 3798 4156 ex.

2171 4199 2366 4250 cutere
2391 4193 2610 4250 forulos
2642 4193 3152 4264 bibliothecarum,
3184 4198 3274 4254 sic
3306 4198 3654 4255 existimans
3677 4192 3798 4248 iutu‘

2170 4299 2303 4338 rum
2335 4288 2401 4338 ut
2424 4282 2642 4355 aliquid
2675 4283 2911 4340 fortuito
2935 4286 3312 4343 nanciscerer
3345 4288 3508 4360 quod
3542 4283 3740 4341 utiliter
3754 4277 3799 4330 in

2171 4369 2474 4443 publicum
2506 4372 2817 4440 ederetur;
2850 4373 2935 4429 vel
2968 4373 3016 4429 si
3049 4374 3306 4432 obtineri
3350 4376 3415 4432 id
3463 4392 3582 4432 non
3626 4368 3805 4446 posset,

2171 4459 2379 4516 saltem
2410 4464 2668 4517 vetustos
2699 4461 2990 4517 editorum
3022 4468 3343 4521 auctorum
3371 4466 3606 4522 codices
3629 4453 3810 4531 reperi-

2171 4566 2314 4618 rem,
2349 4567 2599 4622 quorum
2658 4568 2767 4623 ope
2816 4552 3079 4608 renovari
3128 4558 3187 4609 et
3227 4555 3478 4611 restitui
3509 4550 3733 4627 possent
3753 4559 3807 4599 ea

2170 4655 2297 4711 quae
2320 4639 2448 4710 jam
2477 4639 2633 4695 edita
2660 4641 2911 4697 fuerant.
2949 4641 3010 4697 Id
3047 4659 3180 4698 vero
3205 4645 3344 4715 jam
3379 4643 3533 4700 satis
3578 4635 3807 4696 feliciter,

2171 4727 2398 4801 opinor,
2421 4732 2711 4784 tentatum
2737 4734 2827 4786 est
2857 4730 2917 4785 in
2943 4729 3213 4787 Salviano
3245 4729 3620 4789 Massiliensi
3641 4721 3811 4784 etVin-

410 4831 592 4871 sonus
614 4819 817 4882 exstat,
832 4816 892 4870 in
909 4815 1264 4872 bibliotheca
1283 4816 1459 4889 regia.
1479 4816 1644 4873 Hunc
1666 4834 1771 4890 ego
1797 4817 2057 4875 codicem
2088 4815 2129 4882 C
2170 4817 2357 4872 centio
2391 4817 2705 4886 Lirinensi,
2728 4836 2876 4891 quos
2899 4819 3172 4878 dedimus
3192 4822 3560 4879 etmeliores
3576 4823 3631 4875 et
3648 4827 3813 4871 emen-

412 4902 686 4958 manibus
716 4902 861 4958 meis
894 4905 1155 4971 tractavi,
1189 4905 1406 4960 contuli
1439 4922 1573 4961 cum
1601 4905 1777 4977 edito,
1805 4910 1863 4961 et
1900 4924 2058 4962 com-

413 4995 643 5062 pertum
654 4991 839 5046 habeo
857 4990 1169 5046 editionem
1183 4993 1439 5049 Massoni
1456 4993 1813 5049 immensum
1827 4995 2059 5051 differre

412 5096 447 5135 a
473 5079 652 5135 veteri
684 5079 905 5134 codice.
938 5078 1134 5150 Neque
1165 5096 1270 5151 ego
1306 5087 1497 5136 tamen
1528 5081 1585 5137 id
1614 5081 1843 5155 primus
1876 5084 2056 5140 adno-

408 5168 545 5236 tavi,
566 5169 667 5224 sed
687 5168 1029 5223 Francisous
1045 5167 1283 5223 Juretus
1312 5168 1399 5222 vir
1421 5168 1808 5227 clarissimus.
1826 5172 1878 5227 Is
1897 5173 2054 5230 enim

406 5258 466 5313 in
498 5258 652 5314 notis
664 5257 737 5314 ad
758 5254 1066 5328 epistolam
1083 5256 1140 5310 9t
1159 5298 1171 5309 .
1189 5257 1376 5312 Ivonis
1392 5260 1783 5327 Carnotensis,
1806 5261 2053 5319 aiferens

403 5346 599 5403 locum
629 5346 800 5403 illum
831 5360 900 5399 ex
937 5342 1183 5415 epistola
1212 5344 1503 5416 Agobardi
1535 5346 1607 5399 ad
1639 5347 2050 5419 imperatorem

404 5435 764 5493 Ludovicum
796 5432 1246 5500 Pium,reiculas
1270 5433 1720 5504 illasproquzbus
1751 5442 2046 5508 contendit,

405 5525 670 5580 arbitrari
696 5534 759 5580 ut
786 5531 1043 5590 stercora,
1078 5520 1383 5577 admonuit
1430 5521 1516 5577 sic
1558 5521 1841 5595 scriptum
1873 5544 1934 5582 se
1964 5528 2048 5585 vi-

404 5608 561 5691 disse
581 5611 641 5669 in
652 5612 849 5671 codice
865 5612 1106 5687 antiquo
1121 5610 1334 5685 Papirii
1348 5609 1626 5668 Massoni.
1642 5612 1789 5668 Nam
1810 5615 2046 5689 vulgata

2169 4905 2442 4963 datiores.
2477 4907 2740 4963 Tandem
2792 4925 2945 4965 anno
2997 4910 3137 4965 4664
3164 4910 3252 4967 vir
3285 4907 3730 4967 eruditissimus
3756 4911 3807 4953 ac

2167 4994 2313 5050 mihi
2366 4995 2711 5052 amissimus
2759 4997 3032 5054 Nicolaus
3083 5000 3519 5072 Cocquelinus,
3546 4998 3737 5053 doctor
3768 4990 3815 5043 et

2167 5084 2363 5140 socius
2392 5085 2765 5153 Sorbonicus,
2801 5086 2947 5142 mihi
2980 5089 3267 5144 utendum
3304 5089 3481 5146 dedit
3511 5074 3811 5142 vetustissi-

2165 5188 2329 5228 mum
2359 5174 2639 5243 codicem,
2658 5175 2892 5246 optimae
2916 5174 3084 5233 illum
3116 5181 3290 5242 notas,
3310 5178 3378 5234 in
3401 5194 3524 5250 quo
3548 5170 3817 5231 continen-

2161 5266 2259 5318 tur
2286 5262 2543 5335 epistolae
2595 5263 2742 5335 Lupi
2792 5264 3022 5321 abbatis
3074 5267 3504 5334 Ferrariensis,
3543 5262 3644 5336 qui
3682 5266 3813 5313 nunc

2161 5355 2349 5407 exstat
2379 5352 2437 5406 in
2471 5350 2825 5408 bibliotheca
2854 5353 3202 5410 Colbertina.
3236 5354 3422 5412 Hunc
3452 5371 3563 5428 ego
3584 5347 3818 5408 codicem

2160 5439 2324 5495 avide
2374 5439 2574 5494 statim
2622 5440 2842 5495 contuli
2888 5459 3022 5498 cum
3069 5444 3266 5511 edito;
3306 5446 3589 5516 adeoque
3620 5437 3814 5493 discre-

2159 5545 2296 5601 pare
2327 5530 2400 5584 ab
2432 5545 2496 5584 eo
2527 5528 2645 5583 vidi
2679 5530 2969 5587 editiones
3000 5535 3064 5587 ut
3096 5550 3207 5589 non
3241 5531 3413 5589 ultra
3444 5521 3816 5588 dubitaverim

2159 5619 2259 5692 qui
2309 5618 2499 5674 denuo
2544 5619 2885 5676 recudendee
2936 5626 3135 5679 essent
3178 5620 3295 5678 illa:
3360 5621 3521 5694 Lupi
3556 5610 3813 5692 epistolas.
