3938 6160
434 354 555 416 4139

1412 357 1483 419 B.
1532 358 1594 420 S.
1643 358 1829 420 LUPI
1875 355 2207 418 ABBATIS
2252 355 2856 419 FERRARIENSIS.
3645 368 3734 429 ω)

432 488 692 546 nendum
722 489 1194 564 servandumque
1217 491 1549 548 sanxissent
1567 492 1639 547 ad
1661 490 2078 564 inquirendum
2109 489 2166 557 Α
2194 505 2473 563 prospera
2502 486 2879 546 festinantem
2909 488 3068 547 velut
3093 488 3421 563 quibusdam
3443 492 3591 553 frenis
3606 500 3738 572 atque

429 576 624 636 subito
680 593 775 636 me
821 581 1259 637 convertissem.
1291 582 1469 637 Erant
1497 581 1568 637 ad
1602 597 1844 636 manum
1877 581 2079 636 docto-

423 682 519 725 res
548 667 765 742 egregii
809 669 1026 726 nedum
1081 686 1196 725 non
1249 671 1583 741 spernendi,
1639 686 1842 726 verum
1889 668 2077 725 omni-

421 756 614 814 modis
636 756 911 814 audiendi
943 761 1118 830 atque
1148 758 1454 831 sequendi.
1492 759 1783 832 gloriosus
1813 758 2081 814 videlicet

338 906 347 913 ,
422 851 646 920 martyr
672 846 1086 920 Cyprianus,et
1106 848 1495 907 illustrissimi
1526 866 1826 907 sacrarum
1857 848 2078 904 divina-

425 952 559 993 rum
579 936 906 993 litterarum
930 936 1286 1009 expositores
1307 937 1671 1011 Augustinus
1692 943 1868 1010 atque
1889 938 2080 994 Hiero-

427 1040 674 1098 nymus;
701 1042 951 1097 quorum
977 1025 1283 1083 sententiis
1314 1044 1380 1082 ac
1409 1026 1815 1103 saluberrimis
1842 1042 2079 1098 persua-

429 1113 696 1170 sioaibus
712 1113 1009 1171 animatus
1025 1115 1368 1188 depressum
1389 1115 1549 1189 gravi
1572 1128 1816 1171 mmrore
1837 1130 1935 1170 cor
1959 1132 2083 1170 sur-

430 1218 563 1260 sum
592 1200 783 1258 levare
811 1207 1056 1259 conatus
1087 1221 1242 1270 sum,
1292 1204 1558 1276 coepique
1605 1222 1837 1261 mecum
1880 1204 2081 1260 sedulo

431 1293 703 1363 reputare
727 1292 767 1347 7
793 1291 934 1364 quid
955 1309 1132 1365 super
1147 1308 1387 1349 excessu
1404 1293 1762 1350 charissima:
1780 1295 2083 1350 contuber-

432 1377 584 1437 nalis
611 1379 827 1437 sentire
857 1381 1149 1450 deberem,
1166 1381 1240 1454 (a)
1264 1383 1435 1453 cujus
1457 1382 1869 1440 mortalitatem
1893 1384 2082 1458 magis

433 1485 613 1541 quam
642 1468 819 1525 vitam
849 1469 1117 1527 videbam
1162 1487 1290 1527 esse
1338 1470 1586 1527 ﬁnitam.
1619 1473 1855 1528 Tentavi
1905 1473 2081 1529 etiam

430 1557 484 1615 si
514 1573 750 1630 possem
779 1574 815 1614 a
844 1560 1192 1633 memetipso
1233 1558 1459 1634 exigere
1489 1564 1556 1616 ut
1583 1562 1643 1617 id
1672 1560 1895 1618 ratione
1926 1563 2082 1633 apud

431 1662 528 1704 me
559 1646 723 1704 ﬁeret
753 1647 908 1719 quod
940 1646 1115 1722 longa
1143 1649 1267 1706 dies
1298 1648 1446 1706 solet
1472 1650 1700 1706 efﬁcere
1725 1669 1738 1719 ;
1772 1649 1998 1707 scilicet
2016 1656 2084 1707 ut

430 1734 645 1792 vulnus
676 1737 834 1808 quod
866 1737 1062 1794 animo
1113 1742 1311 1794 nostro
1342 1740 1604 1796 nondum
1636 1743 1870 1813 sperata
1898 1743 2083 1797 morte

433 1824 776 1898 repentinus
803 1840 977 1883 casus
1006 1826 1217 1883 inﬂixit
1244 1827 1574 1885 cicatricem
1597 1830 1809 1885 ducere
1829 1846 1895 1884 ac
1915 1846 2084 1902 spon-
2113 1864 2161 1929 B

432 1917 617 1971 tenete
647 1914 1063 1973 consolationis
1096 1916 1519 1974 medicamento
1550 1935 1853 1974 sanescere
1872 1918 2087 1993 incipe-

432 2008 539 2062 ret.
573 2003 685 2062 Sed
715 2004 971 2063 vulneris
1020 2005 1362 2079 magnitudo
1412 2005 1677 2063 facilitati
1724 2007 1986 2077 resistit;
2030 2015 2086 2065 et

431 2092 568 2151 licet
596 2092 985 2152 saluberrima
1014 2094 1133 2152 sint
1161 2112 1287 2168 qua:
1319 2112 1354 2151 a
1382 2096 1722 2154 memoratis
1749 2097 2085 2155 doctoribus

434 2183 509 2239 ad
530 2182 926 2257 mitigandum
948 2196 1183 2256 gravem
1204 2183 1463 2241 dolorem
1483 2183 1641 2242 velut
1660 2203 1695 2242 a
1713 2187 2084 2259 peritissimis

434 2270 711 2344 idemque
741 2271 1077 2329 mitissimis
1107 2272 1352 2330 medicis
1381 2273 1726 2342 offeruntur,
1758 2275 1929 2349 plaga
1956 2294 2084 2349 qua:

436 2359 630 2417 adhuc
657 2360 1006 2433 sanguinem
1037 2360 1219 2418 trahit
1247 2363 1492 2418 sanandi
1520 2364 1913 2421 maturitatem
1940 2383 2085 2421 non-

436 2448 580 2504 dum
611 2448 887 2505 admittit.
920 2449 1023 2506 Hic
1052 2450 1301 2507 fortasse
1332 2451 1567 2508 miraris
1596 2470 1664 2509 ac
1694 2453 1841 2510 dicis
1870 2472 1940 2511 ex
1969 2454 2084 2510 hu-

427 2537 694 2610 jusmodi
725 2538 1028 2595 occasione
1057 2543 1261 2595 natum
1305 2538 1562 2597 dolorem
1596 2546 1716 2597 tam
1749 2541 1990 2616 longum
2018 2561 2084 2600 ac

435 2626 787 2685 diuturnum
818 2643 947 2685 esse
977 2645 1093 2684 non
1123 2627 1415 2696 debuisse,
1439 2630 1607 2702 quasi
1636 2630 1696 2686 in
1728 2631 1980 2687 dolentis
2007 2632 2085 2690 sit

431 2719 718 2790 potestate
747 2717 981 2790 quando
1010 2716 1067 2772 id
1120 2717 1360 2773 ﬁniatur
1394 2719 1547 2791 quod
1581 2718 1700 2786 ille,
1733 2721 1968 2792 quando
1993 2721 2081 2777 in-

430 2805 667 2878 ciperet,
690 2822 880 2879 neque
907 2806 966 2862 in
999 2810 1283 2880 potestate
1312 2802 1538 2873 habuit,
1558 2825 1745 2881 neque
1775 2810 2078 2882 praescivit.

431 2895 621 2953 Metiri
652 2897 848 2953 tamen
877 2912 1050 2970 posse
1073 2895 1302 2951 videtur
1332 2894 1549 2952 doloris
1581 2914 1647 2953 ac
1670 2899 1935 2956 mmroris
1957 2917 2080 2955 ma-

430 2985 677 3059 gnitudo
709 2984 828 3043 sive
858 2985 1217 3042 diuturnitas
1246 2985 1318 3041 de
1346 3002 1550 3042 eorum
1587 3004 1713 3059 qua:
1742 2988 2081 3044 acciderunt

430 3075 783 3133 damnorum
822 3075 1149 3147 quantitate
1183 3091 1196 3129 :
1231 3090 1357 3145 quas
1407 3090 1513 3145 ego
1562 3091 1695 3130 cum
1728 3078 1988 3147 quotidie
2016 3077 2076 3132 in

2188 577 2433 635 habenis
2464 582 2795 635 remoratur
2822 596 2889 634 ac
2919 580 3149 650 retinet,
3173 584 3511 654 mentemque
3536 586 3596 640 ad
3618 603 3742 644 revo-

2188 668 2479 724 cationem
2503 669 2708 724 mortis
2730 673 2973 734 revocet,
2988 685 3166 741 quam
3197 670 3266 725 ad
3294 687 3443 743 spem
3468 676 3519 728 et
3542 690 3742 732 amorem

2186 755 2570 830 longaevitatis
2586 756 2788 813 odium
2805 762 2982 831 atque
2998 757 3211 815 oblivio
3226 760 3512 818 senectutis
3524 761 3745 820 illexerat.

2187 846 2365 902 Video
2398 846 2542 902 mihi
2572 864 2686 903 non
2720 847 2972 903 multum
3006 864 3307 921 superesse
3332 850 3579 921 temporis
3602 852 3658 907 ad
3685 853 3747 907 vi-

2189 936 2461 1003 vendum,
2479 935 2615 992 licet
2644 941 2931 1010 quantum
2961 935 3019 992 id
3047 952 3178 992 esse
3203 937 3397 993 debeat
3421 938 3750 1011 mihipeaitus

2186 1024 2506 1097 ignoretur.
2541 1026 2651 1081 Sed
2711 1024 2820 1081 hoc
2868 1024 3263 1082 certissimum
3308 1029 3481 1093 teneo,
3509 1031 3561 1083 et
3595 1026 3750 1086 recens

2188 1117 2392 1169 natum
2423 1113 2536 1169 cito
2565 1131 2737 1186 posse
2767 1113 2937 1185 mori,
2969 1118 3027 1170 et
3053 1114 3130 1183 (ὁ)
3161 1128 3356 1170 senem
3384 1113 3475 1170 diu
3501 1132 3600 1171 non
3623 1134 3755 1189 posse

2186 1200 2485 1257 vivere.Ac
2515 1203 2760 1275 proinde
2790 1201 2960 1276 longe
2989 1201 3194 1258 utilius
3225 1218 3290 1259 ac
3321 1202 3528 1258 beatius
3545 1203 3647 1259 fore
3663 1220 3757 1259 ceu.

2189 1306 2287 1346 seo
2316 1290 2504 1365 ipsam
2535 1291 2817 1364 temporis
2862 1290 3071 1347 incerti
3114 1291 3443 1348 brevitatem
3487 1299 3604 1347 cum
3636 1292 3759 1348 luctu

2190 1395 2368 1451 quam
2398 1378 2599 1436 laetitia
2626 1380 3019 1445 ducere.Quia
3041 1380 3090 1435 si
3121 1381 3439 1436 secundum
3467 1379 3762 1436 Dominica'm

2188 1484 2387 1524 vocem
2435 1470 2586 1525 beati
2640 1487 2707 1526 ac
2750 1468 2949 1527 felices
2993 1473 3166 1525 erunt
3215 1469 3315 1542 qui
3359 1468 3703 1526 lamentantur
3722 1475 3764 1525 et

2190 1555 2393 1629 lugent
2422 1558 2625 1630 (Matth.
2676 1557 2753 1631 v),
2805 1576 2835 1613 e
2882 1558 3174 1615 contrario
3226 1558 3476 1615 infelices
3520 1574 3577 1614 ac
3616 1559 3769 1628 miseri

2192 1646 2332 1702 ﬁent
2361 1647 2458 1719 qui
2491 1646 2616 1702 dies
2649 1664 2788 1703 suos
2812 1646 2873 1702 in
2896 1646 3028 1720 jugi
3059 1651 3115 1704 et
3145 1645 3618 1703 continualmtitia
3643 1647 3765 1702 ﬁnire

2192 1751 2306 1790 non
2329 1739 2617 1803 metuunt,
2643 1736 2861 1809 gratias
2882 1750 2991 1809 ago
3014 1739 3188 1807 atque
3209 1734 3393 1791 habeo
3414 1733 3653 1790 charitati
3668 1738 3767 1804 tua,

2192 1824 2345 1896 quod
2373 1841 2465 1881 me
2498 1841 2600 1897 per
2641 1823 2869 1881 litteras
2914 1829 3045 1880 tuas
3097 1823 3384 1881 consolari
3434 1824 3676 1897 dignatus
3708 1839 3767 1878 es.

2194 1914 2391 1985 Neque
2420 1913 2575 1969 enim
2626 1915 2821 1986 majus
2864 1918 2967 1969 aut
3009 1914 3229 1970 certius
3260 1918 3372 1968 tuae
3400 1926 3530 1985 erga
3556 1928 3638 1968 me
3661 1910 3772 1967 dile-

2195 2002 2406 2059 ctionis
2431 2002 2715 2059 indicium
2746 2004 2883 2059 dare
2912 2002 3153 2075 potuisti
3185 2019 3365 2076 quam
3394 2018 3535 2075 aegro
3551 2005 3696 2073 atque
3710 2001 3773 2072 ja-

2194 2092 2345 2147 centi
2375 2108 2617 2148 manum
2649 2092 3076 2148 exhortationis
3121 2091 3490 2165 porrigenda,
3518 2089 3774 2146 monendo-

2194 2197 2308 2253 que
2339 2185 2403 2237 ut
2425 2197 2748 2254 surgerem,
2782 2197 2959 2253 quem
2990 2185 3183 2238 mente
3215 2184 3562 2254 prostratum
3591 2196 3649 2235 ac
3672 2194 3776 2233 mo:-

2193 2285 2321 2326 rore
2351 2270 2695 2342 depressum
2727 2270 2996 2343 ignorare
3046 2287 3161 2326 non
3212 2273 3463 2342 poteras.
3496 2269 3632 2324 Bene
3668 2264 3777 2333 vale,

2192 2357 2536 2415 charissima
2566 2376 2632 2415 ac
2671 2358 3216 2415 desiderantissime
3248 2357 3353 2414 ﬁli.

2732 2502 2781 2557 9
2822 2501 3172 2558 EPISTOLA
3215 2501 3309 2557 1V.

2759 2608 2833 2645 AD
2867 2604 3252 2647 EGINEARDUM
3262 2633 3275 2646 .

2260 2712 2579 2786 Epistolam
2632 2718 2835 2771 vestra:
2882 2715 3247 2789 dignationis
3302 2715 3672 2773 calamitatem
3695 2728 3790 2784 qua!

2189 2804 2412 2859 dudum
2445 2804 2611 2861 vobis
2657 2804 2943 2878 contingit
2999 2805 3260 2879 graviter
3307 2811 3633 2880 querentem
3672 2800 3790 2858 haud

2188 2908 2485 2965 quaquam
2521 2893 2891 2949 mediocriter
2920 2897 3221 2951 commota
3253 2898 3452 2953 mente
3472 2891 3797 2967 perlegi,con.

2188 2983 2519 3055 fectumque
2546 2986 2803 3039 vestrum
2837 2982 3104 3039 animum
3136 2988 3264 3041 tam
3298 2983 3560 3040 diuturni
3583 2977 3794 3037 mwroris

2187 3071 2477 3127 anxietate
2506 3071 2878 3128 vehementer
2906 3071 3151 3128 indolui.
3187 3075 3263 3130 Et
3309 3072 3573 3147 quamvis
3620 3070 3700 3143 qui
3727 3083 3796 3122 me

430 3164 589 3220 omni
622 3163 867 3234 actione,
899 3163 959 3217 in
1005 3163 1165 3218 omni
1208 3163 1463 3234 negotio,
1496 3162 1555 3217 in
1601 3167 1724 3219 tota
1769 3166 1982 3221 domus
2012 3184 2078 3222 ac
2190 3160 2361 3233 longe
2391 3165 2667 3233 praestent
2718 3161 3039 3217 amicorum
3074 3161 3292 3218 solatia
3324 3160 3656 3217 tentaverint
3680 3156 3795 3212 hunc

431 3250 667 3309 familiae
697 3248 1222 3316 administratione,
1244 3248 1301 3302 in
1324 3248 1550 3304 cunctis
1572 3266 1698 3321 quae
1719 3251 1807 3306 vel
1838 3252 1909 3306 ad
1943 3252 2082 3307 divi-
2111 3234 2153 3299 C
2192 3254 2419 3305 tantum
2451 3250 2637 3305 levare
2668 3249 3068 3319 dolorem,nec
3091 3254 3299 3308 tamen
3322 3251 3398 3308 ob
3420 3267 3544 3307 eam
3576 3265 3681 3306 rem
3706 3261 3801 3319 pro-

435 3356 581 3397 num
610 3338 695 3394 vel
728 3338 1056 3395 humanum
1087 3336 1346 3393 cilicium
1376 3336 1669 3411 pertinent
1707 3338 2085 3411 disponendis
2194 3338 2452 3406 fecerint,
2486 3344 2551 3394 ut
2596 3338 2805 3395 litteris
2852 3338 3062 3395 vestris
3103 3342 3254 3397 satis
3285 3341 3524 3407 eminet,
3556 3336 3692 3411 quod
3717 3332 3798 3405 ipsi

436 3434 611 3502 atque
639 3426 981 3486 ordinandis
1025 3426 1361 3483 immaniter
1389 3426 1660 3496 sentiam,
1695 3428 1795 3499 qui
1828 3429 1950 3485 fieri
1983 3448 2084 3502 po-

437 3522 554 3576 test
579 3523 646 3575 ut
671 3516 885 3574 vulnus
906 3517 1061 3589 quod
1092 3519 1179 3571 tot
1199 3532 1267 3571 ac
1288 3518 1449 3571 tanta
1471 3516 1843 3573 incommoda
1862 3516 2079 3587 intulit,

435 3624 571 3664 cum
603 3607 805 3662 crebro
835 3604 1097 3679 tangitur
1126 3621 1242 3659 non
1281 3604 1651 3660 recrudescat
1678 3605 1872 3676 potius
1902 3611 1960 3662 et
1989 3623 2081 3662 re-

434 3699 680 3752 novetur
695 3709 874 3766 quam
891 3694 1159 3749 sanescat
1174 3694 1275 3745 aut
1290 3690 1606 3747 solidetur?
1620 3692 1883 3748 Arbitror
1897 3693 2080 3764 enim,

432 3799 540 3840 nec
565 3797 769 3840 vereor
791 3782 947 3853 quod
967 3779 1089 3835 hzec
1112 3778 1307 3851 opinio
1331 3778 1543 3836 falsum
1570 3796 1663 3836 me
1684 3780 2078 3849 habeat,hunc

430 3870 689 3928 dolorem
720 3874 895 3941 atque
923 3868 1292 3933 anxietatem,
1309 3884 1437 3939 quae
1463 3867 1607 3922 mihi
1629 3868 1699 3923 de
1718 3868 2076 3926 charissima

429 3956 866 4017 contubernalis
895 3957 1198 4014 occasione
1229 3960 1428 4013 exorta
1455 3961 1564 4025 est,
1594 3958 1927 4029 perenniter
1955 3977 2076 4016 me-

425 4056 560 4105 c’um
588 4050 1088 4121 perseveraturam
1116 4045 1299 4102 donec
1322 4045 1379 4101 id
1409 4045 1605 4118 ipsum
1630 4047 1910 4118 temporis
1941 4065 2076 4121 spa-

422 4138 574 4195 tium
596 4136 753 4210 quod
776 4136 824 4194 8
854 4136 1010 4192 Deus
1033 4133 1177 4191 mihi
1196 4135 1271 4191 ad
1293 4135 1444 4191 hanc
1466 4134 1739 4192 miseram
1762 4152 1829 4192 ac
1852 4138 2074 4209 tempo-

424 4226 607 4284 ralem
637 4225 818 4282 vitam
848 4224 1164 4280 concedere
1190 4223 1440 4281 voluerit
1459 4223 1653 4280 debito
1683 4224 1794 4281 sibi
1828 4226 2074 4283 termino

423 4314 699 4373 ﬁniatur:
724 4330 904 4388 quam
924 4317 1121 4370 tamen
1152 4313 1473 4385 proﬁcuam
1501 4313 1697 4386 potius
1727 4313 1874 4371 mihi
1896 4333 2073 4388 quam

423 4404 657 4464 noxiam
688 4402 972 4461 hactenus
1004 4400 1439 4475 experior,eum
1466 4402 1729 4459 animum
1761 4404 1834 4460 ad
1864 4404 1996 4461 laeta
2016 4409 2075 4461 et

2193 3444 2366 3484 casus
2394 3427 2572 3484 vestri
2602 3427 3127 3485 considerationem
3150 3447 3275 3486 non
3309 3429 3458 3486 satis
3488 3428 3557 3485 ad
3587 3444 3644 3485 se
3664 3421 3803 3482 admi-

2191 3521 2415 3583 serunt,
2447 3532 2513 3572 eo
2544 3533 2731 3588 usque
2761 3521 2828 3572 ut
2857 3533 3059 3573 eorum
3092 3518 3346 3590 quidam
3398 3534 3573 3591 super
3612 3527 3799 3570 excessu

2188 3604 2536 3678 gratissimae
2555 3605 2851 3678 quondam
2871 3606 3068 3662 uxoris
3080 3607 3515 3680 gratulandum
3533 3602 3799 3661 monerent,

2189 3694 2364 3765 quod,
2398 3698 2461 3749 ut
2489 3694 2714 3766 Opinor,
2771 3691 2916 3749 nihil
2966 3695 3038 3750 ad
3088 3695 3562 3753 consolationem
3604 3689 3802 3765 pertinet

2188 3799 2303 3838 non
2338 3787 2460 3838 tam
2489 3782 2677 3838 aetatis
2721 3781 2954 3839 levitate
2983 3782 3072 3840 vel
3104 3784 3360 3858 ingenii,
3396 3784 3551 3858 quod
3579 3782 3801 3853 exiguum

2185 3871 2393 3939 sentio,
2442 3871 2793 3935 conﬁdentia
2841 3888 3021 3945 quam
3075 3874 3252 3945 proni
3302 3891 3449 3948 erga
3494 3889 3592 3929 vos
3635 3865 3801 3925 amoris

2185 3960 2593 4033 magnitudine
2649 3960 2770 4016 haec
2817 3976 3076 4030 rursum,
3131 3962 3579 4036 qualiacunque
3621 3959 3738 4023 sint,
3757 3952 3801 4009 in

2183 4049 2358 4105 vestri
2398 4047 2677 4105 solatium
2709 4067 2824 4105 non
2858 4066 2991 4106 sum
3021 4049 3249 4107 veritus
3281 4052 3522 4108 cudere.
3554 4046 3802 4120 Siquidem

2182 4137 2453 4195 conscius
2470 4138 2613 4193 mihi
2640 4154 2774 4194 sum
2796 4139 3069 4194 intimum
3090 4156 3183 4196 me
3202 4141 3277 4213 (ο)
3296 4139 3669 4197 nobilissime
3682 4132 3801 4191 illius

2182 4226 2411 4282 feminre
2443 4230 2628 4283 morte
2659 4243 2794 4283 cum
2825 4231 3034 4295 vestra,
3085 4231 3218 4285 tum
3279 4230 3468 4286 etiam
3512 4227 3684 4302 ipsius
3712 4221 3802 4275 vite

2181 4316 2429 4372 traxisse
2488 4315 2785 4385 dolorem;
2836 4333 3009 4389 quem
3072 4319 3360 4375 atrociter
3416 4314 3799 4389 exasperantem

2179 4410 2382 4461 vestra:
2410 4404 2638 4474 litteras,
2664 4404 2864 4475 fateor,
2890 4406 3306 4464 recrudescere
3338 4396 3805 4480 coegerunt.Unde

419 4634 621 4712 lectori
643 4634 1270 4712 judicium‘integrum
1317 4630 1674 4704 relinquens.
1707 4632 1851 4690 Vide
1899 4640 2067 4695 notas
2096 4599 2145 4665 D
2178 4635 2347 4712 multi
2384 4652 2515 4712 eam
2562 4636 2722 4709 proci
2772 4636 3084 4712 ambirent,
3117 4654 3307 4712 sane);
3341 4651 3581 4712 quoque
3606 4632 3804 4712 quidam

422 4706 507 4777 ad
524 4704 834 4777 epistolam
867 4708 988 4761 122.

490 4774 579 4859 (ᾳῖ
599 4775 766 4856 Cujus
792 4778 1202 4859 mertqlitatem.
1216 4774 1514 4859 imitatum
1528 4790 1610 4859 ‘ex
1628 4774 1822 4859 Plinio
1835 4777 1912 4859 η
1938 4779 2065 4859 Epi:

419 4845 570 4902 stola
611 4845 802 4918 prima
847 4846 980 4902 libri
1028 4847 1306 4915 secundi;
1362 4847 1461 4902 ubi
1510 4847 1581 4903 de
1628 4846 1872 4920 Virginii
1935 4845 2065 4906 Ruﬁ

417 4920 604 4990 morte
652 4915 739 4972 sic
785 4916 1042 4988 loquitur
1073 4934 1087 4972 :
1120 4917 1181 4973 Si
1227 4926 1405 4973 tamen
1442 4921 1531 4990 fas
1560 4926 1638 4975 est
1665 4927 1762 4974 aut
1786 4920 1935 4988 ﬂere,
1969 4930 2064 4978 aut

2174 4706 2340 4787 valde
2368 4704 2791 4787 dives,‘captus
2824 4710 3012 4787 forma
3052 4704 3805 4787 mulieris,’nuptias'

2175 4782 2296 4853 tare
2327 4779 2519 4853 coepit,
2554 4778 2765 4853 magno
2812 4779 2991 4853 etiam
3023 4796 3221 4836 emere
3252 4778 3510 4853 paratus
3562 4778 3809 4850 legitimos

2175 4848 2334 4906 illius
2363 4848 2688 4922 amplexus.
2704 4852 2780 4933 At
2797 4849 3027 4933 mulier.
3043 4848 3376 4933 postquam
3409 4853 3583 4909 aliter
3604 4848 3804 4933 procum-

2174 4920 2481 4992 removere
2516 4937 2632 4977 non
2692 4920 2900 4992 potuit,
2950 4920 3260 4979 excusavit
3311 4924 3393 4981 ob
3446 4920 3807 4981 senectutem:

415 4988 639 5064 qmnino
664 4995 893 5064 mortem
922 5003 1128 5054 vocare,
1144 5004 1251 5058 qua
1272 4991 1416 5044 tanti
1432 4988 1543 5044 uiri
1560 4991 1861 5046 mortalitas
1887 4995 2064 5062 magis
2172 5008 2359 5062 neque
2388 4991 2545 5064 enim
2575 4988 2710 5048 esse
2735 5008 2796 5064 se
2812 4988 2992 5064 hujus
3011 4994 3421 5051 ﬁrmitudinis
3442 4999 3510 5051 ut
3527 4999 3610 5050 tot
3628 4992 3807 5046 mortes

413 5058 576 5139 ﬁnite
604 5074 771 5139 quam
798 5060 911 5139 vita
939 5066 1036 5139 est.
1081 5128 1118 5139 ﬁ
1340 5129 1351 5139 ε
1396 5134 1404 5139 Δ
1476 5131 1490 5139 _
1526 5130 1538 5139 α
1750 5132 1773 5139 _
2169 5058 2291 5139 tam
2324 5063 2480 5139 brevi
2529 5063 2809 5139 temporis
2855 5058 3046 5136 spatio
3077 5065 3391 5139 sustinere
3439 5069 3807 5139 posset,___nam

484 5074 576 5114 uta
592 5074 771 5184 gnam
798 5074 911 5112 vita
939 5074 1036 5113 est.
1267 5128 1278 5139 ο
1340 5129 1351 5139 ¹
2169 5074 2291 5119 tam
2324 5074 2480 5119 brevi
2529 5074 2809 5135 temporis
2855 5074 3046 5136 spatio
3077 5074 3391 5122 sustinere
3439 5074 3652 5139 posset,
3697 5074 3807 5116 nam

484 5128 567 5200 (b)
604 5144 787 5216 .e‘ne‘n'z
812 5128 928 5216 diu,
947 5133 1055 5216 etc.
1080 5128 1307 5216 Repetit
1337 5131 1493 5216 istud
1523 5130 1731 5216 ipsum
1750 5132 1949 5216 Lupus
1978 5134 2062 5190 in-
2169 5134 2349 5216 istum
2408 5134 2528 5216 cito.
2579 5135 2956 5216 meriturum,
3005 5135 3146 5209 quia
3205 5154 3400 5195 senex
3449 5140 3592 5194 erat.

2167 5205 2480 5273 mandante,
2515 5206 2708 5278 inquit
2738 5204 3143 5279 Hieronyrﬁus,
3169 5224 3343 5278 posse
3371 5217 3427 5266 et
3454 5223 3607 5264 senes
3630 5204 3720 5279 diu
3744 5204 3806 5279 vt:-

2166 5294 2290 5334 vere
2343 5286 2393 5333 et
2421 5275 2658 5349 juvenes
2713 5279 2817 5334 cito
2870 5275 3036 5346 mori,
3065 5275 3359 5349 elegiam
3415 5280 3551 5335 lusit
3578 5275 3809 5333 :Jmis

2166 5349 2381 5420 quidem
2409 5356 2580 5419 potest
2605 5350 2709 5404 cito
2735 5350 2898 5417 mori,
2929 5349 3023 5405 sed
3049 5366 3220 5405 senm:
3251 5351 3360 5406 diu
3392 5354 3578 5407 vicere
3605 5363 3704 5402 non
3726 5359 3810 5416 po-

2166 5427 2281 5476 test.

2236 5495 2308 5559 (ε)
2341 5491 2595 5565 Nobilitas:
2627 5490 2871 5558 feminae.
2905 5489 3110 5565 Uxoris
3142 5490 3473 5565 nimirum,
3503 5480 3811 5565 Eginhardi.

2167 5562 2367 5634 Itaque
2399 5577 2533 5634 eum
2559 5560 2774 5634 Lupus
2799 5577 2929 5617 eam
2957 5560 3296 5634 splendidis
3316 5560 3625 5621 natalibus
3652 5562 3812 5634 arma}

2166 5622 2393 5708 prodat,
2425 5622 2684 5708 validum
2716 5622 3314 5708 hincargumentum
3343 5634 3493 5708 peti
3537 5632 3718 5708 potest
3750 5622 3811 5681 id

2165 5703 2625 5786 conﬁrmandam
2656 5703 3048 5762 narrationem
3070 5703 3816 5765 Chronici‘Lauﬁshamen-

2168 5793 2272 5832 818.

633 5144 787 5205 etiam
812 5128 928 5205 diu,
947 5133 1055 5205 etc.
1080 5128 1307 5205 Repetit
1337 5129 1493 5205 istud
1523 5130 1719 5205 ipsum
1750 5132 1949 5205 Lupus
1978 5134 2062 5190 in-

411 5201 502 5259 fra
528 5199 1240 5284 epist.§:’i..Su.mptum.est
1268 5204 1463 5255 autem
1494 5199 1564 5257 ei
1590 5199 2061 5284 epist-ola:_Hiero-

413 5269 582 5346 nymi
604 5270 677 5329 ad
724 5269 1097 5342 Principiam,
1132 5270 1190 5324 in
1242 5286 1361 5351 qua
1406 5288 1598 5329 mores
1624 5269 1928 5332 'Marcellae
1959 5278 2059 5333 de-

413 5343 634 5401 scribit.
685 5340 815 5399 Haec
864 5357 1000 5404 ergo
1043 5357 1176 5395 cum
1226 5358 1418 5396 Virum
1453 5343 1690 5404 juvenis
1739 5348 2056 5404 admodum

411 5357 634 5401 scribit.
685 5357 815 5399 haec
864 5357 1000 5413 ergo
1043 5357 1176 5395 cum
1226 5358 1418 5396 Virum
1453 5359 1690 5413 juvenls
1739 5357 2056 5404 admodum

409 5415 734 5491 extulisset,
755 5410 1230 5491 desideriumque
1257 5412 1525 5491 exstincti
1558 5430 1672 5491 non
1700 5424 1895 5491 posset
1916 5419 2055 5491 pati,

413 5501 449 5541 a
476 5482 1026 5557 secundisunuptiis
1040 5482 1358 5557 abstinere
1402 5484 1674 5557 decrevit.
1700 5482 1940 5545 ’νενωῑὶ
1990 5482 2059 5547 ea

409 5554 841 5632 erat_Marcellae
872 5553 1173 5632 nobilitas,
1203 5569 1271 5609 ea
1299 5554 1527 5632 species
1543 5556 1702 5632 noris,
1735 5574 1803 5613 ea
1846 5562 2054 5632 gratia,

411 5629 477 5684 ut
505 5625 673 5701 plane
702 5632 930 5701 constet
969 5625 1346 5701 laboriosum
1374 5626 1712 5701 et__difﬁcile
1760 5625 2054 5701 negotium

410 5695 739 5769 suscepisse
766 5697 928 5755 illam
958 5715 1092 5754 cum
1124 5695 1183 5753 in
1210 5713 1279 5753 ea
1308 5696 1611 5753 nobilitate
1641 5703 1697 5753 et
1721 5695 1885 5757 aetate
1916 5719 2056 5758 con-

409 5768 745 5824 tenta’esse
788 5768 971 5825 voluit
1017 5768 1190 5827 unico
1243 5769 1637 5827 matrimonio.
1671 5770 1871 5840 Itaque
1913 5773 2053 5831 dum
