3938 6160
186 349 289 412 Mi

1670 344 2103 433 EPISTOL/E.

3468 355 3588 418 442

182 498 554 556 nequaquam
583 479 1012 555 desperaverim
1054 482 1215 556 quod
1269 481 1419 551 aliis,
1454 481 1706 539 necdum
1755 481 1833 539 sit
1860 486 1914 552 Α
1942 478 2089 536 ratio
2122 479 2489 553 persuadeat,
2521 479 2759 554 planum
2791 481 2974 558 igitur
3001 487 3091 542 est
3116 483 3429 546 verisimile
3458 504 3586 547 esse

181 574 378 631 datum
414 571 563 628 mihi
594 575 661 627 ut
693 570 931 644 aliquod
977 571 1253 628 solatium
1282 573 1450 629 vobis
1482 572 1830 645 persuadere

181 662 399 737 possim
431 678 466 717 a
496 660 743 717 Domino
792 665 1170 717 reservatum.
1211 661 1439 717 Vilibus
1487 661 1831 734 plerumque

177 752 503 809 remedium
532 750 816 822 quaeritur
844 751 999 823 quod
1025 750 1466 822 pretiosissimis
1496 756 1553 805 et
1583 751 1725 806 artis
1754 750 1832 804 vi-

177 837 571 915 gilantissima
600 839 941 911 compositis
993 838 1294 911 diligentia
1326 840 1543 895 frustra
1572 840 1673 894 diu
1706 842 1829 893 ten-

179 933 365 986 tatum
398 932 510 984 est.
526 928 727 1000 Itaque
760 928 1196 983 ﬁrmamentum
1220 928 1470 999 justi,ut
1497 928 1660 983 vobis
1682 927 1835 983 vide-

176 1022 286 1083 tur,
317 1016 546 1072 doloris
578 1016 754 1072 vestri
791 1017 939 1071 duas
985 1015 1044 1070 in
1098 1021 1313 1088 partes,
1364 1015 1642 1089 epistolas
1687 1013 1832 1069 mihi

180 1105 498 1173 reddendo,
525 1104 827 1161 divisistis.
861 1106 964 1160 10
992 1105 1207 1161 Earum
1239 1104 1449 1178 prima,
1483 1120 1610 1176 quas
1662 1107 1719 1159 et
1747 1100 1834 1157 vel

179 1195 460 1261 maxima,
482 1193 585 1249 illa
612 1197 721 1261 est,
744 1194 901 1267 quod
932 1197 1063 1250 vota
1090 1199 1283 1250 vestra
1311 1199 1369 1250 et
1397 1210 1551 1265 spes,
1577 1208 1752 1265 quam
1776 1189 1834 1245 in

178 1288 523 1342 sanctorum
555 1290 881 1356 martyrum
911 1283 1327 1338 intercessione
1359 1282 1835 1348 locaveratis,vos

176 1374 332 1431 velut
359 1373 532 1429 irrita
560 1371 1137 1439 fefellerunt.Altera,
1153 1388 1279 1445 quae
1302 1371 1562 1444 proxime
1584 1370 1835 1444 primam

179 1463 428 1529 accedit,
450 1461 607 1534 quod
640 1460 879 1517 sinister
908 1459 1007 1516 ille
1036 1476 1208 1517 casus
1230 1465 1515 1533 quantum
1546 1460 1710 1516 vobis
1733 1459 1839 1513 im-

178 1551 502 1625 portaverit
531 1548 891 1606 incommodi
938 1548 1299 1622 quotidianis
1347 1549 1539 1606 meriti
1590 1547 1838 1621 negotiis

177 1638 631 1714 cogimini,dum
643 1639 1371 1695 vosonusdomesticarum
1391 1638 1839 1711 divinarumque

176 1727 574 1801 rerum,quod
595 1726 756 1783 illius
778 1727 1179 1784 memorabilis
1200 1727 1427 1782 femina:
1450 1726 1568 1781 fida
1588 1726 1838 1781 societas

177 1818 303 1875 tere
335 1817 571 1883 fecerat,
602 1818 812 1873 vestris
842 1833 911 1872 ex
942 1820 1060 1872 toto
1092 1816 1434 1889 impositum
1474 1832 1539 1871 ac
1570 1814 1837 1871 miletum

178 1907 515 1965 cervicibus
569 1905 783 1962 obruit.
834 1906 1053 1961 Revera
1105 1904 1297 1961 valida
1348 1910 1596 1977 utraque
1643 1921 1754 1971 res,
1787 1909 1845 1959 et

179 2010 314 2068 quas
345 1997 559 2068 prater
588 1993 934 2067 sapientem,
955 1992 1053 2065 qui
1085 1994 1327 2049 adversa
1351 2009 1584 2066 quoque
1616 1993 1844 2048 modice

178 2084 334 2141 ferre
357 2080 652 2151 didicerit,
668 2081 836 2139 facile
863 2080 1184 2154 quemlibet
1213 2099 1322 2139 sua
1352 2081 1503 2138 mole
1534 2082 1721 2155 possit
1748 2097 1842 2153 op-

179 2173 464 2246 primere.
497 2174 578 2227 Ac
610 2171 802 2245 primo
832 2172 1071 2243 quidem
1103 2188 1284 2244 quam
1316 2172 1591 2245 proposui
1626 2170 1846 2243 pariter

179 2262 447 2319 conabor
492 2277 607 2316 non
658 2261 990 2316 subvertere
1039 2276 1105 2315 ac
1143 2260 1379 2333 penitus
1409 2261 1635 2316 auferre
1667 2258 1841 2331 (quod

176 2364 430 2425 prorsus
472 2349 840 2421 impossibile
887 2350 1159 2422 perfectis
1202 2348 1378 2405 etiam
1409 2348 1759 2414 oratoribus,
1794 2339 1844 2403 si

178 2444 407 2508 essent,
437 2438 628 2506 video,
661 2437 848 2494 multo
877 2438 1067 2511 magis
1098 2438 1287 2511 mihi),
1322 2439 1421 2495 sed
1452 2443 1718 2506 tenuare,
1741 2438 1847 2492 im-

176 2527 578 2600 becillemque
621 2526 889 2600 inspectu
939 2526 1182 2583 rationis
1234 2527 1480 2583 efﬁcere.
1516 2527 1679 2582 Certe
1708 2526 1846 2581 hinc

180 2616 530 2685 movemini,
565 2620 719 2673 certe
766 2615 903 2670 hinc
950 2615 1275 2682 afﬁcimini,
1326 2616 1481 2688 quod
1528 2632 1630 2671 vos
1677 2631 1847 2671 cassa

175 2710 318 2763 vota
348 2706 634 2761 frustrata
662 2704 800 2771 sint,
833 2720 899 2760 ac
950 2721 1085 2777 spes
1127 2705 1186 2759 in
1228 2705 1604 2777 martyribus,
1636 2704 1755 2759 imo
1784 2704 1843 2758 in

178 2799 297 2852 Deo
329 2793 453 2850 sita
501 2792 770 2849 illuserit.
803 2792 978 2857 Quasi
1026 2809 1161 2849 vero
1218 2792 1274 2848 id
1299 2793 1464 2849 vobis
1491 2790 1848 2848 omnimodis

182 2888 423 2941 constet
441 2883 601 2954 quod
619 2886 920 2955 tantopere
940 2882 1289 2954 poposcistis
1306 2887 1511 2938 vestrae
1532 2880 1849 2952 uxorisque

186 2972 373 3029 saluti
407 2971 751 3028 conducere.
787 2971 950 3037 Quod
982 2986 1121 3027 sane
1168 2970 1218 3027 si
1261 2971 1427 3027 vobis
1476 2970 1621 3026 satis
1651 2970 1848 3043 explo-

187 3070 392 3119 ratum
422 3061 652 3127 fuisset,
683 3060 922 3116 acrioris
946 3061 1213 3134 justique
1243 3060 1459 3116 doloris
1488 3060 1695 3132 ingens
1721 3074 1849 3114 esse

184 3154 506 3211 videbatur
524 3151 731 3219 fomes,
748 3151 888 3207 dum
907 3168 1010 3206 vos
1031 3168 1147 3207 non
1178 3150 1348 3224 quasi
1380 3149 1568 3205 ﬁlium
1602 3148 1850 3220 corripe-

1939 584 2056 625 non
2087 567 2169 624 illi
2203 570 2428 625 feminae
2459 572 2774 627 venerabili
2806 573 3018 644 solum,
3054 575 3171 631 sed'
3202 574 3377 633 etiam
3425 579 3587 635 vobis

1939 675 1974 714 a
1988 657 2104 713 Deo
2130 674 2409 731 magnum
2432 659 2711 732 quiddam
2734 662 3077 733 praestitum,
3093 664 3236 720 dum
3255 667 3408 738 quod
3425 667 3587 724 vobis

1939 744 2272 818 eligendum
2308 747 2495 802 fuerat
2524 747 2649 819 ipse
2680 747 2834 803 ultro
2884 749 3213 822 ingesserit,
3247 769 3587 827 quanquam

1940 831 2186 902 occulto,
2222 835 2461 890 minime
2501 840 2697 891 tamen
2742 836 2961 907 injuste
3004 840 3250 909 judicio.
3303 843 3466 898 Certe
3492 843 3592 899 illa

1942 925 1999 977 et
2028 920 2076 977 si
2105 939 2172 978 ex
2193 927 2381 979 vestro
2412 925 2700 981 consortio
2731 926 2918 981 multa
2945 926 3245 996 didicerat,
3276 929 3357 986 ita
3388 937 3453 987 ut
3474 949 3589 988 non

1942 1010 2035 1066 sui
2066 1027 2240 1067 sexus
2273 1014 2465 1080 modo,
2498 1031 2698 1069 verum
2730 1015 2905 1070 etiam
2936 1017 3169 1073 turbam
3199 1019 3456 1075 virorum
3483 1038 3593 1078 sua

1941 1097 2157 1173 insigni
2205 1101 2514 1173 prudentia
2556 1104 2835 1175 gravitate
2884 1109 3058 1177 atque
3107 1106 3429 1173 honestate,
3462 1125 3591 1182 quae

1943 1200 2037 1244 res
2082 1205 2355 1262 magnam
2402 1191 2529 1246 vitae
2587 1192 2858 1247 humanae
2903 1194 3174 1249 tribuunt
3220 1196 3589 1270 dignitatem,

1943 1275 2115 1350 longe
2146 1284 2543 1351 superaret,ac
2566 1298 2804 1353 corpore
2825 1282 3060 1352 femina,
3094 1284 3289 1341 animo
3319 1285 3379 1342 in
3401 1288 3590 1343 virum

1944 1366 2287 1439 profecerat,
2305 1369 2376 1424 ad
2400 1370 2695 1442 sapientiae
2719 1374 2920 1426 vestrae
2952 1372 3254 1448 fastigium
3286 1391 3593 1449 nunquam

1944 1456 2179 1528 penitus
2208 1459 2545 1530 aspirasset,
2564 1476 2865 1532 nunquam
2888 1464 3115 1517 tantum
3139 1463 3318 1519 robur
3338 1482 3596 1540 semper~

1946 1561 2060 1616 que
2091 1544 2365 1614 similem,
2383 1564 2560 1619 quam
2590 1548 2650 1603 in
2672 1548 2837 1605 vobis
2860 1550 3238 1623 singulariter
3266 1554 3367 1612 12
3393 1571 3597 1613 omnes

1948 1634 2257 1705 mirantur,
2309 1637 2698 1693 constantiam
2750 1637 2887 1694 ullis
2936 1656 3197 1712 unquam
3244 1643 3598 1715 profectibus

1947 1724 2312 1796 aequavisset.
2346 1726 2683 1799 Nunquam,
2716 1726 2764 1783 si
2795 1729 3232 1802 supervixisset,
3253 1735 3483 1789 tantum
3510 1749 3603 1790 ve-

1950 1816 2085 1868 stra:
2116 1819 2406 1885 quantum
2435 1833 2538 1872 vos
2568 1819 2625 1871 et
2655 1815 2815 1872 illius
2845 1821 2903 1872 et
2929 1822 3134 1874 vestrae
3166 1825 3458 1893 perpetuae
3508 1838 3601 1878 sa-

1952 1900 2060 1955 luti
2091 1918 2403 1974 procurare
2432 1903 2742 1976 potuisset.
2776 1907 2857 1961 Ac
2879 1923 2981 1980 per
3009 1906 3433 1980 boc,quoniam
3460 1912 3602 1968 dum

1952 1990 2014 2044 in
2045 1989 2151 2045 hoc
2200 1991 2389 2065 fragili
2435 2009 2739 2050 versamur
2786 2010 3044 2067 corpore,
3079 1996 3238 2051 omni
3298 2001 3604 2070 perturba-

1952 2077 2110 2135 tione
2139 2079 2219 2135 ita
2248 2097 2450 2137 vacare
2482 2099 2596 2137 non
2629 2099 2945 2155 possumus
2978 2083 3120 2155 quin
3153 2084 3468 2158 aliquando
3497 2088 3603 2144 ali-

1953 2183 2071 2239 qua
2099 2168 2464 2241 egritudinis
2512 2171 2781 2227 molestia
2828 2172 3190 2244 quatiamur,
3219 2176 3375 2246 quod
3432 2192 3604 2248 posse

1952 2256 2198 2328 sapienti
2232 2258 2565 2331 contingere
2588 2258 2916 2332 philosophi
2945 2265 3291 2332 putaverunt
3311 2263 3419 2319 hoc
3439 2265 3605 2322 vobis

1952 2346 2182 2401 evenire
2208 2352 2425 2420 optem,
2444 2352 2510 2403 ut
2530 2363 2702 2403 casus
2732 2349 3028 2415 adversos,
3050 2354 3115 2405 ut
3144 2351 3334 2423 primo
3365 2358 3603 2427 aspectu

1953 2438 2212 2506 apparet,
2246 2435 2461 2507 quibus
2490 2436 2663 2510 vulgo
2691 2437 2911 2493 inculta
2933 2436 3268 2496 mortalium
3290 2441 3607 2501 multitudo

1954 2522 2278 2593 subruitur,
2292 2530 2495 2582 vestrae
2528 2526 2742 2582 mentis
2773 2527 3060 2599 sapientia
3082 2529 3303 2585 sensim
3324 2531 3603 2601 emolliat,

1952 2611 2071 2668 imo
2100 2613 2307 2669 divinae
2338 2615 2622 2671 voluntati
2651 2620 2901 2672 vestram
2929 2621 3342 2691 contemperet.
3363 2621 3604 2688 Deinde,

1956 2701 2096 2774 quia
2123 2702 2252 2759 vitae
2282 2704 2462 2775 huius
2489 2704 2940 2762 obscurissimas
2992 2708 3263 2765 tenebras
3293 2725 3486 2767 sermo
3517 2711 3607 2767 di-

1953 2791 2125 2846 vinus
2156 2792 2397 2848 irradiat
2418 2794 2588 2865 juxta
2616 2794 2759 2850 illud
2785 2812 2798 2849 :
2828 2796 3070 2851 Lucerna
3095 2798 3475 2867 pedibusmeis
3496 2816 3611 2856 ver-

1957 2882 2085 2935 bum
2115 2889 2289 2949 tuum,
2322 2890 2374 2937 et
2404 2883 2588 2938 lumen
2615 2885 2823 2939 semitis
2850 2886 2986 2938 meis
3018 2886 3184 2956 (Psat.
3217 2888 3428 2955 cxvm),
3459 2905 3607 2961 quo-

1955 2970 2128 3023 modo
2149 2968 2275 3041 ipse
2299 2971 2507 3025 formet
2521 2972 2787 3026 eamdem
2806 2972 2985 3027 vitam
3007 2973 3243 3044 penitus
3258 2973 3606 3033 intuendum

1955 3060 2061 3113 est.
2096 3057 2384 3113 Nimirum
2417 3059 2474 3114 in
2508 3059 2812 3116 Dominica
2858 3060 3117 3116 oratione
3157 3062 3413 3134 quotidie
3460 3065 3608 3121 dici-

1957 3163 2131 3202 mus:
2167 3149 2286 3203 Fi‘at
2323 3148 2573 3203 voluntas
2622 3156 2734 3217 tua,
2782 3148 3003 3205 scilicet
3047 3166 3162 3205 non
3215 3155 3433 3222 nostra,
3479 3171 3607 3227 quis

184 3242 418 3309 ret,sed
451 3239 629 3296 veluti
660 3238 720 3294 in
754 3238 1149 3295 adversarium
1179 3239 1376 3294 divina
1404 3255 1653 3295 censura
1676 3238 1853 3293 desaz-
1881 3240 1924 3306 C
1957 3236 2161 3309 ignara
2190 3253 2385 3293 rerum
2419 3237 2531 3293 sibi
2577 3236 2904 3293 salubrium
2954 3237 3075 3294 falli
3124 3241 3473 3312 consuescit,
3506 3243 3607 3299 sed

182 3331 680 3388 visset.Attamen
711 3330 795 3385 sic
828 3344 1060 3401 quoque
1087 3345 1201 3383 non
1232 3328 1654 3401 desperationis
1682 3327 1849 3381 bara-

184 3420 395 3476 thrum
428 3419 827 3486 subeundum,
859 3418 960 3473 sed
1008 3416 1281 3472 divinitas
1321 3417 1549 3473 infensa
1577 3416 1850 3489 precibus

181 3508 453 3565 assiduis
497 3523 563 3562 ac
613 3507 933 3563 summissa
984 3505 1172 3561 fuerat
1218 3506 1502 3561 ﬂectenda
1549 3504 1845 3577 patientia.

181 3598 357 3654 Nune
390 3600 589 3652 autem
619 3612 754 3651 cum
785 3596 938 3651 Deus
967 3611 1171 3651 omnes
1199 3594 1467 3651 homines
1498 3592 1689 3649 salvos
1712 3594 1850 3649 velit

180 3687 422 3753 ﬁeri,ac
454 3685 515 3739 in
546 3684 783 3741 nomine
804 3684 1011 3757 ipsius,
1028 3683 1127 3756 qui
1149 3683 1414 3738 Salvator
1431 3682 1847 3747 dicitur,nemo

183 3773 453 3849 postulet
483 3772 595 3829 nisi
627 3773 728 3845 qui
760 3772 1005 3846 propriae
1054 3771 1230 3830 saluti
1260 3772 1521 3844 proﬁcua
1550 3771 1844 3844 flagitarit,

184 3879 449 3937 cumque
489 3879 592 3919 vos
620 3861 680 3917 in
712 3862 948 3919 nomine
976 3860 1293 3917 Salvatoris
1322 3859 1496 3933 plena
1524 3861 1637 3915 ﬁde
1667 3861 1846 3933 petie-

182 3953 341 4020 ritis,
377 3951 514 4024 quis
552 3965 668 4006 non
700 3950 970 4023 opinetur
999 3965 1114 4005 non
1144 3951 1240 4006 11
1276 3949 1577 4005 exauditos
1607 3949 1845 4021 quidem

178 4058 281 4099 vos
313 4042 393 4098 ad
441 4038 764 4112 temporale
794 4043 1014 4105 votum,
1046 4037 1348 4095 exauditos
1381 4042 1578 4093 autem
1610 4038 1682 4093 ad
1714 4053 1844 4110 per-

178 4136 429 4205 pataram
460 4129 713 4185 salutem
733 4127 760 4183 ?
781 4128 898 4201 Ego
928 4127 1099 4199 plane
1128 4126 1469 4182 ﬁrmissime
1497 4125 1843 4182 crediderim

178 4226 236 4278 et
264 4220 440 4277 vobis
470 4222 529 4275 et
552 4217 719 4274 uxori
750 4218 880 4290 ejus
897 4217 1075 4273 etiam
1101 4216 1418 4273 immaturo
1450 4231 1691 4271 excessu
1712 4231 1845 4271 eon-

178 4310 433 4368 snltum.
450 4307 719 4373 Quaeritis
738 4306 1237 4379 quemadmodum
1250 4305 1279 4360 ?
1296 4305 1517 4377 Nempe
1538 4305 1693 4377 quod
1716 4321 1847 4361 con-

167 4401 353 4475 juges
383 4414 457 4455 ex
476 4397 709 4453 duobus
727 4395 1070 4468 corporibus
1092 4394 1152 4450 in
1173 4409 1353 4449 unam
1376 4392 1595 4449 redacti
1616 4408 1846 4465 compa-

176 4501 340 4563 gem,
388 4486 528 4543 licet
574 4484 1029 4543 concordissime
1072 4483 1344 4551 vixerint,
1377 4500 1493 4539 non
1539 4499 1658 4539 una
1686 4482 1843 4540 letho

178 4577 599 4644 resolvuntur;
631 4579 690 4631 et
717 4577 1005 4647 quantum
1039 4573 1111 4629 ad
1140 4573 1429 4664 usitatum
1458 4576 1680 4664 natura:
1712 4588 1843 4645 per-
1874 4599 1921 4664 Ι)

176 4667 331 4724 tinet
363 4664 655 4734 ordinem,
687 4678 925 4720 necesse
979 4667 1068 4719 est
1097 4676 1286 4718 unum
1316 4660 1480 4717 alteri
1511 4677 1839 4734 superesse.

175 4755 330 4813 Hinc
354 4757 487 4828 jam
516 4758 710 4809 vestra
752 4752 1063 4824 prudentia
1110 4750 1383 4823 intelligit
1426 4750 1665 4822 quando
1709 4767 1841 4807 sen-

175 4844 369 4901 tentia
397 4844 461 4899 in
490 4840 789 4898 hominem
821 4841 1100 4897 divinitus
1128 4839 1366 4907 emissa,
1404 4841 1565 4895 Terra
1593 4855 1669 4907 es,
1701 4848 1753 4896 et
1782 4842 1839 4895 in

172 4941 390 4989 terram
419 4933 529 4987 ibi:
561 4930 711 5003 (Gen.
742 4934 850 5001 Ill),
884 4930 1104 4986 differri
1146 4928 1582 5003 aliquantulum
1628 4932 1840 5001 potest,

170 5022 233 5078 in
266 5024 626 5095 perpetuum
655 5023 853 5076 autem
880 5018 1051 5076 vitari
1081 5035 1195 5076 non
1228 5022 1438 5091 potest,
1470 5018 1606 5074 ﬁdis
1635 5023 1841 5091 optan-

171 5112 325 5167 dum
355 5109 733 5183 conjugibus,
767 5125 902 5165 cum
932 5111 1064 5165 uter
1091 5124 1293 5165 eorum
1326 5123 1708 5164 remansuros
1741 5109 1837 5178 sit,

170 5217 315 5258 eum
348 5201 473 5255 fore
503 5198 878 5271 superstitem
906 5198 1008 5271 qui
1039 5198 1115 5253 sit
1143 5202 1201 5255 et
1227 5197 1300 5253 ad
1328 5196 1719 5253 calamitatem
1750 5197 1837 5253 fe-

169 5288 428 5345 rendam
477 5287 775 5344 robustior
800 5292 859 5343 et
888 5288 961 5344 ad
984 5290 1151 5360 justa
1178 5288 1250 5343 de
1299 5303 1460 5343 more
1506 5287 1836 5343 Christiano

167 5378 447 5435 curanda
472 5376 667 5450 magis
693 5376 959 5434 idoneus.
994 5377 1119 5433 Non
1153 5377 1310 5432 enim
1343 5393 1483 5432 sexu
1511 5376 1837 5433 differentia

164 5467 438 5534 virtutis,
465 5466 571 5522 sed
595 5466 792 5522 animo
822 5466 1103 5539 capienda
1129 5469 1237 5522 est.
1260 5464 1490 5538 Alioqui
1522 5482 1637 5520 non
1667 5465 1834 5521 video

163 5550 439 5629 religiosi
452 5556 735 5629 conjuges
748 5556 1245 5628 quemadmodum
1265 5555 1375 5610 sibi
1395 5555 1621 5611 sincero
1638 5570 1833 5611 amore

164 5644 431 5701 devincti
465 5644 606 5701 sint.
654 5648 795 5703 Cum
839 5645 960 5702 hac
1006 5645 1089 5700 ita
1135 5661 1198 5701 se
1247 5643 1463 5701 habere
1506 5641 1836 5700 indubitata

1958 3334 2075 3391 tua,
2108 3343 2259 3398 quae,
2292 3330 2492 3398 utpote
2544 3326 2665 3393 Dei,
2719 3326 2917 3382 futura
2964 3329 3292 3401 praenoscit.
3345 3329 3612 3387 Salvator

1959 3432 2189 3488 quoque
2220 3421 2420 3472 noster
2460 3416 2734 3488 passione
2764 3415 3138 3489 impendente
3171 3435 3305 3474 cum
3346 3419 3608 3490 dixisset,

1955 3506 2141 3572 Pater,
2171 3507 2222 3560 si
2247 3507 2372 3576 ﬁeri
2396 3513 2589 3577 potest,
2622 3513 2863 3561 transeat
2890 3523 2923 3561 η
2945 3523 3032 3562 me
3075 3508 3229 3562 calix
3276 3509 3374 3565 iste
3405 3509 3608 3581 (Mardi.
3720 3562 3731 3567 -

1957 3598 2155 3661 xxvn),
2169 3610 2367 3650 assum
2376 3594 2458 3667 pti
2475 3593 2731 3650 hominis
2748 3594 3176 3664 inﬁrmitatem,
3189 3596 3307 3653 imo
3325 3599 3614 3656 membro-

1957 3699 2087 3737 rum
2117 3687 2629 3755 suorum,propter
2656 3684 2812 3755 quod
2845 3684 2914 3739 ad
2950 3683 3058 3740 has
3078 3701 3279 3758 preces
3302 3687 3615 3744 descende-

1956 3776 2064 3837 rat,
2100 3770 2563 3827 imbecillitatem
2609 3772 2695 3827 sic
2741 3773 2940 3829 divina
2979 3774 3194 3830 virtute
3239 3775 3561 3832 consolidat
3595 3793 3609 3832 :

1961 3866 2344 3917 Verumtamen
2372 3878 2483 3917 non
2511 3865 2656 3917 sicut
2683 3877 2777 3933 ego
2809 3864 2944 3929 volo,
2976 3862 3068 3919 sed
3095 3864 3238 3918 sicut
3267 3871 3347 3918 tu.
3382 3863 3615 3921 Scilicet

1954 3950 2152 4006 fallere
2183 3949 2423 4022 fallique
2442 3951 2677 4005 nescius
2704 3950 3004 4025 magister,
3022 3952 3177 4024 quod
3200 3952 3355 4009 Deus
3376 3969 3483 4010 suo
3504 3970 3611 4010 nos

1955 4038 2218 4111 exemplo
2250 4038 2504 4095 instituit
2533 4043 2600 4094 ut
2636 4056 2774 4094 cum
2825 4040 3067 4096 adversa
3110 4045 3404 4116 urgerent,
3432 4042 3516 4098 sic
3544 4058 3613 4098 ea

1954 4127 2240 4200 depellere
2271 4127 2544 4199 precibus
2575 4145 2942 4195 conaremur,
2964 4132 3029 4182 ut
3059 4128 3120 4183 in
3151 4128 3244 4185 his
3273 4129 3449 4185 etiam
3483 4148 3614 4186 con-

1956 4220 2044 4272 tra
2072 4220 2340 4272 nostrum
2372 4221 2571 4272 votum
2603 4217 2731 4288 ejus
2759 4217 2882 4272 ﬁeri
2906 4216 3265 4272 voluntatem
3298 4216 3612 4275 salubriter

1953 4305 2458 4378 amplecteremur.
2510 4303 2787 4372 Recolite,
2851 4320 3069 4376 quaeso,
3121 4302 3388 4372 Paulum,
3437 4307 3609 4378 cujus

1952 4398 2116 4450 tanta
2148 4398 2273 4449 erat
2313 4393 2631 4450 eminentia
2681 4397 2747 4449 ut
2775 4392 2834 4448 in
2866 4392 3103 4449 tertium
3145 4395 3350 4465 raptus
3397 4394 3607 4451 coelum

1954 4483 2204 4540 audierit
2234 4484 2332 4540 18
2356 4499 2570 4539 arcana
2588 4482 2763 4538 verba
2784 4486 2998 4538 sanctae
3020 4480 3319 4537 Trinitatis
3341 4498 3468 4555 quae
3494 4500 3606 4540 non

1954 4572 2088 4630 licet
2140 4573 2361 4631 homini
2408 4572 2590 4645 loqui,
2625 4576 2821 4628 tamen
2853 4570 3168 4627 Dominum
3202 4586 3400 4628 orasse
3430 4589 3545 4646 quo
3576 4592 3611 4632 a

1954 4679 2015 4718 se
2031 4662 2305 4737 angelum
2327 4663 2580 4727 Satanae,
2595 4678 2627 4715 a
2649 4676 2764 4732 quo
2787 4658 3198 4726 tribulabatur,
3214 4659 3604 4731 submoveret,

1950 4769 2058 4808 nec
2089 4752 2413 4808 obtinuisse
2444 4750 2596 4821 quod
2622 4747 2820 4815 voluit,
2855 4747 2956 4804 sed
2986 4748 3139 4820 quod
3172 4747 3409 4821 profuit.
3432 4750 3609 4808 Revo-

1950 4845 2075 4896 cate
2107 4841 2165 4895 in
2189 4838 2533 4895 memoriam
2557 4837 2856 4903 Davidem,
2876 4841 3167 4910 quatenus
3198 4854 3261 4896 se
3294 4856 3397 4914 pro
3428 4839 3608 4915 impe-

1948 4930 2159 4987 tranda
2190 4928 2308 4984 ﬁlio
2328 4927 2445 4981 vita
2465 4926 2794 4983 macerarit.
2810 4928 2880 4982 Et
2899 4931 3052 4984 certe
3073 4944 3208 4984 cum
3231 4933 3431 4987 tantus
3451 4935 3609 4988 esset

1948 5019 2250 5093 propheta,
2284 5032 2355 5071 ne
2384 5032 2732 5087 responsum
2774 5017 3013 5089 quidem
3044 5016 3309 5075 divinum
3340 5023 3461 5076 tam
3491 5020 3607 5075 im-

1948 5109 2107 5165 mani
2146 5106 2443 5163 confectus
2476 5121 2721 5161 mmrore
2750 5106 3091 5179 promeruit.
3125 5109 3474 5182 Quaecunque
3502 5126 3606 5164 au-

1945 5208 2051 5255 tem
2078 5197 2283 5270 scripta
2312 5203 2460 5262 sunt,
2495 5195 2565 5250 ad
2592 5202 2841 5251 nostram
2885 5195 3191 5253 doctrinam
3219 5198 3423 5269 scripta
3451 5202 3599 5263 sunt,

1944 5296 2005 5343 ut
2028 5303 2126 5359 per
2150 5286 2475 5358 patientiam
2503 5292 2554 5340 et
2572 5285 2994 5343 consolationem
3023 5286 3436 5359 Scripturarum
3455 5301 3606 5355 spem

1944 5378 2238 5431 habeamus
2260 5376 2429 5447 (Rom.
2458 5375 2572 5443 xv).
2596 5375 2746 5447 Ergo
2781 5376 3118 5448 perpendite
3149 5373 3402 5445 qualiter
3419 5372 3598 5429 David

1943 5481 2170 5521 cassam
2204 5481 2440 5538 precum
2460 5481 2703 5520 suarum
2726 5470 2997 5536 expertus
3017 5462 3379 5528 instantiam,
3400 5475 3602 5519 conso-

1940 5553 2217 5609 lationem
2240 5554 2464 5610 ratione
2484 5550 3154 5626 perceperit,acjustitiaa
3176 5548 3274 5604 Dei
3298 5549 3601 5623 subjectus

1941 5642 2243 5701 humiliter
2271 5642 2643 5716 acquieverit.
2673 5641 2798 5699 Non
2828 5640 2969 5697 estis
2998 5641 3121 5698 tam
3152 5638 3406 5700 fundatae
3435 5640 3598 5703 forti-

3528 5960 3627 6021 κν
