3964 6168
363 319 481 384 443
1371 318 1440 379 Β.
1488 319 1553 380 S.
1599 316 1779 380 LUPI
1823 316 2156 389 ABBATIS
2201 317 2796 383 FERRARIENSIS.
3607 327 3704 391 ω

364 454 608 514 tudinis.
643 451 807 521 Quod
835 451 1071 526 praefato
1100 450 1319 508 dictum
1366 454 1455 507 est
1493 451 1789 525 Apostolo,
1842 450 2007 507 vobis
2037 454 2091 521 Α
2122 468 2224 509 nec
2256 452 2411 508 ﬁniri
2441 470 2612 526 posse
2635 454 2918 511 videatur.
2952 452 3014 511 Id
3064 470 3191 512 esse
3216 454 3568 514 verissimum
3604 458 3713 533 ipse

365 562 715 620 responsum
746 544 989 617 accipite
1022 560 1034 597 :
1070 544 1285 615 Sufﬁcit
1338 543 1441 597 tibi
1468 544 1651 611 gratia
1679 558 1800 597 mea
1834 560 1853 596 :
1882 559 2015 597 nam
2121 543 2507 599 concesserim
2535 561 2549 613 ;
2583 543 2844 617 illudque
2895 545 3050 617 quod
3096 545 3248 601 inter
3293 544 3405 602 alia
3450 548 3716 621 posuistis,

364 640 539 694 virtus
571 637 631 690 in
663 634 982 704 inﬁrmitate
1004 633 1287 703 perﬁcitur
1315 631 1387 701 (11
1418 631 1537 686 Cor.
1569 630 2012 702 xu).Siquidem
2122 648 2237 687 non
2272 649 2442 704 posse
2472 650 2575 705 pro
2605 630 2902 690 voluntate
2933 633 3229 690 hominem
3249 633 3427 690 dolori
3448 636 3607 692 linem
3633 638 3721 694 im-

365 730 421 783 et
450 726 575 798 ipse
606 740 910 779 maerorem
935 720 1162 792 scriptae
1184 719 1482 789 orationis,
1502 720 1550 774 si
1574 720 1709 791 quis
1729 720 1778 775 ei
1810 720 2013 776 subor-
2120 737 2355 793 ponere,
2376 739 2550 794 quem
2583 740 2685 778 nec
2717 722 3005 796 praesciat,
3026 740 3129 779 nec
3158 723 3547 780 imminentem
3574 732 3725 799 queat

362 819 462 872 tus
493 815 697 881 fuerat,
732 812 841 867 hoc
872 810 1208 866 admonitus
1252 809 1483 865 oraculo
1515 807 1673 863 aliud
1723 813 2009 880 oportere,
2119 810 2393 883 effugere,
2436 811 2808 867 vehementer
2853 812 3132 884 approbo,
3182 812 3435 885 satisque
3477 814 3726 871 catholica

365 902 654 978 deposuit.
688 898 1035 973 Hujusmodi
1067 898 1370 971 praeceptis
1420 901 1477 952 et
1522 896 1804 969 exemplis
1834 914 2011 953 sacrae
2121 898 2343 954 dictum
2372 900 2619 956 intueor.
2639 901 2763 956 Non
2785 904 2874 957 est
2891 900 3049 956 enim
3072 901 3130 955 in
3153 905 3428 973 potestate
3455 900 3727 958 hominum

364 994 675 1066 Scripturaa
728 988 984 1062 capitula
1030 988 1349 1043 exuberant
1380 1003 1393 1041 :
1429 1004 1577 1058 quas,
1611 986 1912 1057 quoniam,
1948 989 2014 1040 ut
2116 988 2211 1043 via
2240 989 2390 1059 ejus,
2422 990 2522 1045 sed
2554 1006 2588 1045 a
2617 989 2862 1046 Domino
2892 1006 3131 1063 gressus
3170 988 3468 1045 hominum
3495 990 3730 1064 dirigun-

363 1080 614 1154 insignis
662 1079 744 1135 ait
790 1083 959 1150 poeta
1007 1077 1247 1149 (l’irgil.,
1295 1077 1432 1140 Ecl,
1466 1075 1520 1146 Χ)
1556 1092 1569 1129 :
1615 1077 1733 1131 Non
1761 1077 2012 1131 canimus
2118 1080 2233 1145 tur,
2270 1081 2327 1132 et
2354 1077 2596 1133 humani
2627 1077 2867 1134 libertas
2896 1078 3121 1135 arbitrii
3149 1084 3279 1152 eget
3306 1078 3623 1135 omnimodo
3650 1097 3732 1136 au-

360 1170 562 1237 surdis,
582 1166 1027 1241 epistolarisque
1057 1169 1314 1220 coarctat
1337 1164 1629 1238 angustia,
1654 1165 2009 1236 praeteriens,
2118 1164 2255 1221 xilio
2287 1167 2485 1240 gratiae
2518 1166 2618 1223 Dei
2645 1185 2658 1235 ;
2692 1167 2797 1222 sed
2829 1166 3000 1239 plane
3044 1183 3172 1239 quis
3204 1167 3355 1223 facta
3384 1172 3517 1224 sunt
3542 1166 3732 1225 intecta

358 1258 521 1316 vobis
552 1256 976 1313 consideranda
1008 1252 1607 1326 relinquo.Suifecerit
1630 1253 1749 1308 haec
1780 1258 2010 1309 tantum
2120 1272 2247 1312 esse
2282 1273 2397 1312 non
2433 1261 2700 1329 possunt,
2748 1273 2851 1311 nec
2881 1255 3048 1313 dolor
3076 1273 3342 1313 revocare
3385 1255 3531 1312 valet
3575 1256 3733 1313 semel

358 1338 621 1421 tetigisse
651 1363 777 1418 quae
808 1344 933 1401 sola
960 1347 1191 1414 recepta
1218 1342 1476 1397 vulneris
1500 1342 1676 1413 hujus
1697 1346 2009 1427 tumorem,
2120 1344 2427 1418 preterita,
2462 1361 2567 1400 nec
2610 1348 2700 1401 est
2746 1344 2805 1399 in
2855 1344 3091 1400 homine
3140 1345 3295 1401 unde
3324 1361 3359 1401 a
3387 1345 3570 1418 seipso
3597 1351 3734 1418 petat

359 1440 646 1512 quantum
678 1451 809 1489 mea
840 1434 949 1488 fert
976 1430 1190 1504 opinio,
1213 1430 1467 1486 mulcere
1493 1434 1665 1503 atque
1688 1430 1868 1486 lenire
1897 1430 2012 1486 lar-
2121 1433 2426 1491 auxilium.
2461 1434 2742 1500 Quocirca
2773 1433 3118 1507 deprehensi
3162 1434 3518 1506 quibuslibet
3543 1450 3732 1508 angus-

358 1525 552 1601 giente
583 1523 830 1579 Domino
853 1525 1142 1594 poterunt.
1158 1521 1504 1591 Quanquam
1529 1520 1672 1575 mihi
1696 1519 1882 1576 multa
1902 1520 2018 1578 vol.
2119 1522 2369 1595 tiis,quo
2398 1523 2594 1579 verius
2619 1540 2726 1579 nos
2745 1523 3035 1580 sentimus
3056 1522 3401 1596 fragiliores,
3416 1522 3518 1579 hoc
3537 1526 3736 1596 oportet

356 1615 514 1672 venti
546 1612 705 1668 aliud
738 1611 911 1666 etiam
946 1614 1231 1676 occurrat,
1267 1610 1422 1681 quod
1455 1608 1564 1664 hoc
1595 1609 1693 1665 Dei
1717 1609 2011 1680 judicium
2121 1612 2368 1669 celerius
2398 1613 2467 1669 ad
2503 1612 2709 1668 divinae
2741 1612 3133 1669 miserationis
3166 1611 3495 1668 subsidium
3514 1611 3658 1669 velut
3674 1612 3734 1668 ad

359 1700 678 1762 clementia;
724 1716 901 1772 quam
950 1698 1264 1753 iracundia:
1313 1697 1493 1752 videri
1540 1697 1725 1769 possit
1756 1698 2013 1754 cortissi-
2123 1706 2357 1773 portum
2434 1699 2802 1756 tutissimum
2870 1699 3303 1773 confugiamus.
3352 1698 3738 1772 Eleganterque

358 1808 524 1849 mum
556 1787 1156 1846 documentum.Nam
1175 1786 1313 1859 quia
1331 1788 1576 1858 ﬂagellat
1602 1803 1814 1842 omnem
1832 1788 2013 1858 ﬁlium
2042 1831 2088 1895 B
2120 1790 2265 1845 illud
2298 1790 2516 1845 dictum
2549 1792 2638 1845 est
2664 1806 2677 1844 :
2711 1791 2928 1845 Necesse
2957 1797 3032 1845 est
3059 1788 3244 1845 adesse
3271 1788 3519 1844 divinum
3545 1789 3635 1843 ubi
3657 1787 3741 1843 hu-

358 1897 517 1955 quem
546 1879 737 1950 recipit
770 1878 948 1951 (Hebr.
982 1878 1105 1947 xu),
1129 1877 1400 1932 affectum
1430 1880 1688 1931 vestrum
1722 1876 1780 1931 in
1812 1876 2009 1933 uxoris
2042 1876 2088 1895 ”
2114 1896 2344 1935 manum
2371 1887 2542 1937 cessat
2580 1880 2880 1935 auxilium.
2914 1879 3029 1934 Nec
3058 1877 3294 1951 longus,
3327 1876 3632 1934 dummodo
3658 1892 3738 1932 co-

358 1985 555 2028 amore
583 1966 827 2023 forsitan
858 1965 1226 2023 subdivisum
1257 1982 1373 2021 non
1415 1982 1649 2037 passus,
1682 1966 1873 2037 putari
1906 1983 2008 2038 po-
2116 1985 2346 2038 nemur,
2376 1968 2655 2025 terendus
2702 1972 2793 2024 est
2844 1967 3028 2024 labor.
3080 1967 3229 2023 Nam
3278 1967 3380 2039 qui
3428 1966 3499 2022 ad
3547 1982 3603 2021 se
3646 1964 3738 2021 hoc

356 2063 475 2117 test
504 2058 575 2114 ad
609 2074 671 2113 se
702 2055 893 2113 solum
926 2058 1028 2111 14
1058 2056 1380 2111 amandum
1433 2055 1826 2124 revocavisse;
1860 2072 1926 2111 ac
1957 2057 2008 2112 si
2116 2059 2287 2115 modo
2317 2062 2475 2114 votat
2505 2076 2520 2115 :
2558 2058 2740 2115 Venite
2783 2057 2855 2112 ad
2895 2073 2981 2114 me
3008 2058 3106 2129 qui
3135 2057 3402 2113 laboratis
3430 2054 3625 2126 (Matth.
3652 2054 3739 2125 xl),

358 2148 497 2222 quid
522 2148 651 2218 ejus
667 2143 1675 2218 corporiintemperanterdiligendo
1696 2144 1830 2217 plus
1842 2144 2008 2215 justo
2115 2147 2368 2205 nitentes
2418 2148 2674 2219 adjuvat,
2707 2146 2780 2203 ad
2829 2163 2892 2202 se
2940 2144 3344 2219 pervenientes
3382 2144 3659 2211 informat,
3688 2142 3737 2198 in

355 2257 390 2296 a
417 2237 580 2294 vobis
609 2235 909 2293 indultum
940 2235 1150 2303 fuerat,
1184 2234 1447 2306 ejusdem
1490 2232 1749 2306 corporis
1775 2234 2005 2291 subtra-
2115 2254 2178 2293 se
2204 2241 2613 2309 permanentes
2643 2234 2846 2309 procul
2876 2234 3053 2291 dubio
3093 2238 3356 2291 coronat.
3390 2236 3570 2302 Quare
3603 2232 3735 2305 quod

356 2327 547 2384 ctione
577 2325 838 2398 punisse.
871 2324 1136 2396 Cumque
1167 2340 1269 2395 per
1316 2322 1659 2395 prophetam
1695 2322 1957 2395 loquitur
1989 2341 2002 2380 :
2114 2326 2345 2383 dixistis
2374 2328 2762 2381 memoratum
2792 2323 3052 2380 dolorem
3082 2324 3278 2396 quoad
3311 2320 3569 2379 viveretis
3597 2336 3738 2377 man-

353 2418 473 2474 Non
498 2421 785 2483 consurget
811 2412 1015 2485 duplex
1034 2413 1318 2467 tribulatio
1338 2412 1575 2481 (Nahum
1601 2413 1835 2483 1),quod
1867 2412 2006 2468 LXX
2114 2431 2319 2472 surum
2376 2414 2700 2482 vobiscum,
2755 2412 3042 2486 expressit
3082 2412 3194 2469 hoc
3241 2430 3276 2469 a
3320 2411 3501 2478 vobis,
3550 2409 3733 2478 sentio,

353 2504 743 2577 interpretum
789 2500 874 2557 sic
920 2499 1205 2573 expressit
1250 2500 1556 2555 translatio
1589 2517 1603 2555 :
1636 2502 1753 2556 Non
1790 2500 2007 2571 judicat
2113 2508 2380 2560 concreta
2411 2503 2582 2576 longo
2614 2520 2724 2559 usu
2780 2500 3122 2575 magnitudo
3168 2500 3432 2569 amoris;
3462 2500 3559 2556 sed
3599 2498 3654 2554 in
3679 2513 3738 2553 ea

353 2595 493 2651 Deus
526 2593 607 2648 bis
636 2593 699 2648 in
729 2588 1087 2663 idipsum,hio
1111 2589 1421 2645 emendare
1440 2588 1717 2661 dignatus
1736 2595 1826 2645 est
1847 2592 2003 2662 quod
2111 2610 2215 2649 vos
2245 2591 2633 2649 obstinatione
2662 2593 2765 2647 10
2796 2591 3063 2647 animum
3094 2589 3444 2664 relinquere,
3479 2591 3736 2662 quantum

354 2687 423 2740 ut
451 2682 627 2738 homo
658 2678 992 2736 excessistis
1025 2681 1216 2746 (nemo
1249 2677 1405 2733 enim
1436 2677 1694 2733 mundus
1725 2696 1758 2733 a
1788 2679 2000 2747 sorde),
2113 2681 2640 2750 audeo,dehortor;
2664 2680 2957 2753 siquidem
2987 2683 3044 2735 et
3075 2678 3158 2734 illi
3191 2681 3363 2752 cujus
3393 2695 3565 2735 causa
3582 2693 3739 2733 emer-

353 2789 426 2831 ne
456 2770 594 2844 quid
626 2768 861 2842 gravius
882 2768 942 2822 in
962 2783 1063 2822 vos
1085 2767 1438 2838 quandoque
1458 2767 2004 2831 decerneret.Quare
2112 2772 2191 2827 sit
2221 2770 2370 2826 nihil
2400 2771 2856 2827 immoderatum
2886 2769 3163 2842 proderit,
3198 2774 3259 2825 et
3298 2769 3460 2825 vobis
3509 2766 3735 2823 multum

352 2860 455 2917 Dei
486 2856 759 2931 amplecti
790 2856 1014 2912 debetis
1043 2856 1396 2911 immensam
1439 2856 1739 2927 pietatem,
1773 2857 1871 2929 qui
1902 2874 2002 2912 vos
2111 2859 2228 2915 nisi
2258 2860 2604 2932 deponatur,
2635 2858 2870 2915 officiet.
2904 2857 3175 2925 Quinimo
3207 2861 3401 2915 totum
3430 2874 3528 2914 vos
3555 2872 3735 2912 curan-

351 2966 458 3007 sua
486 2948 697 3021 dignos
717 2944 1067 3018 judicaverit
1103 2944 1477 3013 correctione,
1510 2961 1689 3017 quam
1719 2946 2001 3002 offensam
2111 2950 2253 3005 dum
2284 2949 2731 3020 sanandumque
2761 2947 3008 3003 Domino
3040 2947 3382 3019 permittite,
3403 2945 3496 3003 cui
3523 2950 3607 3002 est
3631 2960 3736 3017 per-

350 3042 608 3096 metuere
639 3033 961 3108 disciplinae
993 3032 1151 3090 illius
1192 3034 1433 3090 verbera
1462 3033 1838 3091 sustinentes.
1870 3037 2000 3103 Fili,
2111 3039 2279 3096 facile
2301 3040 2455 3112 quod
2479 3042 2681 3095 nostra
2701 3041 2912 3094 natura
2935 3036 3354 3094 difﬁcillimum
3369 3035 3737 3110 judicat.Nam

348 3126 542 3200 inquit
569 3125 867 3191 Salomon,
896 3124 1014 3179 noli
1042 3123 1264 3193 deﬁcere
1294 3141 1329 3177 a
1356 3122 1648 3194 disciplina
1677 3126 1917 3191 Domini,
1951 3133 2003 3181 et
2045 3199 2074 3202 __
2114 3129 2246 3202 quis
2278 3128 2533 3201 speravit
2562 3128 2621 3183 in
2653 3127 2898 3183 Domino
2928 3132 2985 3183 et
3014 3127 3302 3199 deceptus
3332 3126 3464 3184 est?
3494 3125 3738 3192 Obsecro,

347 3234 416 3274 ne
433 3199 693 3290 ffatigeris
725 3230 846 3269 cum
874 3212 942 3267 ab
970 3227 1029 3267 eo
1060 3213 1329 3280 argueris.
1367 3211 1533 3279 Quem
1560 3215 1710 3267 enim
1736 3214 1912 3269 Domi:

2175 3199 2433 3273 tum—eor
2457 3220 2716 3273 vestrum
2747 3216 2818 3271 ad
2852 3216 3178 3290 rogandum
3225 3216 3420 3271 Deum
3471 3211 3736 3271 effundite.

347 3306 552 3378 diligit,
583 3304 832 3374 corripit,
864 3310 914 3356 et
944 3301 1102 3372 quasi
1139 3308 1299 3371 pater
1343 3302 1401 3354 in
1428 3300 1545 3370 ﬁlio
1574 3302 1865 3373 complacet
1896 3303 2007 3359 sibi
2111 3308 2391 3363 Praestare
2423 3306 2564 3372 _vult
2594 3304 2693 3377 qui
2743 3322 2806 3361 se
2836 3310 2901 3360 ut
2930 3309 3184 3378 rogetur,
3234 3304 3562 3371 admonuit,
3592 3302 3741 3358 Petite

350 3396 527 3469 (Prov.
562 3393 664 3464 In).
699 3389 961 3462 Denique
992 3405 1243 3461 quorum
1277 3388 1452 3444 isthic
1504 3394 1743 3461 peccata
1771 3407 1886 3447 non
1916 3392 2003 3446 Vi-
2108 3405 2160 3453 et
2192 3396 2470 3468 accipietis
2492 3395 2667 3468 (Joan.
2687 3397 2824 3463 xw).
2844 3393 3026 3449 Petite
3047 3398 3112 3449 ut
3140 3394 3265 3466 ipse
3302 3394 3465 3451 vobis
3495 3394 3739 3450 affectum

347 3483 509 3551 sitat,
561 3496 827 3554 quosque
879 3479 1082 3535 ﬂorere
1123 3494 1227 3550 pro
1274 3482 1405 3533 voto
1452 3478 1757 3550 permittit,
1804 3480 1862 3535 in
1894 3480 2002 3537 hos
2109 3485 2357 3557 inspiret
2400 3482 2664 3556 rogandi,
2714 3486 2771 3538 et
2818 3483 3090 3539 effectum
3139 3481 3265 3554 ipse
3320 3483 3535 3539 tribuat
3579 3480 3741 3551 impe-

345 3576 479 3646 post
528 3572 776 3627 mortem
825 3567 1089 3639 ejusdem
1140 3567 1227 3621 ira
1272 3567 1528 3622 desaevit.
1563 3568 1644 3623 De
1694 3568 1909 3625 talibus
1940 3569 1999 3625 in
2108 3571 2682 3643 trandi.Dicitequod
2702 3569 3740 3643 clarissimusidemquesuavissimus

345 3659 623 3735 psalterio
652 3658 905 3731 legimus
939 3673 952 3710 :
987 3659 1049 3713 In
1093 3656 1274 3712 labore
1317 3657 1603 3712 hominum
1631 3674 1740 3713 non
1770 3666 1916 3726 sunt,
1950 3666 2001 3714 et
2108 3665 2312 3717 auctor
2340 3658 2703 3733 Augustinus
2737 3658 2860 3731 (lib.
2894 3677 2931 3715 x
2960 3660 3226 3731 Confess.,
3251 3677 3387 3733 cap.
3412 3662 3501 3715 29.
3524 3660 3607 3726 31,
3627 3655 3736 3727 37):

344 3767 470 3806 cum
497 3750 811 3805 hominibus
841 3762 950 3801 non
979 3745 1405 3816 ﬂagellabantur
1433 3747 1602 3814 (Psal.
1638 3747 1829 3819 Lxxu).
1852 3748 1920 3802 Et
1939 3747 1998 3803 in
2107 3751 2189 3806 Da
2233 3749 2375 3821 quod
2413 3750 2595 3819 jubes,
2641 3756 2693 3804 et
2710 3749 2844 3821 jube
2882 3748 3023 3820 quod
3054 3750 3153 3805 vis.
3187 3748 3494 3821 Siquidem
3525 3764 3627 3805 sua
3649 3760 3740 3800 nos

346 3839 485 3896 Job:
509 3840 722 3894 Ducunt
750 3838 812 3892 in
842 3836 994 3892 bonis
1022 3834 1136 3890 dies
1158 3841 1367 3900 suos,et
1392 3836 1451 3890 in
1466 3845 1665 3906 puncto
1686 3836 1755 3890 ad
1781 3838 2001 3907 inferna
2106 3839 2260 3894 Deus
2291 3837 2478 3911 gratia
2503 3841 2568 3893 ut
2596 3837 2740 3893 velle
2769 3853 2836 3893 ac
2867 3854 3038 3910 posse
3068 3836 3290 3910 aliquid
3319 3839 3455 3895 boni
3482 3850 3741 3910 queamus

344 3927 673 3984 descendunt
699 3926 836 3994 (Job.
893 3923 1029 3995 χχι).
1082 3923 1362 3977 Praeterea
1410 3922 1519 3978 hoc
1564 3923 1709 3978 mihi
1763 3924 2001 3997 subjicit
2105 3932 2162 3983 et
2191 3927 2469 3999 praevenit
2497 3931 2554 3982 et
2583 3926 2987 3999 subsequitur.
3011 3927 3174 3993 Quod
3204 3926 3503 3984 evidenter
3533 3926 3587 3981 in
3609 3920 3744 3979 Psal-

345 4033 533 4083 mens,
556 4013 810 4070 voluisse
833 4013 1017 4068 Deum
1042 4012 1215 4067 rebus
1249 4011 1394 4084 ipsis
1420 4029 1520 4068 vos
1549 4013 1795 4085 experiri
1820 4031 1994 4086 quam
2105 4016 2221 4072 mis
2251 4015 2587 4081 didicimus,
2635 4015 2735 4072 ubi
2784 4016 3072 4089 scriptum
3120 4020 3211 4072 est
3237 4033 3250 4071 :
3282 4018 3430 4074 Deus
3457 4031 3623 4081 meus,
3647 4013 3742 4067 mi-

346 4104 425 4161 sit
453 4103 651 4160 infelix
681 4101 781 4175 qui
811 4102 871 4156 in
901 4105 1250 4173 perpetuum
1282 4101 1636 4174 abjungatur
1660 4103 1731 4158 ab
1764 4102 1911 4175 ipso,
1938 4103 1996 4158 in
2103 4106 2401 4162 sericordia
2440 4106 2559 4177 ejus
2601 4107 2899 4175 praeveniet
2943 4121 3031 4161 me
3060 4106 3231 4177 (Psal.
3264 4111 3443 4179 Lvm).
3477 4104 3673 4175 Utique
3696 4107 3740 4156 et

344 4211 461 4268 quo
491 4196 580 4250 est
608 4195 886 4265 perpetua
905 4195 962 4247 et
991 4206 1124 4246 vera
1152 4190 1477 4259 delectatio,
1499 4191 1547 4247 si
1578 4195 1698 4246 tam
1727 4192 1997 4247 immani-
2102 4194 2481 4251 misericordia
2513 4201 2610 4249 tua
2635 4194 2990 4265 subsequatur
3018 4210 3104 4249 me
3131 4195 3388 4251 omnibus
3416 4194 3601 4251 diebus
3627 4192 3740 4246 vita:

345 4287 434 4340 ter
464 4281 680 4339 afﬁciat
708 4280 845 4336 licet
878 4278 1148 4335 fidissimi
1193 4283 1368 4351 atque
1417 4278 1749 4335 charissimi
1796 4285 1995 4337 tamen
2100 4298 2240 4339 mea:
2267 4283 2440 4351 (Psal.
2473 4285 2625 4352 xxn).
2648 4281 3012 4353 Acquiescite
3034 4281 3277 4356 Spiritui
3303 4287 3509 4339 saneto
3529 4298 3628 4355 per
3647 4280 3741 4335 Da-

343 4370 622 4438 hominis,
657 4372 1066 4425 momentanea
1094 4367 1402 4438 separatio.
1436 4366 1581 4422 Cum
1624 4367 1745 4422 haec
1790 4368 1997 4423 verisi-
2100 4372 2291 4428 videm
2323 4370 2619 4427 monenti:
2650 4373 2802 4428 laeta
2823 4373 2883 4427 in
2912 4373 3142 4428 Domino
3166 4389 3361 4428 curam
3388 4381 3559 4441 tuam,
3573 4379 3621 4428 et
3639 4372 3737 4442 ipse

344 4460 509 4517 milia
538 4476 666 4517 esse
694 4459 1022 4525 videantur,
1054 4453 1302 4521 abolete,
1334 4471 1550 4525 quaeso,
1576 4461 1866 4527 quantum
1900 4474 1997 4529 po-
2103 4469 2153 4517 te
2180 4462 2416 4516 enutriet
2435 4460 2601 4533 (Psal.
2628 4459 2774 4532 LIV);
2797 4476 2864 4516 ae
2886 4460 3132 4516 Domino
3165 4461 3518 4518 fiducialiter
3541 4460 3731 4517 dicite:

343 4550 531 4619 testis,
564 4550 637 4605 de
683 4562 798 4618 quo
844 4560 1062 4634 sermo,
1091 4542 1356 4634 habetur,
1392 4559 1720 4634 mmrorem,
1753 4550 1812 4600 et
1858 4562 1992 4600 cum
2021 4569 2068 4634 D
2107 4551 2181 4605 Tu
2209 4565 2263 4605 es
2292 4550 2574 4620 refugium
2598 4565 2780 4605 meum
2804 4567 2840 4605 a
2859 4551 3213 4607 tribulatione
3240 4566 3370 4623 qua:
3397 4547 3735 4608 circumdedit

342 4639 453 4696 Job
484 4636 655 4692 dicite
684 4651 698 4691 :
734 4636 1001 4692 Dominus
1030 4632 1192 4697 dedit,
1246 4633 1512 4688 Dominus
1555 4634 1801 4689 abstulit.
1841 4634 1993 4690 Sicut
2022 4632 2055 4634 ᾖ
2098 4655 2185 4694 me
2212 4638 2660 4711 (Psal.xxxi).Et
2689 4654 2826 4694 cum
2853 4638 3126 4710 Apostolo
3148 4640 3275 4711 jam
3308 4640 3660 4697 exsultantes
3679 4636 3730 4691 in

343 4727 576 4785 Domino
601 4724 830 4795 placuit,
864 4725 944 4778 ita
968 4722 1177 4797 factum
1209 4740 1225 4775 :
1256 4723 1329 4777 sit
1358 4738 1551 4777 nomen
1581 4723 1803 4777 Domini
1834 4723 1992 4779 bene-
2102 4726 2202 4783 Dei
2231 4726 2504 4783 laudibus
2535 4726 2896 4800 ingeminare
2939 4727 3206 4801 poteritis
3239 4746 3252 4783 :
3287 4730 3488 4785 Omnia
3529 4741 3732 4801 possum

343 4817 549 4872 dictum
576 4814 715 4885 (Job.
748 4812 811 4883 1).
853 4812 923 4867 Et
948 4828 1082 4867 eum
1129 4810 1404 4883 Apostolo
1436 4810 1496 4865 in
1526 4811 1624 4867 Dei
1655 4811 1993 4884 spatiamini
2099 4819 2161 4872 in
2190 4832 2250 4873 eo
2304 4818 2402 4889 qui
2443 4833 2529 4872 me
2575 4818 2843 4887 confoth
2870 4817 3133 4889 (Philipp.
3169 4818 3265 4889 ιν).
3303 4819 3546 4874 Tristitia
3592 4814 3735 4872 enim

344 4903 618 4961 laudibus
649 4901 943 4957 dicentes:
970 4899 1286 4955 Benedictus
1312 4904 1459 4956 Deus
1486 4909 1536 4955 et
1565 4902 1731 4957 Pater
1759 4901 1858 4957 Ili
1890 4906 1993 4957 Do-
2098 4906 2294 4963 saeculi
2319 4913 2549 4961 mortem
2575 4912 2833 4977 operatur
2861 4905 2936 4977 (Il
2962 4908 3086 4963 Cor.
3119 4906 3239 4977 vn),
3299 4906 3457 4962 haud
3504 4902 3735 4962 dubium

342 4994 488 5049 mini
514 4992 689 5047 nostri
730 4992 855 5047 Jesu
902 4988 1126 5053 Christi,
1175 4991 1340 5045 Pater
1383 4989 1911 5057 misericordiarum,
1942 4999 1993 5046 et
2102 4993 2243 5067 quin
2273 4992 2657 5066 spiritualem,
2673 4994 2776 5049 sed
2803 4997 2862 5049 et
2890 4993 3353 5067 corporalem,ut
3380 4994 3600 5067 optime
3616 5007 3737 5047 nos-

342 5084 483 5140 Deus
513 5082 676 5137 totius
706 5079 1113 5143 consolationis,
1149 5079 1245 5149 qui
1271 5079 1580 5134 consolatur
1608 5096 1705 5135 nos
1754 5081 1814 5135 in
1843 5082 1994 5135 omni
2100 5083 2199 5152 tis,
2224 5098 2376 5155 saepe
2406 5080 3140 5146 conseiscit.Quamobrem
3169 5083 3450 5139 aerumnis
3480 5082 3739 5138 vitiorum

346 5171 702 5229 tribulatione
735 5176 920 5225 nostra
947 5168 1018 5239 (Il
1046 5167 1166 5223 Cor.
1192 5171 1251 5234 ι).
1278 5167 1476 5223 Restat
1496 5185 1632 5240 pars
1657 5168 1838 5225 altera
1869 5186 1998 5225 sus-
2104 5172 2321 5245 quibus
2352 5170 2677 5242 premimur
2713 5170 3148 5240 contristemur,
3184 5176 3242 5228 et
3270 5173 3343 5229 ab
3373 5188 3576 5229 eorum
3604 5168 3740 5225 falsa

346 5261 500 5335 cepti
555 5258 819 5333 negotii:
874 5273 1002 5329 quae
1061 5256 1403 5330 stringenda
1450 5257 1700 5313 breviter
1755 5263 1864 5326 est,
1925 5275 1997 5314 ne
2104 5254 3745 5333 dulcedine,quantapossumusamaritudinesepararini-

346 5351 493 5407 forte
524 5349 694 5423 plura
722 5346 922 5403 dicens
952 5345 1064 5402 sim
1092 5345 1273 5416 oneri,
1289 5345 1388 5417 qui
1411 5346 1658 5418 gestiam
1691 5363 1819 5403 esse
1850 5346 1998 5403 sola—
2103 5353 2393 5415 tamur,ae
2421 5347 2601 5419 hujus
2632 5347 2951 5405 incolatum
2979 5348 3130 5416 vitae,
3156 5350 3215 5404 in
3238 5367 3355 5423 qua
3374 5349 3502 5405 sine
3522 5344 3744 5420 querela

347 5438 448 5495 tio.
470 5438 616 5494 Hinc
646 5435 1114 5504 instaurari,imo
1147 5451 1510 5508 perseverare
1539 5434 1756 5491 doloris
1784 5435 1997 5492 vulnus
2106 5455 2220 5494 non
2250 5437 2481 5504 vivitur,
2515 5436 2774 5493 modeste
2812 5438 3091 5495 feramus.
3125 5440 3431 5509 Caeterum,
3462 5436 3685 5493 veniam
3714 5448 3744 5486 a

347 5526 702 5593 asseruistis,
736 5525 890 5598 quod
923 5524 1252 5596 duplicatus
1291 5522 1550 5595 quotidie
1596 5524 1997 5596 dispositionis
2105 5527 2220 5583 Deo
2251 5530 2672 5599 exspectantes,
2707 5526 2766 5581 in
2797 5542 2863 5582 eo
2913 5526 3085 5599 plena
3128 5528 3243 5584 fide
3270 5527 3551 5584 laetemur.
3583 5521 3744 5580 Deni-

347 5612 511 5671 laber
540 5613 680 5685 quid
703 5613 837 5669 boni
860 5612 1231 5685 perdideritis
1252 5611 1581 5680 admoneat,
1596 5628 1663 5667 ac
1693 5618 2000 5685 prOpterca
2106 5632 2221 5689 que
2249 5615 2392 5672 illud
2426 5618 2520 5672 17
2559 5615 2714 5687 quod
2746 5614 2807 5671 in
2836 5616 3145 5689 Evangelia
3174 5615 3570 5690 promittitur:
3602 5610 3749 5669 Beati
