3938 6160
375 205 493 267 447
1362 203 1435 265 Β.
1483 202 1550 265 S.
1592 199 1776 265 LUPI
1818 200 1930 263 ΑΒ]

2200 199 2798 267 FERRARIENSIS.
3616 210 3712 277 us

374 342 612 416 propter
638 337 991 415 legationem
1023 335 1135 396 sibi
1176 335 1574 405 commissam,
1608 335 1681 391 ad
1728 334 2023 407 liqutdum
2055 335 2111 403 Α
2137 332 2407 393 videntur
2424 332 2639 391 habere
2670 334 3260 411 productam,magna
3284 335 3550 399 limitatio
3572 345 3716 417 estin

373 431 527 488 scire
559 447 675 486 non
698 428 915 502 potuit;
941 432 1114 501 atque
1143 427 1215 483 ob
1247 443 1375 485 eam
1407 443 1528 482 rem
1556 425 1823 501 hortatus
1847 428 1935 480 est
1967 427 2030 479 ut
2137 440 2254 496 qua
2274 440 2365 477 me
2389 423 2580 479 adhuc
2600 422 2863 480 laborare
2881 425 3176 497 profiteor;
3198 430 3511 485 utrumnam
3538 436 3720 493 natura

375 521 633 577 reditum
668 534 864 574 meum
898 518 970 573 ad
987 518 1134 572 Non.
1167 516 1305 572 Jun.
1335 515 1647 581 differrem,
1676 513 1907 586 quando
1940 529 2029 568 so-
2136 512 2508 567 serviendum
2540 512 2638 580 sit,
2663 516 2729 568 ut
2756 511 3101 583 penultima,
3120 518 3185 571 ut
3208 518 3311 583 est,
3328 514 3492 590 longa
3509 536 3725 591 pronun.

376 609 654 666 lemnitas
675 606 863 665 sancti
884 605 1159 662 Bonifacii
1194 621 1255 661 sc
1286 604 1491 660 abesse
1524 602 1766 658 minime
1788 601 2024 670 sineret,
2136 601 2342 670 tietur;
2367 618 2441 656 an
2464 605 2698 674 propter
2726 601 2870 683 illud
2905 604 3061 675 quod
3086 608 3339 661 Donatus
3366 605 3461 673 ait,
3481 607 3535 663 Si
3555 609 3725 680 penul-

378 699 492 755 nisi
518 700 661 754 forte
682 696 1042 769 ipsiquoque
1064 691 1833 766 imperialisjussionisetea
1850 707 2024 763 quam
2136 689 2280 746 tima
2300 690 2586 762 positione
2614 690 2790 764 longa
2819 691 3013 757 fuerit,
3046 692 3178 766 ipsa
3207 697 3458 764 acuetur,
3488 699 3547 750 ut
3577 697 3730 757 Calui.

377 784 1135 862 gravissimaprzejudicarct
1153 782 1841 853 auctoritas.ltaquecum
1857 796 2024 834 suam
2136 780 2255 848 lus;
2284 780 2365 834 ita
2393 783 2586 835 tamen
2621 779 2671 834 si
2714 779 3001 852 positione
3048 780 3241 854 longa,
3277 799 3390 837 non
3421 799 3485 839 ex
3521 790 3663 840 muta
3687 791 3732 842 et

376 880 509 952 post
565 872 985 946 regressionem
1035 872 1434 926 Marcwardus
1465 887 1532 924 ex
1583 886 1673 924 me
1713 868 2025 941 quaesitum
2133 868 2357 941 liquida
2379 867 2570 935 fuerit,
2605 885 2740 925 nam
2775 868 3027 925 mutabit
3057 874 3464 939 accentum,ut
3476 872 3729 944 pharetra,

376 965 610 1039 quando
642 961 1015 1035 potissimum
1050 959 1252 1016 reverti
1272 958 1479 1015 vellem
1510 958 2025 1023 misisset,memo—
2134 956 2192 1012 in
2226 962 2435 1013 natura
2464 956 2642 1013 simul
2672 962 2730 1012 et
2761 956 2860 1013 tali
2882 958 3170 1030 positione
3190 958 3736 1030 productis,commuo

375 1057 515 1109 rata:
548 1051 627 1108 rei
652 1067 830 1107 causa
852 1067 1035 1122 equos
1057 1050 1170 1103 huc
1194 1048 1567 1103 adducendos
1588 1051 1651 1102 ut
1670 1046 1856 1118 pridie
1876 1046 2021 1102 Non.
2134 1046 2226 1102 nis
2258 1045 2482 1119 syllaba
2512 1050 2731 1102 natura:
2762 1047 3193 1120 przejudicet,et
3223 1054 3492 1104 accentus
3520 1048 3575 1104 in
3602 1055 3737 1107 ante»

373 1142 512 1199 Jun.
537 1144 768 1196 curaret
798 1137 957 1211 petii,
993 1154 1106 1210 quo
1152 1135 1377 1191 Christo
1413 1135 1663 1208 propitio
1689 1134 1760 1208 (ιι)
1783 1152 1903 1190 vm.
1938 1135 2020 1189 Id.
2134 1134 2519 1209 penultimam
2551 1137 2955 1192 transferatur.
2978 1136 3244 1209 Namque
3274 1137 3419 1193 nihil
3443 1137 3498 1194 in
3526 1140 3738 1195 auctori-

373 1231 639 1302 ejusdem
661 1228 882 1284 mensis
903 1227 1015 1282 iter
1044 1227 1115 1281 ad
1141 1242 1243 1281 vos
1274 1241 1508 1299 possem
1546 1225 1800 1296 arripere
1825 1241 1837 1279 :
1867 1223 2023 1295 quod
2132 1225 2244 1280 bus
2275 1224 2529 1281 solidum
2560 1224 2752 1280 adhuc
2784 1225 3034 1298 reperire
3056 1226 3219 1299 potui
3244 1226 3397 1283 unde
3427 1230 3548 1283 uter
3573 1244 3739 1287 eorum

370 1319 487 1388 ille,
523 1319 572 1374 si
623 1318 745 1372 vita
802 1332 996 1371 comes
1057 1313 1251 1381 fuerit,
1288 1313 1688 1369 indubitanter
1731 1311 2018 1384 implebit.
2133 1330 2342 1369 sensus
2375 1318 2479 1369 aut
2508 1313 2693 1370 astrui
2725 1317 2828 1371 aut
2847 1314 3107 1370 abdicari
3135 1314 3284 1371 mihi
3308 1331 3475 1387 posse
3493 1316 3736 1375 videatur.

372 1412 560 1476 Quare
590 1413 811 1463 certum
845 1405 998 1458 diem
1029 1403 1289 1476 quidem,
1324 1419 1439 1475 quo
1470 1402 1539 1457 ad
1590 1419 1690 1457 vos
1740 1406 2021 1457 venturus
2131 1401 2254 1458 Erit
2283 1400 2461 1475 igitur
2478 1406 2679 1459 vestrae
2698 1401 3023 1476 prudentis:
3046 1402 3198 1459 hanc
3220 1402 3645 1477 ambiguitatem
3670 1403 3739 1461 di-

372 1498 507 1566 sim,
524 1494 847 1568 exprimere
867 1509 982 1548 non
1010 1492 1222 1559 audeo;
1245 1491 1342 1547 sed
1374 1492 1528 1546 intra
1549 1506 1677 1546 eam
1708 1489 2024 1545 hebdoma—
2132 1492 2343 1547 rimere
2365 1495 2429 1547 ut
2451 1494 2649 1548 utrum
2670 1508 2873 1548 eorum
2889 1491 3086 1564 aliquo
3099 1492 3448 1548 documento
3465 1492 3741 1555 fortissime

344 1589 508 1643 vdam
535 1602 662 1658 qua;
692 1583 840 1638 Non.
873 1582 1010 1637 Jun.
1031 1581 1271 1652 coeperit
1301 1582 1539 1636 omnino
1573 1596 1665 1636 me
1684 1583 2018 1647 venturum,
2131 1581 2421 1636 roborare.
2457 1579 2761 1653 Siquidem
2795 1579 2867 1635 ad
2900 1579 3334 1648 difﬁcultatem,
3367 1582 3517 1653 quod
3564 1585 3742 1646 certam

372 1679 485 1729 Deo
516 1671 773 1773 .volente,
806 1671 1107 1773 confirmo:
1140 1671 1328 1742 Atque
1372 1668 1620 1769 utinam.
1643 1672 2019 1724 exoneratum
2052 1707 2099 1773 Β
2130 1668 2265 1769 binc
2280 1669 2501 1771 nullius
2523 1669 2747 1773 reperio
2764 1668 3478 1742 regulam,acceditetiam
3500 1669 3598 1731 hoc
3616 1670 3743 1773 quod

371 1760 532 1818 omni
562 1776 835 1816 curarum
867 1757 1136 1815 molestia
1153 1763 1414 1815 vestrum
1440 1757 1688 1831 reperire
1720 1762 1860 1812 tunc
1902 1775 2020 1812 me-
2052 1757 2099 1773 "
2134 1759 2195 1814 in
2224 1763 2409 1814 metro
2433 1758 2743 1831 ejusmodi,
2778 1763 2843 1815 ut
2871 1762 2978 1824 est,
3012 1767 3308 1825 aratrum,
3331 1776 3554 1833 semper
3571 1759 3745 1832 produ-

371 1866 503 1908 rear
532 1848 898 1917 animum,ut
928 1865 1042 1903 non
1073 1851 1234 1903 vacet
1270 1847 1444 1902 modo
1478 1864 1581 1918 pro
1613 1845 1785 1902 solita
1816 1845 2020 1919 dlgna-
2132 1853 2286 1904 ctam
2335 1847 2563 1904 invenio
2611 1846 3025 1920 penultimam,
3055 1865 3188 1904 cum
3242 1848 3294 1903 si
3337 1847 3400 1904 in
3448 1846 3744 1905 naturaliter

370 1940 528 1997 tione
553 1953 915 2011 quaecunque
936 1935 1206 1993 amicalia
1229 1936 1582 1992 videbuntur
1613 1952 1842 1991 mecum
1885 1952 2023 1991 con-
2132 1954 2366 2009 quoque
2384 1936 2574 2010 longis
2594 1935 2927 1993 communis
2950 1935 3175 2010 syllaba
3188 1936 3742 2005 valeat,:nanifestum

370 2030 541 2097 ferre,
570 2043 772 2084 verum
803 2025 978 2082 etiam
1010 2026 1110 2081 ubi
1140 2024 1225 2081 vel
1259 2041 1455 2081 meum
1505 2024 1596 2079 vel
1645 2023 1895 2081 aliorum
1930 2040 2023 2079 me
2132 2027 2210 2083 sit
2226 2035 2415 2083 aratra
2436 2025 2817 2095 nominativo,
2846 2027 3196 2097 accusativo,
3221 2031 3282 2082 et
3308 2025 3557 2083 vocativo
3585 2024 3743 2098 plura-

370 2117 586 2185 deﬁcit,
641 2119 903 2173 vestrum
953 2115 1107 2171 adsit
1159 2113 1496 2171 consultum
1554 2112 1894 2187 ingenium;
1929 2112 2023 2167 cui
2131 2114 2287 2171 libus
2309 2132 2412 2188 per
2442 2114 2739 2188 dactylum
2766 2115 2904 2188 poni
2936 2115 3222 2188 potuisse.
3240 2116 3397 2173 Sunt
3419 2118 3475 2171 et
3503 2114 3744 2175 aliacomv

371 2210 661 2289 quantum
684 2207 1429 2277 assurgam,quantumque
1450 2202 2023 2274 deieram,quantum
2133 2204 2305 2278 plura
2331 2204 2762 2277 interroganda,
2778 2220 2904 2276 quae
2938 2208 3139 2260 notata
3164 2209 3359 2274 teneo,
3375 2218 3606 2280 quaeque
3623 2218 3744 2289 com-

372 2295 625 2368 denique
646 2310 711 2350 eo
734 2290 828 2349 me
847 2292 933 2348 vel
956 2293 1227 2364 adjutum
1243 2290 1329 2347 vel
1350 2291 1748 2363 adjuvandum
1768 2290 2021 2358 credam,
2132 2292 2387 2361 modius,
2420 2291 2468 2348 si
2499 2292 2655 2349 Deus
2688 2309 2906 2365 vosque
2937 2292 3351 2366 permiseritis,
3383 2308 3623 2367 pruriens
3648 2288 3743 2347 dis-

372 2386 438 2441 ut
466 2380 822 2455 adulationis
857 2397 1122 2436 morsum
1150 2379 1445 2454 eil‘ugiam,
1480 2379 1613 2435 nolo
1645 2379 1899 2452 amplius
1931 2377 2023 2433 di-
2134 2381 2385 2454 quiram.
2420 2382 2487 2437 Et
2518 2381 2757 2438 obsecro
2789 2397 2893 2455 per
2921 2397 3100 2453 quam
3132 2380 3281 2437 mihi
3332 2379 3595 2454 pietatem
3636 2394 3741 2452 gra-

373 2489 534 2542 cere;
559 2476 711 2528 Deus
730 2468 957 2538 viderit,
982 2470 1153 2541 cujus
1175 2469 1433 2541 idipsum
1463 2468 1650 2542 gratia
1669 2467 2019 2541 procuravit.
2130 2469 2278 2527 tuito
2309 2486 2539 2542 semper
2567 2467 2918 2526 exhibuistis
2950 2473 3017 2525 ut
3053 2470 3249 2541 quoad
3301 2469 3527 2526 veniam
3553 2467 3618 2524 ad
3644 2483 3740 2535 vos,

373 2563 468 2620 21
497 2560 736 2617 Interim
758 2559 878 2614 haec
897 2575 1024 2631 quae
1039 2557 1261 2628 subjeci
1286 2562 1670 2631 paterna,qua
1684 2573 1776 2612 me
1794 2573 2024 2630 semper
2131 2576 2259 2633 quae
2289 2557 2623 2615 necessaria
2648 2557 2792 2614 mihi
2827 2558 2992 2616 scitis
3025 2575 3118 2615 me
3150 2559 3313 2615 unde
3342 2558 3557 2615 discam
3577 2555 3744 2613 nisiex

372 2648 828 2722 fovetis,pietate
850 2647 1221 2704 considerare
1244 2646 1667 2721 dignamini,ut
1696 2663 1764 2703 ea
1780 2645 2020 2720 praevisa
2128 2647 2292 2704 vobis
2324 2652 2561 2717 restare,
2585 2664 2653 2703 ex
2682 2647 2901 2704 abditis
2948 2652 3150 2705 vestrae
3190 2647 3491 2706 memoriae
3538 2645 3743 2719 diligen-

372 2739 517 2797 mibi
539 2736 769 2794 facilius
800 2737 1216 2809 expediatis.1n
1241 2735 1421 2810 priori
1452 2735 1599 2791 libro
1630 2735 2020 2792 Arithmetica:
2128 2737 2247 2794 tius
2280 2753 2480 2793 eruere
2510 2753 2576 2792 ac
2616 2735 2761 2793 mihi
2784 2738 2921 2810 jure
2946 2737 3209 2793 caritatis
3240 2741 3310 2793 et
3338 2735 3597 2795 amicitiae
3623 2731 3746 2790 ultro

372 2830 605 2887 Boetius
639 2831 848 2902 quarto
880 2825 1135 2900 capitulo
1156 2826 1242 2882 sic
1262 2825 1427 2899 ponit
1446 2826 1596 2894 Quod
1614 2834 1796 2881 autem
1813 2824 2021 2880 dictum
2128 2827 2351 2901 aperire
2381 2825 2701 2900 dignemini
2729 2844 2743 2896 ;
2777 2830 2843 2895 ut
2872 2826 3101 2885 semina
3125 2826 3186 2881 in
3233 2842 3342 2882 nae
3387 2825 3555 2885 vestri
3598 2824 3745 2897 ﬁgenv

369 2926 450 2977 est
470 2917 772 2975 secundum
808 2915 1043 2972 duorum
1088 2933 1349 2986 generum
1393 2916 1697 2971 contrarias
1739 2917 2020 2987 passiones
2127 2921 2215 2973 tes
2262 2915 2501 2990 ingenii,
2534 2915 2761 2988 frugem
2810 2914 2970 2972 illius
3016 2915 3089 2972 ad
3130 2914 3430 2990 plurimos
3486 2911 3744 2971 transmit—

372 3008 684 3084 hujusmodi
709 3015 802 3074 est,
828 3005 900 3061 ab
932 3023 998 3062 eo
1027 3005 1152 3061 loco
1185 3021 1373 3077 usque
1404 3005 1475 3059 ad
1520 3004 1643 3060 haec
1671 3005 1865 3075 verba,
1892 3022 2017 3077 qua:
2057 3075 2091 3084 Α
2130 3005 2291 3063 tatis.

372 3075 576 3171 paucis
606 3095 930 3167 interjectis
977 3075 1395 3164 subjiciuntur,
1428 3092 1613 3164 Spatia
1653 3100 1728 3148 est
1774 3075 2020 3148 maxima
2051 3075 2093 3141 (ἶ
2203 3097 2301 3153 23
2335 3095 2614 3150 Praeterea
2643 3093 2894 3165 scriptor
2924 3093 3121 3167 regius
3167 3095 3531 3152 Bertcaudus
3566 3090 3743 3147 dicitur

368 3180 1388 3260 parcissimequantitate,minusmihi
1409 3197 1585 3253 quam
1599 3179 1774 3237 velim
1798 3180 2021 3236 clarum
2132 3185 2508 3257 antiquarum
2540 3181 3190 3253 litterarum,duntaxat
3221 3199 3430 3241 earum
3458 3200 3576 3257 quae
3594 3176 3742 3236 maxi-

373 3279 482 3332 est.
516 3279 582 3329 In
613 3272 818 3328 eodem
851 3270 1022 3339 libro,
1057 3269 1312 3343 capitulo
1344 3270 1433 3338 21,
1457 3273 1629 3343 negat
1650 3286 1777 3326 esse
1797 3269 2025 3341 difﬁcile
2133 3292 2241 3330 mae
2268 3275 2490 3339 sunt,et
2510 3270 2770 3328 unciales
2791 3289 2825 3328 a
2854 3272 3213 3344 quibusdam
3234 3271 3430 3330 vocari
3447 3269 3743 3329 existiman-

374 3361 754 3433 diligentibus,
786 3362 995 3433 praeter
1042 3375 1188 3431 quas
1244 3358 1370 3431 ipse
1418 3358 1765 3431 expresserit
1806 3364 2022 3432 partes,
2133 3367 2249 3432 tur,
2265 3363 2481 3418 habere
2510 3378 2847 3418 mensuram
2892 3361 3274 3434 descriptam.
3300 3362 3502 3435 Itaque
3529 3359 3574 3416 si
3602 3370 3745 3432 penes

376 3449 731 3523 multiplices
761 3448 1218 3521 superpatientis
1257 3449 1579 3503 secundum
1634 3452 2023 3504 monstratum
2132 3471 2235 3509 vos
2267 3457 2374 3520 est,
2411 3450 2625 3506 mittite
2657 3450 2803 3505 mihi
2835 3467 2965 3507 eam
2998 3467 3101 3523 per
3137 3450 3325 3520 hunc,
3360 3466 3570 3523 quasso,
3598 3446 3743 3517 picto-

377 3557 412 3597 a
437 3556 498 3596 se
519 3538 761 3595 modum
786 3540 1024 3592 caeteras
1054 3535 1495 3608 reperiri.Quod
1519 3536 1567 3590 si
1590 3552 1693 3607 per
1722 3553 1822 3591 vos
1860 3536 2026 3608 plene
2133 3558 2278 3610 rem,
2311 3558 2444 3596 cum
2478 3539 2733 3609 redierit,
2766 3538 3049 3596 schedula
3091 3543 3298 3597 tamen
3349 3532 3749 3614 diligentissime

378 3628 531 3701 quod
563 3624 739 3698 paulo
769 3623 1052 3697 praemisit
1081 3623 1352 3696 superius
1390 3623 1726 3683 intellexere
1773 3624 1874 3679 ubi
1923 3623 2023 3692 ait,
2135 3629 2328 3704 sigillo
2362 3629 2611 3695 munita.

382 3716 825 3785 Vocabunturque
862 3713 923 3767 hi
965 3712 1262 3769 secundum
1304 3714 1562 3785 proprias
1603 3720 1782 3785 partes
1824 3713 2029 3785 duplex
2182 3722 2270 3789 γΑ,
2290 3718 2540 3777 Gellium
2571 3716 2893 3786 misissem,
2914 3716 3031 3773 nisi
3062 3734 3275 3775 rursus
3307 3716 3478 3777 illum
3501 3716 3573 3789 (ιι)
3601 3710 3745 3770 abbas

375 3802 863 3876 superbiparticns,
886 3804 941 3855 et
971 3800 1298 3871 sequentia,
1318 3800 1597 3857 nimirum
1621 3800 1764 3856 mihi
1787 3819 1901 3857 non
1920 3801 2030 3857 erit
2136 3788 2494 3875 péLinuisset,
2529 3810 2771 3880 questus
2803 3806 3054 3863 necdum
3086 3806 3198 3863 sibi
3232 3824 3372 3864 eum
3403 3788 3532 3863 esse
3569 3796 3747 3859 descri—

381 3889 804 3949 difﬁcileldem
817 3888 1547 3945 auctoreximiussecundo
1560 3891 1823 3963 ejusdem
1837 3891 2027 3962 operis
2135 3902 2325 3972 ptum.
2354 3895 2721 3968 Scripturum
2761 3913 2823 3953 se
2852 3899 3051 3952 tamen
3081 3895 3248 3952 vobis
3280 3894 3428 3952 dixit
3465 3892 3610 3968 quod
3634 3902 3746 3963 prmo

378 3981 550 4049 libro,
583 3978 841 4051 itemque
870 3977 1127 4034 secundo
1158 3977 1366 4050 capite,
1398 3986 1450 4035 et
1476 3986 1537 4034 ut
1556 3980 1657 4044 ait,
1689 3977 1900 4051 inquit,
1924 3981 2028 4035 Ni-
2136 3988 2323 4043 fatum
2355 3985 2572 4041 librum
2596 3983 2651 4040 vi
2683 3984 2829 4041 mihi
2859 3984 3422 4043 extorserit.Verum
3452 3987 3512 4041 et
3538 3980 3684 4039 illum
3702 3977 3748 4029 et

370 4069 702 4133 ,chomachus
743 4069 1145 4135 inmusitatum,
1172 4066 1308 4137 sive,
1339 4070 1401 4123 ut
1446 4067 1582 4124 alibi
1629 4069 1812 4140 reperi
1844 4085 1925 4124 em

2193 4092 2341 4131 nnes
2373 4077 2629 4141 caeteros,
2649 4073 2865 4145 quibus
2898 4077 3091 4131 vestra
3117 4071 3473 4131 liberalitate
3498 4071 3659 4134 fruor,
3671 4077 3748 4138 per

376 4162 579 4217 sitaton
610 4158 880 4215 lheorema
910 4158 1225 4230 proﬁciens,
1256 4161 1363 4213 etc.
1392 4175 1405 4225 ;
1439 4174 1566 4230 quae
1613 4157 1789 4213 verba
1835 4161 2031 4214 Graeca
2136 4181 2250 4231 me,
2280 4163 2328 4219 si
2353 4163 2501 4220 Deus
2522 4161 2666 4230 vult,
2695 4162 2859 4219 vobis
2892 4161 3018 4235 ipse
3048 4162 3345 4220 restituet.

378 4266 558 4324 quam
588 4248 842 4304 habeant
871 4246 1286 4319 proprietatem
1314 4246 1510 4303 nescio
1544 4246 1591 4303 si
1616 4249 1768 4302 recte
1805 4264 2030 4319 rccepe-
2206 4251 2421 4309 Abdita
2449 4251 2509 4306 in
2540 4250 2664 4324 lege
2694 4253 2752 4306 et
2784 4250 3036 4306 maxime
3068 4250 3267 4307 Graeca
3310 4248 3641 4321 nomina,et
3663 4239 3752 4303 alii

378 4340 511 4396 rim.
538 4338 601 4394 In
634 4337 838 4394 eodem
868 4335 1040 4404 libro,
1067 4351 1195 4407 cap.
1232 4336 1322 4403 25,
1358 4335 1429 4390 ab
1460 4351 1526 4390 eo
1569 4335 1695 4391 loco
1748 4336 1846 4392 ubi
1880 4336 2027 4392 scri-
2138 4356 2205 4396 ex
2233 4337 2427 4395 Servio
2457 4337 2597 4393 item
2646 4338 2859 4406 Graeca,
2880 4354 3008 4411 quae
3042 4337 3211 4394 initio
3253 4338 3422 4395 vobis
3452 4334 3642 4404 direxi,
3668 4325 3753 4395 RL

378 4433 545 4502 ptum
575 4432 663 4483 est
696 4443 708 4483 :
741 4425 929 4482 Omnis
960 4439 1167 4498 quoque
1195 4424 1365 4479 cubas
1386 4424 1484 4494 qui
1518 4439 1587 4478 ex
1618 4429 2031 4494 letragonorum
2063 4446 2107 4512 ι)
2138 4432 2257 4483 tem
2281 4442 2437 4482 nunc
2469 4426 2695 4482 utinam
2725 4441 2798 4482 ne
2828 4425 3153 4499 gravemini
3200 4425 3533 4500 explanare.
3561 4419 3750 4482 Valeas,

379 4517 670 4589 superﬁcie
698 4517 760 4571 in
785 4513 1220 4588 profunditatem
1243 4514 1485 4586 corporis
1517 4514 1707 4581 crevit,
1739 4529 1926 4585 usque
1956 4515 2024 4570 ad
2139 4516 2464 4573 clarissime
2494 4518 2814 4588 praeceptor
2855 4519 2912 4571 et
2955 4514 3121 4571 Pater
3152 4514 3517 4580 dulcissime,
3549 4521 3754 4586 prospe-

381 4622 538 4672 eum,
572 4606 810 4674 Angulos
842 4620 962 4662 vero
993 4611 1125 4675 octo,
1157 4619 1387 4677 quorum
1428 4602 1665 4674 singulis
1702 4603 1803 4659 sub
1851 4604 2030 4660 tribus
2139 4605 2338 4678 risque
2367 4607 2647 4678 perpetuo
2677 4603 3050 4661 successibus
3080 4602 3324 4676 polleas.

381 4692 651 4802 ejusnwdi
698 4695 1021 4802 continetur,
1065 4694 1252 4802 quales
1273 4694 1517 4802 Apriores
1563 4695 1718 4794 fuere
1762 4696 2032 4802 ἀξίνας]οηί
2746 4745 3095 4802 EPISTULA
3121 4745 3196 4801 VI

383 4783 529 4840 unde
555 4782 719 4839 cubas
749 4784 861 4856 ipse
886 4783 1181 4855 productus
1210 4788 1380 4850 est,ut
1399 4783 1572 4839 verbo
1594 4783 1783 4856 ipsius
1801 4781 2028 4855 loquar,

386 4874 637 4945 figuram
659 4871 741 4926 rei
764 4871 998 4929 subtilis
1029 4889 1144 4927 non
1163 4889 1466 4946 assequor,
1480 4878 1535 4929 et
1566 4851 1636 4929 ut
1660 4890 1763 4945 per
1783 4851 1954 4945 vos—ej
1965 4851 2033 4930 us
2692 4851 2764 4890 AD
2802 4851 3237 4891 “omBERTUM'

384 4957 745 5017 intellectum
774 4959 1004 5031 capiam
1033 4959 1405 5017 vehementer
1435 4960 1687 5034 indigeo.
1714 4962 1775 5017 In
1793 4961 2033 5019 Victorii
2215 4959 2573 5018 Charissimo
2595 4963 2654 5016 et
2676 4957 3217 5016 desiderantissimo
3230 4956 3576 5030 Reginberto
3589 4951 3757 5020 Lupus

388 5064 623 5124 quoque
653 5045 944 5103 calculum
971 5047 1183 5120 praevia
1213 5047 1313 5102 Dei
1344 5049 1531 5121 gratia
1560 5054 1868 5122 vestraque
1898 5051 2034 5107 doc-
2145 5055 2202 5108 et
2225 5050 2483 5123 Adalgus
2514 5053 2785 5105 eternam
2815 5048 3091 5106 salutem.

386 5140 544 5197 trina
573 5135 800 5210 ingredi
830 5134 1180 5207 cupio.Quin
1195 5136 1373 5191 etiam
1395 5135 1454 5191 in
1473 5136 1813 5209 hujusmodi
1835 5140 2037 5195 dictio-
2217 5139 2479 5196 Graviter
2506 5138 2567 5194 in
2600 5155 2693 5194 me
2714 5139 2945 5212 Lupum
2978 5136 3183 5194 litteras
3225 5140 3337 5193 tua:
3367 5134 3597 5191 invecta
3623 5124 3756 5187 sunt,

388 5228 666 5294 nibus,ut
699 5227 786 5281 est
815 5231 1083 5293 aratrum,
1114 5225 1375 5291 salubris,
1408 5228 1465 5279 et
1507 5225 1745 5294 similia,
1778 5229 1877 5286 22
1909 5246 2035 5302 quae
2148 5229 2302 5303 quod
2330 5227 2599 5284 videlicet
2628 5227 2787 5284 omni
2818 5227 3204 5301 germanitate
3246 5228 3427 5296 atque
3476 5223 3670 5279 natura
3705 5225 3758 5269 θο

389 5334 505 5373 non
536 5316 709 5373 modo
737 5312 1044 5387 positione,
1078 5314 1178 5370 sed
1209 5312 1384 5369 etiam
1416 5316 1627 5369 natura
1654 5316 2036 5386 penultimam
2148 5334 2336 5390 usque
2357 5319 2614 5373 mentem
2633 5316 2891 5371 exuerim
2908 5320 2976 5372 ut
2996 5302 3761 5372 infelicitatemtuamsaltom

394 5423 762 5555 deggiAbbas.
824 5421 983 5479 Idem
1034 5424 1125 5477 est
1176 5419 1472 5488 Rabanus,
1526 5419 1722 5476 Abbas
1762 5422 2089 5481 Fuldensis.
2146 5425 2295 5481 Nam
2344 5426 2471 5480 tum
2520 5422 2720 5494 Lupus
2759 5422 3098 5480 morabatur
3142 5422 3204 5480 in
3251 5414 3600 5478 monasterio
3640 5404 3760 5471 Ful-
