3938 6160
159 271 261 331 461
1643 270 2069 333 ΕΡΙΞΤΟΒᾹΞ.
3442 280 3560 341 462

159 403 485 478 gnovimus,
519 407 577 459 et
602 401 758 458 vires
786 400 949 458 vobis
981 418 1015 457 a
1042 401 1159 458 Deo
1191 400 1433 458 collatas
1461 406 1663 457 contra
1691 402 1803 457 ini-
1832 410 1887 477 Α
1918 403 2096 459 cedis.
2129 403 2276 467 Quia
2304 402 2407 475 qui
2436 405 2561 460 sine
2590 409 2781 461 vestra
2810 405 3115 479 largitione
3144 424 3249 481 pro
3277 409 3441 467 vobis
3471 411 3561 468 in-

162 492 342 548 micos
371 491 591 548 Christi
623 490 978 559 audivimus,
1001 491 1458 563 omnipotentem
1477 491 1681 559 Deum,
1706 492 1807 563 qui
1916 497 2267 548 tercessores
2310 509 2540 561 sumus,
2592 493 2901 552 alacriores
2947 496 3190 563 erimus,
3222 497 3272 553 si
3317 498 3479 555 vobis
3508 504 3567 556 et

159 582 392 638 easdem
422 579 578 636 vires
627 578 852 648 tribuit,
895 596 1206 652 precamur
1246 583 1310 635 ut
1356 585 1556 635 contra
1602 597 1807 637 omnes
1917 581 2086 637 nobis
2134 581 2529 653 profuturum,
2559 583 2630 638 ad
2677 583 2885 639 animae
2917 586 3325 643 tantummodo
3372 603 3565 644 reme-

155 669 471 727 Christiani
503 668 765 725 nominis
795 668 993 725 hostes
1019 685 1123 724 vos
1154 668 1582 740 insuperabiles
1610 668 1804 736 faciat,

150 759 246 831 qui
300 761 594 831 potestate
642 774 751 813 sua
809 756 1405 830 incomprehensibili,
1467 758 1566 813 sed
1607 761 1804 814 tamen

143 848 322 919 justa,
359 845 563 902 omnia
593 862 826 917 semper
853 845 1173 918 dispensat.
1208 849 1421 901 Verum
1453 845 1591 917 quia
1610 862 1801 901 meam

152 936 495 1009 parvitatem
518 951 553 989 a
567 938 760 991 vestra
779 933 1118 991 excellentia
1134 939 1367 1006 separat
1380 933 1450 1006 (a)
1474 933 1799 1003 continens,

152 1024 525 1097 obsequendo
555 1028 733 1079 notus
760 1022 925 1079 vobis
955 1023 1079 1078 fieri
1112 1024 1285 1095 cupio
1310 1042 1324 1092 ;
1357 1023 1610 1078 maxime
1642 1026 1801 1096 post-

151 1131 323 1186 quam
355 1117 620 1169 vestrum
656 1112 716 1168 in
745 1112 847 1168 Dei
896 1111 1054 1167 cultu
1095 1112 1377 1168 fervorem
1406 1129 1475 1168 ex
1507 1112 1582 1183 (ὸ)
1615 1111 1799 1168 Felice

149 1201 343 1271 didici,
360 1202 464 1274 qui
483 1201 553 1274 (ε)
572 1200 952 1274 epistolarum
968 1204 1291 1257 vestrarum
1310 1200 1501 1257 officio
1523 1201 1802 1274 fungeba-

146 1295 253 1347 tur.
306 1290 613 1363 Przecipite
662 1289 842 1363 igitur
871 1288 1155 1362 quidquid
1187 1290 1465 1363 possibile
1495 1289 1639 1345 mihi
1670 1308 1796 1348 cre-

147 1380 300 1447 ditis,
334 1384 394 1437 et
443 1396 540 1436 me
568 1378 628 1435 in
673 1378 948 1436 omnibus
980 1379 1053 1435 ad
1084 1378 1493 1435 famulandum
1523 1383 1794 1452 paratum

146 1467 472 1526 invenietis.
526 1455 643 1525 Sed.
668 1472 735 1524 ut
760 1485 863 1525 vos
892 1469 964 1524 ad
996 1469 1445 1541 promerendum
1480 1468 1663 1525 Deum
1691 1485 1793 1525 ex-

145 1559 414 1625 citemus,
448 1557 708 1613 certandi
738 1556 905 1613 vobis
933 1557 1228 1630 prioribus
1260 1556 1565 1613 materiam
1597 1562 1793 1613 osten-

143 1646 333 1703 dimus
366 1650 426 1703 et
455 1645 515 1701 in
547 1646 818 1719 praesenti
849 1663 1015 1719 spem
1044 1650 1102 1702 et
1132 1646 1190 1701 in
1222 1647 1324 1703 33
1354 1647 1550 1702 futuro
1580 1646 1791 1703 saeculo

141 1736 469 1793 mercedem
499 1734 703 1808 procul
743 1735 923 1791 dubio
952 1735 1349 1807 praebituram.
1382 1735 1699 1792 Ecclesiam
1730 1736 1789 1791 in

1916 670 2103 737 dium,
2155 688 2374 727 munus
2423 671 2840 743 acceperimus.
2886 673 3120 730 Erimus
3162 680 3380 744 tamen,
3414 675 3569 732 sicut

1914 762 2048 814 ante
2079 758 2558 831 significavimus,
2592 758 2650 814 in
2673 776 2846 815 omne
2868 761 3154 833 quidquid
3186 763 3354 820 nobis
3376 764 3566 836 possi-

1913 845 2028 902 bile
2081 846 2453 915 injunxeritis
2484 847 2692 920 parati.
2728 848 3111 922 Omnipotens
3141 851 3295 907 Deus
3326 853 3396 908 ad
3429 869 3563 925 pro-

1911 935 2279 1009 pagationem
2312 941 2371 992 et
2399 936 2894 993 conservationem
2926 955 3046 994 sua:
3079 939 3214 995 fidei
3243 957 3344 997 vos
3373 944 3429 998 et
3458 958 3561 1014 po-

1911 1025 2230 1081 steritatem
2249 1030 2503 1082 vestram
2531 1025 2865 1083 diutissime
2889 1026 3145 1099 regionis
3161 1034 3362 1085 vestrae
3385 1029 3561 1087 faciat

1907 1129 2036 1169 esse
2065 1114 2382 1186 principes,
2405 1118 2462 1171 et
2491 1115 2842 1187 quandoque
2863 1115 3228 1189 sempiterna
3252 1116 3559 1175 beatitudi-

1904 1201 1997 1258 nis
2030 1201 2309 1260 haeredes.

2472 1318 2821 1375 EPISTULA
2839 1319 2980 1376 XIV.

2498 1424 2572 1500 (Γ)
2598 1442 2672 1482 AD
2704 1441 2962 1482 FELICEM.

1972 1556 2361 1614 Dilectissimo
2383 1556 2571 1614 amico
2597 1557 2770 1614 Felici
2805 1559 3025 1632 Lupus,
3059 1560 3241 1618 abbas
3260 1567 3551 1621 monaste-

1902 1645 1973 1701 rii
2005 1646 2393 1703 Ferrariensis
2427 1650 2603 1719 atque
2633 1648 2821 1704 sancti
2850 1648 3057 1705 Judoci
3089 1649 3358 1707 salutem.

1972 1734 2129 1791 Licet
2158 1734 2381 1807 aliquot
2424 1734 2562 1791 anni
2593 1735 2866 1793 fluxerint
2894 1753 2963 1792 ex
2994 1752 3109 1811 quo
3140 1755 3247 1796 nos
3277 1739 3546 1809 invicem,

141 1787 936 1896 EQsQQEr—ioraeétibﬁdea
1817 1787 1866 1853 B
1894 1821 2177 1896 largiente
2206 1787 2307 1880 Dei
2338 1825 2547 1897 gratia,
2579 1825 2639 1879 in
2670 1828 2754 1898 (g)
2787 1787 3140 1883 monastjerio
3172 1787 3327 1884 Fara:

140 1913 429 1970 Ferrarias
459 1911 805 1986 appellatur,
841 1929 908 1968 ac
928 1912 1263 1968 Bethlehem
1293 1930 1325 1968 a
1349 1913 1645 1969 conditore
1674 1915 1786 1969 im-

137 2002 392 2075 positum
406 2017 619 2058 nomen
636 2000 915 2074 possidet,
932 2001 998 2073 (e)
1011 2001 1236 2074 operire
1248 2000 1488 2074 plumbo
1510 2001 1789 2059 molimur

138 2095 263 2162 post
291 2091 481 2146 Deum
514 2089 575 2145 in
608 2089 826 2145 honore
870 2089 1022 2146 beati
1061 2089 1212 2145 Petri
1242 2094 1299 2146 et
1329 2091 1594 2147 omnium
1624 2096 1787 2147 caete-

137 2196 332 2235 rorum
366 2178 763 2251 apostolorum
798 2182 1234 2235 consecratam:
1271 2180 1441 2251 cujus
1489 2180 1702 2252 operis,
1735 2180 1786 2237 si

137 2268 481 2341 dignamini,
531 2283 632 2323 vos
680 2284 809 2324 esse
854 2268 1169 2341 participes
1214 2284 1541 2340 precamur.
1590 2270 1786 2324 Estote

136 2356 314 2429 igitur
342 2356 402 2412 in
434 2356 535 2413 Dei
585 2356 867 2413 honorem
921 2357 994 2412 ad
1026 2356 1135 2412 hoc
1166 2357 1584 2430 perficiendum
1616 2358 1783 2428 adju-

134 2449 306 2514 tores,
340 2462 460 2501 non
492 2445 683 2502 meriti
718 2444 923 2514 nostri,
965 2446 1066 2502 sed
1099 2450 1365 2518 respectu
1395 2446 1600 2502 divinae
1632 2464 1784 2503 mer-

131 2586 301 2644 boldo
352 2588 592 2660 tandem
622 2591 885 2660 mortuo,
915 2604 990 2660 ea
1012 2588 1216 2660 nupsit
1246 2587 1531 2660 Balduino
1562 2589 1780 2658 comiti,

132 2676 241 2733 non
274 2659 676 2733 consentiente
723 2657 926 2733 Carol_o
965 2657 1140 2733 Calvo
1170 2664 1353 2731 patre.
1390 2659 1552 2733 Unde
1580 2677 1784 2733 graves

132 2731 414 2786 adversus
438 2729 817 2803 ABalduinum
866 2729 1293 2803 AJuditham‘que
1336 2729 1621 2803 procellae:
1656 2749 1783 2803 qua:

130 2817 285 2873 anno
314 2800 550 2857 tandem
572 2802 678 2856 863
707 2800 1143 2873 coquieverunt.
1178 2800 1511 2857 Tum’enim
1542 2800 1783 2859 Carolus

133 2872 373 2945 «filiam
402 2888 571 2927 suam
596 2872 838 2945 Judith,
856 2877 921 2927 ut
946 2872 1268 2945 loquuntur
1298 2873 1476 2929 iidem
1506 2874 1780 2945 Annales,

131 2944 285 3016 sicut
314 2943 570 2999 domnus
596 2942 951 3016 apostolicus
980 2942 1115 2999 eum
1148 2944 1410 3016 petierat,
1436 2944 1678 3000 consilio
1706 2945 1782 3016 ifi-

128 3015 350 3087 delium
397 3013 649 3087 suorum
685 3013 988 3087 Balduino,
1022 3013 1209 3087 quem.
1229 3020 1427 3087 secuta
1459 3015 1781 3087 fuerat,ile-

127 3086 335 3159 galjter
362 3086 635 3159 c_o_njugio
665 3086 875 3141 sociari
906 3082 1242 3159 permisitf»
1288 3082 1775 3159 Flodoarduslib.

1895 1913 2292 1985 cognovimus,
2316 1929 2421 1969 nec
2442 1918 2645 1985 postea
2665 1914 2920 1970 evenerit
2940 1916 3367 1988 opportunitas,
3390 1918 3545 1990 quod

1895 2000 2106 2074 optavi,
2140 2006 2205 2057 ut
2234 2000 2599 2058 familiariter
2638 2001 3033 2074 loqueremur,
3080 2007 3277 2061 tamen
3317 2005 3456 2078 quia
3483 2004 3546 2063 in

1896 2093 2102 2145 neutro
2134 2093 2401 2145 nostrum
2430 2091 2619 2146 fervor
2645 2090 2947 2146 charitatis
2976 2091 3219 2165 refrixit,
3247 2110 3452 2165 precor
3480 2100 3546 2152 ut

1894 2179 2048 2250 apud
2080 2177 2433 2234 laudabilem
2479 2182 2738 2234 vestrum
2786 2178 3127 2237 .IEdilulfum
3160 2198 3291 2238 mea
3337 2183 3542 2256 petitio

1892 2270 2084 2323 vestra
2114 2268 2217 2323 34
2247 2266 2550 2340 diligentia
2579 2267 2859 2323 sortiatur
2887 2269 3176 2326 effectum.
3209 2271 3270 2327 Si
3302 2272 3541 2344 quidem

1893 2356 2230 2412 recordatus
2253 2360 2485 2428 quantae
2502 2355 2670 2411 illum
2692 2356 3059 2414 liberalitatis
3073 2359 3543 2431 praedicaveritis,

1893 2460 1995 2516 per
2031 2442 2254 2500 litteras
2304 2444 2501 2517 ﬂagito
2552 2449 2618 2501 ut
2664 2445 2946 2516 quoniam
2996 2446 3176 2503 statui
3227 2449 3543 2506 Ecclesiam

1894 2586 2190 2660 Genovefze
2229 2584 2596 2660 Parisiensis,
2630 2585 2729 2660 qui
2753 2586 2891 2660 dein
2922 2586 3234 2660 episcopus
3266 2588 3377 2645 fuit
3404 2590 3543 2647 Tor-

1892 2657 2183 2723 nacensis,
2206 2657 2540 2729 reparandae
2563 2657 2815 2729 ecclesia:
2841 2657 3260 2726 suae'intentus,
3283 2660 3459 2717 levari
3482 2677 3545 2719 se

1892 2733 2242 2804 sumptuum
2265 2728 2430 2804 parte
2450 2728 2710 2804 postulat
2726 2728 3148 2804 aWaldemaro
3162 2732 3433 2804 episcopo
3452 2733 3546 2790 Se-

1892 2798 2205 2875 lewicensi,
2231 2798 2346 2870 quo
2377 2798 2687 2875 plumbum
2708 2798 3314 2875 Anglicauumemere
3335 2798 3541 2875 possit,

1893 2871 2026 2925 usui
2066 2871 2330 2925 futurum
2361 2870 2434 2925 ad
2478 2870 2850 2941 operiendam
2882 2871 3065 2941 aedem
3096 2871 3257 2927 illam
3291 2870 3539 2929 sacram.

1893 2942 1978 2997 Ita
2006 2941 2161 3014 enim
2211 2943 2283 2996 ad
2306 2958 2471 3014 eum
2494 2940 2699 2996 scribit
2730 2941 2788 2994 in
2815 2940 3063 3014 epistola
3096 2944 3221 2997 165:
3257 2965 3285 2992 «
3320 2944 3427 3000 Eos
3456 2945 3539 3014 (id

1890 3017 1999 3078 est,
2021 3013 2271 3084 parietes
2305 3010 2558 3067 basilicae
2592 3010 3146 3085 sanctaeGenovetze)
3178 3014 3414 3085 reﬁcere
3444 3010 3540 3071 in-

1892 3081 2197 3164 empimus,
2248 3087 2583 3164 comparata
2605 3083 2731 3164 jam
2781 3081 3075 3164 lignorum
3106 3081 3536 3164 maceriehquaa

124 3152 182 3211 fu
201 3157 359 3229 Hist.
383 3152 615 3229 Rheni,
634 3174 761 3229 cap.
785 3174 861 3212 xu
880 3152 957 3212 ;’‹‹
977 3157 1057 3212 De
1078 3157 1487 3229 conjunctione
1508 3156 1778 3229 Balduini
1808 3153 1850 3220 C
1890 3160 1945 3229 et
1966 3152 2401 3225 superponatur
2417 3152 2705 3229 innovatis
2727 3152 3072 3229 parietibus,
3095 3160 3153 3210 et
3177 3159 3326 3229 tecto
3348 3152 3538 3227 plum-

125 3228 362 3283 comitis
385 3232 440 3282 et
467 3227 672 3283 Judith
693 3227 967 3284 indebita.
1000 3229 1134 3292 Quae
1164 3227 1385 3284 scilicet
1411 3228 1638 3296 Judith,
1670 3229 1777 3284 Ca-

125 3298 421 3373 roli‘regis
466 3299 635 3373 filia,_
669 3300 960 3373 Ediﬁlnulfo
1010 3301 1130 3373 regi
1187 3299 1529 3373 Anglorum,
1580 3300 1681 3373 qui
1721 3306 1779 3355 et

124 3369 506 3444 Edelboldus,
523 3371 744 3426 dudum
762 3372 1015 3444 fueratin
1031 3369 1473 3444 matrimonium
1484 3369 1776 3444 copulata,

120 3447 173 3495 et
203 3441 437 3514 regium»
476 3442 681 3514 decore
725 3459 791 3497 ac
835 3441 1579 3514 benedictioneinsignita}
1608 3464 1636 3514 >9
1668 3444 1776 3497 Ex-

120 3517 247 3585 stan
258 3512 365 3585 {in
385 3512 532 3585 libro
549 3513 947 3585 Capitulorum
969 3513 1153 3585 Caroli
1172 3513 1327 3568 Calvi
1346 3512 1777 3569 benedictiones

120 3582 325 3657 Judith
349 3583 548 3650 istius,
582 3582 844 3656 ejusdem
866 3584 1229 3657 Carolitilim,
1262 3585 1515 3657 primum
1540 3585 1775 3656 quando

124 3654 434 3737 benedicta
480 3660 569 3711 est
598 3654 662 3711 ut
710 3672 927 3728 sponsa
974 3654 1508 3728 Edilulﬁfdeinde
1552 3654 1683 3712 vero
1711 3660 1777 3711 ut

242 3744 344 3781 na.

121 3743 618 3870 Ἓῗῗοπιίηεηε.
652 3796 799 3870 Illud
851 3797 1040 3870 dicere
1068 3798 1250 3870 voluit
1282 3798 1500 3870 Lupus,
1536 3798 1681 3853 freto
1712 3815 1775 3870 se

121 3868 490 3941 disjunctum
520 3884 648 3941 esse
673 3868 751 3941 ab
770 3868 1040 3925 ΑΕάίὶυίΐο
1068 3868 1388 3941 Anglorum
1407 3886 1561 3940 rege.
1586 3869 1776 3925 Conti-

122 3938 265 4012 nens
317 3944 521 4012 autem
569 3938 714 4012 dixit
744 3956 847 4012 pro
896 3938 1428 4012 mari,impropria
1455 3938 1773 3996 admodum

122 4010 573 4083 signiﬁcatione.
595 4010 1044 4083 N_a_m:continens
1067 4010 1280 4066 dicitur
1300 4010 1603 4083 terraque:
1627 4012 1774 4067 mari

120 4080 374 4151 adjacet.
424 4080 588 4136 Unde
630 4081 828 4137 Sicilia
873 4082 1070 4137 insula
1115 4082 1330 4137 dicitur
1358 4100 1393 4137 a
1441 4080 1776 4138 continente

122 4154 324 4209 avulsa
342 4152 421 4209 ob
449 4155 699 4207 veterem
721 4151 1002 4208 fabulam.
1024 4153 1168 4208 Vide
1191 4152 1678 4209 Freinsheimium
1702 4154 1774 4209 ad

120 4224 182 4287 Ο.
232 4223 509 4280 Curtium
559 4222 661 4279 lib.
695 4241 770 4292 ιν,
821 4240 949 4296 cap.
986 4226 1073 4291 11,
1106 4225 1178 4280 ad
1229 4224 1397 4281 illum
1446 4223 1680 4280 locum:
1717 4226 1777 4280 in

118 4296 434 4351 continenti
460 4309 549 4350 vos
581 4310 713 4350 esse.

187 4368 265 4439 (ὁ)
297 4365 500 4439 Felice.
517 4364 673 4439 _Vide
698 4364 1403 4439 epistolamisequentem.

185 4435 261 4511 (ei
291 4435 619 4511 Ερίεωζαῖ.
652 4454 705 4491 υ.
733 4435 957 4510 ofﬁcio.
989 4435 1139 4511 Erat
1154 4453 1292 4511 ergo
1324 4436 1480 4494 Felix
1511 4437 1776 4493 notarius

116 4506 405 4574 rI-ldilulli,
434 4506 523 4562 vel
556 4506 781 4563 fortean
798 4506 1213 4566 'cancellarius.

182 4580 263 4650 (Δ)
279 4578 812 4653 Mediterraneum,
836 4579 895 4635 id
917 4584 1025 4646 est,
1047 4580 1219 4653 longe
1233 4597 1272 4653 _a
1289 4580 1455 4653 muri
1477 4583 1777 4653 construc-

117 4651 265 4705 tum.
296 4654 515 4723 Itaque
527 4649 587 4704 in
609 4650 870 4723 margine
885 4652 1098 4723 veteris
1120 4649 1358 4715 codicis,
1377 4651 1469 4707 his
1486 4650 1781 4723 octoginta

116 4722 294 4793 annis
315 4719 447 4793 haec
461 4719 831 4793 glossematis
846 4722 968 4779 vice
980 4723 1206 4793 adjecta
1217 4740 1284 4778 su
1293 4727 1375 4790 ut,
1393 4724 1461 4778 z’d
1471 4731 1551 4778 est
1569 4741 1607 4778 α
1621 4719 1787 4779 inuri

111 4791 545 4866 ﬂmuinibas've
564 4798 882 4860 remotum,-
900 4791 1079 4866 quod',
1104 4794 1176 4850 ob
1200 4794 1551 4866 imperitiam
1576 4794 1785 4850 exscri-

111 4868 388 4988 Eiorum,
434 4864 494 4918 in
548 4868 769 4920 textum
821 4864 954 4920 dein
987 4864 1303 4938 receptum
1321 4869 1411 4922 est
1441 4865 1500 4921 in
1533 4866 1784 4921 editione

172 4935 412 4988 assoni.
437 4934 584 4988 Nam
606 4934 700 4988 his
722 4937 954 4988 carebat
970 4938 1411 4988 manuscrintus
1433 4939 1632 4988 codex.
1656 4954 1784 4988 nos-

172 4935 412 4991 assoni.
437 4934 584 4989 Nam
606 4934 700 4990 his
722 4937 954 4991 carebat
970 4934 1411 5003 manuscriptus
1433 4939 1632 5003 codex,
1656 4954 1787 4993 nos-

114 5022 229 5078 que
248 5004 579 5062 editionem
602 5010 860 5062 nostram
883 5006 957 5063 iis
976 5023 1171 5063 carere
1195 5004 1402 5065 debere
1424 5010 1783 5075 censuimus,

114 5078 184 5132 ob
209 5094 356 5134 eam
391 5093 650 5134 causam.
676 5078 905 5134 Absunt
933 5077 1110 5135 etiam
1143 5080 1215 5135 ab
1242 5080 1497 5137 editione
1526 5080 1783 5137 Duches-

112 5093 184 5132 OD
209 5094 356 5134 eam
391 5093 650 5134 causam.
676 5093 905 5134 Λοειιῐη
933 5093 1110 5135 etiam
1143 5093 1215 5135 an
1242 5093 1497 5137 Odlllﬂne
1526 5093 1786 5137 υυαῠθε-

118 5166 201 5203 nu
208 5190 225 5204 .

183 5219 263 5291 (e)
296 5220 553 5294 Operz'rg
589 5219 1189 5294 plumborpostquam
1235 5222 1434 5294 Lupus
1480 5223 1787 5279 ecclesiam

112 5290 478 5367 monasterii
511 5291 896 5349 Ferrariensis
926 5290 1342 5367 edi'iicaverat,‘
1358 5294 1787 5367 mdiﬁciumque

115 5362 377 5438 illudin
416 5378 483 5418 eo
520 5366 677 5438 statu
708 5368 880 5433 esset,
915 5369 977 5438 ut
1007 5363 1152 5438 nihil
1179 5362 1539 5438 illic’przeter
1568 5362 1787 5438 tectum

111 5435 593 5507 desideraretur,
625 5433 849 5490 litteras
876 5436 945 5490 ad
979 5433 1549 5507 jEdilulfum'regem
1579 5437 1789 5507 Anglo-

111 5523 249 5586 rum
287 5504 759 5586 pientissimum,
785 5512 841 5586 et
860 5507 929 5561 ad
963 5504 1466 5586 Felicemiregium
1491 5504 1788 5586 quondam

113 5575 649 5651 notariumudedit,
702 5576 918 5651 quibus
966 5594 1064 5633 eos
1113 5582 1239 5651 orat
1269 5575 1335 5651 ut
1379 5575 1689 5651 plumbum
1721 5596 1791 5635 ex

110 5648 343 5721 Anglia
394 5645 508 5701 sibi
540 5645 934 5718 suppeditent,
1023 5648 1136 5703 uod
1169 5648 1301 5705 usui
1335 5645 1463 5707 esse
1492 5656 1689 5723 posset
1718 5652 1791 5709 ad

113 5717 527 5781 oneriendum
555 5717 863 5781 templum.
890 5664 1334 5781 Sichtephanus
1362 5722 1545 5781 abbas
1577 5726 1791 5781 sancte

113 5717 527 5801 cpe'riendum
555 5717 863 5797 templum.
890 5717 983 5782 Sic
1000 5717 1334 5798 Stephanus
1362 5717 1545 5785 abbas
1577 5726 1791 5786 sancta

1888 3226 1995 3281 beo
2026 3231 2410 3298 supponatur.
2458 3225 2579 3280 Sub
2611 3225 2866 3298 quodam
2889 3225 3108 3298 rubore
3136 3225 3536 3298 mendicantes

1886 3295 2184 3378 rogamus,
2212 3302 2269 3351 et
2286 3295 2663 3378 ‘pet‘inius,-ut
2682 3295 2904 3378 aliquid
2935 3297 3011 3378 de
3040 3296 3317 3378 benevola
3345 3315 3411 3378 a_c
3434 3299 3533 3355 be-

1885 3366 2069 3442 nefica
2098 3366 2444 3423 liberalitate
2468 3372 2659 3442 vestra
2689 3366 2858 3424 nobis
2888 3367 3305 3442 mittatis,_quo
3333 3368 3535 3442 plum-

1883 3438 2025 3512 bum
2056 3454 2343 3512 emamus,
2378 3454 2493 3512 uon
2517 3439 2868 3512 Romanum,
2901 3439 3001 3494 sed
3023 3438 3365 3512 ‘Anglicum'.
3388 3442 3534 3506 Quo-

1884 3510 2042 3582 uiam
2074 3508 2587 3582 Anglicoiplumbo
2616 3513 2896 3582 teguntur
2922 3508 3198 3582 ecclesias,
3226 3513 3533 3582 nudantur

1886 3581 2165 3652 Romano.
2176 3580 2769 3652 S»CuriamRomanam
2784 3580 2875 3636 hic
2887 3581 3136 3652 satyrico
3155 3581 3275 3638 sale
3287 3583 3534 3640 defricat

1884 3650 2238 3723 Stephanus,
2272 3651 2344 3727 ob
2377 3667 2505 3705 eam
2539 3650 2802 3727 videlicet
2830 3650 3069 3727 causam
3102 3654 3259 3727 quod
3303 3653 3404 3727 illa
3429 3671 3533 3727 pro

1884 3721 2026 3778 auro
2058 3740 2173 3795 non
2195 3723 2497 3795 carbones,
2526 3727 2594 3777 ut
2613 3721 2797 3795 aiunt,
2822 3723 2924 3779 sed
2944 3721 3256 3795 plumbum
3276 3721 3531 3782 tribuere

1882 3794 2314 3866 consuevisset,
2344 3792 2607 3866 illudque
2630 3792 2964 3866 iimmenso'
2981 3794 3187 3866 pretio.
3236 3795 3399 3852 Unde
3428 3796 3531 3853 illa

1883 3864 2035 3919 Petri
2062 3863 2352 3942 Blesensis
2380 3863 2557 3942 verba
2576 3863 3000 3942 adAHenricum—
3018 3866 3295 3942 Ii_rege_m
3322 3867 3532 3942 Anglo-

1884 3953 2016 3991 rum
2067 3936 2377 4007 scribentis
2419 3935 2479 3990 in
2528 3934 2776 4007 epistola
2823 3937 2933 3993 41:
2984 3958 3013 3987 ‹‹
3045 3934 3246 3993 Νιωῖίὶ
3291 3934 3468 3995 vestri
3499 3956 3535 3996 a

1886 4007 2147 4083 Romana
2175 4006 2339 4083 curia
2361 4006 2676 4073 redierunt,
2696 4009 2989 4063 exonerati
3013 4008 3251 4079 quidem
3273 4015 3535 4083 argento,

1884 4078 2107 4133 onerati
2138 4078 2398 4149 plumbo.
2423 4100 2451 4127 »

1953 4149 2029 4222 (χ’)
2051 4147 2426 4222 Ad'Felicegn.
2449 4147 2678 4222 Inedito
2689 4147 2919 4219 legitur,
2937 4149 3020 4222 ad
3038 4148 3284 4206 Felicem
3300 4152 3540 4222 regium

1882 4218 2140 4292 scribam
2157 4220 2389 4292 ,{quodu
2413 4218 2681 4292 additum
2712 4218 2861 4292 puto
2893 4235 2928 4292 _a
2956 4219 3247 4292 Massono.
3297 4218 3445 4292 Nam
3474 4221 3534 4277 in

1883 4290 2056 4347 veteri
2089 4287 2285 4364 codice
2313 4288 2460 4364 nihil
2490 4289 2550 4343 in
2596 4287 2777 4364 titulo
2810 4287 2988 4364 istius
3013 4289 3270 4362 epistolae
3300 4291 3533 4364 legitur,

1928 4366 2093 4417 raater
2125 4361 2246 4417 haec
2293 4361 2487 4427 verba,
2524 4360 2623 4415 Ad
2650 4361 2918 4415 Felicem.
2951 4361 3020 4416 Et
3047 4360 3188 4418 sane
3216 4360 3534 4430 tumfcum

1928 4450 2007 4488 azc
2038 4431 2289 4505 epistola
2303 4431 2521 4503 scripta
2536 4435 2644 4499 est,
2668 4430 2755 4505 vir
2774 4431 2872 4505 ille
2895 4448 3010 4505 non
3035 4437 3160 4487 erat
3174 4432 3375 4505 regius
3395 4433 3536 4505 scri-

1805 4517 1853 4582 D
1890 4506 1986 4582 ba,
2000 4502 2182 4582 tamet
2202 4504 2251 4559 si
2268 4502 2490 4582 fortean
2504 4502 3072 4582 essetinterintimos
3086 4502 3342 4582 Edilulﬁ
3351 4520 3420 4582 re

1892 4520 1986 4572 na,
2000 4520 2182 4560 tamet.
2202 4520 2251 4559 Si
2268 4520 2490 4559 iortean
2504 4520 3072 4559 essetinterinumos
3086 4520 3342 4558 Asellum
3359 4520 3420 4559 re
3484 4522 3532 4560 s.

1892 4576 2037 4658 Nam
2065 4576 2127 4658 in
2158 4575 2457 4658 superiore
2486 4573 2730 4658 epistola
2776 4575 2919 4629 dixit
2956 4575 3155 4658 Lupus
3170 4590 3194 4658 _:
3225 4575 3312 4629 Ea:
3338 4520 3537 4658 frg!“

1887 4648 2077 4704 didici
2081 4650 2204 4720 ,qui
2213 4646 2601 4720 Epistolarum
2612 4654 2928 4720 vestrarum
2943 4646 3144 4717 ofﬁcio
3153 4646 3535 4720 fungebatur,

1893 4720 2047 4792 quod
2072 4716 2166 4792 est
2186 4716 2461 4791 praeteriti
2491 4716 2789 4792 temporis.

1965 4793 2048 4863 (g)
2061 4786 2632 4863 Μοηὶιειενὶοῇξατζᾷξξ
2650 4789 2735 4843 lta
2753 4786 2966 4863 diserte
2982 4788 3159 4863 codex
3170 4790 3540 4863 manuscrip-

1895 4859 2011 4917 tus'.
2022 4862 2083 4917 In
2097 4878 2199 4918 ora
2209 4859 2552 4934 tamenlibri
2567 4859 3142 4934 hisoctogintaannis
3154 4859 3541 4934 scriptumest

1928 4934 1941 4989 '.
1973 4935 2291 4991 Ferrariae.
2316 4931 2422 4995 Qui
2453 4930 2610 4986 enim
2638 4935 2767 5006 tum
2786 4930 3013 5003 legebat
3031 4931 3138 4988 has
3164 4930 3312 5006 Lupi
3334 4933 3545 5006 episto-

1917 5023 2001 5074 as,
2036 5006 2297 5061 nondum
2328 5007 2566 5059 noverat
2596 5002 3157 5074 ubinam’terrarum
3180 5002 3546 5063 sit'um'esset

1897 5073 2527 5148 mOnasteriumnFarie.
2562 5073 2707 5148 illud
2733 5073 3047 5148 dolendum
3079 5076 3232 5148 quod
3259 5076 3356 5133 hic
3384 5094 3547 5133 error

1894 5146 2417 5231 imposuiterudito
2430 5145 2549 5203 viro
2562 5145 2794 5231 Papirio
2805 5145 3546 5231 Massonofquim’epudiata

1896 5217 2143 5275 lectione
2191 5218 2437 5285 sincera,
2488 5217 2925 5290 supposititiam
2973 5217 3232 5275 retinuit.
3263 5217 3359 5275 Sic
3387 5220 3546 5276 enim

1898 5292 2098 5360 edidit,
2118 5294 2179 5363 in
2200 5292 2556 5363 monasterio
2575 5290 2972 5363 Ferrariensg',
3000 5296 3134 5356 etc.,
3151 5308 3330 5363 quam
3353 5290 3547 5347 lectio-

1899 5379 2032 5418 nem
2064 5362 2304 5419 retinuit
2324 5361 2499 5417 etiam
2520 5362 2782 5417 Andreas
2807 5361 3196 5419 Duchesnius.
3221 5363 3323 5418 Est
3349 5366 3545 5417 autem

1900 5436 2059 5491 Fara:
2106 5434 2527 5491 monasterium
2559 5433 2618 5488 in
2663 5433 2895 5489 dioecesi
2928 5433 3207 5491 Meldensi
3257 5434 3457 5502 situm,
3484 5432 3546 5488 in

1940 5522 2047 5579 ago
2077 5506 2619 5579 videlicetBrigeso.
2643 5505 2832 5579 Vulgo
2853 5506 3255 5579 Farmonslz'er
3283 5521 3353 5560 en
3381 5505 3543 5562 Brie.

1949 5575 2120 5655 omen
2170 5578 2392 5651 accepit
2421 5575 2650 5655 a'Fara,
2686 5575 3057 5655 pientissima
3084 5575 3322 5655 femina,
3356 5592 3391 5634 a
3432 5592 3551 5655 qua

1899 5650 2210 5711 fundatum
2240 5645 2331 5710 est
2359 5645 2724 5729 temporibus
2756 5646 3057 5726 Dagoberti
3087 5645 3259 5727 regis.

3628 6068 3913 6160 Δ-
