3938 6160
482 263 602 325 463

1473 258 1546 318 Β.
1593 259 1659 320 S.
1702 256 1881 320 LUPI
1925 253 2257 318 ABBATIS
2302 258 2894 323 FERRARIENSIS.

3657 282 3740 343 464

481 395 637 454 beati
684 392 837 450 Petri
890 389 1173 465 principis
1220 365 1641 463 apostolorum.
1665 390 1725 444 in
1775 388 2129 485 monasterio
2156 389 2212 456 Α
2241 390 2435 485 biliter
2463 392 2784 464 praelibavi;
2809 394 3207 470 maximasque
3226 403 3480 460 sanctitati
3495 412 3746 485 vestraago

481 482 838 544 Ferrariensi
866 486 1061 554 tegere
1090 479 1352 553 plumbo,
1376 480 1449 535 ad
1480 478 1924 536 diuturnitatem
1947 478 2128 535 conti-

480 572 796 649 gnationis,
829 575 895 627 ut
924 571 996 627 ad
1038 572 1418 641 augmentum
1450 570 1736 625 bonorum
1767 584 2029 636 suorum,
2061 583 2130 622 ex

480 664 687 721 eodem
716 659 944 734 plumbi
975 656 1210 714 metallo
1240 658 1311 714 ad
1335 662 1724 713 memoratum
1756 674 1924 730 opus,
1948 673 2129 728 quan-

478 757 607 810 tum
646 750 698 809 ei
746 755 898 807 Deus
948 747 1338 819 inspiraverit,
1370 747 1541 803 nobis
1585 747 1860 819 dignetur
1904 745 2124 819 largiri.

479 841 640 907 Quod
672 839 723 896 si
752 839 1102 896 exuberante
1131 835 1233 892 Dei
1265 835 1595 901 clementia,
1626 839 1683 891 et
1706 838 1898 891 vestra
1927 850 2127 906 coope-

478 934 642 988 rante
672 926 983 995 industria,
1007 924 1335 992 obtinuero,
1356 928 1563 981 vestrae
1581 940 1819 980 rursum
1840 923 1951 978 erit
1971 922 2126 979 solli-

479 1017 754 1076 citudinis
769 1020 835 1073 ut
855 1014 1271 1072 muniﬁcentiae
1292 1013 1450 1070 illius
1471 1013 1820 1070 beneficium
1838 1014 1908 1068 ad
1926 1011 2123 1068 villam

477 1110 556 1179 (a)
573 1105 845 1180 Stapulas
856 1104 1226 1178 provehatur.
1241 1104 1357 1159 Nos
1370 1106 1564 1159 autem
1574 1144 1587 1170 ,
1608 1102 1759 1160 sicut
1769 1105 1825 1158 et
1841 1102 1901 1157 in
1913 1100 2124 1159 litteris

475 1196 710 1271 praefeto
741 1194 863 1267 regi
893 1192 1128 1250 directis
1160 1192 1577 1264 expressimus,
1610 1196 1666 1247 et
1704 1207 1808 1264 pro
1839 1190 1939 1246 illo
1969 1207 2120 1247 sem-

472 1302 578 1359 per
605 1300 770 1342 orare
802 1281 990 1356 parati
1033 1297 1264 1348 sumus,
1298 1284 1356 1337 et
1383 1280 1434 1337 si
1466 1280 1606 1353 quid
1647 1279 1925 1353 possibile
1953 1279 2123 1336 nobis

471 1373 810 1448 injunxerit,
869 1370 1137 1429 celeriter
1205 1369 1463 1442 exsequi.
1536 1368 1719 1442 Cupio
1775 1386 1877 1426 vos
1932 1369 2123 1427 valere

469 1463 733 1522 feliciter.

1037 1548 1381 1605 EPISTOLA
1431 1548 1548 1604 XV.

1004 1636 1078 1709 (b)
1117 1652 1189 1692 AD
1228 1652 1584 1693 LEOTALDUM.

542 1745 742 1818 Lupus
772 1743 954 1800 abbas
978 1740 1252 1799 Leotaldo
1284 1760 1390 1799 suo
1420 1742 1689 1799 salutem.

2239 482 2295 534 et
2322 479 2509 537 habeo
2557 483 2777 555 gratias
2808 486 2960 555 quod
2995 485 3144 543 ultro
3187 494 3383 547 certare
3407 492 3643 553 beneﬁciis
3664 479 3745 555 nan

2239 568 2567 637 fastidistis,
2600 577 2989 629 memoratum
3022 575 3248 633 fratrem
3275 580 3614 654 episcopaliter
3640 587 3749 642 exci-

2236 657 2447 729 piendo
2473 663 2529 714 et
2559 661 2808 734 benigne
2840 662 3103 733 fovendo,
3154 668 3461 738 parvitatem
3482 686 3590 727 vero
3613 690 3750 730 meum

2236 747 2307 800 ad
2341 750 2598 803 vestrum
2630 765 2887 806 amorem
2912 752 3296 811 sincerissimo
3315 757 3493 813 affectu
3513 758 3751 818 invitando.

2234 834 2395 897 Quod
2424 854 2497 892 an
2530 854 2677 910 pura
2714 844 2908 896 mente
2937 841 3269 914 depromam
3298 845 3445 901 facile
3480 852 3636 904 vestra
3656 867 3757 921 pru-

2233 922 2433 979 dentia
2470 924 2720 997 colliget,
2766 927 2816 983 si
2848 928 3181 986 facultatem
3210 932 3594 990 demonstrandi
3617 937 3758 993 divina

2232 1027 2494 1083 unquam
2516 1014 2703 1086 gratia
2724 1021 2931 1073 nactus
2952 1019 3132 1075 fuero.
3156 1020 3374 1077 Interim
3395 1024 3529 1094 quod
3542 1025 3644 1095 jam
3660 1017 3791 1081 didi:1

2231 1098 2422 1157 cimus
2453 1108 2737 1173 quantum
2767 1106 2838 1160 de
2855 1106 3020 1163 vobis
3041 1123 3378 1179 qrazsumere
3396 1110 3674 1177 debeamus,
3689 1114 3760 1169 im-
3788 1112 3792 1157 λ

2229 1189 2442 1260 pendio
2472 1191 2876 1265 supplicamus
2905 1200 2971 1251 ut
3000 1199 3430 1256 commentarios
3454 1200 3608 1256 Boetii
3628 1201 3674 1256 in
3687 1202 3763 1258 To-

2230 1277 2362 1350 pica
2390 1278 2701 1350 Ciceronis,
2749 1284 2901 1355 quod
2944 1285 3003 1339 in
3053 1286 3336 1343 chartacio
3381 1289 3552 1345 codice
3592 1289 3697 1357 sive,
3722 1296 3763 1345 ut

2229 1368 2597 1425 emendatius
2654 1369 2787 1428 allis
2835 1372 3149 1430 dicendum
3204 1375 3440 1446 videtur,
3494 1377 3766 1434 chartinacio

2227 1455 2559 1515 Almaricus
2576 1459 2633 1514 in
2655 1460 2725 1532 (e)
2740 1463 2991 1519 armario
3008 1464 3195 1520 sancti
3212 1465 3430 1521 Martini
3444 1466 3610 1532 habet,
3626 1468 3767 1522 obten-

2226 1548 2318 1601 tos
2348 1548 2420 1602 ab
2452 1563 2518 1603 eo
2547 1549 2716 1605 nobis
2744 1566 2849 1621 per
2878 1551 3258 1625 hunc,-quem
3288 1555 3357 1610 ob
3380 1555 3480 1610 hoc
3508 1556 3769 1622 direximus,

2227 1634 2501 1691 nuntium
2545 1637 2831 1711 dirigatis.
2882 1641 3301 1715 Monemusque
3344 1647 3408 1699 ut
3440 1660 3558 1699 cum
3595 1643 3773 1716 quilibet

2145 1758 2195 1825 Β
2228 1724 2524 1794 quaesierit
2552 1726 2784 1783 cuinam
2815 1730 3122 1801 praefatum
3157 1732 3409 1789 codicem
3436 1733 3797 1811 commodaturi

540 1814 667 1889 Non
698 1848 860 1890 eram
907 1830 1140 1887 nescius
1169 1834 1226 1886 te
1262 1830 1321 1886 id
1370 1831 1566 1887 animo
1617 1829 1911 1887 continere
1959 1849 2073 1905 quo

2225 1814 2326 1869 86
2348 1814 2498 1881 sitis,
2518 1820 2719 1871 nostra
2735 1819 2975 1873 nomina
2990 1821 3435 1892 supprimentes,
3453 1821 3588 1893 quod
3606 1821 3778 1893 quibus.

468 1921 677 1980 litteris
710 1919 1080 1995 expressisti;
1104 1918 1383 1992 quoniam
1414 1936 1561 1993 pene
1591 1920 1791 1975 omnia
1813 1924 1952 1978 sunt
1971 1921 2115 1977 mihi

468 2028 534 2068 ac
565 2012 896 2084 frequenter
924 2009 984 2064 in
1023 2007 1209 2064 oculis
1238 2008 1456 2081 quibus
1486 2008 1676 2065 modis
1706 2008 2114 2066 benevolentiae

464 2116 781 2173 germanus
798 2098 1033 2155 animus
1045 2097 1122 2153 sit
1133 2096 1341 2154 solitus
1353 2098 1723 2169 respondere.
1741 2097 1903 2154 Unde
1919 2104 2113 2155 autem

461 2192 517 2244 te
546 2187 852 2244 certiorem
902 2185 1025 2241 ﬁeri
1066 2185 1402 2259 poposcisti,
1436 2185 1803 2259 indulgentia
1828 2186 1929 2242 Dei
1962 2188 2114 2244 scias

461 2293 556 2332 me
584 2293 688 2349 pro
718 2280 979 2348 tempore
1010 2275 1156 2331 bene
1184 2273 1393 2342 valere,
1428 2273 1690 2346 meisque
1723 2274 2116 2348 dispositioni-

458 2365 594 2436 bus,
627 2382 773 2439 quas
797 2363 1031 2436 justitia
1057 2380 1289 2436 semper
1308 2363 1543 2418 condire
1566 2364 1759 2436 cupio,
1784 2363 1929 2419 nihil
1956 2366 2110 2437 quod

455 2453 660 2523 sciam,
694 2453 999 2510 obsistere.
1051 2452 1445 2519 Quamobrem
1474 2453 1626 2507 bono
1658 2453 1854 2509 animo
1880 2458 2024 2520 esto,
2055 2459 2113 2511 et

456 2558 560 2616 pro
590 2545 792 2599 nostra
810 2539 1111 2597 communi
1142 2540 1332 2597 salute
1363 2539 1472 2596 hoc
1504 2544 1704 2596 sancto
1731 2544 1990 2613 tempore
2021 2543 2108 2598 in-

455 2631 710 2688 stantius
740 2631 1071 2704 deprecare.
1123 2629 1349 2686 Patrem
1391 2632 1686 2702 patratum
1738 2646 1952 2686 nomen
1983 2648 2111 2689 esse

454 2721 675 2794 gradus
705 2718 804 2777 85
835 2716 1215 2777 sacerdotalis
1268 2716 1557 2787 existimo,
1607 2734 1741 2774 cum
1792 2718 1845 2775 is
1890 2719 1990 2792 qui
2042 2738 2108 2778 eo

456 2810 756 2882 fugeretur
783 2811 1014 2865 tantum
1041 2806 1436 2864 venerationis
1466 2824 1501 2863 a
1538 2805 1761 2863 civibus
1790 2813 2110 2866 mereretur

454 2904 522 2955 ut
548 2914 751 2955 eorum
782 2900 946 2970 pater
965 2897 1155 2953 factus
1186 2896 1495 2964 diceretur,
1526 2913 1629 2969 per
1654 2912 1828 2970 quem
1849 2913 1917 2954 ea
1941 2898 2111 2955 facie-

454 2987 599 3044 bant
630 3004 757 3061 quae
790 2988 864 3059 (e)
893 2985 954 3041 in
976 2985 1176 3042 Servio
1195 2983 1370 3057 legis;
1396 2987 1461 3039 ut
1475 2983 1694 3051 hostes,
1717 3001 1866 3057 quos
1884 2986 2107 3045 viribus

455 3091 734 3150 superare
764 3074 1177 3141 moliebantur,
1210 3072 1375 3146 prius
1404 3070 1687 3145 religione
1717 3076 2017 3133 terrerent.

1021 3195 1366 3252 EPISTULA
1393 3195 1534 3251 XVI.

560 3288 638 3361 (ά)
668 3303 741 3344 AD
768 3301 1088 3343 oasmmum
1126 3300 1649 3341 mmnopommnum
1686 3301 1990 3344 TURONUM.

522 3406 1009 3468 Reverentissimo
1032 3406 1305 3464 Orsmaro
1338 3406 1781 3479 metropolitano
1811 3409 2009 3483 Lupus
2040 3412 2099 3470 in

448 3499 696 3557 Domino
728 3497 999 3556 salutem.

519 3587 792 3645 Germani
822 3585 937 3642 mei
982 3584 1278 3665 vestrique
1308 3583 1580 3643 ﬁdissimi
1612 3583 1888 3643 relatione
1937 3594 2095 3662 post-

447 3693 624 3750 quam
656 3675 801 3731 mihi
830 3678 1023 3731 vestra
1052 3672 1248 3745 opinio
1270 3672 1547 3740 innotuit,
1583 3673 1731 3730 miro
1753 3691 1985 3748 semper
2005 3696 2096 3734 ar-

446 3766 552 3822 deo
585 3762 873 3820 desiderio
904 3761 1151 3834 experiri
1172 3762 1326 3833 quod
1349 3760 1509 3818 illius
1529 3760 1830 3835 diligentia
1852 3765 2075 3825 delecta

516 3906 598 3979 (α)
617 3903 925 3979 Staputas.
948 3903 1240 3979 Oppidum
1258 3907 1347 3979 est
1366 3902 1425 3958 in
1446 3904 1772 3979 oraQuenti
1800 3906 2082 3978 ﬂuminis,

441 3975 599 4034 haud
630 3976 832 4050 procul
863 3976 935 4050 ab
957 3975 1216 4050 Oceano,
1237 3975 1775 4050 adeoque‘vicinum
1807 3975 2097 4037 monaste-

440 4050 527 4107 rio
550 4046 735 4105 sancti
764 4046 993 4119 Judoci,
1024 4046 1262 4119 quodin
1290 4046 1474 4102 altera
1495 4046 1756 4119 ﬂuminis
1778 4065 1880 4104 ora
1908 4051 2085 4107 situm

439 4124 547 4177 est.
563 4120 844 4177 Ceterum
857 4118 995 4175 hinc
1005 4116 1136 4173 colli
1144 4118 1200 4190 gi
1216 4121 1405 4190 potest
1418 4116 1725 4190 epistolam
1742 4118 1894 4176 hanc
1912 4120 2094 4180 fuisse

439 4192 720 4271 scriptam
734 4187 1380 4271 anterecupera'tionem
1412 4187 1567 4245 cellae
1593 4190 1651 4244 S.
1678 4190 1918 4271 :ludoci.
1945 4193 2091 4271 Nam

439 4264 489 4320 si
518 4260 588 4319 ea
616 4268 743 4319 tum
782 4260 1121 4334 recuperata
1159 4260 1386 4334 fuisset,
1421 4261 1790 4334 commodior
1826 4264 2094 4322 videlicet

437 4335 674 4391 futurus
694 4338 819 4391 erat

437 4350 674 4391 mturus
694 4350 819 4391 erat
878 4350 1040 4388 ortus
1071 4350 1454 4398 Quentawwi,
1487 4350 1559 4387 oo
1593 4350 2083 4406 propinquitatem

436 4405 800 4463 monasterii.
838 4350 1161 4477 Bostquam‘
1185 4402 1341 4477 enim
1362 4408 1730 4477 __recuperata
1760 4409 1861 4477 gest
1903 4406 2083 4477 cella;

432 4482 560 4534 tum
595 4495 709 4533 non
743 4472 1037 4548 Stapulas,
1066 4475 1166 4548 sed
1193 4474 1264 4529 ad
1296 4472 1502 4548 cellam
1534 4472 1718 4530 Sancti
1748 4476 1958 4533 Judoci
1989 4472 2087 4535 de;

433 4545 1274 4622 ferripetiitex'Anglia_libros
1292 4545 1600 4622 quosdam,
1621 4562 1768 4618 quos
1788 4548 1859 4602 ab
1879 4549 2087 4607 abbate

435 4616 692 4689 quodam
741 4616 1092 4690 Eboracensi
1143 4617 1344 4689 Lupus
1394 4616 1687 4687 poscebat,
1722 4621 1788 4672 ut
1834 4624 1992 4690 patet
2021 4639 2089 4678 ex

431 4690 680 4762 epistola
704 4692 792 4762 Q2.
828 4689 1080 4762 Stapulze
1112 4706 1283 4761 porro
1314 4692 1477 4744 vetus
1517 4703 1728 4762 nomen
1761 4689 2075 4749 servavere.

484 4758 612 4813 odie
642 4760 797 4813 enim
831 4758 967 4816 huic
998 4758 1131 4816 loco
1151 4777 1363 4815 nomen
1394 4764 1483 4815 est
1512 4758 1782 4830 Etaples.

502 4832 575 4900 (ὁ)
612 4831 696 4884 Ad
727 4831 1097 4916 Leolal-dmn.
1123 4832 1533 4913 Presbyterum
1566 4830 1832 4916 fortassis
1865 4832 2078 4916 Lingo-

428 4915 691 4975 nensem,
727 4902 783 4954 in
815 4902 1366 4975 castroDivionen’si
1390 4907 1880 4975 commorantem:
1908 4902 2078 4975 cujus

428 4971 646 5026 mentio
668 4971 941 5047 exstatin
964 4972 1325 5047 Cl1_ronico_S.
1352 4974 1593 5047 Benigni
1614 4971 2077 5047 Divionensis'ad

424 5056 646 5116 annum
671 5043 794 5116 8,1,1,
822 5043 913 5098 his
942 5042 1166 5099 verbis:
1193 5069 1217 5093 ‹‹
1236 5045 1316 5116 _In
1349 5042 1555 5100 diebus
1581 5045 1709 5116 ejus
1738 5045 1899 5100 dedit
1932 5047 2069 5102 Leo-

420 5112 619 5189 taldus
634 5115 1111 5189 p_resbyter.unus
1124 5114 1523 5189 cxplerlcishic
1536 5112 2068 5189 commanentibus,

420 5185 482 5241 in
514 5185 628 5239 isto
662 5184 865 5256 burgo,
890 5187 945 5239 et
965 5184 1025 5239 in
1048 5185 1160 5256 fine
1183 5186 1574 5251 Tremolense,
1600 5192 1821 5256 partem
1843 5184 2066 5244 heredi;

424 5205 482 5241 ιη
515 5205 628 5239 ΙΒΕΟ
662 5205 865 5256 Dlll‘gO,
890 5205 945 5239 ΘΕ
965 5205 1025 5239 1n
1048 5205 1160 5239 [106
1195 5205 1574 5251 Iremalense,
1600 5205 1821 5311 partem
1843 5205 2066 5244 uerem-

424 5256 567 5315 tatis
598 5272 738 5330 suae.
772 5277 801 5305 ››
836 5256 977 5310 Item
1006 5255 1178 5330 paulo
1207 5273 1387 5330 supra
1410 5273 1483 5330 :_«
1519 5259 1600 5330 Ba
1623 5259 1695 5313 «lo
1722 5260 2070 5330 praepositus

425 5334 483 5387 et
513 5327 703 5383 caeteri
752 5342 887 5382 cum
917 5342 994 5403 eo
1008 5325 1219 5381 iclerici
1251 5325 2068 5403 cmeeotaldopresbytero

423 5400 1230 5472 commutaveruntuterram.
1270 5398 1436 5472 Dedit
1460 5398 1786 5472 ‘Lcotaldtis
1817 5398 2069 5472 peciolas

423 5474 569 5528 duas
599 5473 670 5528 de
718 5476 892 5527 terra.
926 5468 1051 5525 Una
1082 5472 1171 5524 est
1208 5469 1377 5539 juxta
1406 5469 1607 5524 Divion
1638 5468 1920 5535 castrum,
1953 5474 2069 5529 alia

421 5542 482 5615 in
528 5543 655 5615 loco
703 5542 804 5615 qui
848 5540 1062 5615 dicitur
1119 5540 1440 5615 Petralicta.
1483 5541 1731 5615 _Frat_rcs
1783 5543 2070 5615 dederunt

422 5613 694 5687 Leotaldo
718 5610 1078 5687 ‘presbytero
1120 5615 1336 5687 terram
1368 5611 1430 5687 in
1474 5610 1589 5687 ﬁne
1620 5612 2063 5687 Tremolcnsi.»

419 5683 489 5747 Et
536 5682 762 5745 forteali
806 5682 996 5746 eidém
1045 5682 1317 5744 Leotaldo
1366 5682 1651 5761 inscripta
1700 5689 1790 5741 est
1818 5685 2069 5761 epistola

878 4331 1040 4388 ortus
1071 4331 1454 4406 Quentawici,
1487 4332 1559 4387 ob
1593 4333 2089 4406 propinquitatem

2223 1902 2360 1957 dam
2393 1904 2739 1977 propinquis
2768 1907 2977 1963 vestris
3002 1908 3059 1963 id
3093 1926 3437 1982 magnopere
3457 1908 3776 1984 ﬂagitantibus

2221 1989 2411 2047 velitis
2439 2008 2574 2048 eum
2607 1994 2838 2051 mittere
2869 1998 3293 2068 respondeatis.
3327 1999 3383 2055 Si
3414 2003 3587 2054 autem
3614 2014 3695 2071 per
3710 2014 3777 2052 vos

2223 2078 2388 2135 illum
2420 2081 2680 2153 accipere
2710 2084 3120 2149 meruerimus,
3156 2087 3371 2159 optime
3388 2086 3780 2152 tractabimus,et

2222 2171 2482 2241 tempore
2511 2176 2839 2243 opportuno
2865 2175 3255 2231 remittemus.
3281 2180 3460 2247 Super
3486 2179 3651 2231 vestra
3673 2174 3781 2229 inco-

2222 2255 2489 2314 lumitate
2529 2260 2815 2333 nobisque
2867 2263 3209 2336 gratissima
3258 2264 3611 2337 prosperitate
3635 2261 3784 2317 litteris

2222 2364 2328 2402 nos
2350 2349 2623 2405 certiores
2648 2350 2833 2406 facere
2853 2352 3204 2425 dignemini,
3228 2358 3286 2409 et
3309 2371 3379 2410 ne
3400 2353 3579 2425 aliqua
3602 2370 3657 2409 ex
3674 2356 3787 2423 parte

2221 2435 2291 2490 ad
2324 2454 2426 2493 vos
2458 2438 2673 2494 frustra
2704 2439 3042 2497 miserimus
3073 2442 3294 2514 pariter
3322 2446 3619 2516 procurate.

2766 2590 3113 2647 EPISTOLA
3154 2593 3325 2649 XVII.

2792 2679 2865 2753 (Γ)
2891 2697 2965 2735 AD
3002 2698 3299 2741 JUNE’I‘UM.

2287 2791 2634 2864 Quanquam
2654 2798 2819 2850 vasta
2838 2799 3128 2853 terrarum
3152 2797 3480 2873 amplitudo
3498 2797 3708 2854 diversis
3722 2810 3795 2850 nos

2215 2885 2481 2937 secernat
2508 2880 2672 2950 locis,
2696 2886 2915 2952 tamen,
2939 2886 3080 2957 quia
3108 2887 3372 2945 charitas
3392 2887 3547 2945 illius
3565 2886 3653 2960 qui
3669 2882 3801 2959 perﬁ-

2215 2970 2349 3026 dem
2383 2970 2519 3027 facit
2549 2971 2858 3029 unanimes
2888 2973 3158 3033 habitare
3190 2976 3252 3032 in
3287 2978 3461 3035 domo
3479 2974 3711 3033 Ecclesiae
3726 2987 3800 3026 nos

2217 3058 2489 3115 concordi
2509 3060 2693 3116 sociat
2712 3061 3011 3135 religione,
3025 3081 3157 3136 aequ
3166 3083 3268 3121 um
3281 3071 3372 3123 est
3383 3071 3450 3123 ut
3460 3063 3802 3140 quas,dictante

2135 3127 2177 3194 C
2216 3148 2493 3217 utilitate,
2513 3148 2773 3206 vicissim
2794 3151 2958 3207 vobis
2980 3154 3307 3212 scribimus
3329 3172 3598 3229 germana
3610 3165 3805 3208 reveren-

2211 3237 2293 3292 tia
2335 3237 2814 3310 complectamur.
2849 3239 3050 3312 Itaque
3077 3242 3265 3300 frater
3292 3248 3481 3301 vester
3510 3245 3629 3316 post
3651 3240 3804 3310 longos

2211 3322 2433 3383 errores
2464 3327 2536 3382 ad
2590 3343 2697 3384 nos
2745 3328 2996 3398 devenit,
3048 3329 3378 3406 delictique
3409 3334 3499 3391 sui
3532 3330 3805 3406 qualitatem

2208 3414 2562 3487 simpliciter
2589 3417 2887 3489 exposuit;
2921 3435 3100 3490 quam
3134 3419 3361 3479 litteris
3383 3416 3807 3496 comprehendere

2208 3502 2884 3585 otiosumjudicavimus,
2900 3509 3138 3578 quando
3162 3514 3223 3566 et
3237 3512 3418 3568 rebus
3434 3517 3490 3568 et
3510 3510 3678 3566 verbis
3695 3507 3809 3562 illius

2207 3592 2355 3647 scire
2385 3592 2712 3650 volentibus
2736 3595 2956 3668 absque
2978 3597 3341 3658 difficultate
3361 3599 3659 3658 constabit.
3676 3595 3808 3667 Cujus

2206 3680 2579 3738 condolentes
2602 3682 2941 3753 calamitati,
2965 3689 3021 3741 et
3044 3689 3538 3761 congratulantes
3559 3684 3813 3745 conversio-

2205 3768 2286 3837 ni,
2322 3770 2616 3826 sanctitati
2663 3776 2869 3830 vestrze
2917 3773 3024 3831 has
3056 3779 3380 3836 tenuitatis
3413 3782 3614 3836 nostrae
3642 3776 3807 3831 litteras

2204 3929 2380 3997 moue
2428 3913 2594 3986 Lupi,
2649 3916 2819 3986 cujus
2971 3922 3059 3974 est
3087 3920 3320 3997 titulus
3350 3924 3423 3997 in
3454 3915 3807 3997 veteripOdiOQ:

2201 3984 2285 4039 AD
2318 3984 2488 4043 Lso'r.
2518 3984 2641 4058 pro
2689 3984 2804 4058 quo
2853 3988 3169 4048 Massonus
3223 3995 3443 4065 edidit,
3491 3995 3573 4050 Ad
3620 3985 3814 4047 [soteri-

2201 4071 2352 4111 cum.

2274 4146 2348 4212 (e)
2372 4147 2434 4199 In
2445 4143 2839 4224 Serviqlegfs.
2862 4147 2927 4202 Ni
2928 4147 3157 4224 mirum
3175 4152 3240 4208 in
3263 4143 3819 4224 commentariisadli;

2200 4214 2340 4297 bro‘s
2373 4232 2428 4270 1x
2459 4219 2518 4297 et
2600 4214 2892 4297 IEne—idos:
2928 4218 3282 4297 Describam
3322 4230 3527 4282 autem
3556 4224 3673 4297 ipsa

2202 4286 2378 4341 verba
2407 4303 2475 4341 ex
2506 4286 2653 4341 libro
2683 4305 2738 4353 x,
2775 4292 2837 4342 ut
2868 4288 3160 4353 intelligat
3193 4294 3394 4353 lector
3439 4286 3595 4353 quid.
3624 4286 3821 4350 innuerit

2210 4315 2378 4341 vcruu
2407 4315 2475 4341 cx
2506 4315 2653 4341 nuru
2685 4315 2738 4353 λ,
2777 4315 2837 4342 un.
2871 4315 3049 4345 lutclu
3073 4315 3160 4347 fat.
3193 4315 3394 4353 lector
3481 4315 3578 4352 una
3624 4315 3821 4350 mnuum

2204 4356 2441 4429 Lupus:
2479 4380 2506 4406 ‹‹
2531 4357 2677 4412 Nam
2710 4358 2756 4413 si
2792 4362 3026 4429 quando
3057 4315 3349 4423 homines
3381 4315 3475 4424 vei
3510 4356 3825 4424 animalium

2202 4427 2400 4507 aliqua
2428 4433 2598 4507 gente
2624 4434 2793 4507 rapta
2811 4427 3019 4507 essent
3045 4436 3277 4506 populo
3318 4440 3606 4507 Romano,
3638 4430 3827 4507 curule-

2120 4496 2167 4561 D
2200 4496 2471 4578 cial‘ibus',
2496 4500 2552 4554 id
2573 4505 2682 4578 est,
2696 4496 3104 4578 sacerdotibus
3123 4496 3234 4578 qui
3260 4511 3558 4567 faciendis
3576 4496 3828 4578 foederibﬁs‘

2200 4574 2483 4642 praesunt,
2536 4572 3017 4642 proﬁciscebatur
3060 4572 3253 4634 etiam
3290 4588 3466 4642 pater
3496 4574 3831 4642 patratus;et

2200 4588 2483 4642 praesunt,
2536 4588 3017 4642 prouclscenatur
3060 4588 3253 4634 etiam
3289 4588 3466 4653 pater
3496 4588 3831 4665 patratus;ei

2198 4646 2331 4725 ante
2364 4642 2509 4725 fines
2540 4647 2705 4698 stans
2735 4643 2892 4725 clara
2919 4662 3061 4725 voce
3081 4647 3337 4725 dicebat
3366 4654 3510 4709 belli
3543 4646 3833 4725 causamzpl

2193 4712 2529 4791 nolentibus
2562 4729 2654 4791 res
2680 4719 2882 4791 raptas
2902 4718 3220 4776 restituere
3246 4723 3344 4779 vel
3370 4730 3638 4780 auctores
3658 4713 3834 4791 injuria3

2189 4784 2438 4865 tradere,
2466 4784 2725 4868 jaciebat
2748 4784 2991 4868 hastam
3020 4805 3149 4868 quae
3188 4810 3294 4868 res
3326 4801 3462 4852 erat
3495 4784 3840 4868 pugna'prin-

2188 4854 2297 4926 cipi
2310 4872 2407 4910 um
2436 4854 2539 4923 ;’et
2570 4856 2656 4911 sic
2685 4856 2897 4913 licebat
2928 4854 3088 4915 more
3122 4862 3279 4919 belli
3320 4884 3421 4924 res
3456 4854 3676 4940 rapere.
3700 4884 3722 4910 »

2257 4939 3841 5029 ςίί)ίὲιῆρν-ξιηανιιρξοίὲυιῑυεραῑηεθάῑξρρίεέορμεωςείὲ

2185 5012 2408 5069 indicat
2439 5014 2650 5087 titulus
2672 5012 2952 5087 epistolis",
2980 5020 3282 5080 nimirum
3309 5012 3701 5084 Turonensis.
3721 5012 3840 5087 Alibi

2182 5088 2422 5163 vocatu_r
2452 5085 2787 5163 Ursmarus,
2825 5085 2980 5163 utin
3014 5091 3321 5163 Capitulis
3368 5098 3571 5154 Karoli
3616 5090 3773 5156 Calvi,
3801 5086 3842 5139 εί

2182 5154 2339 5211 alibi.
2374 5157 2485 5213 Sed
2517 5158 2834 5214 discrimen
2864 5160 3007 5217 illud
3036 5154 3274 5223 nullius
3310 5173 3410 5225 est
3444 5165 3740 5226 momenti.

2251 5244 2325 5317 (e)
2358 5249 2658 5329 (armario.
2688 5247 3065 5329 Bibliotheca.
3084 5252 3217 5329 Ista
3229 5257 3569 5329 explicatio
3589 5260 3674 5313 est
3692 5246 3850 5329 certis

2179 5314 2350 5413 sima.
2387 5318 2829 5413 Et'quanquam
2863 5321 3038 5413 facile.
3062 5323 3138 5379 sit
3165 5314 3654 5413 [illampro’bare
3683 5316 3851 5413 multis

2177 5388 2554 5471 testimoniis,
2579 5388 2847 5471 abstineo
2868 5393 3075 5450 abillis
3095 5388 3477 5471 referendis.
3506 5403 3591 5458 Ob
3609 5404 3855 5471 eamgft?‘

2176 5474 2303 5528 sam
2352 5464 2549 5515 custos
2587 5460 2959 5519 bibliothecae
3000 5466 3347 5526 vocabatur
3382 5471 3712 5528 Armarius.
3740 5459 3854 5517 Vidi3

2174 5527 2526 5600 glossarium
2560 5531 2834 5589 Latinum
2876 5533 3099 5609 Cangii.

2244 5616 2323 5691 (Ι)
2334 5616 2566 5691 Titulus
2580 5618 2672 5691 hic
2692 5621 2927 5679 additus
2943 5629 3030 5679 est
3046 5642 3112 5681 ex
3126 5627 3418 5687 editione
3437 5622 3848 5690 Massoni.Nam

2171 5689 2341 5747 vetus
2368 5689 2547 5749 codex
2577 5690 2723 5749 nihil
2754 5692 2848 5751 hic
2877 5695 3165 5772 scriptum
3196 5698 3456 5764 habuit.
