3938 6160
138 435 234 498 466

137 673 315 714 cessus
347 655 507 711 illius
538 656 858 712 vindictam
904 661 1111 712 nostra:
1144 656 1534 729 deprecationi
1567 655 1766 712 remit-

139 752 238 803 tere
275 763 388 800 non
440 745 859 817 dedignemini.
911 745 1210 816 Siquidem
1259 745 1600 801 temeritatis
1647 763 1765 801 sua:

137 836 260 891 adeo
289 834 535 905 dignum
562 834 734 888 refert
756 833 1031 906 pretium,
1056 838 1119 888 ut
1139 833 1188 888 si
1211 833 1310 906 qui
1333 835 1479 890 forte
1500 835 1618 889 sint
1639 835 1766 904 ejus

136 923 357 989 inimici,
391 926 588 991 tanta),
637 925 757 976 tam
807 921 1082 990 molestae,
1119 926 1235 977 tam
1279 923 1531 994 denique
1582 923 1768 978 infru-

137 1019 329 1070 ctuosae
351 1010 838 1084 peregrinationis
858 1011 1015 1066 illius
1029 1011 1349 1067 exsaturari
1369 1011 1597 1083 possint
1613 1013 1767 1083 inju-

137 1102 223 1158 ria.
272 1100 642 1157 Perditorum
698 1101 793 1156 37
830 1100 987 1155 enim
1032 1100 1339 1155 hominum
1389 1101 1767 1172 acquiescens

137 1188 597 1248 circumventioni
625 1204 770 1261 pene
793 1206 978 1260 usque
1001 1190 1071 1244 ad
1095 1189 1336 1244 ultimas
1357 1189 1551 1245 Gallia:
1575 1195 1769 1262 partes

137 1281 406 1344 abductus
438 1282 566 1345 est;
614 1277 889 1350 omnique
921 1295 1027 1350 ope
1059 1279 1332 1345 nudatus,
1382 1278 1516 1334 inde
1565 1279 1635 1333 ad
1669 1296 1768 1334 vos

138 1385 330 1441 magno
356 1384 493 1423 cum
512 1367 743 1436 rubore,
777 1371 844 1422 ut
868 1366 1098 1436 videtis,
1133 1368 1457 1422 revertitur.
1491 1368 1771 1434 Quocirca

138 1463 305 1513 vestra
355 1455 672 1511 clementia
720 1455 940 1511 nostris
971 1457 1118 1510 flexa
1149 1455 1420 1528 precibus
1449 1461 1506 1512 et
1535 1457 1768 1529 culpam

140 1547 432 1620 dignanter
475 1545 796 1617 indulgeat,
829 1549 886 1600 et
915 1544 1148 1616 pietatis
1193 1543 1481 1616 gremium
1514 1545 1564 1601 ei
1597 1545 1769 1602 citius

136 1634 423 1709 pcenitenti
455 1634 698 1707 aperiat.

654 1803 1000 1860 EPISTOLA
1039 1802 1229 1858 XVIII.

1609 428 2036 492 EPISTOLJE.

139 566 496 626 destinandas
527 565 911 634 decrevimus,
936 565 1150 639 quibus
1174 564 1558 639 imploramus
1579 569 1644 622 ut
1673 582 1763 621 ex-
1789 564 1848 632 Α

2441 563 2788 622 EPISTOLA
2807 565 2950 624 ΧΙΧ.

2207 655 2280 724 (e)
2318 671 2391 710 AD
2431 671 2803 711 HERIBOLDUM
2841 673 3185 714 EPISCOPUM.

1947 765 2442 824 Excellentissimo
2475 769 2710 841 praesuli
2740 770 3079 828 Heriboldos
3112 773 3333 846 Lupus.

1947 856 2194 922 Quidam
2207 860 2462 913 vestrum
2477 858 3169 924 monachus,cuiJoannis
3182 880 3396 921 nomen
3411 870 3520 934 est,

1875 946 2182 1001 nobiscum
2213 947 2272 1000 in
2323 947 2675 1004 monasterio
2725 953 2923 1005 nostro
2970 957 3254 1021 versatur,
3289 961 3527 1028 propter

1876 1036 2193 1107 quamdam
2225 1035 2629 1092 necessitatem
2659 1054 2693 1092 a
2723 1039 2974 1108 quodam
3008 1040 3185 1096 fratre
3214 1047 3415 1100 nostro
3436 1063 3526 1102 ve-

1876 1128 2062 1190 catus,
2096 1141 2130 1178 a
2159 1139 2252 1178 me
2301 1127 2497 1179 autem
2536 1129 2736 1196 postea
2767 1131 3046 1194 retentus,
3079 1131 3236 1200 quod
3266 1137 3322 1187 et
3353 1134 3524 1191 nobis

1876 1212 2132 1284 prodest,
2157 1216 2216 1267 et
2245 1212 2303 1266 in
2327 1213 2587 1269 ccenobio
2617 1217 2766 1286 ejus,
2790 1219 2854 1270 ut
2875 1218 3228 1288 audivimus,
3262 1221 3525 1295 indigen-

1876 1301 1959 1356 tia
1989 1299 2307 1357 laboratur.
2360 1304 2482 1368 Quo
2513 1305 2854 1377 congregari
2890 1307 3150 1379 undique
3181 1309 3389 1367 fratres
3422 1329 3524 1368 vos

1877 1390 2220 1462 praecepisse
2241 1391 2622 1462 comperiens,
2643 1392 2975 1450 celsitudini
2994 1401 3197 1452 vestra
3219 1399 3324 1455 hos
3343 1400 3526 1456 direxi

1880 1479 2092 1550 apices,
2118 1478 2425 1551 postulans
2450 1485 2516 1535 ut
2541 1480 2775 1538 ethunc
2800 1483 2944 1537 mihi
2967 1483 3306 1556 aliquandiu
3328 1504 3529 1546 conce-

1879 1566 2051 1633 datis,
2085 1572 2142 1622 et
2185 1571 2472 1639 quantum
2523 1571 2707 1625 audeo
2739 1571 3082 1644 suppliciter
3109 1573 3434 1647 implorans
3463 1581 3530 1634 ut

1880 1656 2204 1712 secundum
2237 1657 2557 1729 ingenitam
2577 1658 2740 1714 vobis
2761 1659 3180 1734 benignitatem
3211 1669 3269 1720 et
3289 1665 3528 1738 imposi-

1880 1748 2000 1800 tam
2032 1745 2207 1800 officii
2237 1745 2598 1819 diligentiam
2619 1748 2744 1804 loco
2776 1748 2860 1804 illi
2894 1752 3252 1821 consulatis;
3285 1772 3357 1810 ne
3388 1755 3533 1812 forte
3582 1781 3590 1788 -

1883 1835 2129 1889 fratrum
2162 1835 2406 1907 penuria
2433 1853 2548 1892 non
2600 1837 2793 1894 solum
2826 1840 2981 1895 bona
3017 1845 3212 1898 vestra
3239 1845 3530 1912 obscuret,

136 1937 870 1986 QUIBUSDAMFRATRIBUSEX
882 1919 1769 1992 MONASTERIO((I)SANC’I‘IAMANDI.
1804 1936 1851 2000 Β
1880 1940 2081 1979 verum
2113 1924 2289 1979 etiam
2313 1925 2412 1980 Dei
2436 1926 2642 1998 nostri,
2667 1928 2739 1982 ad
2763 1929 2932 2000 cujus
2963 1931 3225 2001 quotidie
3238 1933 3532 2004 judicium

193 2082 574 2139 Charissimis
605 2081 886 2138 fratribus
917 2082 1117 2154 Lupus
1149 2081 1206 2136 in
1230 2081 1476 2136 Domino
1504 2081 1774 2138 salutem.

191 2173 262 2246 (b)
285 2172 505 2227 Curam
523 2170 698 2226 vestri
720 2188 825 2226 nec
845 2187 936 2226 me
960 2170 1170 2242 cupide
1188 2170 1481 2242 appetisse
1504 2188 1606 2226 nec
1626 2171 1780 2227 inso-

133 2261 303 2317 lenter
351 2259 652 2332 excepisse
699 2259 946 2326 vidistis,
988 2260 1142 2331 quod
1191 2261 1536 2331 parvitatem
1585 2275 1776 2317 meam

133 2350 335 2422 duplici
383 2365 562 2405 onere
609 2349 859 2422 gravari,
909 2366 1025 2404 non
1071 2348 1328 2420 provehi,
1363 2348 1529 2404 facile
1560 2349 1777 2406 sentie-

133 2441 249 2495 bam
276 2457 290 2507 ;
324 2442 385 2494 et
415 2454 573 2493 nunc
592 2439 859 2493 eamdem
886 2454 1085 2493 curam
1105 2437 1162 2491 in
1189 2441 1461 2508 promptu
1484 2441 1570 2493 est
1594 2439 1776 2510 conji-

132 2545 242 2585 cere
273 2544 372 2583 me
401 2526 655 2582 libenter
684 2527 989 2599 deponere,
1023 2543 1128 2581 nec
1163 2525 1336 2581 alicui
1387 2543 1514 2581 eam
1553 2526 1776 2599 gerenti

132 2615 494 2689 aliquatenus
528 2614 818 2683 invidere;
846 2615 1134 2686 siquidem
1163 2617 1220 2668 et
1244 2613 1369 2668 sine
1390 2613 1586 2670 dolore
1609 2615 1778 2670 amit-

129 2709 324 2761 tuntur
355 2722 483 2777 quze
507 2704 731 2776 absque
755 2702 1156 2758 delectationis
1178 2701 1450 2757 illecebra
1473 2704 1778 2774 possiden-

130 2798 241 2862 tur;
277 2795 536 2864 etjuxta
565 2797 627 2846 B.
662 2792 1004 2864 Apostolum
1037 2791 1221 2863 (Phil.
1248 2791 1310 2862 ι),
1335 2791 1454 2847 sive
1476 2808 1543 2847 ex
1563 2793 1779 2848 verita-

129 2888 194 2952 te,
241 2884 368 2939 sive
416 2899 486 2937 ex
534 2881 858 2949 occasione,
901 2881 1168 2936 Christus
1198 2881 1601 2949 annuntietur,
1634 2885 1690 2937 et
1718 2881 1778 2937 in

129 2971 224 3028 hoc
253 2972 489 3044 gaudeo
520 2976 578 3026 et
615 2971 900 3042 gaudebo.
935 2970 1180 3025 Proinde
1210 2969 1442 3024 videtur
1471 2969 1616 3024 mihi
1645 2970 1779 3026 obe-

129 3061 400 3116 diendum
430 3059 599 3114 vobis
632 3076 759 3115 esse
790 3058 882 3114 cui
917 3057 1270 3130 praecipitur,
1305 3062 1362 3113 et
1393 3059 1464 3113 ad
1512 3058 1778 3130 generale

129 3148 402 3220 placitum
417 3148 839 3203 occurrendum
850 3189 865 3212 ,
881 3147 1033 3218 quod
1053 3146 1107 3201 in
1128 3146 1344 3218 praedio
1358 3147 1613 3217 quodam
1626 3147 1780 3202 Pari-

130 3238 367 3308 siorum,
383 3235 852 3308 eui(c)Bonogilo
875 3253 1086 3291 nomen
1100 3240 1208 3301 est,
1237 3234 1474 3307 incipiet
1499 3234 1621 3290 Kal.
1638 3235 1776 3291 Julii

127 3326 420 3382 celebrari.
436 3326 523 3395 (ά)
538 3325 725 3380 Sacris
747 3325 903 3380 enim
924 3325 1075 3397 regis
1098 3323 1302 3391 obniti,
1326 3324 1647 3395 praesertim
1668 3324 1777 3380 hoc

129 3418 408 3487 tempore,
461 3413 852 3486 periculosum
885 3413 1173 3469 existimo.
1227 3411 1614 3484 Exiguitatem
1644 3429 1776 3468 vero

131 3517 336 3568 meam,
375 3500 425 3555 si
457 3500 574 3555 vita
603 3517 798 3556 comes
849 3500 1039 3566 fuerit,
1075 3501 1294 3571 absque
1345 3497 1686 3554 difﬁcultate
1717 3501 1776 3555 in

130 3593 411 3646 conventu
429 3588 748 3660 reperietis.
765 3590 925 3655 Quod
941 3589 988 3644 si
1012 3589 1240 3645 tardius
1257 3604 1433 3660 quam
1447 3587 1777 3645 voluissetis

121 3682 435 3750 praesentes
484 3677 649 3733 vobis
705 3677 940 3733 redditae
995 3677 1210 3732 fuerint
1244 3676 1465 3742 litterze,
1501 3677 1776 3733 noveritis

122 3773 302 3823 vestra
337 3785 394 3822 Ix
427 3766 554 3822 Kal.
587 3766 703 3822 Jul.
735 3767 879 3821 mihi
912 3767 1092 3822 fuisse
1135 3765 1359 3832 allatas,
1395 3769 1452 3820 et
1482 3782 1642 3822 meas
1674 3766 1775 3823 38

120 3856 392 3927 postridie
441 3857 570 3928 ejus
602 3856 716 3911 diei
762 3856 1028 3911 traditas.
1062 3856 1171 3911 Mei
1206 3855 1456 3927 benigne
1487 3871 1776 3912 memores

120 3946 276 4018 cupio
311 3962 416 4001 vos
448 3944 642 4001 valere
676 3944 937 4000 feliciter.

181 4090 263 4155 (α)
291 4088 508 4143 Sancti
527 4088 800 4143 Amandi.
826 4085 1191 4153 Elnonensis,
1215 4085 1275 4140 in
1297 4084 1532 4141 dimcesi
1559 4086 1772 4141 Torna-

122 4173 289 4214 ΟΘΠΒΙ.

187 4232 262 4308 (ὁ)
279 4233 498 4308 Cum)?!
519 4230 714 4308 vestri.
734 4228 1033 4284 Assentior
1052 4229 1275 4308 D_onato
1294 4226 1570 4308 Candide,
1589 4225 1687 4298 qui
1707 4242 1774 4308 ea;

125 4298 220 4372 hoc
244 4301 371 4356 loco
389 4299 624 4372 collegit
642 4317 840 4372 curam
871 4297 1502 4372 monachorumnsancti
1524 4297 1773 4351 Amandi

127 4369 276 4442 Lupo
291 4369 649 4443 quandoque
666 4371 846 4426 fuisse
863 4370 1268 4443 commissam.
1282 4370 1349 4423 Et
1369 4372 1527 4440 patet
1544 4373 1771 4443 Lupum

125 4439 239 4496 tum
273 4439 456 4522 fuisse
516 4439 787 4522 abbatem
839 4441 991 4496 alius
1042 4439 1385 4522 cuiuspiam
1405 4439 1770 4522 monasterii,

127 4529 326 4585 nempe
343 4513 750 4581 Ferrariensis,
777 4530 909 4568 cum
925 4513 1343 4585 monasterium
1362 4513 1547 4566 sancti
1566 4513 1777 4564 Aman-

127 4581 178 4654 di
214 4581 325 4654 ipsi
375 4585 758 4640 commissum
791 4587 896 4639 est.
928 4584 1071 4638 Nam
1117 4601 1216 4654 per
1245 4599 1342 4637 cas
1393 4585 1770 4654 tempestates

128 4652 791 4746 {aqile‘principes-plura
811 4652 1486 4746 monasteriatribueban
1497 4652 1636 4746 t’upi
1654 4653 1772 4746 IAib-

125 4723 259 4779 bati.
277 4723 654 4797 Verum—quia
675 4731 731 4781 et
751 4726 1183 4797 Lupusduplici
1208 4741 1378 4797 onere
1401 4725 1769 4797 gravabatur,

127 4745 259 4779 nan.
289 4745 494 4780 verum
527 4776 534 4777 κ
559 4745 654 4781 uia
675 4745 731 4781 et
753 4745 1183 4797 Lupusuupuci
1208 4745 1378 4779 onere
1401 4745 1769 4795 gravabatur,

125 4800 176 4848 et
204 4797 478 4877 monachi
503 4745 586 4851 {Ili
609 4813 757 4879 {egre
780 4798 1040 4852 ferebant
1059 4814 1202 4879 eum
1217 4795 1327 4879 sibi
1352 4796 1476 4877 dari
1500 4795 1769 4879 abbatem

124 4868 220 4937 qui
255 4885 382 4924 raro
414 4866 782 4950 praesentiam
810 4885 992 4950 suam.
1013 4868 1378 4950 exhibiturus
1403 4866 1553 4948 ipsis
1596 4869 1767 4950 esset,

128 4937 545 5010 monasterium
597 4938 739 4993 illud
774 4939 868 4993 alii
904 4939 1153 5010 cuipiam
1201 4937 1585 5010 commissum
1619 4941 1707 4990 est
1740 4952 1774 4988 a

123 5009 403 5088 principe,
425 5010 590 5088 facile
607 5007 1353 5088 lubenterqueassentiente
1369 5009 1528 5088 Lupo
1540 5007 1772 5088 domum

268 5077 472 5159 datum
506 5082 566 5136 in
597 5081 778 5159 alium
809 5077 1126 5159 transferri.
1165 5081 1386 5159 Quippe
1416 5077 1777 5159 intelligebat

125 5151 269 5224 satis
298 5152 404 5207 sibi
436 5152 890 5224 occupationum
909 5153 1079 5224 domi
1109 5169 1257 5216 esse,
1277 5148 1348 5224 et
1376 5167 1510 5204 eum
1539 5148 1632 5204 vix
1663 5148 1775 5203 sibi

127 5222 394 5300 sufficere
414 5222 694 5305 posse—qui
713 5223 998 5305 vel‘unius
1011 5222 1350 5279 monasterii
1364 5236 1564 5276 curam
1583 5234 1778 5275 susce-

126 5293 748 5370 perit,_multo__mir_ius
778 5295 1050 5370 duorum.
1087 5364 1096 5370 _
1139 5363 1150 5370 _
1269 5363 1278 5370 _
1576 5361 1614 5370 ﬁ
1739 5358 1750 5370 _

195 5364 275 5431 (ς)
307 5364 613 5440 Βοηοςίέο.
645 5365 783 5440 Vico
815 5365 938 5440 agri
964 5363 1543 5440 _Parisiensis,__quem
1576 5361 1779 5440 Bonoi-

127 5431 490 5512 lum_vocant
519 5436 795 5512 Capitula
816 5431 1000 5512 Caroli
1043 5432 1218 5512 Calvi,
1251 5439 1306 5512 et
1334 5431 1689 5512 Hincmarus
1716 5431 1776 5510 i_n

127 5505 462 5581 praefatione
492 5502 832 5581 posterioris
855 5507 1222 5581 refutationis
1245 5502 1625 5581 Goteschalci.
1651 5502 1779 5581 Exi-

129 5576 334 5630 stimet
378 5576 590 5652 autem
625 5578 972 5652 Sirmondus
1025 5578 1402 5652 Hincmarum
1435 5576 1504 5629 de
1552 5589 1617 5652 eo
1653 5576 1778 5652 ipso

130 5653 419 5730 cpnyentu
438 5650 596 5730 apud
607 5649 1104 5730 Ponoilum‘lo‘qui
1119 5649 1286 5730 cuius
1307 5650 1449 5730 Acta
1469 5645 1697 5730 eastant
1717 5645 1778 5730 in

131 5717 351 5796 eisdem
381 5715 572 5796 Caroli
603 5720 756 5796 Calvi
785 5715 1086 5796 Capitulis,
1127 5715 1596 5796 Lupunrde'alio
1629 5729 1778 5784 quo-

132 5788 276 5844 dam
308 5793 620 5864 superiore.
652 5792 799 5848 Fieri
830 5788 1027 5848 tamen
1049 5788 1240 5864 potest
1271 5794 1334 5845 ut
1363 5788 1619 5842 indictus
1651 5801 1781 5838 eon-

1886 2029 2294 2084 properamus,
2345 2019 2613 2085 provocet
2660 2017 2963 2084 offensam,
2995 2024 3052 2074 et
3098 2019 3534 2078 irrevocabilem

1885 2101 2166 2157 acceleret
2193 2102 2532 2159 vindictam.
2567 2105 2680 2161 Res
2708 2105 2865 2161 enim
2897 2106 3298 2164 ecclesiasticae
3330 2115 3387 2166 et
3417 2111 3537 2166 ani-

1887 2206 2116 2246 marum
2148 2208 2288 2247 cura
2318 2197 2539 2264 quanta
2567 2194 2795 2249 cautela
2821 2197 3136 2252 tractandae
3163 2198 3282 2252 sint
3305 2214 3409 2255 nec
3432 2200 3534 2255 ad-

1887 2279 2111 2335 monita
2139 2285 2331 2335 vestra
2357 2281 2512 2337 videt
2564 2284 2891 2354 prudentia.
2926 2285 3172 2341 Proinde
3202 2291 3259 2342 et
3287 2288 3451 2345 vobis
3481 2293 3539 2345 et

1885 2367 2003 2424 illis
2035 2368 2314 2425 fratribus
2343 2369 2648 2438 consulite,
2679 2375 2745 2426 ut
2774 2376 2832 2428 et
2859 2374 2930 2428 de
2959 2379 3152 2429 vestra
3172 2375 3541 2449 indulgentia

1885 2459 1943 2511 et
1972 2457 2044 2511 de
2093 2455 2328 2512 illorum
2377 2458 2774 2516 sublevatione
2823 2462 3182 2533 gloriﬁcetur
3227 2464 3403 2532 Deus,
3438 2465 3540 2537 qui

1887 2543 2137 2618 singulis
2171 2546 2284 2601 cito
2321 2547 2604 2604 retribuet
2625 2550 2778 2621 quod
2813 2555 3129 2607 merentur.
3157 2552 3387 2621 Valeas,
3423 2555 3542 2611 Do-

1887 2633 2044 2689 mine
2065 2634 2430 2703 charissime,
2466 2636 2698 2710 meique
2725 2639 3011 2712 przecipue
3040 2640 3096 2695 in
3127 2641 3308 2697 sacris
3328 2643 3542 2700 oratio-

1889 2722 2064 2778 nibus
2095 2724 2437 2781 meminisse
2470 2726 2750 2799 digneris.

2399 2851 2500 2907 39
2531 2852 2874 2909 EPISTOLA
2912 2855 3024 2910 XX.

2455 2957 2528 2994 AD
2551 2940 2629 3011 (f)
2658 2959 2976 2999 ALTUINUM.

1959 3050 2805 3111 CharissimofratriAltuinoLu
2814 3074 2923 3129 pus
2936 3057 3254 3131 plurimam
3267 3059 3542 3118 salutem.

1960 3140 2190 3196 Littera:
2221 3141 2548 3198 sanctitatis
2577 3147 2687 3199 tum
2713 3163 2775 3200 ιιι
2808 3146 2933 3202 Kal.
2968 3147 3103 3204 Maii
3135 3148 3281 3204 mihi
3306 3150 3544 3207 redditae

1891 3235 2057 3286 sunt:
2093 3247 2345 3301 quarum
2367 3232 2659 3288 sententia
2689 3250 2938 3304 pronum
2962 3236 3020 3291 in
3044 3253 3136 3292 me
3161 3242 3329 3293 tuum
3353 3238 3542 3296 decla-

1807 3301 1850 3368 C
1889 3320 2035 3376 ravit
2063 3319 2355 3390 affectum,
2378 3301 2835 3394 haudquaquam
2868 3342 3007 3381 sane
3031 3326 3200 3382 aliter
3215 3344 3391 3399 quam
3407 3344 3532 3401 per-

1887 3424 2150 3479 ceperam
2184 3407 2380 3462 animo
2411 3425 2475 3464 ac
2505 3409 2842 3467 firmissime
2890 3413 3232 3470 retinebam.
3267 3415 3533 3487 Namque

1886 3513 2018 3552 cum
2070 3499 2189 3551 tam
2239 3496 2618 3563 concorditer,
2661 3504 2899 3571 tamque
2921 3502 3203 3573 jucunde,
3239 3520 3304 3559 ac
3335 3504 3532 3560 forsan

1885 3589 2008 3641 tam
2036 3585 2312 3656 proﬁcue,
2344 3585 2684 3657 aliquandiu
2704 3605 2942 3662 peregre
2963 3590 3297 3659 vixerimus,
3319 3591 3419 3664 qui
3438 3608 3536 3664 po-

1883 3677 2032 3730 terat
2065 3690 2229 3729 amor
2251 3679 2369 3729 tam
2393 3674 2564 3747 longe
2589 3694 2700 3732 usu
2725 3685 3030 3736 concretus
3046 3679 3421 3737 labefactari?
3442 3681 3534 3737 In-

1885 3762 2225 3817 firmitatem
2242 3779 2375 3818 vero
2401 3780 2473 3834 qu
2484 3781 2576 3819 am
2601 3765 2915 3839 contigisse
2930 3768 3074 3823 mihi
3093 3769 3309 3842 audisti
3333 3786 3540 3842 cogno-

1885 3868 2016 3907 scas
2041 3851 2391 3906 exuberante
2413 3853 2569 3908 circa
2591 3870 2704 3922 me,
2740 3861 2804 3910 ut
2835 3868 3066 3930 semper
3086 3857 3216 3912 etin
3239 3857 3536 3924 omnibus,

1884 3940 2082 3995 divina
2111 3938 2298 4012 gratia
2329 3941 2660 3997 detrimenti
2695 3943 2860 4011 nihil,
2884 3949 2942 4001 at
2963 3945 3342 4003 emolumenti
3364 3936 3542 4019 pluri-

1881 4084 2090 4136 ventus
2109 4081 2283 4158 fuerit
2304 4083 2376 4158 ad
2398 4083 2689 4158 Kalendas
2705 4085 2864 4158 Julii,
2889 4087 2990 4142 sed
3011 4091 3275 4158 Augusto
3297 4089 3538 4145 demum

1883 4168 2084 4206 mense
2128 4151 2722 4228 _celebratus_.__Multa
2752 4151 2907 4211 enim
2939 4151 3196 4228 persze'pe
3243 4158 3532 4227 insidunt,

1883 4222 2204 4298 praesertim
2229 4223 2286 4298 in
2305 4224 2603 4298 republica
2624 4222 3150 4298 perturbatissima’,
3175 4245 3302 4298 qua
3329 4222 3538 4284 tracta-

1881 4293 2098 4348 tionem
2123 4293 2387 4369 gravium
2399 4296 2589 4369 negoti
2595 4293 2766 4369 orum
2781 4297 2994 4352 differri
3011 4293 3375 4369 praecipiunt.
3393 4299 3536 4369 Con-

1881 4369 2088 4419 ventus
2109 4380 2279 4435 porro
2297 4364 2394 4420 ille
2416 4364 2568 4436 ap'ud
2593 4368 2894 4423 Bonoilum
2915 4364 3153 4424 habitus
3175 4364 3283 4435 est,
3307 4374 3373 4424 ut
3393 4368 3532 4435 dixi,

1882 4451 2084 4562 réiqnse
2133 4437 2418 4508 Augusto,
2471 4455 2624 4495 anno
2654 4456 2787 4496 vero
2814 4441 2940 4511 856,
3000 4445 3285 4511 praesente
3331 4440 3534 4497 Carolo

1925 4524 1959 4560 a
1983 4523 2050 4561 vo
2085 4523 2237 4562 reae.

1925 4523 2050 4561 αινο
2085 4523 2237 4562 ΓΘΗΘ.

1955 4523 2251 4656 filiisfilii-
2267 4579 2427 4651 regis
2451 4581 2738 4662 obnit‘zﬂd
2761 4585 2872 4662 est,
2894 4581 3174 4662 principis
3187 4581 3359 4662 jussa
3381 4598 3537 4662 sper-

1888 4665 2043 4716 nere,
2065 4667 2097 4720 q
2110 4648 2589 4724 uazipse'scriptis
2608 4652 2815 4724 litteris
2828 4648 3266 4724 signiﬁcaverit;
3289 4651 3348 4708 id
3372 4648 3536 4708 aitate

1889 4736 1998 4774 sua
2047 4720 2439 4791 periculosum
2471 4720 2598 4778 esse
2648 4720 3020 4778 existimabat
3047 4723 3267 4795 Lupus,
3302 4729 3539 4850 propter

1889 4791 2276 4850 suspicionem
2299 4793 2645 4848 secessionis
2666 4799 2722 4848 et
2743 4795 3022 4850 partium.
3047 4795 3192 4850 Nam
3219 4797 3298 4850 Ga
3326 4795 3406 4850 lia
3425 4796 3535 4850 mi-

1880 4791 2276 4865 suspicionem
2299 4793 2722 4865 secessioniset
2743 4795 3022 4865 partium.
3047 4791 3192 4850 Nam
3219 4791 3535 4852 GaIlia-mi-

1881 4863 2198 4937 serandum
2232 4864 2289 4917 in
2322 4865 2562 4937 modum
2587 4863 2772 4937 scissa
2800 4871 2941 4920 erat.
2968 4867 3164 4937 Itaque
3193 4869 3399 4923 suadet
3419 4885 3537 4924 mo-

1883 4931 2086 5011 nachis
2105 4933 2531 5011 Elnonensibus
2552 4938 2615 5011 ut
2632 4935 2706 5011 ad
2722 4931 3537 5011 conventum-Bonogilensem

1883 5003 2182 5070 accedant,
2206 5004 2673 5060 neinfortunium
2694 5005 2752 5061 in
2770 5023 2831 5062 se
2850 5013 3169 5063 accersant.
3189 5003 3536 5066 Timendum

1885 5090 2140 5146 namque
2168 5080 2292 5130 erat
2340 5093 2410 5130 ne
2441 5076 2804 5146 suspicacem
2838 5078 3024 5134 Caroli
3065 5080 3220 5135 Calvi
3271 5082 3536 5138 animum

1886 5145 2222 5231 percelleret
2410 5145 2689 5231 lfacin‘us,‘
2709 5148 2992 5231 si‘adesse
3019 5151 3397 5231 negligerent.

1889 5215 1902 5217 “
1958 5215 2025 5284 (e)
2045 5215 2120 5297 Αιζ
2139 5216 2543 5299 Πενὶὺοιᾴαηι.
2561 5215 3151 5302 ᾼηίἱεεξὶφάοινθιιεθιῆ,
3167 5215 3320 5307 quod
3341 5223 3535 5302 praefe-

1888 5285 2050 5340 rebat
2079 5287 2285 5360 titulus
2307 5289 2561 5360 epistolae
2586 5308 2642 5345 ιιι
2669 5292 2922 5349 edltione
2947 5294 3222 5351 Massonl.
3243 5296 3358 5350 Nos
3380 5293 3535 5348 sedis

1888 5359 2402 5433 nomenomissum
2421 5361 2710 5433 voluimus
2729 5364 2784 5417 in
2806 5363 2914 5419 hac
2929 5369 3152 5433 nostra,
3175 5366 3246 5420 ob
3271 5363 3533 5419 studium

1888 5427 2278 5506 antiquitatis,
2309 5437 2364 5506 et
2395 5432 2747 5506 quiadeerat
2779 5435 2838 5489 in
2864 5427 3281 5506 manuscripto.
3306 5433 3538 5506 Virfuit

1888 5499 2085 5579 magni
2105 5500 2359 5579 ηρροίιιὶεξ
2371 5499 2483 5579 per
2501 5503 3053 5579 illastempestates,
3081 5499 3250 5576 upote
3277 5502 3426 5579 sacri
3443 5521 3539 5579 pa-

1886 5568 2010 5694 latili
2041 5568 2559 5693 arc‘gcapell'anus.
2591 5576 2736 5632 Vide
2767 5568 2893 5647 quae
2926 5568 3277 5631 adnotamus
3308 5576 3379 5631 ad
3412 5568 3537 5648 epi-

1889 5657 1917 5694 s
1947 5657 1978 5694 o
2007 5656 2099 5693 am
2133 5677 2144 5692 ι
2210 5683 2220 5694 .

1889 5656 2099 5694 StOlam
2133 5656 2194 5693 ὀί
2210 5683 2220 5694 .

1959 5712 2031 5784 (Γ)
2075 5710 2409 5769 ,ιιίιιὶηιιιη.
2443 5717 2586 5772 Vide
2618 5721 2784 5773 notas
2814 5717 2886 5770 ad
2916 5714 3225 5785 epistolam
3257 5719 3344 5773 34.
