3938 6160
409 422 530 485 467

412 573 580 613 mum
597 553 912 612 addidisse.
937 553 1158 626 Quippe
1178 550 1323 608 nihil
1345 550 1698 607 incommodi
1725 554 1930 622 praeter
1952 550 2059 604 tor-
2087 552 2140 617 Α

413 646 697 702 midinem
721 644 904 701 solam
923 642 1075 699 tulit.
1092 642 1228 697 Orta
1247 641 1403 696 enim
1421 640 1503 711 (a)
1523 639 1582 694 in
1601 639 1801 694 dextro
1823 637 2062 710 inguine

413 733 654 808 pustula
683 733 1118 805 impendentem
1154 730 1346 785 solum
1396 729 1620 783 minata
1656 731 1745 782 est
1791 732 2058 782 mortem.

414 825 663 880 Tantam
697 826 888 877 autem
921 821 1248 876 orationum
1282 817 1505 890 peperit
1533 815 1782 888 copiam,
1807 832 2062 886 quacun-

417 929 528 985 que
558 928 754 966 meum
785 911 941 965 fama
971 925 1172 964 casum
1205 907 1608 978 dissipaverat,
1634 911 1699 960 ut
1721 903 1944 976 opinari
1966 921 2064 958 au-

415 1002 584 1057 deam
614 1017 748 1055 eum
779 998 971 1054 divino
1021 997 1165 1052 mihi
1206 996 1485 1052 beneﬁcio
1524 998 1920 1066 procuratum.
1956 994 2063 1048 Re-

415 1106 654 1164 gressus
687 1106 720 1145 a
750 1087 1218 1143 Transrhenanis
1254 1085 1539 1158 partibus,
1573 1083 1673 1138 ubi
1703 1087 1921 1138 statum
1953 1081 2063 1137 loci

415 1178 598 1235 nostri
631 1177 1005 1251 deprehendi,
1040 1191 1263 1230 morem
1295 1189 1493 1246 gerere
1523 1172 1702 1228 statui
1735 1171 1950 1243 quibus
1971 1172 2064 1226 de-

415 1267 626 1324 bebam
651 1291 666 1334 ;
699 1269 775 1332 et,
808 1266 1034 1320 favente
1060 1263 1160 1319 Dei
1182 1262 1511 1326 clementia,
1537 1261 1879 1315 firmissima
1907 1260 2066 1314 fruor

415 1355 627 1429 quiete,
655 1354 957 1426 otiumque
980 1369 1176 1407 meum
1209 1357 1296 1406 est
1327 1350 1466 1405 mihi
1493 1354 1827 1422 pergratum
1851 1349 2066 1404 condu-

415 1444 571 1501 eibili
603 1442 867 1498 lectionis
899 1440 1151 1513 negotio.
1185 1440 1359 1494 Vides
1392 1438 1572 1512 igitur
1603 1437 1794 1493 nullos
1826 1455 1919 1492 me
1948 1439 2064 1493 itus

413 1532 606 1590 moliri
632 1549 698 1587 ac
725 1531 969 1586 reditus.
1003 1528 1282 1593 Quocirca
1312 1529 1359 1583 si
1389 1529 1494 1583 tibi
1526 1526 1920 1582 necessarium
1952 1527 2064 1580 du-

415 1621 499 1678 cis
531 1636 728 1676 meum
746 1618 1126 1690 colloquium,
1153 1615 1416 1672 adultam
1439 1620 1700 1672 zestatem
1719 1619 1954 1686 propter
1973 1632 2068 1686 pa-

411 1709 539 1766 buli
569 1708 873 1780 penuriam
905 1705 1259 1780 przestoleris
1280 1709 1522 1778 oportet,
1552 1705 1785 1776 quando
1816 1721 1930 1758 non
1963 1703 2069 1758 im-

413 1797 683 1870 pediente
705 1813 845 1851 cura
857 1812 1144 1868 equorum
1165 1795 1350 1850 facere
1372 1793 1676 1849 nobiscum
1700 1792 1822 1848 dies
1845 1791 2067 1863 aliquot

412 1885 628 1942 valeas.
661 1885 900 1940 Interim
934 1902 1060 1956 qua:
1082 1900 1150 1939 ex
1181 1900 1273 1939 me
1296 1882 1576 1955 quaesisti,
1612 1883 1714 1938 40
1751 1899 1819 1937 ea
1848 1883 2062 1936 dunta-
2096 1918 2142 1982 Β

413 1978 514 2030 xat
542 1989 793 2045 quorum
824 1973 1020 2029 videor
1059 1971 1204 2028 mihi
1236 1972 1498 2044 attigisse
1547 1971 1836 2037 notitiam,
1890 1986 2067 2041 quam

414 2080 655 2136 possum
690 2062 939 2119 breviter
968 2062 1225 2118 absolvo.
1274 2063 1656 2117 Communem
1687 2059 1972 2132 syllabam
2001 2076 2070 2115 ex

413 2156 580 2208 muta
610 2155 668 2207 et
697 2150 922 2225 liquida
953 2150 1076 2206 ﬁeri
1109 2150 1167 2205 in
1199 2150 1284 2206 eis
1315 2149 1456 2206 solis
1505 2167 1632 2222 quae
1663 2165 1768 2220 per
1797 2153 2065 2204 naturam

413 2239 612 2296 brevia
642 2244 783 2295 sunt
815 2256 1189 2311 nequaquam
1223 2239 1629 2295 dubitaverim.
1666 2238 1880 2309 Primo,
1912 2237 2065 2309 quod

416 2334 628 2385 natura
657 2345 802 2402 pene
835 2346 1070 2401 semper
1098 2330 1206 2384 arti
1240 2328 1600 2400 prmjudicat.
1638 2328 1875 2392 Deinde,
1911 2327 2064 2397 quod

416 2423 480 2474 ut
497 2417 744 2474 sentiam
765 2418 1106 2488 hujusmodi
1129 2417 1375 2474 suadent
1392 2415 1916 2487 pronuntiationes.
1938 2422 2068 2471 Pec-

413 2512 584 2563 cator
627 2510 784 2562 creat
827 2523 896 2562 ex
945 2522 1006 2562 se
1067 2506 1350 2561 feminum
1403 2506 1746 2574 peccatrix;
1806 2511 2062 2576 amator,

412 2597 720 2662 amatrix;
763 2604 998 2650 venator
1043 2595 1338 2660 venatrix,
1389 2592 1692 2664 multaque
1736 2592 1970 2658 similia,
2002 2594 2063 2648 in

413 2684 629 2756 quibus
661 2683 989 2756 penultima
1019 2683 1242 2755 syllaba
1262 2680 1460 2737 nullus
1483 2699 1742 2753 unquam
1777 2682 2064 2738 dubitavit

411 2772 751 2846 ponendum
784 2778 1110 2828 accentum.
1147 2771 1293 2826 Nam
1324 2771 1372 2826 si
1410 2769 1758 2842 positionem
1791 2787 2062 2842 sequere-

412 2878 569 2930 mur,
601 2861 951 2917 femininum
974 2877 1158 2932 genus
1181 2863 1350 2915 acuta
1369 2858 1830 2932 antepenultima
1852 2859 2065 2930 profer-

413 2967 633 3006 remus.
667 2950 830 3016 Quod
863 2966 1040 3021 quam
1086 2949 1164 3003 sit
1193 2949 1539 3014 absurdum,
1574 2949 1690 3003 imo
1723 2948 2058 3015 barbarum,

413 3039 547 3111 quis
579 3055 695 3093 non
726 3037 1057 3109 intelligat?
1086 3038 1386 3093 Postremo
1442 3053 1801 3108 quaecunque
1850 3041 2060 3092 natura

412 3126 659 3198 produxi
692 3125 912 3180 nullius
943 3130 1121 3196 poeta:
1152 3125 1487 3180 testimonio
1519 3142 1769 3196 usquam
1799 3130 2063 3196 correpta

415 3213 661 3282 reperio,
697 3229 1038 3284 quanquam
1069 3213 1168 3266 diu
1202 3213 1278 3267 sit
1308 3213 1463 3283 quod
1495 3213 1553 3267 id
1583 3213 1889 3284 vigilanter
1908 3231 2060 3286 quae-

419 3300 637 3357 sierim.
672 3300 918 3356 Videtur
943 3316 1078 3372 ergo
1111 3299 1252 3354 mihi
1284 3305 1340 3354 et
1371 3299 1724 3371 quibusdam
1748 3284 1940 3358 doctis
1955 3303 2062 3358 eis-
2094 3284 2135 3349 (ἶ

417 3388 668 3459 demque
693 3386 1143 3442 studiosissimis
1163 3384 1321 3454 viris,
1346 3386 1443 3458 qui
1465 3402 1691 3442 mecum
1716 3387 1856 3443 talia
1877 3387 2063 3459 pensi-

415 3480 636 3543 tarunt,
700 3475 983 3542 salubris,
1045 3481 1345 3541 aratrum,
1405 3480 1462 3530 et
1519 3475 1752 3541 similia,
1815 3481 2059 3532 accentu

413 3565 736 3637 penultimo
766 3564 1167 3620 indubitanter
1216 3565 1590 3620 moderanda.
1626 3566 2060 3621 Btbtz‘othecam

411 3653 1226 3726 quemadmodumenuntiare
1243 3654 1559 3709 debeamus
1583 3654 1864 3709 Martialis
1886 3672 2057 3710 versu

411 3741 760 3807 ostenditur,

627 3865 794 3923 Quem
825 3876 942 3912 mea
971 3875 1080 3912 non
1103 3865 1272 3911 totum
1303 3861 1626 3912 bibliotheca
1656 3864 1812 3926 capit.

409 3971 473 4027 In
487 3969 749 4026 versibus
762 3968 1083 4026 moralibus
1098 3985 1244 4042 quos
1258 3967 1538 4024 Alcuinus
1554 3968 1767 4026 dicitur
1782 3970 2054 4041 edidisse,

406 4064 638 4116 statera
673 4060 756 4116 sic
789 4059 978 4131 posita
1007 4063 1132 4114 est:

562 4185 679 4233 Non
709 4184 803 4233 tibi
834 4184 902 4232 sit
930 4183 1144 4232 modius
1173 4182 1388 4246 duplex,
1419 4196 1518 4231 nec
1549 4185 1748 4233 statera
1777 4185 1991 4247 duplex.

477 4307 862 4379 Blasphemus
892 4306 1155 4361 Graecum
1187 4322 1313 4362 esse
1345 4323 1457 4361 non
1493 4306 1782 4362 dubitabit
1813 4308 1922 4364 nisi
1955 4310 2052 4381 qui

405 4395 465 4452 id
497 4413 600 4468 per
623 4415 664 4468 p
695 4400 750 4450 et
783 4395 821 4449 Ιι
853 4393 1030 4450 scribi
1061 4411 1268 4465 parum
1299 4395 1564 4450 attendit.
1597 4397 1794 4467 Itaque
1821 4397 2054 4454 Graecus

409 4486 647 4557 quidam
669 4489 897 4540 Graecos
920 4482 1296 4555 blasphemus
1315 4482 1506 4537 dicere
1527 4488 1787 4555 correpta
1809 4485 2054 4557 penulti-

407 4589 504 4627 ma
521 4573 663 4628 mihi
681 4577 1014 4629 constanter
1031 4570 1298 4638 asseruit,
1320 4577 1376 4626 et
1398 4570 1451 4625 id
1474 4571 1666 4642 ipsum
1686 4573 1975 4645 Eginhard
1987 4592 2052 4631 us

407 4665 605 4714 noster
653 4663 916 4717 astruxit.
973 4663 1192 4716 Tamen
1228 4659 1498 4715 Aurelius
1546 4660 1917 4727 Prudentius,
1953 4664 2052 4734 qui
2082 4650 2131 4716 ἶ)

406 4747 559 4818 apud
576 4747 880 4819 plerosque
890 4749 1404 4805 vehementissime
1416 4746 1826 4816 eelebratur,id
1841 4767 2051 4807 nomen

406 4834 490 4891 sic
517 4835 713 4906 posuit
735 4853 748 4890 :

409 5045 420 5058 .
478 4975 560 5045 (a)
585 4978 657 5056 .In
672 4976 880 5057 deaqtro
901 4978 1164 5057 inguine.
1187 4979 1370 5058 Istum
1390 4979 1658 5058 mormbum
1682 4979 1842 5058 Lupo
1859 4981 2050 5036 adhuc

396 5047 600 5117 juveni
631 5047 889 5101 evenisse
922 5047 982 5102 in
1014 5050 1367 5104 monasterio
1399 5051 1456 5104 S.
1492 5047 1788 5106 Trudonis
1814 5068 1879 5106 eo
1911 5058 2051 5106 tem-

402 5133 551 5190 pore,
569 5133 684 5190 quo
710 5118 1226 5173 Franconol‘nrtum
1253 5121 1724 5190 proﬁciscebatur
1749 5139 1882 5177 cum
1907 5123 2051 5178 Odo-

403 5189 475 5266 ne
506 5189 850 5266 abbatesuo
881 5192 1128 5266 testatur
1159 5189 1544 5266 Hildegarius,
1577 5194 1886 5266 episcopus
1908 5194 2045 5249 Mel-

402 5259 603 5337 densis
634 5259 692 5337 in
724 5259 856 5337 Vita
879 5261 1064 5337 s_an_cti
1089 5259 1350 5337 Ifaronis,
1370 5264 1536 5332 cujus
1560 5259 1728 5320 verba
1758 5259 2049 5337 descripta

401 5336 540 5388 sunt
569 5331 723 5386 inter
751 5329 948 5402 Elegia
981 5331 1143 5402 Lupi.
1350 5401 1353 5402 ν
1439 5329 1455 5332 ⁷
1951 5329 1968 5337 -
2062 5358 2064 5360 ,

472 5405 549 5483 (ὁ)
577 5401 882 5483 Prudan
910 5401 1083 5483 initia
1106 5401 1420 5483 ηειιῑξβνιίει

471 5477 543 5554 (ο)
567 5474 871 5530 Nundinas
997 5472 1281 5554 Tendulﬁ,
1313 5472 2041 5554 episcopiAurelianensis,

399 5543 569 5616 cujus
600 5563 773 5616 opera
802 5548 1048 5610 exstant,
1083 5543 1237 5599 edita
1262 5561 1301 5616 7a
1323 5543 1648 5616 clarissimo
1678 5545 1800 5599 viro
1830 5543 2044 5604 Jacobo

399 5613 728 5687 Sirmondo.
751 5617 970 5673 Versus
993 5621 1187 5672 autem
1211 5613 1536 5687 Theodulﬁ,
1565 5615 1623 5668 in
1644 5632 1757 5687 quo
1784 5621 2046 5687 producit

438 5684 782 5740 enultimam
815 5687 1101 5755 syllabam
1135 5686 1290 5743 vocis
1320 5686 1623 5753 nundinis,
1648 5684 1860 5758 legitur
1892 5691 1947 5745 in
1981 5692 2044 5745 li-

437 5771 498 5812 ro
531 5773 592 5821 II,
625 5773 802 5811 carm.
836 5760 972 5814 357:

1396 418 1467 480 B.
1513 417 1577 478 S.
1625 415 1804 479 LUPI
1853 413 2180 478 ABBATIS
2228 411 2835 474 FERBARIENSIS.

3618 421 3708 481 468

2422 582 2434 594 .
2475 581 2486 593 .
2526 581 2538 594 .
2575 546 2795 595 Divisior
2823 543 3130 608 blaspheme
3154 546 3237 596 Dei
3266 545 3349 610 (ὁ).

2172 646 2314 701 Hinc
2338 644 2515 716 igitur
2535 644 2704 714 longe
2723 643 2956 714 lateque
2981 643 3231 699 manavit
3248 649 3307 699 ut
3320 647 3401 700 41
3426 647 3714 716 blasphemus

2170 739 2227 790 et
2258 733 2598 804 blaspheme
2629 736 2931 788 accentum
2965 732 3022 786 in
3057 732 3359 804 penultima
3384 734 3574 805 syllaba
3588 739 3715 792 sorti-

2171 828 2390 878 rentur.
2406 826 2479 890 (ο)
2493 826 2541 878 Ν
2548 820 3022 877 undinasinTeod
3033 820 3128 875 ulﬁ
3147 821 3719 895 carminelegiproducta

2172 911 2516 984 penultima.
2551 911 2710 974 Quod
2746 914 2942 964 utrum
2984 910 3130 979 ejus,
3167 927 3235 963 an
3264 917 3622 982 praeceptorum
3645 931 3718 968 au-

2173 1001 2454 1064 ctoritate,
2471 1015 2648 1071 penes
2664 998 2828 1052 illum
2856 999 3000 1053 ﬁdes
3024 999 3315 1078 habeatur.
3332 1000 3408 1066 (d)
3422 999 3674 1072 Loquelam
3685 1007 3724 1056 et

2171 1106 2339 1162 quere
2349 1087 2469 1142 lam
2479 1105 2579 1159 per
2593 1105 2774 1142 unum
2795 1087 2816 1141 ι
2823 1087 3013 1158 ,Capri
3027 1085 3470 1160 orthographiam
3484 1094 3724 1160 sequentes

2173 1177 2543 1250 proferimus.
2577 1175 2859 1231 Medelam
2880 1193 3035 1246 vero,
3061 1176 3210 1230 sicut
3232 1175 3533 1242 suadelam,
3560 1177 3727 1249 absque

2173 1266 2580 1321 retractatione
2603 1265 2951 1331 diceremus,
2974 1265 3030 1319 ni
3048 1267 3173 1335 conj
3183 1263 3452 1337 ugationis
3473 1264 3730 1319 similitudi-

2175 1372 2309 1410 nem
2328 1355 2707 1410 confunderet
2721 1354 3031 1409 diversitas
3046 1353 3292 1425 generis,
3314 1357 3365 1408 et
3382 1353 3608 1409 omnium
3627 1370 3732 1424 pene

2174 1444 2594 1516 exemplarium
2626 1461 2736 1499 non
2767 1443 3194 1499 contemnenda
3225 1448 3542 1515 repugnaret
3560 1459 3732 1497 concor-

2175 1534 2290 1588 dia.
2327 1533 2714 1598 Quamobrem
2735 1533 2793 1587 in
2817 1533 3010 1587 medio
3028 1532 3435 1603 relinquamus,
3465 1547 3557 1586 nec
3573 1534 3734 1585 temere

2176 1627 2440 1677 nostrum
2471 1628 2871 1694 permutemus
2894 1638 3092 1686 usum,
3118 1621 3303 1693 quoad
3321 1620 3366 1676 si
3386 1637 3487 1674 non
3502 1618 3736 1674 sufﬁciunt

2176 1729 2303 1783 quae
2354 1711 2492 1777 dixi,
2524 1711 2612 1765 vel
2644 1728 2678 1766 a
2707 1711 2876 1766 nobis
2917 1709 3004 1766 vel
3036 1710 3108 1765 ab
3161 1708 3531 1765 obnitentibus
3573 1706 3735 1778 aliquid

2175 1800 2478 1855 robustius
2508 1799 2859 1855 inveniatur.
2892 1799 3142 1854 Sistrum
3175 1798 3452 1852 musicum
3480 1800 3558 1850 est
3582 1795 3738 1850 instru-

2175 1894 2460 1955 mentum,
2513 1889 2668 1962 quod
2722 1888 2851 1955 Isis,
2904 1893 2970 1943 ut
3017 1885 3324 1958 scripsisti,
3377 1901 3539 1939 manu
3572 1886 3740 1956 gestare

2177 1976 2523 2047 ﬁngebatur,
2587 1991 2857 2030 accessus
2917 1978 2973 2030 et
3017 1991 3284 2030 recessus
3325 1971 3428 2027 Nili
3459 1969 3740 2026 ﬂuminiseo

2175 2062 2535 2134 signiﬁcans.
2555 2063 2717 2118 Unde
2736 2063 3102 2134 Cleopatram
3129 2061 3419 2135 Virgilius,
3443 2064 3500 2114 ut
3517 2074 3741 2114 commen-

2173 2150 2361 2206 titiam
2377 2153 2504 2223 ejus
2520 2156 2862 2223 potestatem
2877 2150 2987 2207 sibi
3002 2166 3307 2224 arrogasse
3321 2149 3480 2206 solita
3490 2145 3743 2203 subtilitate

2175 2233 2398 2311 aperire
2427 2241 2674 2310 (/Eneid.
2709 2241 2866 2311 vui):

2392 2385 2406 2396 .
2446 2384 2457 2395 .
2495 2384 2506 2396 .
2545 2347 2734 2407 Patrio,
2771 2348 2962 2411 inquit,
2995 2351 3152 2397 vocat
3182 2347 3391 2411 agmina
3419 2345 3574 2394 sistro.

2172 2453 2378 2510 Fialas
2411 2458 2675 2526 correpta
2719 2454 3045 2526 penultima
3085 2471 3150 2511 ea
3185 2470 3359 2510 causa
3387 2451 3612 2508 dicimus
3636 2446 3749 2520 quod

2175 2543 2319 2598 ﬁala:
2337 2544 2628 2610 dicuntur,
2647 2545 2785 2615 quia
2807 2544 2953 2599 ﬁunt
2971 2561 3040 2599 ex
3063 2543 3234 2611 vitro,
3256 2542 3406 2616 quod
3428 2539 3585 2597 Graeci
3603 2535 3750 2592 hialin

2174 2631 2489 2704 appellant.
2539 2631 2729 2688 Hialin
2785 2637 2981 2688 autem
3014 2632 3200 2689 habes
3252 2632 3310 2687 in
3342 2628 3562 2702 Virgilio
3591 2624 3689 2697 (lib.
3713 2639 3752 2678 1v

2175 2722 2438 2795 Georg.):

2417 2819 2716 2882 Carpebant
2743 2819 2904 2869 hialin
2935 2823 3119 2870 saturo
3150 2820 3327 2870 fucata
3354 2816 3534 2868 colore.

2171 2924 2311 2980 Item
2343 2927 2495 2998 apud
2534 2926 2858 2983 Martialem
2887 2944 2899 2982 :

2325 3024 2461 3082 Quid
2491 3025 2584 3074 tibi
2614 3039 2736 3074 eum
2758 3025 2876 3075 ﬁala
2904 3024 3123 3088 ligulam
3160 3023 3482 3076 committere
3509 3029 3678 3084 posses.

2172 3122 2249 3176 De
2279 3121 2522 3177 cometis
2555 3123 2651 3193 qui
2697 3123 2804 3178 visi
2855 3126 2993 3178 sunt
3040 3121 3378 3178 timendum
3409 3118 3585 3191 potius
3625 3126 3757 3185 quam

2168 3209 2577 3265 disserendum
2627 3211 2876 3266 videtur.
2930 3213 3000 3265 Et
3053 3212 3203 3282 quia
3232 3211 3304 3266 de
3348 3209 3437 3263 his
3468 3205 3541 3261 nil
3567 3214 3760 3274 usquam

2175 3297 2368 3353 divina
2398 3299 2660 3370 loquitur
2690 3300 3030 3367 auctoritas,
3059 3299 3116 3354 id
3149 3297 3403 3371 opinari,
3428 3296 3537 3350 imo
3564 3295 3762 3347 metuere

2168 3404 2486 3458 possumus
2518 3389 2673 3460 quod
2705 3388 2955 3460 gentiles
2987 3387 3104 3442 illis
3137 3385 3553 3460 apparentibus
3579 3395 3671 3434 usu
3695 3376 3763 3430 de-

2167 3475 2622 3547 prehenderunt.
2658 3477 2723 3532 Hi
2755 3477 3103 3547 portendere
3131 3481 3398 3533 cometas
3420 3465 3762 3546 pestilentiam,

2166 3563 2254 3619 vel
2284 3565 2497 3632 famen,
2530 3565 2618 3620 vel
2651 3564 2802 3620 bella
2844 3565 3241 3621 tradiderunt.
3288 3564 3431 3620 Hinc
3479 3560 3762 3616 Mantuanus

2165 3657 2536 3716 vates,morte
2549 3655 2790 3709 Caesaris
2803 3670 2870 3708 ac
2887 3653 3052 3709 bellis
3072 3653 3351 3709 civilibus
3365 3643 3762 3706 imminentibus,

2165 3739 2317 3795 inter
2346 3740 2460 3796 alia
2491 3759 2616 3812 quae
2646 3741 2809 3814 ponit
2843 3746 3110 3798 monstra
3145 3743 3379 3814 (Georg.
3413 3739 3472 3805 1):

2293 3884 2304 3896 .
2347 3887 2357 3899 .
2399 3885 2410 3898 .
2447 3852 2552 3900 Nec
2581 3849 2681 3898 diri
2711 3849 2917 3912 (inquit)
2951 3849 3106 3898 toties
3135 3863 3319 3899 arsere
3350 3848 3577 3896 cometas.

2165 3959 2266 4014 42
2290 3957 2582 4029 Josephus
2605 3973 2836 4028 quoque
2869 3955 3082 4026 prodit,
3109 3956 3461 4027 priusquam
3478 3947 3764 4007 everteretur

2165 4045 2547 4112 Hierusalem,
2566 4045 2747 4100 fuisse
2764 4043 2990 4099 stellam
3008 4044 3066 4098 in
3087 4060 3319 4099 morem
3335 4039 3508 4115 gladii
3521 4053 3613 4111 per
3625 4037 3763 4089 totum

2163 4152 2383 4191 annum
2401 4151 2578 4205 super
2591 4133 2856 4189 eamdem
2875 4133 3224 4188 urbem.Sed
3241 4139 3306 4188 ut
3319 4133 3376 4186 in
3391 4144 3546 4203 spem
3560 4123 3763 4195 aliquam

2163 4225 2526 4279 adducamur
2543 4221 2919 4277 clementiora
2939 4222 3301 4292 experiendi,
3325 4221 3496 4276 refert
3516 4210 3767 4284 Pompeius

2161 4314 2386 4383 Trogus
2417 4310 2770 4366 Mithridatis
2810 4309 2962 4382 regis
2994 4309 3258 4364 futuram
3291 4303 3667 4364 excellentiam
3695 4311 3763 4350 co-

2162 4405 2315 4456 meta
2327 4402 2832 4471 praemonstratam
2846 4398 2941 4453 his
2954 4397 3144 4453 verbis
3161 4399 3469 4469 (Justinus,
3494 4392 3587 4448 lib.
3600 4401 3766 4449 mm

2159 4505 2208 4542 c.
2243 4489 2318 4557 2):
2354 4511 2380 4537 ‹‹
2415 4488 2560 4542 Nam
2592 4491 2648 4542 et
2667 4503 2732 4542 eo
2764 4503 2878 4558 quo
2915 4487 3154 4559 genitus
3185 4492 3281 4542 est
3314 4501 3488 4550 anno,
3522 4484 3575 4536 et
3601 4493 3658 4532 eo
3684 4485 3768 4543 quo

2159 4591 2399 4646 regnare
2421 4575 2677 4645 primum
2701 4575 2890 4645 cmpit,
2914 4573 3083 4629 stella
3104 4578 3370 4630 cometes
3393 4587 3494 4644 per
3508 4571 3771 4630 utrumque

2162 4667 2394 4735 tempus
2425 4663 2798 4734 septuaginta
2827 4662 3032 4718 diebus
3057 4663 3136 4718 ita
3160 4662 3314 4717 luxit
3337 4665 3402 4717 ut
3423 4657 3617 4714 cwlum
3637 4661 3771 4706 omne

2163 4753 2406 4824 flagrare
2423 4751 2734 4806 videretur.
2758 4752 2904 4809 Nam
2921 4755 2977 4807 et
3000 4751 3417 4824 magnitudine
3441 4745 3531 4804 sui
3552 4742 3772 4824 quartam

2163 4839 2287 4895 coeli
2348 4845 2572 4912 partem
2631 4845 3030 4912 occupaverat,
3084 4822 3139 4896 et
3188 4838 3450 4912 fulguris
3497 4833 3582 4890 sui
3632 4822 3772 4883 radiis

2252 4983 2438 5045 Ρτυεθν
2466 4995 2587 5044 Opes
2617 4982 2895 5040 nundiniS,
2919 4982 3154 5043 pulchris
3178 4988 3232 5033 et
3263 4982 3430 5032 rebus
3459 4971 3727 5045 abundans.

2157 5053 2237 5125 Ex
2268 5043 2385 5125 hoc
2400 5043 2577 5125 porro
2603 5052 2746 5125 Lupi
2765 5053 3099 5125 testimonio
3122 5057 3281 5109 recte
3304 5043 3773 5125 eollegi_t_SiﬂPQP_'

2157 5124 2269 5178 dus
2292 5107 2625 5196 falli‘virum
2645 5107 2900 5191 doctum,
2927 5107 3025 5196 qui
3045 5107 3284 5196 carmen
3309 5107 3418 5196 hoc
3442 5107 3773 5196 a’Theodullo

2157 5195 2546 5266 compositum
2598 5196 2848 5266 negavit,
2888 5176 2964 5250 ἐξίῖ
3015 5194 3285 5250 videlicet
3318 5195 3395 5266 de
3440 5176 3770 5266 causai]???

2156 5254 2313 5322 illius
2329 5268 2544 5321 mentio
2558 5254 2741 5337 exstuet
2754 5254 2908 5337 apud
2921 5265 3235 5337 Aleuinum
3252 5266 3326 5320 de
3341 5261 3553 5337 divinis
3568 5254 3772 5337 Ofﬁfiiﬁ;

2155 5321 2279 5407 cap.
2317 5337 2401 5403 44,
2456 5341 2509 5390 et
2553 5321 2864 5392 Alcuinu‘m
2916 5341 3139 5392 certum
3181 5336 3265 5407 sit
3296 5336 3386 5407 ad,
3427 5321 3772 5407 Ludovicifil

2154 5391 2522 5478 imperatoris
2543 5411 2658 5462 tem
2706 5391 2806 5462 ora
2823 5425 2936 5462 non
2962 5391 3316 5479 pervenisse.
3341 5406 3576 5467 Verum,
3609 5399 3666 5476 ut
3683 5391 3775 5472 illic

2154 5480 2328 5534 etiam
2361 5480 2629 5533 observat
2659 5425 3026 5534 girmondus.
3052 5479 3268 5534 librum
3295 5476 3467 5532 illum
3501 5473 3567 5526 de
3594 5467 3775 5522 dlvmls

2153 5467 2328 5534 etiam
2361 5480 2629 5533 observat
2659 5467 2927 5534 $irmond
2941 5467 3026 5546 u‘s,
3052 5479 3268 5534 librum
3295 5476 3467 5532 illum
3501 5473 3567 5526 de
3594 5467 3776 5546 divinis

2152 5549 2372 5606 Ofﬁciis
2404 5549 2633 5603 Alcuini
2667 5567 2780 5604 non
2812 5566 2940 5606 esse
2962 5544 3088 5606 iam
3119 5548 3214 5604 alii
3249 5544 3648 5604 observarunt.
3764 5597 3773 5606 ,

2226 5567 2372 5605 nens
2404 5567 2633 5603 AlCUlnl
2667 5567 2780 5604 non
2812 5567 2940 5606 esse
2994 5568 3088 5605 am
3119 5567 3214 5604 aui
3249 5567 3648 5604 Observarum.
3764 5597 3773 5606 ,

2226 5622 2308 5691 (d)
2336 5619 2647 5691 Loquelam
2658 5638 2766 5691 per
2777 5567 3006 5676 unumi.
3022 5622 3164 5676 Hine
3186 5624 3352 5691 patet
3367 5618 3545 5691 fuisse
3557 5609 3773 5691 οξξαξείῖξιξ

2152 5675 2476 5746 scriberent
2524 5675 2812 5762 togu'ella.
2841 5675 3144 5762 iSaneiego
3175 5675 3233 5745 i‘n
3269 5689 3480 5762 multis
3510 5675 3776 5762 codicibus

2153 5709 2476 5746 scriberent
2525 5709 2812 5762 wgueua.
2858 5709 3009 5748 sane
3040 5710 3068 5748 e
3112 5709 3144 5747 o
3175 5709 3233 5745 1n
3269 5709 3480 5744 [HUIUS
3510 5709 3773 5740 υυωωυυυ

2153 5779 2293 5817 mss.
2316 5760 2568 5832 antiquis
2591 5779 2742 5834 szepe
2758 5762 2870 5835 legi
2896 5709 3178 5836 loquefta,
3197 5743 3773 5833 querellamedella-
