3938 6160
189 407 292 473 473

183 633 576 707 ﬂagitaverim,
611 639 675 689 ut
701 640 892 691 vestra
943 635 1226 692 celsitudo
1257 635 1598 707 parvitatem
1631 653 1821 692 meam

182 741 282 780 non
315 729 686 796 aspernetur,
712 724 813 778 sed
848 723 988 779 olim
1021 741 1354 780 concessam
1389 724 1653 780 notitiam
1687 742 1823 780 con-

180 813 732 882 descensionemque
755 813 1001 867 retinere
1022 812 1312 884 dignetur.
1331 813 1417 867 Me
1443 831 1576 868 vero
1604 815 1828 869 noverit

180 901 352 956 insui
400 901 750 972 obsequium
804 900 1049 956 ﬁdeliter
1097 906 1506 973 praeparatum.
1544 903 1825 958 Caeterum

178 994 420 1045 vestram
449 990 917 1062 opinatissimam
944 991 1140 1062 ﬂagito
1169 990 1573 1048 liberalitatem
1599 998 1661 1047 ut
1681 993 1828 1049 duos

182 1084 402 1134 nostros
437 1078 694 1134 famulos
724 1095 757 1132 a
786 1079 996 1134 vestris
1029 1079 1230 1143 fabris,
1265 1097 1411 1151 quos
1443 1081 1830 1152 peritissimos

178 1184 270 1223 vos
299 1167 519 1222 habere
551 1167 722 1239 longe
753 1166 982 1238 lateque
1014 1168 1171 1222 fama
1200 1168 1475 1240 vulgavit,
1501 1170 1626 1224 auri
1658 1176 1713 1226 et
1744 1189 1831 1226 ar-

181 1255 327 1329 genti
344 1255 626 1328 operibus
641 1255 859 1310 erudiri
871 1256 1348 1327 jubeatis,vestro
1369 1259 1646 1314 beneﬁcio
1663 1261 1832 1317 nobis

182 1351 228 1401 et
246 1344 459 1400 vicinis
484 1345 702 1400 nostris
719 1343 1042 1416 plurimum
1065 1346 1592 1417 profuturos.Unde
1613 1366 1684 1404 ne
1707 1367 1836 1407 ουδ’

183 1437 259 1488 tra
289 1436 423 1488 vota
457 1433 710 1488 nimium
741 1433 1133 1498 differrentur,
1159 1434 1205 1489 si
1233 1436 1385 1506 quod
1408 1436 1662 1507 petimus
1693 1438 1837 1493 obti'

182 1537 302 1577 nere
334 1522 688 1589 meruimus,
723 1539 908 1577 unum
951 1539 1154 1578 eorum
1201 1540 1348 1595 quos
1390 1524 1639 1598 dirigere
1670 1527 1832 1600 cupi-

179 1625 300 1666 mus
331 1626 402 1665 ea
423 1611 554 1681 jam
576 1609 962 1666 imbuendum
985 1615 1108 1666 arte
1131 1613 1831 1683 procuravimus.Aurum

177 1703 449 1771 praeterea
480 1700 636 1772 quod
668 1699 762 1754 hic
795 1701 972 1756 frater
999 1704 1198 1756 noster
1229 1702 1381 1774 apud
1414 1719 1513 1758 vos
1561 1704 1834 1777 deposuit

176 1788 357 1844 eidem
381 1789 592 1858 jubete
622 1789 854 1846 restitui
877 1808 890 1857 ;
912 1794 977 1845 ut
1007 1807 1178 1862 opere
1201 1789 1640 1864 inspecto,quid
1665 1793 1832 1850 nobis

1666 410 2095 474 EPISTOL/E.

185 541 414 617 antiquo
443 546 646 601 nostro
676 561 872 602 amore
901 543 1190 619 colligere.
1223 542 1367 602 Illud
1402 544 1643 602 forsitan
1663 547 1824 619 juste
1852 547 1907 613 Α

3470 415 3590 479 474

2404 544 2507 602 48
2546 544 2890 604 EPISTOLA
2925 545 3114 605 XXIV.

2410 687 2545 724 ῙΤΕΜ
2585 687 2658 725 ΑΙ)
2699 688 2858 734 QUEM
2899 689 3110 728 SUPRA.

2011 838 2271 893 Summis
2306 838 2626 896 honoribus
2673 840 3018 912 dignissimo
3071 841 3398 915 Ludogvico
3447 843 3589 911 Odo,

1937 926 2214 982 abbatum
2248 927 2513 994 ultimus,
2547 929 2863 1000 plurimam
2913 929 2971 984 in
3022 929 3268 985 Domino
3318 929 3589 988 salutem.

2007 1017 2294 1071 Atfectum
2328 1023 2527 1072 vestrae
2552 1018 2958 1074 benevolentia
2984 1035 3233 1090 pronum
3263 1019 3320 1072 in
3346 1020 3594 1091 parvita-

1937 1107 2055 1160 tem
2091 1121 2278 1160 meam
2313 1105 2441 1162 luce
2487 1105 2701 1161 clarius
2734 1107 3063 1178 pervidens,
3095 1123 3202 1180 ago
3236 1106 3593 1180 multiplices

1939 1194 2158 1266 gratias
2190 1195 2488 1268 Deumque
2521 1196 2638 1250 fore
2691 1195 2888 1266 pietati
2938 1201 3138 1251 vestrae
3184 1196 3592 1252 retributorem

1939 1288 2164 1355 exopto.
2201 1284 2328 1356 Ipse
2368 1290 2563 1340 autem
2609 1289 2850 1356 paratus
2900 1301 3055 1349 sum,
3102 1283 3151 1339 si
3204 1283 3344 1356 quid
3386 1284 3596 1356 jubere

1940 1375 2132 1428 vestra
2162 1373 2433 1446 dignetur
2479 1373 2840 1441 excellentia,
2876 1372 3123 1428 fideliter
3170 1373 3592 1446 obtemperare.

1941 1461 2223 1516 Czeterum
2258 1462 2503 1534 impellit
2535 1481 2628 1518 me
2659 1463 2974 1518 necessitas
3003 1462 3215 1518 iterum
3239 1462 3412 1518 vestri
3433 1462 3596 1533 adju-

1940 1549 2070 1605 torii
2124 1553 2513 1622 patrocinium
2564 1551 2906 1624 suppliciter
2948 1551 3278 1623 implorare.
3330 1549 3595 1624 Namque

1941 1643 2255 1711 postquam
2287 1640 2450 1695 vobis
2482 1639 2900 1695 auxiliantibus
2930 1639 3241 1712 impetrata
3260 1639 3495 1696 licentia
3521 1641 3596 1696 ab

1941 1727 2305 1799 expeditione
2334 1729 2683 1801 Aquitanica
2733 1733 3010 1802 gravatus
3057 1727 3396 1784 infirmitate
3427 1728 3594 1798 redii,

1942 1817 2144 1871 eadem
2178 1835 2322 1890 pene
2354 1833 2583 1889 semper
2614 1817 2874 1884 attritus,
2903 1816 3152 1872 necdum
3185 1815 3400 1872 revalui
3428 1833 3442 1873 :
3470 1834 3599 1890 qum

177 1877 581 1984 118‘???“me
615 1879 904 1984 ‘FB‘timaf'e
952 1879 1271 1984 Vfleamus-
1305 1881 1450 1980 ΟΡ,ίο
1498 1898 1600 1937 νοε
1644 1883 1833 1984 "idem
1863 1919 1911 1984 Β
1944 1921 2033 1960 res
2067 1923 2138 1961 ne
2160 1877 2293 1961 cum
2321 1905 2452 1961 aliis
2475 1907 2546 1962 ad
2571 1906 2906 1961 condictum
2931 1921 3295 1961 occurrerem
3317 1877 3598 1978 placitum

177 1965 415 2023 feliciter
444 1972 503 2023 et
530 1968 817 2023 virtutum
850 1969 909 2023 in
957 1968 1082 2024 dies
1129 1985 1335 2041 capere
1382 1970 1829 2027 incrementum.

651 2225 744 2281 47
790 2224 1140 2281 EPISTOLA
1174 2225 1360 2281 XXIII.

441 2365 580 2404 ITBM
621 2363 693 2404 AD
734 2367 977 2407 EUMDEM
1011 2367 1077 2404 EX
1119 2366 1326 2406 ODONIS
1367 2368 1567 2406 PARTE.

239 2570 608 2628 Clarissimis
629 2570 950 2627 honoribus
974 2571 1180 2628 merito
1205 2573 1474 2629 decorato
1499 2575 1834 2647 Ludoguico

173 2661 419 2718 ultimus
452 2659 758 2726 abbatum,
788 2663 868 2731 (a)
903 2661 1023 2716 Odo
1063 2665 1120 2716 et
1151 2662 1421 2717 universa
1450 2663 1835 2721 Ferrariensis

172 2749 420 2806 ccenobii
455 2749 818 2804 unanimitas
849 2749 1164 2822 plurimam
1207 2749 1474 2807 salutem.

238 2839 485 2906 Quoties
516 2837 714 2910 aliqua
737 2839 1190 2910 perturbationis
1210 2839 1298 2894 vel
1321 2841 1683 2897 necessitatis
1705 2860 1835 2914 pro-

174 2927 316 2984 cella
352 2927 680 3000 quatimur,
713 2927 784 2982 ad
817 2926 1225 2983 benevolentiae
1256 2934 1457 2984 vestrae
1482 2934 1716 3000 portum
1747 2949 1835 2987 se-

178 3017 291 3072 curi
325 3016 748 3088 confugimus:
786 3033 912 3087 quae
946 3017 1221 3072 omnibus
1251 3018 1322 3072 ad
1356 3017 1835 3076 benefaciendum

173 3106 464 3178 exposita,
501 3105 796 3160 neminem
831 3104 1057 3176 repellit
1089 3105 1190 3177 qui
1221 3123 1347 3161 sese
1389 3123 1554 3178 opem
1589 3110 1836 3179 petendo

1943 1993 2262 2065 prohibuit.
2299 1995 2427 2051 Misi
2475 1999 2668 2051 tamen
2719 1995 2988 2050 homines
3038 1998 3268 2050 nostros
3315 2011 3435 2050 una
3463 2011 3600 2051 cum

1942 2081 2150 2137 comite
2183 2082 2335 2156 pagi,
2355 2083 2456 2155 qui
2479 2082 2864 2155 expeditionis
2887 2082 3078 2139 ofﬁcia
3108 2098 3269 2138 more
3300 2082 3471 2138 solito
3501 2099 3598 2139 ex-

1941 2176 2346 2242 sequerentur.
2380 2171 2644 2228 Vestram
2675 2171 2856 2245 igitur
2887 2171 3291 2244 supplicamus
3320 2170 3597 2243 pietatem

1944 2265 2008 2314 ut
2052 2277 2156 2315 nos
2205 2262 2436 2317 offensa:
2467 2266 2629 2317 metu
2675 2259 2862 2317 levare
2912 2259 3258 2334 dignemini.
3291 2259 3598 2333 Siquidem

1944 2364 2281 2421 quanquam
2301 2351 2371 2405 ab
2393 2350 2838 2422 obsequendum
2856 2366 2991 2405 cum
3009 2349 3140 2405 aliis
3157 2348 3598 2422 paratissimam

1943 2435 2219 2492 haberem
2251 2437 2631 2506 voluntatem,
2686 2437 3067 2494 imbecillitati
3119 2442 3317 2495 tamen
3364 2437 3599 2494 obviare

1946 2542 2062 2582 non
2098 2527 2282 2600 potui.

2491 2714 2847 2771 EPISTOLA
2888 2713 3048 2770 XXV.

2423 2856 2558 2894 ITEM
2596 2857 2670 2893 AD
2710 2856 2869 2901 QUEM
2911 2855 3117 2894 SUPRA.

2015 3013 2185 3070 Omni
2205 3013 2531 3071 reverentiae
2550 3014 2711 3086 apice
2733 3013 3105 3086 suspiciende
3126 3013 3246 3069 viro
3267 3013 3594 3071 clarissimo

1946 3103 2234 3160 Ludovico
2263 3106 2334 3172 (c)
2371 3105 2458 3170 0.,
2493 3102 2756 3158 omnium
2788 3102 3066 3158 abbatum
3099 3101 3344 3158 ultimus
3370 3108 3427 3158 et
3459 3103 3594 3158 uni-

171 3193 508 3266 ingesserit.
542 3193 758 3248 Verum
792 3210 860 3249 ne
892 3211 993 3249 vos
1025 3194 1082 3248 in
1113 3193 1353 3267 longum
1387 3196 1693 3265 ducamus,
1723 3215 1838 3254 me-
1941 3209 2109 3248 versa
2140 3192 2522 3248 Ferrariensis
2554 3191 2798 3248 ccnnobii
2831 3193 2932 3248 49
2977 3191 3225 3248 societas
3256 3191 3314 3246 in
3347 3191 3593 3250 Domino

171 3282 434 3338 ministis
454 3280 625 3337 nobis
643 3283 717 3349 (b)
733 3281 1070 3337 Zachariam
1089 3283 1359 3338 abbatem
1384 3283 1489 3339 hoc
1510 3303 1664 3342 anno
1682 3303 1834 3342 com-
1865 3281 1908 3349 C
1946 3282 2216 3339 salutem.

175 3371 456 3439 missum,
490 3371 726 3442 quando
750 3375 805 3426 et
833 3376 1025 3426 vestra
1052 3372 1362 3443 prudentia
1392 3372 1450 3426 in
1478 3378 1706 3430 tantum
1739 3393 1838 3431 no-

171 3460 258 3516 bis
289 3460 444 3516 favit
475 3463 541 3514 ut
571 3475 719 3532 pene
749 3477 862 3514 non
898 3459 1085 3526 nobis,
1111 3461 1211 3515 sed
1243 3460 1376 3516 aliis
1405 3465 1837 3520 commendare-

169 3554 277 3603 tur.
312 3548 490 3603 Nunc
522 3547 677 3603 idem
710 3549 891 3603 abbas
922 3547 1227 3603 dominum
1271 3566 1464 3621 regem
1517 3552 1656 3620 adit,
1692 3553 1830 3625 quid

2015 3373 2138 3429 Non
2163 3391 2370 3428 sumus
2393 3371 2569 3428 nescii
2594 3369 2914 3426 multarum
2937 3369 3442 3443 maximarumque
3463 3386 3596 3426 cau-

1943 3479 2142 3516 sarum
2175 3461 2432 3534 undique
2463 3459 2884 3516 conﬂuentium
2915 3476 3015 3515 vos
3039 3458 3292 3514 molibus
3318 3457 3590 3531 opprimi,

1941 3550 2140 3622 eisque
2172 3549 2588 3622 componendis
2617 3549 2710 3604 vix
2741 3553 3004 3621 tempora
3024 3549 3152 3620 ipsa
3175 3548 3463 3603 sufﬁcere.
3482 3548 3594 3604 Sed

163 3636 210 3692 ei
229 3636 620 3710 potissimum
639 3637 930 3708 agendum
954 3635 1029 3691 sit
1051 3638 1124 3691 ab
1145 3654 1210 3692 eo
1232 3638 1834 3709 quaesiturusllabeat
1938 3644 2139 3695 vestra
2170 3639 2368 3711 pietati
2423 3655 2488 3693 eo
2537 3655 2724 3709 usque
2773 3635 3126 3693 confidimus
3178 3639 3243 3690 ut
3288 3635 3444 3707 apud
3492 3653 3594 3691 vos

165 3726 346 3798 igitur
373 3728 575 3780 vestra
628 3724 877 3797 insignis
927 3725 1219 3780 industria
1263 3727 1568 3784 tenuitatis
1621 3735 1830 3785 nostra:

165 3811 723 3880 considerationem,
775 3817 830 3868 et
859 3812 1133 3886 dignetur
1181 3813 1478 3871 elaborare
1527 3821 1591 3872 ut
1638 3819 1722 3874 vel
1757 3821 1828 3875 ad

163 3901 353 3959 locum
380 3902 543 3959 unde
559 3902 630 3958 ad
655 3918 762 3957 nos
783 3902 940 3957 venit
958 3901 1044 3957 vel
1069 3904 1139 3957 ad
1164 3903 1343 3958 alium
1370 3905 1827 3979 quemlibetjam

162 3991 493 4065 dirigatur;
518 3989 680 4062 quia,
715 3994 778 4045 ut
806 4007 929 4045 rem
958 3990 1123 4047 vobis
1152 3992 1236 4047 uti
1268 3997 1357 4048 est
1387 3994 1730 4066 simpliciter
1753 3998 1828 4052 fa-

158 4083 413 4146 teamur,
443 4095 562 4134 non
595 4078 969 4134 mediocriter
1001 4096 1107 4135 nos
1137 4086 1384 4152 gravant
1413 4099 1674 4154 expensas
1699 4103 1825 4157 quae

156 4166 314 4224 illius
345 4166 700 4224 hominibus
723 4167 1085 4224 tribuuntur.
1104 4168 1266 4225 Unde
1290 4187 1393 4241 per
1410 4188 1512 4227 vos
1534 4173 1822 4230 sublevari

155 4254 562 4330 deposcimus,
598 4261 662 4312 ut
693 4257 771 4313 sit
808 4257 960 4312 unde
994 4257 1124 4313 aliis
1155 4258 1224 4312 ad
1259 4275 1363 4314 nos
1395 4261 1822 4321 conﬂuentibus

154 4343 474 4418 hospitalis
500 4344 752 4418 gratiam
779 4344 1116 4417 impendere
1143 4345 1464 4404 valeamus.

150 4580 212 4631 ut
241 4577 424 4653 docet
459 4575 856 4653 ipserCarolus
876 4575 936 4653 in
961 4581 1247 4653 praecepto
1275 4581 1530 4653 quodam
1561 4598 1664 4653 pro
1695 4600 1819 4640 mo-

147 4650 412 4726 nasterio
447 4648 634 4726 sancti
665 4647 922 4726 Dionysii
961 4647 978 4702 Ξ
1009 4672 1034 4698 ‹‹
1211 4647 1651 4726 venerabilisac
1683 4672 1717 4726 p

147 4718 416 4807 pin_quus
455 4723 662 4807 noster.
707 4718 1052 4807 Ludovicus,
1076 4721 1267 4807 abbas
1299 4718 1814 4807 monasteriiﬂpot

146 4789 446 4877 stolorum
478 4789 783 4877 principis,
816 4790 1555 4877 excellet:tissimor‘umque
1574 4789 1812 4877 “Christi

145 4861 495 4940 martyrum
519 4861 800 4934 Dionysii,
818 4861 1040 4916 Rustici
1066 4868 1136 4940 et
1160 4861 1492 4940 Eleutherii.
1521 4889 1546 4914 ››
1574 4867 1815 4940 Propin-

145 4933 328 5010 quum
365 4933 511 4987 item
542 4949 716 5010 suum
749 4939 1082 5010 eum_vocat_.
1123 4934 1276 5010 idem
1305 4936 1547 5010 Carolus
1579 4937 1634 4992 in
1664 4933 1814 5010 prae-

141 5008 307 5082 gepto
327 5021 455 5082 pro
488 5003 845 5082 monasterio
878 5003 1408 5082 CenAtulensi,quod
1440 5014 1626 5082 exstat
1657 5003 1810 5082 apud

141 5071 495 5147 Hariul—fum
515 5073 618 5147 lib.
646 5076 708 5129 iii
730 5074 943 5130 Chron.
969 5075 1218 5147 Gentul.,
1239 5071 1364 5147 cap.
1388 5081 1441 5132 7.
1463 5079 1625 5136 Illius
1654 5071 1809 5138 enim

141 5143 498 5200 monasterii
532 5145 714 5200 abbas
743 5147 917 5201 etiam
949 5146 1058 5201 fuit
1087 5147 1195 5202 iste
1228 5143 1571 5206 Ludovicus.
1610 5153 1811 5210 Fuisse

175 5221 435 5295 reterea
458 5215 722 5285 ejusdem
749 5216 1119 5295 paroliregis
1143 5219 1448 5295 cancellari
1459 5238 1556 5295 um
1581 5223 1812 5295 collegit

137 5287 504 5365 {ﬁrmandus
530 5303 626 5365 ex_
671 5287 919 5359 epistola
947 5287 1210 5365 _27”Lupi
1245 5291 1464 5365 nostri;
1499 5293 1558 5347 in
1591 5311 1707 5365 qua
1728 5287 1809 5350 ‘de

135 5357 446 5434 Ludovico
469 5357 882 5434 isto__loquens,
917 5359 996 5434 ait
1029 5376 1040 5414 :
1074 5357 1362 5434 epistolam
1391 5357 1459 5416 in
1475 5357 1688 5434 palatio
1715 5384 1806 5434 ge-

133 5443 260 5484 rem
279 5428 558 5502 ofﬁcium.
574 5428 922 5485 Nominatur
941 5428 1392 5502 inter—praesides
1421 5428 1648 5489 concilii
1674 5428 1808 5492 Ver-

130 5495 367 5575 nensis'.
407 5495 649 5554 Exstant
695 5507 892 5556 autem
937 5495 1314 5575 quamplures
1363 5505 1503 5575 Lupi
1551 5507 1622 5560 ad
1670 5523 1804 5563 eum

127 5571 580 5645 e‘pistolqa,quze
612 5588 907 5628 summam
941 5571 1069 5644 ejus
1100 5571 1529 5645 dignitatem-et
1559 5579 1808 5633 auctori-

130 5645 320 5696 tatem
357 5641 680 5696 declarant.

198 5715 286 5792 ζα)
322 5710 464 5792 0119.
485 5714 1124 5792 ﬁbbas‘li‘errariensis,
1160 5718 1222 5769 ut
1255 5715 1509 5792 diximus
1539 5719 1609 5773 ad
1647 5720 1800 5792 epis-

130 5779 458 5872 9311:2131.
485 5779 828 5872 gjusieti‘am
862 5790 1000 5841 sunt
1031 5779 1150 5872 tres
1179 5785 1432 5872 epistolae
1465 5779 1796 5872 sequentes.

129 5850 204 5908 Ut
224 5850 467 5911 mirum
485 5850 654 5911 valde
675 5857 754 5919 sit
769 5857 827 5912 id
847 5872 961 5914 non
979 5850 1450 5916 animadversum
1469 5878 1502 5916 a
1517 5850 1657 5920 viris
1668 5879 1802 5920 ocu-

1941 3728 2154 3784 nostris
2184 3729 2358 3784 rebus
2406 3727 2598 3783 locum
2631 3743 2864 3799 semper
2893 3730 3089 3798 patere
3119 3725 3447 3781 credamus.
3481 3725 3594 3782 Ex-

1937 3816 2137 3889 plicari
2170 3821 2364 3872 autem
2398 3817 2488 3870 vix
2519 3819 2710 3888 potest
2739 3832 2916 3887 quam
2950 3814 3138 3870 simus
3167 3814 3356 3887 parati
3386 3819 3589 3871 vestra:

1934 3905 2239 3972 voluntati,
2265 3906 2312 3961 si
2345 3905 2483 3977 quid
2509 3905 2714 3976 jubere
2746 3903 3090 3976 dignemini,
3117 3903 3518 3976 obtemperare
3537 3907 3594 3960 et

1936 3995 2240 4068 condignis
2266 3993 2663 4050 excellentiam
2696 3997 2949 4048 vestram
2973 3993 3270 4064 obsequiis
3290 3993 3588 4066 prosequi.

1935 4083 2192 4152 Interim,
2245 4085 2398 4154 quod
2442 4081 2724 4149 valemus,
2775 4081 3187 4137 devotissimas
3233 4097 3432 4152 preces
3480 4081 3590 4137 Do-

1933 4173 2094 4228 mino
2114 4177 2224 4226 Deo
2244 4175 2444 4226 nostro
2463 4188 2566 4242 pro
2582 4174 2774 4226 vestra
2785 4169 2975 4225 salute
2992 4173 3165 4240 atque
3182 4169 3588 4240 prosperitate,

1931 4278 2109 4333 quam
2141 4265 2196 4315 et
2226 4264 2485 4314 nostram
2535 4258 2831 4324 ducimus,
2867 4257 3265 4312 indesinenter
3306 4257 3587 4328 dependi-

1932 4349 2205 4406 mus.Vos
2229 4351 2424 4405 autem
2447 4346 2689 4420 accipite
2708 4345 2912 4401 iterum
2939 4343 3278 4418 petitionem
3302 4349 3584 4437 nostram,

1928 4580 2178 4637 tissimis
2209 4575 2811 4647 Sammarthanis,qui
2846 4571 3238 4647 nomen‘illius
3261 4573 3582 4644 praetermi-

1724 4673 1816 4712 ro-
1848 4649 1896 4715 D
1929 4658 2134 4709 serunt
2165 4653 2222 4706 in
2255 4649 2518 4721 catalogo
2551 4644 3338 4721 abbatum_B‘errariensium.

1997 4725 2067 4794 (b)
2100 4724 2260 4778 Zach.
2286 4723 2411 4776 abb.
2436 4713 2802 4794 Eonimz'srsztm.
2824 4715 3179 4794 Solemneiid
3209 4713 3578 4794 vocabulum,

1923 4787 2374 4866 quotiesdicere
2402 4790 2672 4866 volebant
2699 4789 2905 4866 datum
2935 4787 3576 4866 alicui__monasteripm

1927 4856 1960 4920 εἰ
1992 4865 2271 4937 principe,
2307 4869 2370 4917 ut
2401 4861 2517 4916 illic
2549 4860 2729 4937 abbas
2761 4858 3367 4937 esset,_ceuAdic_emus
3390 4856 3578 4937 intra.

1925 4929 2035 4993 Se'd
2069 4929 2330 4992 hoc-loco
2364 4951 2478 4989 non
2511 4931 2797 5003 accipitur
2825 4948 2892 4986 ea
2914 4929 3358 5003 significatione.
3373 4929 3582 5002 Agitur

1923 5010 2080 5065 enim
2111 5009 2179 5063 de
2210 5007 2416 5062 abbate
2463 5001 2716 5075 quodam
2768 5001 2991 5058 exsule"
3013 5018 3079 5075 ac
3123 5001 3451 5075 peregrino,
3483 5003 3578 5075 cui

1923 5097 2055 5134 cum
2091 5077 2289 5134 omnia
2317 5071 2650 5141 deﬁcerent,
2669 5075 2844 5130 etiam
2868 5091 2994 5145 quae
3017 5071 3192 5128 victui
3228 5071 3574 5139 necessaria,

1922 5169 1956 5206 a
1983 5150 2185 5206 Carolo
2219 5164 2349 5220 rege
2380 5148 2600 5220 missus
2631 5151 2719 5200 est
2752 5145 3080 5220 Feri-arias;
3106 5147 3578 5220 praaceptumque

1920 5227 2009 5277 est
2061 5219 2245 5276 Odoni
2282 5213 2491 5273 “abbati
2527 5221 2584 5272 et
2614 5216 2918 5272 monachis
2950 5213 3121 5270 illius
3141 5213 3478 5270 monasterii
3513 5217 3577 5267 ut

1919 5309 2050 5348 eum
2085 5292 2388 5362 sociosque
2405 5290 2532 5360 ejus
2555 5287 2797 5362 alerent.
2815 5287 3315 5362 Itaquequoniam
3345 5299 3574 5362 monas-

1919 5364 2132 5418 terium
2167 5359 2530 5417 Ferr'aricnse
2561 5359 2608 5415 ei
2641 5359 2802 5414 oneri
2836 5359 3071 5415 ferendo
3118 5374 3223 5429 par
3262 5371 3374 5408 non
3425 5359 3568 5418 erat,

1917 5452 2016 5490 eos
2048 5434 2160 5489 alio
2192 5431 2344 5487 mitti
2375 5435 2580 5504 orant.‘
2608 5501 2619 5504 Α
2857 5501 2865 5504 _
2926 5501 2933 5504 _
3048 5498 3062 5504 _
3150 5497 3162 5504 _
3384 5493 3394 5504 ,

1987 5509 2056 5572 (c)
2091 5505 2150 5559 0.
2185 5504 2244 5558 Id
2277 5508 2364 5558 est
2395 5503 2535 5575 Odo,
2568 5500 2722 5575 idem
2769 5501 2868 5573 qui
2922 5501 2996 5575 in_
3031 5497 3260 5575 duabus
3288 5493 3569 5575 “epistolis

1914 5565 2335 5648 superioribus.
2358 5575 2418 5628 In
2441 5565 2912 5648 editionetafnen
2943 5565 3195 5623 Massoni
3222 5565 3450 5648 Odonis‘
3469 5583 3568 5621 no-

1915 5642 2045 5702 men
2076 5646 2362 5701 omissum
2413 5651 2502 5700 est
2546 5643 2652 5698 hoc
2702 5642 2864 5706 loco;
2898 5654 2999 5709 pro
3043 5651 3226 5709 eoque
3278 5642 3564 5709 scriptum

1915 5664 2045 5702 men
2076 5663 2362 5701 omissum
2413 5658 2502 5700 est
2547 5658 2652 5698 noc
2705 5658 2864 5706 loco;
2940 5658 2999 5691 ro
3043 5658 3226 5706 eoque
3278 5658 3564 5709 scriptum

1911 5719 2052 5790 Lupi
2107 5734 2320 5773 nomen
2372 5715 2481 5771 hoc
2542 5714 2712 5768 modo
2747 5728 2759 5766 :
2799 5658 3056 5764 ιτιίῶυἱεο
3089 5707 3287 5781 Lupus,
3320 5711 3566 5767 omnium

1908 5791 2185 5854 abbatum,
2215 5793 2321 5844 etc.
