3964 6168
214 314 313 375 493

1685 309 2112 372 EPISTOL/E.

3477 316 3595 377 494

210 445 262 500 in
288 443 479 509 altero,
510 442 777 499 videatur
804 441 862 496 in
896 441 1111 514 seipso,
1148 440 1488 497 videaturin
1521 440 1663 495 coelo
1694 458 1838 497 novo
1867 443 1920 510 Α
1951 448 2134 499 catur.
2170 444 3293 517 Przemonstratisverbissuperquorum
3308 447 3597 517 sententia

211 539 260 590 et
284 539 432 588 terra
460 549 608 587 nova
639 536 814 603 atque
847 531 905 586 in
940 530 1099 585 omni
1132 548 1257 603 qum
1287 535 1428 585 tunc
1462 529 1634 584 fuerit
1672 547 1836 585 crea-

212 628 326 678 tura
353 622 449 693 [de
496 622 676 678 Civil.
712 622 838 691 Dei,
874 619 977 674 lib.
1010 636 1147 685 xxn,
1182 636 1307 691 cap.
1340 620 1449 687 29).
1486 640 1513 666 ››
1548 619 1836 674 Hactenus

209 711 294 782 qui
350 710 470 765 haec
536 710 711 765 verba
772 707 1148 765 obscuritatis
1204 708 1434 778 pariant
1482 724 1598 762 non
1645 707 1832 761 video.

208 798 410 872 Quippe
444 797 808 854 clarissimus
841 794 1447 868 auctor,quiadivina3
1481 795 1835 850 ructoritatis

207 887 761 956 observantissimus,
796 885 1295 958 quemadmodum
1320 884 1398 939 sit
1430 885 1661 939 futurus
1680 884 1833 939 Deus

206 976 382 1032 omnia
412 976 471 1030 in
502 975 776 1030 omnibus
807 974 1103 1046 cepiosius
1133 973 1421 1045 explicat;
1446 972 1831 1044 scilicetquod

205 1065 382 1121 electis
413 1064 611 1119 divina
639 1064 827 1137 gratia
858 1063 930 1118 ad
958 1062 1279 1134 angelicam
1306 1062 1587 1134 provectis
1601 1061 1834 1132 aequali-

203 1159 381 1221 tatem,
412 1159 636 1209 remoto
670 1153 931 1226 pristinae
964 1153 1306 1226 ignorantiae
1357 1151 1577 1219 nubilo,
1614 1153 1712 1208 59
1750 1168 1835 1207 se-

204 1244 501 1315 metipsum
533 1242 701 1315 plene
731 1242 1166 1305 manifestet,ac
1191 1258 1299 1297 sua
1320 1240 1832 1297 inetl’abilivisione

200 1333 248 1388 in
284 1335 632 1405 perpetuum
683 1330 994 1401 beatificet,
1028 1335 1306 1402 tantaque
1346 1347 1463 1385 suae
1512 1329 1832 1401 praesentiae

200 1421 431 1476 laetificet
465 1418 752 1476 evidentia
782 1424 847 1474 ut
877 1419 1345 1490 uniuscujusque
1376 1418 1617 1490 spiritus
1658 1418 1831 1472 dubi-

199 1516 300 1565 tare
326 1526 444 1564 non
482 1509 668 1581 possit
692 1508 834 1580 quin
869 1507 1040 1563 nobis
1063 1512 1119 1562 et
1142 1506 1383 1578 reliquis
1406 1507 1623 1562 sanctis
1642 1507 1830 1561 omni-

196 1600 290 1654 bus
316 1599 460 1654 insit
490 1598 643 1653 Deus
679 1602 861 1669 atque
885 1596 1307 1651 cuilibetalicui
1329 1599 1638 1663 creatura);
1666 1596 1746 1649 ita
1768 1598 1833 1650 ut

197 1686 587 1743 rationabilem
620 1686 1027 1741 tantummodo
1060 1685 1150 1740 sui
1181 1685 1388 1740 notitia
1422 1684 1721 1757 glorificet,
1753 1684 1830 1738 ir-

194 1774 590 1832 rationabilem
620 1792 775 1839 vero,
802 1774 912 1830 hoc
944 1779 1053 1841 est,
1088 1778 1303 1829 terram
1336 1777 1393 1828 et
1419 1772 1650 1838 coelum,
1685 1790 1828 1844 prae-

193 1882 307 1922 sens
335 1865 565 1937 ubique
596 1867 755 1919 totus
772 1864 1154 1936 gubernando
1173 1863 1490 1918 contineat.
1509 1868 1588 1916 Ac
1605 1878 1708 1933 per
1723 1861 1829 1916 hoc

194 1952 514 2010 rationabili
548 1952 737 2008 aderit
766 1970 867 2024 per
901 1952 1166 2008 notitiam
1198 1956 1255 2008 et
1286 1950 1831 2023 praesentiam,irra-

193 2042 439 2100 tionabili
467 2059 573 2114 per
602 2041 789 2097 solam
822 2040 1192 2113 praesentiam
1229 2058 1240 2095 :
1277 2058 1404 2112 quae
1434 2044 1631 2095 tamen
1661 2039 1831 2111 longe

192 2132 551 2204 praestantius
585 2147 762 2203 quam
795 2147 949 2185 nunc
981 2130 1052 2185 ad
1068 2129 1383 2185 electorum
1410 2129 1705 2184 notionem
1731 2128 1829 2183 de-

191 2222 360 2286 ducta,
392 2225 456 2276 ut
472 2224 857 2292 augmentum
892 2218 1265 2287 scientize,ita
1294 2218 1468 2273 etiam
1499 2216 1830 2272 incremen-

189 2315 293 2364 tum
317 2308 619 2365 felicitatis
662 2309 889 2363 factura
918 2312 1027 2363 est.
1062 2307 1207 2361 Nam
1240 2312 1296 2361 et
1331 2323 1489 2361 nunc
1520 2305 1832 2377 praesentia

189 2416 281 2453 sua
306 2398 462 2470 regit
492 2396 704 2452 coelum
734 2400 791 2451 et
820 2400 1059 2461 terram,
1085 2395 1253 2465 cujus
1284 2393 1536 2448 veridica
1562 2410 1669 2448 vox
1699 2396 1788 2447 est
1814 2408 1826 2446 :

189 2489 398 2544 Catum
446 2493 502 2541 et
548 2492 778 2542 terram
817 2501 925 2557 ego
966 2482 1185 2552 impleo
1217 2486 1367 2548 (Jer.
1397 2484 1578 2552 xxm).
1615 2481 1727 2535 Sed
1759 2480 1829 2535 ad

188 2575 801 2650 comprehendendum
859 2573 1354 2646 quemadmoqum
1390 2575 1549 2626 totus
1577 2569 1637 2625 in
1669 2569 1827 2638 cmlo,

187 2672 329 2722 totus
378 2666 445 2720 in
496 2670 657 2721 terra
715 2664 813 2730 sit,
867 2662 1021 2718 acies
1072 2660 1287 2716 mentis
1336 2665 1546 2715 DOSiPtB
1597 2659 1827 2731 caligat,

189 2754 439 2827 quandiu
470 2769 682 2825 corpus
692 2753 847 2826 quod
860 2752 1558 2822 cowampituraggruwt
1571 2750 1831 2805 animam

184 2849 332 2919 (Sep.
364 2848 471 2912 Ix),
504 2859 579 2899 ne
610 2846 831 2897 natura:
864 2858 982 2896 suae
1015 2839 1130 2894 vim
1160 2838 1332 2893 licere
1362 2843 1533 2910 queat
1581 2854 1828 2893 exerere.

189 2934 336 2998 Quod
365 2949 510 2988 cum
540 2932 723 2987 totius
756 2928 1148 3002 corruptionis
1176 2944 1291 2983 non
1323 2926 1593 2981 molestia
1636 2927 1830 2997 modo,

188 3037 370 3076 verum
410 3020 591 3074 etiam
624 3018 960 3091 suspicione
975 3015 1146 3071 fuerit
1166 3013 1835 3086 liberatum,glorificata

189 3109 481 3177 duntaxat,
518 3125 635 3163 non
666 3111 893 3162 mutata
925 3109 1359 3176 natura(neque
1382 3103 1537 3158 enim
1570 3102 1705 3157 hinc
1727 3118 1834 3158 nos

1948 550 2063 587 non
2096 537 2160 587 ut
2189 532 2507 599 voluimus,
2540 535 2640 589 sed
2674 538 2737 588 ut
2767 533 3062 589 valuimus
3091 536 3208 603 (res
3238 534 3389 590 enim
3415 551 3594 606 quam

1946 620 2277 693 signiﬁcant
2323 622 2936 693 incomprehensibilis
2982 627 3113 691 est),
3147 622 3373 678 diutule
3414 622 3591 679 locuti

1945 727 2172 776 sumus,
2218 709 2374 765 idem
2416 710 2705 766 mirabilis
2754 715 2960 766 auctor
3018 712 3268 783 subjecit
3322 712 3586 786 (August.

1944 798 2077 853 ibid.
2105 800 2120 871 )
2156 816 2168 853 :
2205 821 2232 847 ‹‹
2264 799 2333 853 Et
2354 816 2456 871 per
2486 816 2729 871 corpora
2757 799 2816 854 in
2847 800 3008 855 omni
3039 816 3298 872 corpore,
3332 817 3592 872 quocun-

1944 905 2055 959 que
2085 887 2301 943 fuerint
2330 887 2608 959 spiritalis
2633 887 2889 960 corporis
2910 888 3062 943 oculi
3080 888 3200 944 acie
3216 889 3588 961 perveniente

1942 977 2163 1031 directi.
2201 997 2228 1025 »
2262 976 2364 1031 Hic
2387 975 2473 1031 vel
2502 994 2710 1048 parum
2743 976 3004 1032 saeculari
3035 977 3362 1033 litteratura
3390 978 3583 1035 imbu-

1940 1069 2037 1120 tus
2066 1082 2235 1121 nemo
2267 1065 2497 1120 dubitat
2528 1083 2559 1120 a
2592 1067 2889 1121 communi
2921 1066 3416 1134 subaudiendum,
3449 1072 3585 1125 etut

1938 1155 2205 1209 videatur
2234 1154 2441 1225 spiritu
2465 1171 2566 1226 per
2595 1170 2837 1226 corpora
2866 1155 2924 1209 in
2955 1155 3113 1210 omni
3155 1172 3412 1229 corpore.
3446 1157 3581 1230 Opi-

1940 1244 2175 1299 nionem
2200 1245 2355 1298 enim
2388 1242 2570 1311 illam,
2586 1247 2652 1298 ut
2670 1242 2851 1297 videri
2872 1244 3223 1315 possitDeus
3247 1245 3580 1302 carnalibus

1939 1332 2274 1398 oculis,nisi
2308 1331 2531 1403 aliquid
2565 1332 2778 1387 mentis
2809 1332 3326 1406 obtinuerint,ipse
3341 1335 3583 1391 manife-

1940 1421 2199 1476 stissime
2226 1424 2499 1476 removet.
2534 1420 2679 1487 Quid
2712 1438 2845 1477 vero
2867 1420 2927 1476 in
2958 1438 3022 1477 eo
3043 1421 3290 1478 voluerit
3332 1422 3580 1496 intelligi

1940 1511 2094 1581 quod
2127 1510 2346 1578 ait,per
2372 1526 2613 1579 corpora
2642 1511 2704 1565 in
2725 1511 2887 1565 omni
2905 1526 3164 1582 corpore,
3179 1512 3582 1584 scrupulosius

1941 1598 2120 1669 quaeri
2151 1604 2368 1670 posset,
2404 1598 2517 1653 nisi
2556 1599 2820 1654 eamdem
2855 1615 2998 1665 rem,
3028 1599 3289 1656 adhibita
3326 1603 3581 1672 quadam

1939 1686 2343 1755 similitudine,
2364 1688 2812 1759 prmstruxisset.
2829 1687 3087 1759 Denique
3098 1687 3582 1763 praemisit(Aug.,

1939 1776 2013 1832 de
2048 1776 2218 1831 Civit.
2252 1777 2385 1841 Dei,
2421 1775 2520 1830 lib.
2554 1793 2691 1843 xxn,
2728 1793 2855 1848 cap.
2888 1776 2979 1848 29)
3009 1793 3021 1830 :
3058 1798 3086 1827 ‹‹
3118 1776 3311 1832 Vitam
3342 1778 3581 1850 quidem

1940 1882 2109 1920 suam
2129 1864 2349 1932 »(haud
2379 1865 2473 1919 6|
2511 1864 2760 1919 dubium
2793 1864 2937 1936 quin
2969 1864 3277 1937 spiritus)«
3298 1883 3583 1939 quanunc

1937 1953 2076 2009 vivit
2124 1953 2182 2007 in
2234 1970 2491 2025 corpore,
2525 1958 2583 2007 et
2631 1953 2751 2008 haec
2782 1957 3011 2009 terrena
3042 1955 3307 2011 membra
3332 1961 3580 2028 vegetat,

1940 2042 2194 2114 facitque
2224 2042 2491 2108 viventia,
2523 2041 2795 2098 interiore
2815 2058 2993 2097 seusu
3018 2042 3267 2115 quisque
3315 2060 3430 2099 non
3481 2061 3586 2117 per

1940 2148 2247 2203 corporeos
2275 2130 2473 2186 oculos
2504 2130 2679 2185 novit.
2694 2129 2953 2185 Aliorum
2975 2148 3109 2186 vero
3131 2131 3297 2200 vitas,
3315 2148 3448 2187 cum
3464 2133 3585 2188 sint

1940 2219 2286 2286 invisibiles,
2319 2236 2422 2291 per
2469 2235 2681 2291 corpus
2722 2218 2899 2274 videt.
2935 2219 3081 2274 Nam
3134 2220 3288 2275 unde
3330 2220 3585 2277 viventia

1939 2307 2332 2364 discernimus
2366 2324 2401 2362 a
2430 2324 2545 2362 non
2568 2306 2894 2362 viventibus
2925 2307 3317 2379 corpora,nisi
3341 2325 3586 2382 corpora

1943 2397 2122 2453 simul
2150 2397 2418 2468 vitasque
2447 2395 2770 2463 videamus,
2798 2412 2944 2468 quas
2975 2395 3089 2452 nisi
3120 2413 3223 2469 per
3261 2414 3472 2471 corpus
3500 2398 3583 2454 vi-

1939 2488 2072 2542 dere
2106 2503 2219 2540 non
2251 2502 2567 2557 possumus
2584 2484 2652 2539 Ἰ»
2667 2483 2967 2555 Siquidem
3000 2485 3108 2541 hac
3135 2486 3263 2557 ejus
3292 2486 3589 2544 tamlucu-

1940 2575 2098 2630 lenta
2128 2573 2417 2629 sententia
2446 2572 2743 2646 colligitur
2764 2573 3044 2646 quodper
3070 2575 3586 2645 corpora,h06est,

1942 2681 2043 2737 per
2088 2662 2347 2735 corporis
2386 2660 2606 2730 oculos,
2642 2664 2707 2718 in
2752 2665 2915 2718 omni
2943 2679 3209 2733 corpore,
3243 2665 3397 2736 quod
3430 2666 3588 2721 idem

1941 2752 2347 2823 conspexerint
2377 2750 2551 2815 oculi,
2587 2750 2871 2806 videndus
2904 2750 2979 2806 sit
3003 2752 3177 2819 Deus,
3210 2770 3326 2808 non
3378 2754 3437 2808 in
3482 2770 3590 2810 sua

1942 2842 2456 2913 substantia,quod
2480 2840 2847 2913 privilegium
2880 2841 3112 2913 spiritui
3133 2844 3587 2910 reservatur,sed

1942 2934 1999 2987 in
2033 2930 2470 2987 evidentissima
2499 2929 2939 2999 gubernationis
2956 2930 3288 3001 praesentia.
3304 2931 3398 2986 Sic
3428 2931 3585 2987 enim

1942 3037 2075 3077 cum
2106 3037 2209 3092 per
2237 3035 2448 3075 sensus
2477 3033 2783 3088 corporeos
2813 3017 2962 3074 vitas
2993 3017 3242 3073 aliorum
3263 3017 3324 3073 in
3346 3036 3586 3092 corpore

1942 3111 2260 3176 intuemur,
2290 3124 2402 3162 non
2434 3106 2584 3161 vitas
2618 3105 2940 3162 invisibiles
2979 3106 3331 3179 aspicimus;
3357 3108 3455 3164 sed
3487 3125 3585 3164 eas

190 3216 364 3254 errare
415 3197 692 3269 permisit
737 3196 835 3268 qui
893 3195 973 3251 ait
1008 3213 1020 3249 :
1054 3196 1325 3265 Palpate,
1358 3202 1413 3247 et
1454 3192 1646 3247 videte
1691 3193 1833 3264 quia
1862 3174 1905 3239 (ἶ
1944 3204 2141 3254 tamen
2174 3198 2363 3252 inesse
2408 3194 2812 3250 vivificationis
2854 3174 3118 3267 potentia
3154 3174 3423 3253 dubitare
3472 3214 3587 3253 non

188 3290 420 3358 spiritus
452 3303 690 3342 carnem
724 3290 777 3339 et
808 3301 941 3339 assa
975 3302 1089 3339 non
1122 3284 1484 3352 habet,sz‘cul
1517 3299 1605 3337 me
1626 3282 1837 3337 videtis

192 3377 385 3432 habere
444 3376 602 3447 [l.uc.
651 3374 850 3445 xx1v]),
900 3378 1241 3444 tantamque
1279 3388 1411 3426 cum
1462 3370 1690 3442 spiritu,
1741 3372 1836 3424 cui

191 3482 332 3521 nunc
392 3467 707 3538 repugnat,
752 3461 1025 3518 habuerit
1082 3459 1450 3516 concordiam
1501 3464 1558 3513 et
1606 3475 1738 3512 cum
1771 3473 1837 3512 eo

191 3555 460 3628 deinceps
491 3570 596 3609 nec
624 3552 764 3608 velit
793 3568 1032 3624 peccare
1057 3566 1160 3605 nec
1182 3549 1388 3621 possit,
1413 3547 1567 3603 idem
1597 3546 1838 3618 spiritus

190 3643 295 3699 Deo
325 3662 439 3700 suo
475 3648 614 3698 tunc
644 3657 776 3697 vere
806 3640 1165 3705 inheerendo,
1197 3654 1380 3692 unum
1414 3654 1549 3691 cum
1597 3653 1663 3692 eo
1705 3636 1839 3691 effe-

192 3738 327 3799 ctus,
344 3731 570 3789 intueri
594 3728 913 3785 merebitur
926 3727 1313 3783 habitatorem
1328 3725 1417 3781 sui
1436 3725 1841 3796 similiumque

192 3827 614 3888 creaturarum,
667 3822 1009 3874 czeterarum
1060 3832 1193 3871 vero
1244 3818 1547 3897 rectorem.
1585 3815 1709 3869 llaec
1756 3817 1843 3869 est

192 3911 345 3979 visio,
372 3912 437 3967 in
475 3927 593 3983 qua
623 3908 846 3965 scilicet
876 3904 1170 3963 constabit
1198 3909 1255 3961 et
1286 3903 1756 3961 securafecilitas
1786 3907 1844 3959 et

195 4000 316 4056 felix
370 4000 685 4068 securitas,
732 3997 825 4054 cui
882 3996 1142 4051 videndae
1184 3993 1383 4051 oculos
1413 4012 1528 4050 non
1562 3995 1840 4066 corporis,

195 4090 286 4144 sed
333 4088 557 4154 cordis,
597 4087 707 4143 hoc
751 4090 839 4142 est
879 4082 1118 4151 mentis,
1153 4084 1255 4138 60
1308 4081 1583 4138 mundari
1632 4082 1846 4138 veritas

197 4179 453 4252 praecipit
486 4194 499 4232 :
528 4177 716 4246 Beati,
751 4174 965 4246 inquit,
986 4172 1199 4229 mundo
1230 4173 1715 4244 corde,quonimu
1731 4172 1848 4241 ipsi

197 4272 371 4324 Deum
405 4267 685 4323 videbunt
717 4263 936 4337 (Matth.
962 4262 1037 4334 v).
1070 4260 1418 4333 Hujusmodi
1448 4277 1579 4316 vero
1604 4260 1847 4315 munda-

198 4357 411 4412 tioncm
449 4356 597 4410 ﬁdes
626 4354 721 4409 hie
751 4352 1005 4420 inchoat,
1023 4350 1140 4405 illic
1164 4349 1419 4405 charitas
1451 4353 1846 4405 consummat.

196 4446 331 4502 Nam
380 4460 711 4518 quousque
740 4442 983 4497 aﬂectus
1014 4444 1214 4495 noster
1250 4438 1441 4494 dicere
1462 4439 1576 4494 Deo
1624 4437 1845 4511 possit:

1942 3303 2280 3360 possumus,
2316 3285 2429 3339 Nec
2462 3284 2841 3339 sustinebunt
2869 3284 3194 3356 quidquam
3225 3285 3593 3343 contumeliae

1945 3373 2117 3441 oculi,
2151 3373 2200 3427 si
2231 3371 2441 3444 spiritu
2479 3373 2657 3426 Deum
2688 3370 2909 3442 ubique
2940 3374 3287 3443 praesentem
3330 3388 3593 3445 compre-

1947 3463 2254 3528 hendente,
2282 3460 2362 3514 illi
2390 3478 2523 3516 eum
2558 3460 2967 3516 tantummodo
2994 3460 3053 3514 in
3085 3459 3594 3533 corporibun,quo

1947 3551 2261 3607 direxerint
2292 3550 2495 3619 aciem,
2517 3550 3014 3621 quemadmodum
3048 3549 3321 3620 superius
3345 3549 3595 3617 ostendi,

1949 3638 2441 3714 poteruntintueri
2461 3638 2641 3706 ;sicut
2658 3655 2846 3709 neque
2872 3654 3027 3693 nunc
3042 3638 3346 3709 patiuntur
3376 3637 3598 3710 aliquid

1947 3727 2304 3800 ignominiaa,
2319 3744 2452 3781 cum
2476 3743 2654 3781 sensu
2677 3726 2910 3780 aurium
2929 3724 3342 3781 dulcissimum
3357 3725 3602 3798 quemli-

1949 3818 2045 3871 bet
2074 3832 2285 3872 sonum
2312 3815 2595 3887 capiente,
2616 3813 2729 3886 ipsi
2760 3813 2915 3870 intra
2941 3818 3128 3871 metas
3160 3814 3380 3887 proprii
3398 3830 3602 3870 mune-

1951 3906 2032 3962 ris
2074 3904 2438 3960 cohibentur.
2482 3903 2586 3959 Hic
2629 3920 2663 3958 a
2712 3920 2804 3959 me
2856 3907 3221 3960 monstratus
3267 3902 3600 3960 intellectus

1952 3993 2191 4067 capituli
2222 3993 2496 4049 omnibus
2528 3996 2583 4049 te
2614 4010 2762 4065 quas
2796 3992 3153 4064 proposuisti
3204 3993 3599 4065 quaestionum

1953 4082 2243 4157 angustiis
2283 4081 2593 4148 liberabit;
2628 4081 2780 4136 inter
2828 4097 2954 4152 quae
3009 4081 3184 4136 etiam
3232 4079 3419 4136 oeulis
3454 4079 3600 4136 nihil

1955 4170 2145 4229 simile
2187 4170 2400 4225 mentis
2439 4168 2795 4224 habentibus
2837 4168 2897 4222 in
2947 4168 3151 4239 quovis
3202 4184 3460 4241 corpore,
3493 4182 3600 4223 nec

1955 4260 2206 4333 proprie,
2242 4275 2346 4313 nec
2378 4258 2645 4329 figurate,
2665 4262 2846 4311 Deum
2862 4256 2981 4311 fore
3003 4255 3385 4329 consplcuum
3414 4255 3602 4312 decla-

1957 4349 2128 4404 rabit.
2158 4348 2421 4418 Namque
2451 4344 2866 4416 proprietatem
2900 4344 3028 4416 ejus
3061 4344 3392 4418 cognitione
3434 4342 3604 4417 spiri-

1954 4443 2053 4494 tus
2076 4436 2189 4493 sibi
2221 4433 2475 4508 dignitas
2498 4433 2837 4490 vindicabit.
2873 4433 3036 4497 Quod
3064 4438 3260 4489 autem
3314 4436 3436 4489 tam
3486 4431 3605 4489 evi-

196 4537 344 4605 Quid
358 4536 517 4591 mihi
532 4539 612 4589 est
627 4533 687 4588 in
707 4530 1215 4603 cato,etatequid
1235 4530 1393 4584 volui
1410 4530 1854 4601 superterram?
1884 4547 1929 4612 Β
1959 4528 2162 4584 denter
2192 4528 2492 4581 creaturas
2524 4539 2664 4578 suas
2696 4521 2891 4612 divina
2920 4526 3081 4596 reget
3128 4521 3409 4593 majestas
3439 4525 3505 4577 ut
3534 4536 3606 4577 ne

196 4627 361 4693 (Psal.
402 4623 605 4695 ωηο.)
636 4622 746 4677 hoc
778 4624 885 4686 est,
923 4617 1185 4692 quandiu
1225 4617 1282 4672 in
1317 4616 1568 4672 cmlestis
1600 4616 1852 4687 alicujus

195 4718 477 4769 creaturae
512 4710 776 4785 potentia
806 4709 895 4765 vel
935 4707 1286 4764 excellentiae
1320 4705 1849 4762 mundanzeillece-

194 4802 312 4871 bra,
342 4810 405 4859 et
460 4819 577 4857 non
629 4801 688 4855 in
740 4800 875 4865 Deo,
910 4815 1087 4870 aquo
1139 4814 1347 4852 sumus
1398 4794 1639 4862 conditi,
1686 4811 1851 4865 spem

197 4898 405 4946 nostrae
440 4889 824 4947 beatitudinis
857 4886 1219 4960 reponimus,
1251 4901 1519 4958 grassum
1548 4883 1857 4956 glaucoma

194 4982 413 5036 nostris
444 4982 776 5036 obductum
810 4975 1001 5034 oculis
1026 4976 1533 5048 patimur.Atcum
1549 4971 1860 5029 salubriter

197 5084 261 5123 ea
311 5071 559 5125 sordere
613 5067 893 5141 cceperint
941 5083 1067 5138 qua
1099 5063 1262 5137 prius
1295 5064 1560 5117 animum
1595 5067 1858 5118 nostrum

194 5158 523 5228 perniciose
561 5162 665 5213 aut
704 5155 1021 5212 eludebant
1073 5152 1415 5225 opinionum
1469 5151 1722 5206 falsitate
1762 5155 1863 5207 aut

194 5246 572 5303 oblectabant
594 5245 786 5301 fallaci
809 5244 1097 5300 suavitate
1118 5241 1401 5315 paulatim
1428 5240 1527 5295 Dei
1552 5240 1861 5296 clementia

193 5334 508 5391 fatiscente
557 5334 828 5407 caligine,
879 5335 1076 5387 noster
1120 5330 1282 5387 visus
1338 5335 1742 5401 recuperatur,
1793 5348 1860 5387 ac

194 5423 531 5480 divinorum
562 5427 982 5495 praeceptorum
1011 5420 1068 5475 in
1101 5421 1225 5475 dies
1257 5418 1560 5475 exacuitur
1600 5418 1855 5489 collyrio,

193 5512 382 5568 donec
418 5511 683 5585 deposita
715 5508 1089 5566 mortalitatis
1132 5507 1383 5574 sarcina,
1421 5508 1490 5561 ad
1541 5507 1855 5562 videndum

191 5618 352 5675 eum,
374 5602 443 5660 in
467 5617 642 5679 quem
671 5604 793 5659 tota
822 5601 1013 5658 fuerat
1046 5595 1330 5656 translata
1360 5595 1626 5668 intentio,
1642 5595 1854 5671 perdu-

1962 4616 2162 4674 oculos
2194 4614 2430 4687 quidem
2453 4628 2760 4684 corporeos
2781 4610 2960 4667 latere
2982 4610 3186 4683 possit,
3211 4609 3357 4666 nihil
3380 4614 3610 4683 praster-

1959 4722 2134 4779 quam
2169 4704 2325 4775 quod
2356 4702 2578 4774 geritur
2607 4700 2937 4773 significare
2951 4700 3052 4757 62
3066 4699 3258 4755 omnis
3287 4698 3388 4771 qui
3418 4698 3609 4755 sobrie

1962 4795 2115 4867 sapit
2143 4792 2308 4848 facile
2336 4788 2597 4845 advertil.
2629 4789 2713 4843 Ad
2746 4787 2900 4843 hunc
2930 4788 3084 4844 enim
3116 4788 3333 4844 exitum
3359 4787 3610 4844 circum-

1972 4883 2211 4948 stantia,
2243 4880 2368 4936 sine
2399 4876 2838 4949 superstitionis
2865 4876 3185 4948 pervicacia
3221 4876 3610 4944 considerata,

1967 4969 2697 5038 cautuminstructumque
2746 4964 3020 5022 lectorem
3068 4966 3415 5038 perducunt.
3450 4963 3613 5031 Quod

1970 5062 2111 5117 adeo
2145 5057 2290 5113 mihi
2321 5058 2550 5112 constat
2578 5058 2640 5109 ut
2672 5054 2848 5110 etiam
2881 5054 3289 5111 beatissimum
3339 5052 3617 5127 Augusti-

1973 5166 2137 5213 num,
2191 5147 2239 5202 si
2288 5144 2674 5212 revivisceret,
2728 5143 2898 5199 aliter
2946 5160 3310 5217 quemquam
3360 5141 3617 5199 sensisse

1970 5238 2203 5295 credam
2236 5252 2351 5290 non
2383 5232 2752 5289 mediocriter
2781 5233 3081 5289 miratum.
3109 5232 3356 5289 Proinde
3387 5243 3619 5300 semper

1970 5326 2243 5384 solvendo
2276 5327 2333 5379 et
2349 5339 2651 5394 nunquam
2668 5320 3054 5394 persolvendo
3073 5319 3379 5377 charitatis
3401 5315 3616 5384 debito,

1969 5422 2043 5484 te,
2077 5412 2447 5487 suspiciende
2476 5413 2673 5481 frater,
2692 5410 2966 5467 exhortor
2987 5415 3053 5465 ut
3069 5422 3444 5481 nequaquam
3463 5404 3620 5462 ultra

1967 5506 2027 5560 in
2061 5503 2281 5560 talibus
2314 5506 2481 5557 tuum
2527 5500 2829 5573 ingenium
2873 5504 3182 5556 conteras:
3219 5513 3290 5551 ne
3331 5493 3426 5551 his
3463 5494 3621 5554 ultra

1966 5610 2143 5671 quam
2176 5594 2404 5668 oportet
2432 5594 2770 5666 occupatus,
2788 5590 2859 5647 ad
2882 5586 3117 5646 utiliora
3132 5584 3476 5663 vestiganda
3496 5582 3616 5651 sive
