3938 6160
177 390 288 453 497

1667 393 2099 460 EPISTOLJE.

3458 403 3583 471 498

177 524 555 601 (aiquidquid
578 525 840 582 muneris
862 526 1136 600 consequi
1162 527 1322 601 potui
1344 545 1443 602 per
1457 547 1557 586 vos
1571 530 1817 586 offcren-
1847 533 1904 598 Α
1934 532 2369 589 admonendum
2402 536 2510 604 est,
2546 552 2617 592 ne
2648 536 2813 606 forte,
2848 538 3003 612 quod
3027 537 3198 610 absit,
3233 555 3411 614 quam
3442 506 3585 599 inte;

176 618 307 673 dum
320 615 529 671 direxi:
544 616 697 687 quod
712 618 943 689 gratum
967 616 1038 684 ei,
1059 616 1213 672 sicut
1227 618 1370 673 mihi
1393 618 1661 691 expedire
1673 619 1823 674 vide-

175 707 261 772 tis,
277 723 474 779 quzeso
494 705 819 778 dignamini
836 706 1182 761 facere.Ideo
1196 711 1391 763 autem
1407 708 1519 763 dixi
1539 707 1619 763 illi
1635 725 1728 764 me
1741 712 1824 764 to-

173 802 288 851 tum
319 796 475 867 quod
500 794 760 850 invenire
779 793 1093 850 valuissem
1117 796 1368 851 ﬁdeliter
1398 797 1631 852 misisse
1664 798 1819 869 quod

174 887 400 957 propter
428 885 559 955 ejus
590 884 863 955 frequens
883 884 1205 952 servitium,
1240 887 1391 956 quod
1427 886 1590 958 prius
1621 904 1655 942 a
1685 905 1824 960 prae-

173 973 495 1029 cessoribus
548 973 695 1028 meis
743 989 857 1027 non
910 972 1267 1045 exigebatur,
1302 979 1359 1029 et
1399 979 1635 1047 propter
1663 975 1821 1031 cellae

172 1069 370 1118 nostrae
401 1061 886 1128 subtractionem,
930 1067 986 1116 et
1022 1063 1297 1117 frumenti
1332 1067 1467 1118 ante
1500 1064 1821 1120 inauditam

172 1151 497 1225 penuriam,
532 1149 729 1206 omnia
749 1151 875 1220 jam
909 1150 1193 1206 exhausta
1226 1156 1384 1217 sunt,
1416 1152 1496 1207 ita
1528 1156 1591 1207 ut
1620 1153 1824 1225 empti-

172 1242 241 1297 tio
272 1241 575 1296 frumento
607 1240 813 1295 fratres
836 1240 963 1311 jam
999 1257 1198 1296 mense
1231 1241 1457 1312 integro
1490 1245 1825 1298 sustenten-

172 1336 277 1399 tur,
310 1331 519 1386 eodem
554 1332 716 1383 tanta
746 1328 1074 1400 prolixitate
1096 1346 1282 1400 usque
1311 1330 1382 1384 ad
1416 1346 1594 1385 novas
1625 1330 1822 1404 fruges

169 1419 368 1475 victuri
398 1437 411 1486 ;
446 1435 551 1473 nec
574 1418 928 1473 suffecerunt
949 1435 1076 1489 quae
1101 1418 1171 1473 ad
1196 1435 1538 1474 communes
1560 1437 1705 1475 usus
1727 1437 1827 1492 pa-

170 1514 286 1566 rata
336 1508 608 1574 fuerant;
660 1508 760 1562 sed
794 1511 1040 1579 urgente
1094 1507 1412 1563 inevitabili
1456 1509 1824 1564 necessitate»

170 1597 524 1673 paucissima
550 1612 691 1650 vasa
734 1599 792 1650 et
822 1599 1029 1651 caetera
1059 1600 1399 1651 ornamenta
1434 1596 1687 1652 ecclesia:
1720 1614 1823 1651 no-

168 1692 318 1752 strae,
340 1682 679 1738 dolentibus
692 1682 990 1753 omnibus,
1006 1682 1416 1738 distrahuntur
1453 1686 1586 1749 Quae
1606 1701 1823 1757 resquo

166 1774 468 1839 redundet,
491 1777 548 1826 et
577 1775 862 1844 quantum
901 1772 1196 1843 publicam
1230 1773 1675 1844 prosperitatem
1711 1775 1819 1829 im-

164 1864 357 1937 pedire
388 1861 596 1935 possit,
629 1877 735 1916 nec
766 1861 1067 1916 admonita
1087 1866 1278 1917 vestra
1309 1862 1462 1917 videt
1486 1863 1815 1934 prudentia.

165 1953 408 2009 Proinde
436 1956 691 2006 vestram
723 1949 965 2022 supplex
994 1950 1240 2023 imploro
1287 1951 1559 2023 pietatem
1599 1957 1663 2007 ut
1694 1953 1815 2025 regi

164 2059 319 2099 meas
351 2046 413 2096 et
442 2040 687 2095 fratrum
720 2040 1116 2108 necessitates,
1151 2041 1267 2095 imo
1291 2041 1419 2111 jam
1451 2058 1615 2095 veras
1649 2042 1818 2097 mise-

161 2133 271 2187 rias
303 2129 605 2203 aperiatis,
626 2133 1008 2201 suggerentes
1032 2132 1095 2183 ut
1115 2130 1270 2201 quod
1303 2132 1409 2185 suo
1440 2130 1693 2186 maxime
1716 2149 1813 2203 pe-

160 2220 342 2277 riculo
372 2219 435 2274 in
483 2219 720 2274 beatum
754 2218 987 2273 Petrum
1020 2222 1075 2273 et
1105 2235 1211 2273 nos
1262 2218 1412 2286 fecit,
1447 2218 1559 2273 voti
1593 2236 1817 2275 memor

165 2311 313 2383 quod
334 2325 399 2364 se
422 2310 498 2379 (b)
516 2308 625 2363 hoc
647 2323 798 2361 anno
810 2306 1107 2379 obligavit,
1131 2308 1365 2361 tandem
1386 2306 1817 2379 aliquandoim-

163 2405 393 2455 mutare
423 2396 715 2469 dignetur,
749 2400 813 2450 ut
844 2400 900 2450 et
947 2396 1270 2467 principem
1316 2396 1712 2469 apostolorum
1754 2398 1813 2453 in

164 2490 283 2546 suis
318 2487 496 2542 rebus
527 2484 723 2540 dubiis
755 2485 1102 2555 adjutorem,
1128 2489 1184 2541 et
1206 2502 1311 2540 nos
1333 2503 1534 2540 omnes
1556 2503 1624 2541 ex
1643 2488 1816 2543 corde

164 2578 349 2651 possit
376 2576 593 2631 habere
641 2573 1079 2629 intercessores.
1114 2575 1311 2645 Neque
1341 2575 1499 2629 enim
1551 2580 1814 2631 contem-

164 2684 297 2722 nere
327 2666 499 2720 debet
531 2663 821 2719 orationes
855 2680 1152 2718 servorum
1175 2662 1427 2731 Domini,
1452 2680 1583 2719 cum
1606 2665 1675 2720 de
1698 2682 1814 2720 uno

159 2755 421 2829 quolibet
440 2754 606 2824 justo
632 2752 885 2807 dicitur:
924 2753 1159 2809 Multum
1190 2754 1327 2807 valet
1354 2753 1658 2824 deprecatio
1683 2754 1817 2818 iusti

158 2845 385 2901 assidua
410 2843 543 2912 (Jac.
578 2845 653 2909 v);
687 2845 743 2896 et
790 2842 859 2896 de
893 2840 1160 2913 pluribus
1208 2841 1437 2896 Domini
1490 2841 1813 2897 cultoribus

158 2952 321 2991 sacer
352 2933 587 2987 insonet
612 2930 910 3003 psalmus:
941 2931 1276 2985 Voluntatem
1309 2932 1623 2985 timentium
1653 2948 1709 2985 .sc
1727 2934 1812 2992 fa-

160 3028 270 3089 ciet,
319 3031 377 3079 et
419 3021 847 3092 deprecationem
889 3036 1075 3075 eorum
1121 3019 1379 3075 acaudiet
1404 3020 1571 3090 (Psal.
1607 3024 1810 3088 cxuv).

162 3114 265 3169 Nec
298 3113 376 3167 de
414 3110 596 3165 nostri
622 3109 1043 3164 instauratione
1064 3108 1308 3163 cmnohii
1340 3112 1591 3172 tantum,
1612 3125 1813 3163 verum

161 3201 330 3259 etiam
366 3201 441 3254 de
489 3197 669 3253 totius
723 3197 989 3253 Ecclesiae
1017 3198 1118 3253 66
1148 3202 1305 3252 statu
1356 3196 1601 3253 sollicite
1650 3197 1815 3253 vobis

231 3327 305 3393 (τι)
339 3322 631 3397 Quidquid
660 3323 923 3377 muneris.
956 3322 1017 3376 In
1052 3338 1228 3393 regno
1262 3322 1616 3397 Francorum
1668 3339 1811 3376 non-

165 3397 321 3453 nulla
364 3394 476 3466 per
512 3394 620 3449 eas
649 3397 1026 3466 tempestates
1065 3398 1229 3466 erant
1284 3394 1640 3448 monasteria
1686 3411 1813 3466 qua:

166 3468 277 3539 regi
310 3464 610 3539 debebant
637 3465 791 3539 dona
820 3464 1198 3539 etmilitiam,
1235 3468 1485 3539 ut_p_atet
1523 3465 1815 3539 ex___veteri

166 3534 385 3595 Notitia
413 3555 448 3591 a
477 3536 787 3593 Sirmondo
815 3536 971 3591 edita
1005 3536 1061 3589 in
1092 3540 1250 3590 tomo
1302 3534 1375 3590 lll
1425 3534 1813 3591 Conciliorum

166 3611 389 3677 Galliae,
421 3626 547 3680 quae
580 3608 710 3663 dein
742 3624 943 3680 recusa
972 3612 1060 3662 est
1091 3624 1124 3661 a
1155 3606 1503 3680 Duchesnio.
1550 3607 1813 3680 Idipsum

165 3683 328 3737 docet
345 3678 527 3736 etiam
546 3682 748 3733 auctor
764 3678 1018 3733 ineditus
1035 3678 1351 3732 Annalium
1373 3678 1814 3743 Anianensium,

166 3753 255 3809 his
281 3750 520 3808 verbis:
564 3750 742 3805 Erant
790 3749 963 3804 etiam
1023 3750 1288 3821 quaedam
1346 3750 1704 3821 monasteria
1751 3767 1814 3821 ex

167 3826 266 3892 eis,
299 3838 552 3879 munera
603 3820 989 3891 militiamque
1039 3820 1389 3875 exercentes.
1412 3841 1463 3892 7»,
1490 3820 1678 3892 Inrhis
1710 3820 1819 3874 fuit

171 3895 559 3959 Ferrariense,
586 3896 649 3947 ut
676 3892 961 3947 discimus
981 3907 1046 3946 ex
1069 3892 1269 3946 eadem
1293 3891 1527 3957 Notitia,
1562 3891 1819 3963 itemque

169 3984 231 4043 ex
249 3963 522 4039 epistolis
544 3963 713 4043 _Lupi.
738 3963 858 4043 Quo
882 3964 1073 4043 fiebat,
1098 3962 1671 4043 oliinor,_utsingulis
1695 3962 1820 4043 qui-

170 4033 593 4110 busquegannis
611 4033 971 4110 incumberet
987 4033 1100 4110 illis
1123 4033 1819 4110 monasleriisnecessitas

168 4104 449 4164 oiferendi
483 4122 728 4161 munera
758 4104 1310 4177 principi,itemque
1337 4106 1391 4177 in
1416 4105 1820 4177 occasionibus

170 4180 502 4253 ingentium
527 4175 889 4248 sumptu—um.
926 4175 1165 4253 Afﬂictae
1197 4192 1332 4253 ergo
1356 4176 1664 4253 Carol_l__res
1690 4193 1821 4229 con—

171 4245 335 4307 suEta
369 4266 617 4328 munera
643 4245 960 4328 exegerunt
991 4264 1024 4301 a
1055 4249 1245 4328 Lupo.
1272 4245 1481 4301 Praeter
1513 4245 1611 4328 illa
1650 4263 1820 4328 porro

173 4321 532 4378 monasteria
562 4338 691 4391 quin
720 4319 837 4391 regi
887 4319 1038 4373 dona
1077 4318 1465 4391 militiamqre
1512 4318 1820 4383 debebunt,

171 4400 337 4449 erant
372 4390 615 4463 insuper
645 4390 759 4445 alia
780 4390 905 4462 qua)
926 4391 1278 4463 tenebantur
1308 4390 1376 4442 ad
1411 4390 1563 4443 dona
1595 4393 1821 4463 tantum

172 4464 297 4520 sine
316 4460 551 4518 militia.
574 4460 819 4516 Demum
840 4460 1117 4516 nonnulla
1138 4466 1299 4515 erant
1323 4478 1448 4531 qua:
1473 4482 1497 4507 ‹‹
1524 4477 1628 4531 nec
1650 4461 1821 4524 dona,

174 4552 275 4590 nec
308 4534 612 4599 militiam,
638 4533 737 4588 sed
762 4531 915 4587 solas
935 4532 1225 4587 orationes
1248 4530 1353 4601 pro
1370 4531 1558 4586 saluto
1581 4530 1825 4601 impera-

177 4608 316 4662 toris
347 4605 437 4659 vel
473 4604 725 4659 filiorum
758 4604 885 4674 ejus
935 4620 999 4656 ac
1030 4603 1343 4658 stabilitate
1392 4601 1617 4673 imperii
1648 4601 1823 4674 dene—

173 4678 339 4732 bant.
367 4700 398 4725 ››
429 4676 492 4730 In
525 4675 638 4740 bis,
670 4673 878 4746 praeter
904 4691 971 4746 ea
1029 4692 1155 4745 quae
1206 4677 1738 4746 commemorantur
1769 4673 1826 4726 in

173 4749 397 4803 Notitia
434 4747 605 4819 paulo
636 4743 1175 4819 superiuslaud‘ata,
1200 4745 1498 4819 fuitetiam
1520 4743 1828 4797 'I‘utelcnse

176 4819 231 4873 in
267 4817 798 4880 Lemovicibus,‘ut
842 4818 1015 4871 ﬁdem
1048 4817 1183 4871 facit
1216 4817 1270 4869 in
1322 4821 1670 4869 testamento
1721 4831 1827 4869 suo

173 4891 526 4954 Ademarus,
554 4889 875 4944 vicecomes
895 4888 1195 4942 Scalarum
1218 4892 1273 4941 et
1296 4888 1477 4941 abbas
1503 4886 1687 4941 laicus
1711 4902 1829 4940 mo—

177 4961 421 5017 nasterii
448 4959 798 5016 Tutelensis.
836 4982 863 5009 ‹‹
894 4959 1041 5013 Sunt
1071 4964 1264 5013 autem
1290 4957 1581 5022 monachi,
1614 4956 1827 5029 inquit,

174 5033 231 5087 in
258 5032 600 5088 munburdo
618 5031 771 5102 regis
792 5032 860 5085 ad
883 5030 1073 5085 locum
1093 5030 1316 5102 salvum
1339 5029 1687 5102 faciendum,
1714 5046 1829 5102 non

175 5104 505 5175 aII-aliquid
534 5100 1017 5175 persolvendum,
1044 5102 1156 5175 nisi
1185 5101 1337 5175 solas
1359 5100 1671 5175 orationes.
1704 5124 1727 5147 ν
1751 5100 1830 5154 De

176 5171 504 5231 Sarlatensi
530 5171 587 5228 in
624 5171 963 5229 Petrocoriis
994 5173 1167 5226 [idem
1201 5173 1337 5227 facit
1360 5172 1449 5226 his
1480 5172 1672 5225 verbis
1706 5177 1833 5225 Ber-

176 5247 425 5311 nardus,
457 5262 652 5300 comes
704 5244 1184 5306 Petrocoriorum,
1226 5243 1327 5314 qui
1381 5243 1488 5297 sub
1544 5242 1833 5297 Ludovico

175 5316 605 5373 Transmarino
637 5316 851 5379 ﬂoruit,
886 5319 1196 5386 postquam
1230 5314 1620 5386 praefatusest
1650 5331 1712 5369 se
1744 5330 1831 5386 re-

177 5394 451 5444 staurare
498 5386 642 5442 velle
691 5384 1109 5441 monasterium
1143 5384 1323 5439 illud:
1379 5384 1622 5456 «Igitur
1668 5385 1833 5439 trado

222 5459 496 5514 rzefatum
520 5458 712 5513 locum
734 5459 948 5513 domno
971 5456 1154 5511 Odoni
1177 5461 1231 5511 et
1262 5458 1474 5511 domno
1502 5456 1712 5510 Adario
1736 5456 1836 5510 ab-

222 5477 496 5514 ﬁculnum
522 5477 712 5513 locum
734 5477 948 5513 domno
971 5477 1154 5511 UGOIII
1177 5477 1231 5511 ει
1262 5477 1474 5511 (IUIDDU
1502 5477 1712 5510 Auut'lU
1736 5477 1836 5510 8U-

178 5477 424 5584 gatibus
440 5534 497 5610 et
517 5528 819 5610 monachis
840 5527 1198 5610 quosibivel
1224 5526 1570 5582 adduxerint
1590 5526 1675 5581 vel
1699 5544 1837 5580 ron-

178 5600 578 5674 gregaverint,
612 5606 677 5654 ut
707 5599 968 5654 videlicet
998 5599 1110 5671 ipsi
1152 5603 1207 5674 et
1238 5615 1836 5674 successoreseorum

181 5669 319 5728 fani
331 5672 661 5743 coenobium
682 5688 856 5743 quam
872 5669 1414 5743 omnemabbatiam
1434 5670 1559 5726 sine
1577 5669 1694 5723 ulla
1707 5686 1839 5724 con-

182 5742 542 5800 tradictione
562 5742 815 5807 teneant,
842 5747 905 5798 ut
926 5746 1056 5814 post
1086 5742 1316 5799 illorum
1343 5743 1669 5798 discessum
1695 5759 1838 5812 (ιυᾶ-

1843 3276 1886 3342 C

1860 4649 1904 4712 D

1931 636 2097 693 gram
2137 623 2379 695 accepit,
2430 623 2677 681 scissam
2737 626 2907 684 nobis
2956 628 3254 697 ﬂentibus,
3314 628 3584 688 hostibus

1931 714 2126 765 autem
2158 712 2286 781 ejus
2316 717 2433 768 tam
2462 713 2708 771 occultis
2739 733 2918 787 quam
2942 719 3270 776 manifestis
3291 719 3587 777 irridenti-

1932 799 2064 867 bus,
2098 800 2425 873 relinquere
2448 803 2853 875 compellatur.
2879 806 3113 863 Utinam
3146 808 3197 864 ei
3224 826 3338 865 non
3360 809 3587 866 contin-

1932 893 2031 961 gat
2062 891 2217 961 quod
2246 890 2400 945 Deus
2432 892 2557 947 suis
2603 895 3102 967 contemptoribus
3153 898 3583 955 comminatur:

1931 978 2060 1033 Sola
2090 982 2302 1035 vexatio
2350 982 2680 1037 intellectum
2727 983 2881 1038 dabit
2925 984 3143 1041 auditui
3188 986 3316 1058 (Isa.
3364 987 3583 1059 xxvm.)

1933 1067 2047 1123 Nec
2080 1067 2410 1139 experiatur
2440 1071 2593 1141 quod
2620 1071 2704 1125 ait
2730 1072 3041 1143 Apostolus
3066 1090 3079 1129 :
3112 1076 3465 1132 Horrendum
3506 1084 3589 1134 est

1934 1157 2173 1212 incidere
2220 1159 2279 1212 in
2324 1174 2522 1213 manus
2568 1162 2669 1215 Dei
2714 1162 2940 1217 viventis
2986 1163 3161 1233 (Hebr.
3189 1163 3267 1234 x).
3318 1164 3381 1219 In
3412 1180 3583 1237 expe-

1933 1244 2151 1301 ditione
2180 1245 2529 1318 Aquitanica
2558 1247 2721 1314 olim,
2768 1253 2835 1305 ut
2864 1250 3068 1319 nostis,
3103 1253 3300 1309 omnia
3331 1253 3578 1326 perdidi.

1935 1334 2314 1407 (c)Superiore
2327 1352 2480 1391 anno
2495 1336 3418 1411 missusinBurgundiam,decem
3431 1358 3582 1415 quos

1934 1423 2126 1479 amisi.
2151 1424 2317 1480 Nunc
2336 1441 2443 1480 nos
2464 1442 2641 1497 quam
2664 1425 2983 1498 signiﬁcavi
3004 1428 3215 1500 premit
3234 1430 3449 1503 inopia.
3474 1430 3583 1487 Cu-

1934 1511 2029 1584 pio
2051 1512 2249 1578 etiam,
2274 1512 2323 1568 si
2345 1513 2459 1569 Deo
2484 1513 2692 1585 placet,
2716 1515 2870 1587 quod
2892 1515 3067 1572 didici
3091 1520 3148 1572 et
3169 1534 3398 1591 semper
3418 1520 3583 1577 disco

1935 1601 2157 1657 docere.
2215 1602 2370 1665 Quas
2422 1619 2513 1658 res
2547 1604 2777 1674 (printer
2820 1603 3111 1674 ultimam,
3144 1622 3212 1661 ea
3241 1607 3397 1662 enim
3426 1608 3585 1665 velut

1934 1690 2097 1762 Reip.
2130 1690 2356 1746 inutilis
2383 1691 2773 1761 judicaretur,
2801 1710 2927 1765 quae
2958 1710 3086 1749 meo
3108 1694 3333 1765 judicio
3355 1700 3583 1754 caetera-

1931 1796 2063 1834 rum
2094 1782 2183 1835 est
2212 1780 2601 1852 gravissima),
2636 1782 2685 1836 si
2719 1798 2813 1837 me
2844 1798 3082 1838 evocare
3110 1783 3356 1840 voluerit
3384 1785 3456 1841 ad
3485 1802 3579 1843 oo-

1931 1868 2226 1937 mitatum,
2259 1868 2400 1941 regi,
2427 1886 2645 1941 quaeso,
2670 1871 2985 1943 suggerite,
3010 1872 3288 1943 quoniam
3311 1873 3423 1930 nisi
3446 1891 3581 1948 spo-

1927 1956 2063 2013 liem
2085 1958 2322 2029 aliquod
2345 1958 2546 2027 altare,
2571 1963 2673 2014 aut
2694 1960 2903 2015 fratres
2933 1961 3288 2033 importabili
3319 1962 3577 2037 affligam

1925 2046 2141 2111 inedia,
2160 2063 2276 2101 non
2294 2047 2478 2102 habeo
2500 2048 2655 2103 unde
2676 2051 2804 2103 octo
2828 2047 2953 2104 dies
2975 2049 3034 2104 in
3055 2050 3184 2121 ejus
3205 2052 3427 2122 possim
3450 2069 3579 2108 ver-

1925 2134 2041 2190 sari
2091 2135 2323 2191 servitio
2372 2136 2553 2191 donec
2603 2153 2760 2191 novae
2790 2136 2989 2210 fruges
3035 2142 3293 2210 optatam
3325 2141 3580 2197 referant

1926 2222 2281 2279 facultatem.
2306 2223 2429 2280 Nisi
2451 2229 2645 2280 autem
2668 2226 2889 2297 absque
2910 2226 3167 2298 periculo
3186 2229 3446 2300 possitis,
3472 2229 3579 2285 mi-

1926 2312 2184 2368 litarium
2204 2313 2508 2369 hominum
2534 2317 2868 2370 nostrorum
2892 2314 3025 2371 nolo
3046 2332 3147 2372 vos
3170 2317 3350 2373 otium
3378 2318 3580 2390 depre-

1925 2402 2063 2470 cari,
2098 2420 2437 2475 quanquam
2469 2407 2527 2458 et
2555 2402 2671 2458 illis
2692 2420 2870 2475 quam
2903 2403 2978 2459 sit
3008 2405 3406 2462 necessarium
3427 2406 3580 2463 ultro

1924 2491 2294 2565 cognoscitis.
2313 2492 2387 2565 (ά)
2404 2492 2935 2565 Congratulationis
2949 2493 3360 2563 chartulam,si
3376 2495 3580 2553 utilem

1926 2583 2185 2636 futuram
2215 2598 2283 2635 ex
2315 2598 2545 2637 morum
2587 2582 2716 2653 ejus
2747 2582 3029 2655 qualitate
3058 2583 3581 2656 deprehenderitis,

1924 2671 2031 2725 hoc
2064 2675 2172 2737 est,
2200 2675 2266 2725 ut
2289 2687 2357 2726 ea
2383 2672 2454 2726 ad
2488 2671 2633 2727 bene
2659 2672 2951 2743 agendum
2976 2671 3171 2744 aliquo
3189 2674 3362 2729 modo
3382 2673 3583 2731 incite-

1923 2764 2038 2823 tur,
2073 2776 2142 2813 ex
2181 2758 2483 2830 parvitatis
2515 2775 2658 2815 mete
2688 2760 2925 2815 nomine
2955 2761 3299 2816 tradendam
3352 2766 3572 2819 curate.

1924 2848 2023 2903 Sin
2057 2852 2273 2913 autem,
2308 2848 2448 2918 quid
2482 2848 2677 2903 animo
2703 2848 3032 2904 contineam
3062 2865 3165 2904 vos
3195 2865 3369 2905 nosse
3397 2852 3572 2906 suffe-

1925 2936 2084 2991 cerit.
2118 2936 2197 2990 De
2228 2936 2440 2989 annuis
2461 2936 2651 3002 donis,
2680 2953 2806 3006 quae
2827 2935 3017 2991 adhuc
3042 2952 3217 3007 penes
3249 2953 3342 2993 me
3361 2937 3568 3008 habeo,

1923 3024 2064 3096 quid
2097 3023 2238 3078 mihi
2264 3024 2555 3095 agendum
2587 3024 2663 3079 sit
2692 3041 2796 3095 per
2817 3041 3014 3079 meum
3038 3025 3313 3080 nuntium
3344 3041 3571 3083 reman-

1922 3114 2074 3167 date.
2092 3110 2420 3166 Munusculi
2434 3111 2876 3167 similitudinem
2889 3156 2902 3180 ,
2918 3128 3094 3184 quam
3110 3111 3574 3170 nimiaverecun-

1923 3202 2038 3267 dia,
2068 3200 2221 3272 quod
2245 3198 2401 3254 aliud
2426 3216 2540 3254 non
2564 3198 2764 3268 habui,
2790 3199 3120 3256 celsitudini
3142 3204 3347 3258 vestra
3366 3200 3568 3273 direxi,

1924 3325 2039 3380 lem
2060 3324 2347 3380 voluerint
2369 3324 2694 3379 secundum
2714 3324 2995 3396 Regulam
3018 3325 3375 3382 S.Benedicti
3398 3326 3574 3384 abba-

1920 3396 2342 3479 tem‘eligantet
2491 3396 2864 3479 constituant.
2889 3396 3219 3479 Sintautem
3244 3401 3301 3479 et
3320 3397 3433 3479 ipsi
3446 3413 3575 3479 _mo-

1925 3467 2093 3522 nachi
2108 3466 2164 3521 in
2181 3467 2538 3537 subjectione
2553 3468 2703 3537 regis
2715 3468 2786 3521 ad
2803 3466 3227 3523 locumsalvum
3240 3466 3574 3524 faciendum

1924 3544 1981 3593 et
1994 3557 2104 3593 non
2120 3539 2190 3593 ad
2206 3538 2320 3609 aliq
2332 3539 2427 3593 uid
2442 3538 2909 3609 persolvendum,
2926 3538 3036 3593 nisi
3056 3538 3210 3595 solas
3222 3539 3574 3596 orationes.»

1924 3610 2046 3665 Odo
2076 3614 2132 3665 et
2161 3610 2410 3664 Adacius
2437 3610 2697 3675 abbates,
2731 3615 2796 3664 ut
2825 3610 2933 3664 hoc
2966 3610 3152 3665 obiter
3183 3610 3579 3680 moneam,in—

1925 3680 2221 3753 telligendi
2255 3681 2494 3753 suntde
2521 3681 2716 3735 Odone
2747 3685 2803 3735 et
2830 3680 3064 3746 Adacio,
3089 3680 3185 3753 qui
3208 3680 3388 3753 simul
3408 3682 3578 3753 Tute-

1926 3751 2085 3807 lense
2106 3751 2525 3806 monasterium
2550 3754 2840 3815 rexerunt,
2866 3756 2931 3806 ut
2952 3751 3293 3807 monuimus
3314 3751 3373 3807 in
3396 3751 3575 3807 Addi-

1928 3825 2083 3879 tione
2133 3823 2205 3877 ad
2253 3822 2469 3877 librum
2501 3840 2597 3877 VIII
2634 3824 2712 3877 De
2768 3822 3089 3877 Concordia
3150 3822 3473 3879 Sacerdotii
3519 3826 3580 3879 et

1929 3894 2180 3966 Imperii,
2210 3910 2336 3965 cap.
2367 3895 2457 3948 25.
2492 3893 2653 3949 Unde
2694 3893 2986 3966 colligitur
3015 3891 3343 3950 Sarlatense
3374 3910 3578 3966 mena-7

1929 3964 2172 4021 sterium
2197 3964 2320 4020 tum
2352 3966 2532 4019 fuisse
2554 3964 2883 4033 subjectum
2908 3965 3260 4021 monasterio
3280 3964 3579 4023 Tutelensi

1928 4043 1984 4091 et
2014 4036 2301 4091 coloniam
2344 4054 2471 4089 esse
2504 4035 2830 4090 Tutelensis
2864 4035 3222 4090 monasterii.
3258 4035 3579 4092 Distinguit

1930 4112 2124 4162 autem
2160 4108 2487 4161 Bernardus
2532 4124 2727 4162 comes
2760 4107 2911 4161 inter
2952 4106 3281 4161 omnobium
3313 4112 3369 4161 et
3399 4106 3581 4163 abba-

1928 4180 2093 4243 tiam,
2138 4195 2205 4232 ea
2236 4178 2499 4232 videlicet
2544 4179 2616 4232 de
2645 4194 2821 4232 causa
2868 4178 3035 4247 quod,
3072 4176 3282 4232 veteris
3331 4177 3578 4232 abbatits

1931 4252 2083 4304 bona
2118 4266 2291 4319 penes
2337 4248 2529 4319 ipsum
2576 4246 3146 4319 essent,coénobium
3178 4262 3309 4302 vero
3325 4251 3468 4319 tum
3496 4264 3582 4319 re-

1933 4316 2133 4375 center
2176 4316 2558 4374 aediﬁcaretur
2604 4319 2675 4373 ad
2710 4318 3068 4390 recipiendos
3114 4317 3452 4390 monachos.
3485 4316 3581 4375 Sic

1931 4392 2254 4445 Ademarus
2286 4390 2604 4445 vicecomes
2629 4387 2925 4445 Scalarum
2950 4387 3372 4444 monasterium
3401 4389 3580 4444 Tute-

1931 4463 2092 4517 lense
2111 4461 2377 4515 distinxit
2396 4462 2450 4515 in
2478 4466 2725 4516 veterem
2750 4460 3042 4516 abbatiam
3064 4463 3120 4514 et
3137 4458 3579 4515 monasterium.

1936 4535 1997 4589 In
2029 4531 2236 4603 Anglia
2257 4550 2487 4604 quoque
2510 4531 2787 4588 nonnulla
2818 4535 2985 4604 erant
3005 4529 3379 4604 monasteria,
3402 4531 3585 4604 soluta

1934 4614 1986 4661 et
2015 4601 2194 4676 quieta
2225 4601 2293 4658 at}
2322 4601 2572 4660 oniuibus
2626 4603 2982 4676 δᾶῖσηλιινξὺαις
3022 4601 3279 4676 servitiis,
3326 4604 3392 4657 ut
3419 4601 3587 4676 docet

1936 4672 2261 4747 Iugulphus
2285 4677 2466 4731 abbas
2483 4672 2948 4747 Croylandensis,
2973 4672 3141 4743 cujus
3158 4673 3584 4731 monasterium

1936 4747 2037 4801 illa
2069 4747 2334 4801 libertati:
2366 4748 2680 4800 fruebatur.

2011 4821 2087 4887 (li)
2120 4820 2224 4872 Hoc
2256 4835 2421 4872 anno.
2454 4818 2512 4871 Id
2540 4822 2645 4882 est,
2678 4832 2829 4871 anno
2852 4815 2976 4887 845,
3003 4818 3065 4869 ut
3087 4813 3362 4887 diximus.
3385 4814 3587 4887 Itaque

1938 4888 2075 4943 hinc
2103 4889 2385 4943 discimus
2406 4894 2601 4942 votum
2624 4888 2800 4958 quod,
2827 4886 3108 4941 suadente
3134 4886 3466 4958 Hincmaro,
3486 4886 3590 4944 Ca-

1941 4960 2099 5014 rolus
2128 4958 2336 5014 Calvus
2366 4957 2813 5030 concepit’apud
2846 4962 3117 5013 sanctum
3136 4957 3505 5030 Dionysium,
3523 4960 3590 5014 ut

1939 5031 1997 5085 in
2030 5030 2277 5103 epistola
2308 5031 2375 5084 42
2420 5031 2619 5101 Lupus
2663 5034 2928 5098 testatur,
2961 5030 3247 5086 emissum
3277 5047 3406 5087 esse
3436 5046 3589 5086 anno

1939 5104 2061 5157 8’15.

2014 5176 2080 5243 (ι’)
2110 5173 2399 5243 Superiora
2427 5188 2591 5228 anno.
2625 5172 2741 5229 Hoc
2768 5176 2876 5238 est,
2900 5188 3053 5227 anno
3084 5172 3207 5227 844.
3242 5172 3442 5243 Itaque
3461 5174 3589 5243 tum

1943 5239 2142 5369 Ιλιῖρυδ
2174 5239 2461 5325 legatione
2492 5244 2549 5300 in
2582 5244 2921 5316 Burgundia
2938 5243 3173 5300 functus
3194 5239 3468 5314 estjussu
3489 5239 3593 5296 Ca-

1943 5333 2048 5369 r01
2084 5332 2256 5369 regis.

1943 5332 2256 5391 r01.1_re_gls.
2406 5389 2415 5391 _
2490 5388 2498 5391 Α
2588 5389 2595 5391 ν
2688 5388 2699 5391 _
2855 5387 2865 5391 _
3002 5386 3059 5391 __
3167 5382 3334 5391 ._.

2017 5387 2088 5457 (d)
2119 5382 2621 5455 Congratulationis
2651 5387 2975 5443 chartulam.
3002 5386 3064 5441 Id
3096 5387 3203 5448 est,
3236 5382 3593 5457 Exhortatio-

1945 5450 2079 5530 nem
2111 5458 2195 5530 ad,
2232 5450 2429 5530 regem
2479 5458 2770 5524 Carolum,
2824 5462 2955 5529 post
2998 5457 3292 5530 acceptam
3308 5450 3592 5530 _clade_m.

1945 5529 2144 5599 Itaque
2166 5521 2448 5601 Ludovici
2493 5529 2713 5599 judicio
2759 5521 3043 5601 permittit
3073 5521 3155 5601 ad
3195 5539 3271 5601 ea_
3308 5521 3597 5601 Exhorta-

1947 5600 2026 5653 tio
2051 5582 2187 5680 ‘regi
2204 5582 2511 5680 reddenda
2528 5582 2669 5657 ﬁsiti
2687 5582 2785 5656 Ear
2808 5582 3012 5655 autem
3039 5597 3228 5649 exstat
3256 5592 3316 5649 in
3349 5582 3597 5667 epistola

1948 5674 2239 5741 sequenti.
