3964 6168
377 341 496 404 499

375 490 666 533 memores
697 474 897 550 primae
927 477 1194 535 amicitiae
1223 482 1436 534 nostrae
1467 479 1558 534 67
1605 494 1800 550 quaeso
1831 494 1902 534 ne
1929 477 2022 533 di-
2048 477 2104 545 Α

373 564 636 638 gnemiui
660 567 981 639 aspernari.
1006 567 1350 640 Exiguitatis
1373 583 1511 623 meae
1535 567 1784 640 benigne
1807 584 2022 623 memo-

371 671 468 710 res
498 655 646 712 bene
674 672 776 712 vos
802 657 992 713 valere
1037 657 1230 728 cupio,
1264 660 1322 711 et
1369 657 1440 711 ad
1473 657 1760 712 bonorum
1798 656 2018 712 emolu-

372 747 637 801 mentum
668 744 964 818 prosperis
995 761 1226 818 semper
1250 746 1449 818 augeri
1481 746 1874 802 successibus.

904 887 1251 944 EPISTOLA
1275 888 1488 943 ΧΧΧΙΗ

691 993 1040 1032 ΕΧΗΟΒΤΑΤΙΟ
1078 995 1152 1032 AD
1193 993 1444 1033 DOMNUM
1485 994 1696 1033 REGEM.

447 1100 984 1158 Praecellentissime
1031 1103 1288 1170 domine,
1320 1106 1394 1171 et,
1429 1103 1478 1159 si
1518 1103 1708 1160 dicere
1748 1105 2017 1171 audeam,

376 1189 801 1260 amantissime,
821 1191 1022 1247 audita
1041 1208 1228 1264 nuper
1249 1195 1436 1248 status
1456 1193 1630 1248 vestri
1653 1193 2017 1261 adversitate,

373 1277 653 1336 ineffabili
682 1279 880 1336 dolore
922 1280 1200 1336 distabui.
1234 1281 1496 1353 Namque
1527 1299 1755 1338 mecum
1788 1287 2020 1354 reputa-

373 1368 510 1425 bam
539 1373 743 1426 vestra
773 1369 1095 1426 nobilitatis
1117 1368 1394 1436 indolem,
1423 1387 1597 1442 quam
1633 1370 1802 1443 cupio
1833 1371 2020 1428 uitatis

371 1457 710 1514 maturitate
724 1475 790 1514 ac
803 1457 1099 1531 sapientia:
1109 1459 1390 1532 gravitate
1407 1461 1822 1526 consummari,
1844 1461 2022 1517 nimis

369 1545 688 1604 immature
715 1547 886 1602 nobis
915 1547 1192 1603 ablatam.
1225 1548 1287 1604 Id
1317 1548 1454 1620 quia
1483 1548 2022 1622 irrecuperabilevi-

371 1637 642 1704 debatur,
687 1635 962 1709 quoniam
995 1637 1054 1692 id
1084 1640 1420 1694 constanter
1451 1637 1623 1694 fallax
1653 1640 1810 1694 fama
1831 1640 2018 1710 jacta-

371 1729 478 1790 ret,
511 1729 704 1781 totum
735 1742 828 1782 me
857 1743 992 1782 cum
1023 1726 1300 1782 fratribus
1330 1727 1430 1799 qui
1463 1745 1554 1783 me
1583 1744 1716 1784 cum
1748 1729 1865 1784 Deo
1899 1745 2017 1783 ser-

367 1813 491 1870 vire
521 1818 815 1914 satagunt,
851 1815 923 1870 ad
952 1813 1380 1888 impetrandam
1413 1817 1663 1872 salutem
1686 1817 1893 1873 animo:
1924 1834 2019 1872 ve-
2051 1850 2096 1914 Β

371 1905 504 1958 atrae
534 1902 916 1970 contuleram,
939 1903 1032 1960 cui
1053 1903 1422 1961 vehementer
1441 1905 1720 1962 timebam
1743 1923 2019 1978 quorum-

370 1991 507 2047 dam
523 2008 640 2048 non
658 1991 802 2052 satis
819 1993 1003 2048 Deum
1019 1992 1348 2049 timentium
1363 1993 1772 2066 persuasiones
1791 1995 2016 2051 obesse.

367 2080 583 2138 Verum
615 2081 892 2155 quoniam
915 2081 1194 2156 sospitate
1221 2086 1412 2139 vestra
1441 2083 1640 2139 donati
1670 2101 1898 2150 sumus,
1923 2083 2018 2138 in-

369 2170 632 2228 credibili
661 2171 877 2244 gaudio
899 2171 1124 2244 repleti,
1149 2171 1376 2229 sincera
1399 2173 1511 2229 ﬁde
1538 2175 1904 2245 majestatem
1926 2191 2016 2230 ve-

369 2264 500 2317 strae
531 2259 899 2318 celsitudinis
949 2261 1334 2318 admonemus
1367 2266 1433 2318 ut
1479 2263 1862 2334 omnipotenti
1897 2264 2013 2319 Deo

367 2349 676 2406 nobiscum
700 2349 987 2407 maximas
1007 2351 1226 2422 gratias
1246 2351 1510 2406 habeatis
1531 2356 1589 2406 et
1611 2352 1892 2418 referatis,
1913 2353 2012 2424 qui

365 2437 536 2494 nobis
567 2442 856 2510 quantum
877 2456 941 2496 se
969 2456 1166 2495 amare
1187 2440 1448 2495 debeatis
1469 2441 1742 2509 ostendit,
1769 2458 1924 2508 cum,
1951 2447 2014 2496 ut

364 2543 506 2600 pace
544 2531 887 2583 cunctorum
920 2528 1450 2594 dixerim,humano
1482 2534 1746 2584 cessante
1774 2529 2008 2598 auxilio,

361 2615 487 2689 ipse
516 2633 618 2674 vos
657 2621 920 2690 potenter
941 2622 1000 2672 et
1028 2617 1118 2689 pie
1149 2619 1413 2686 servavit,
1441 2623 1497 2672 et
1527 2623 1812 2690 quantum
1845 2621 1915 2676 de
1944 2637 2010 2675 eo

363 2722 716 2779 praesumere
731 2707 992 2763 debeatis
1009 2707 1383 2763 manifestare
1401 2707 1676 2780 dignatus
1693 2712 1800 2764 est.
1825 2709 2011 2765 Nolite

360 2794 542 2868 igitur
569 2811 710 2852 casu
732 2795 1020 2852 contrario
1042 2795 1290 2850 nimium
1313 2796 1663 2862 contristari,
1689 2797 1791 2852 sed
1813 2799 2009 2870 potius

361 2885 577 2942 credite
605 2884 873 2942 veridicis
901 2885 1094 2942 verbis
1119 2886 1284 2958 ejus:
1317 2887 1450 2942 Sine
1493 2903 1578 2942 me
1605 2886 1752 2942 nihil
1787 2891 2008 2959 potestis

357 2978 539 3048 facere
569 2978 744 3046 (Joan.
775 2975 890 3048 xv).
925 2976 1024 3031 Et:
1082 2977 1201 3032 Non
1247 2985 1324 3032 est
1368 2978 1611 3041 volentis,
1662 2995 1836 3049 neque
1881 2997 2006 3034 cur-

358 3067 548 3134 rentis,
583 3067 684 3124 08
712 3066 805 3122 sed
849 3067 1158 3122 miserantis
1179 3067 1280 3121 Dei
1323 3066 1493 3138 (Rom.
1529 3065 1626 3137 1x).
1661 3068 1764 3122 Et:
1801 3071 2008 3124 Omnia

357 3171 696 3229 quaecunque
740 3157 914 3211 voluit
959 3157 1226 3211 Dominus
1253 3156 1383 3226 fecit
1412 3156 1470 3210 in
1515 3155 1642 3210 σαεῑο
1671 3158 1810 3211 etin
1860 3166 2006 3213 terra

355 3243 527 3318 (Psal.
559 3243 734 3316 exui).
770 3245 875 3300 Et:
928 3244 1116 3299 Omnis
1145 3242 1401 3299 voluntas
1428 3260 1549 3299 mea
1575 3245 1666 3314 ﬁet
1709 3247 1835 3313 (Isa.
1867 3250 1998 3314 LVI).

353 3334 462 3390 Et:
509 3334 628 3390 Non
680 3333 926 3389 sal-vatur
963 3349 1063 3388 rex
1105 3348 1206 3404 per
1250 3333 1482 3388 multam
1528 3335 1796 3390 virtutem.
1830 3336 1998 3404 (Psal.

349 3425 551 3491 xxx").
584 3423 694 3478 Et:
741 3423 964 3479 Nonest
994 3422 1220 3477 Domino
1247 3423 1462 3478 salvare
1505 3422 1734 3494 difﬁcile
1764 3427 1824 3478 in
1854 3427 1997 3480 mul-

351 3512 587 3569 titudine
615 3512 699 3567 vel
726 3513 787 3567 in
811 3512 1002 3583 pauris
1034 3511 1081 3583 (I
1107 3517 1235 3579 Reg.
1275 3515 1412 3579 xxv).
1448 3513 1552 3568 Et:
1597 3513 1702 3580 Qui
1731 3514 2004 3586 gloriﬁcat

348 3617 454 3666 me,
485 3602 798 3672 gloriﬁcabo
827 3617 952 3656 eum
973 3619 990 3664 ;
1015 3601 1112 3672 qui
1135 3607 1315 3655 autem
1345 3610 1696 3657 contemnunt
1711 3619 1815 3670 me,
1839 3613 1999 3660 erunt

351 3690 617 3758 ignobiles
642 3690 690 3756 (ι
719 3692 845 3758 Reg.
879 3693 958 3756 ιι).
1000 3690 1069 3744 Et
1117 3692 1308 3758 spreto
1357 3689 1683 3745 carnalium
1731 3693 1994 3761 consilio,

349 3779 422 3834 de
452 3777 668 3850 quibus
715 3775 964 3832 dicitur:
1015 3778 1278 3832 Dominus
1314 3777 1544 3849 dissipat
1591 3781 1822 3836 consilia
1864 3799 1996 3850 gen-

349 3868 510 3932 tium,
541 3867 794 3940 reprobat
839 3872 1020 3920 autem
1065 3867 1413 3934 cogitationes
1451 3869 1795 3938 populorum,
1829 3878 1878 3925 et
1904 3887 1995 3926 re-

343 3956 542 4028 probat
585 3954 819 4010 consilia
841 3956 1196 4027 principum;
1225 3957 1516 4010 consilium
1553 3966 1734 4012 (uitem
1769 3962 1999 4016 Domini

347 4045 411 4100 in
435 4051 706 4101 aeternum
731 4051 915 4098 manet
944 4043 1112 4110 (Psal.
1146 4044 1312 4112 xciv),
1365 4043 1714 4115 acquiescite
1754 4047 1994 4104 consilio

347 4135 505 4205 quod
536 4149 637 4205 per
653 4131 999 4204 Prophetam
1028 4131 1153 4203 ipse
1175 4131 1450 4203 dignatur
1469 4134 1606 4189 dare
1625 4135 1989 4192 mortalibus:

342 4222 498 4278 laeta
541 4222 834 4293 cogitatum
887 4229 1042 4276 tuum
1079 4222 1141 4275 in
1189 4225 1384 4286 Deum,
1445 4230 1495 4278 et
1539 4224 1649 4294 ipse
1692 4232 1742 4280 te
1787 4227 1994 4282 nutriet

343 4311 514 4380 (Psal.
553 4311 680 4381 le).
731 4310 835 4365 Et:
887 4310 1172 4380 Sperantes
1219 4311 1280 4363 in
1335 4311 1562 4367 Domino
1617 4314 1992 4370 misericordia

341 4398 702 4456 circumdabit
728 4399 902 4468 (Psal.
935 4399 1107 4466 XXXI).
1139 4398 1233 4452 Et:
1270 4398 1404 4454 Cum
1431 4417 1569 4455 esses
1611 4405 1877 4472 parvulus
1930 4405 1989 4458 in

339 4489 514 4544 oculis
555 4490 688 4554 tuis,
717 4495 880 4560 caput
921 4488 982 4542 in
1013 4485 1264 4542 tribubus
1294 4487 1462 4542 Israel
1487 4490 1666 4559 factus
1695 4507 1750 4546 es
1777 4493 1828 4558 (Ι
1860 4495 1983 4560 Reg.

339 4580 456 4643 xv).
507 4577 616 4632 Et:
677 4577 904 4632 Immola
954 4576 1060 4631 Deo
1105 4575 1439 4645 sacriﬁcium
1488 4577 1689 4644 laudis,
1738 4587 1791 4634 ct
1826 4580 1986 4636 redde
2011 4581 2060 4648 D

338 4664 614 4720 Altissimo
659 4671 781 4720 vota
809 4671 922 4720 tua.
957 4665 1018 4719 Et
1055 4666 1349 4719 invocame
1370 4665 1427 4719 in
1449 4665 1538 4720 die
1568 4667 1985 4724 tribulationis:

337 4769 530 4808 eruam
557 4760 630 4818 te,
660 4759 710 4807 et
749 4751 1131 4822 honoriﬁcabis
1158 4768 1246 4808 me
1291 4753 1456 4823 (Psal.
1484 4759 1656 4822 xux).
1707 4757 1987 4814 Praeterea

338 4843 692 4896 mementote
723 4839 878 4911 quod
914 4839 1185 4894 Salomon
1228 4841 1300 4896 ad
1334 4843 1650 4914 regendum
1702 4845 1981 4918 populum

337 4927 536 4995 Israel,
569 4926 662 4983 cui
685 4928 784 4983 diu
804 4927 864 4982 in
887 4927 1141 4983 maxima
1162 4945 1301 5000 pace
1322 4932 1610 5002 praesedit,
1635 4934 1983 5004 sapientiam

337 5014 712 5088 potissimum
742 5015 1073 5088 postulavit.
1109 5017 1224 5070 Nec
1255 5019 1544 5088 spernatis
1574 5021 1749 5076 etiam
1781 5039 1980 5078 eorum

334 5104 707 5162 hortamenta
735 5103 854 5176 qui,
903 5105 1088 5160 Deum
1129 5105 1486 5178 ignorantes,
1519 5108 1685 5165 utilia
1717 5128 1830 5165 non
1861 5116 1980 5168 tam

335 5193 448 5250 sibi
469 5209 646 5265 quam
670 5193 840 5249 nobis
860 5193 1157 5262 Viderunt;
1191 5194 1250 5249 in
1277 5195 1491 5266 quibus
1511 5196 1806 5254 invenitur
1825 5202 1979 5272 quod

332 5288 466 5338 ante
487 5299 664 5355 quam
683 5281 904 5355 aliquid
923 5281 1294 5354 incipiamus,
1318 5285 1634 5356 prudenter
1652 5287 1790 5358 quid
1811 5305 1982 5361 agen-

400 5441 477 5510 (ιι)
507 5441 912 5510 All/liticinum.
936 5442 1285 5498 Monachum
1315 5442 1494 5497 fuisse
1515 5443 1734 5500 indicat
1767 5447 1976 5504 titulus

329 5509 626 5586 epistola;
669 5515 990 5586 cujusnam
1033 5530 1167 5586 vero
1224 5514 1584 5586 monasterii,
1629 5533 1740 5570 non
1787 5521 1970 5576 docet.

329 5581 542 5654 Papirii
574 5581 828 5640 Massoni
855 5584 1032 5640 editio
1064 5583 1255 5650 habet,
1289 5583 1366 5654 Ad
1387 5585 1672 5654 Altuinum
1699 5590 1972 5647 Seuerian-

325 5653 439 5708 sem
494 5657 836 5711 monachum.
889 5655 1106 5711 Verum
1146 5670 1216 5708 ex
1256 5653 1501 5726 epistola
1529 5659 1600 5712 20
1628 5665 1784 5731 patet
1814 5679 1968 5731 cum,

1364 345 1435 406 B.
1483 347 1547 408 S.
1593 346 1775 409 LUPI
1821 343 2148 409 ABBATIS
2194 346 2794 412 FERRARIENSIS.

3609 359 3708 422 500

2132 476 2273 534 dum
2306 479 2382 534 sit
2411 480 2727 538 debeamus
2759 481 3073 555 inquirere,
3105 486 3160 540 et
3187 500 3316 542 cum
3342 484 3706 563 invenerimus,

2129 571 2359 622 matura
2389 568 2760 626 festinatione
2789 572 3086 643 perlicere,
3118 576 3172 628 et
3192 575 3338 646 quod
3361 574 3450 631 diu
3471 593 3710 650 apparan-

2129 657 2272 712 dum
2305 657 2380 711 sit
2399 657 2618 714 bellum
2640 665 2705 714 ut
2735 659 2996 716 celeriter
3017 661 3276 718 vincatur
3295 663 3534 730 (Sallust.
3559 669 3609 721 in
3628 669 3709 724 Ca-

2128 746 2336 817 tilina).
2370 746 2498 802 Haec
2529 749 2779 805 breviter
2807 749 3142 805 celsitudini
3169 756 3362 808 vestrae
3386 755 3640 826 suggessi,
3661 762 3714 812 ut

2129 834 2323 891 divina
2365 839 2422 892 et
2450 836 2710 892 humana
2739 839 3086 896 auctoritate
3117 839 3253 912 quid
3282 841 3435 897 vobis
3463 845 3714 916 agendum

2127 923 2207 980 sit
2234 923 2632 981 indubitanter
2651 926 2901 999 possetis
2924 944 3284 1000 cognoscere.
3306 929 3403 986 Det
3423 935 3597 986 autem
3615 933 3717 1004 ipse

2130 1013 2282 1069 Deus
2313 1017 2378 1069 ut
2408 1014 2747 1086 spiritaliter
2776 1020 2832 1072 et
2862 1016 3236 1089 corporaliter
3283 1023 3546 1090 quantum
3575 1021 3716 1093 cupio

2127 1100 2389 1158 valeatis.

2592 1195 2690 1250 69
2731 1194 3080 1251 EPISTOLA
3118 1195 3344 1250 XXXIV.

2484 1283 2564 1351 (α)
2593 1300 2664 1338 AD
2709 1299 3026 1340 ALTWINUM
3079 1300 3410 1340 MONACHUM.

2198 1368 3162 1446 VenerabilifratriAltwinoLupus
3174 1382 3494 1446 perpetuam
3507 1373 3720 1430 salutem

2201 1459 2260 1514 Si
2303 1463 2466 1516 tanta
2512 1460 2788 1516 facilitate
2845 1461 3060 1518 discuti
3115 1467 3351 1534 possent
3379 1479 3412 1518 a
3465 1479 3720 1535 quoquam

2129 1553 2348 1621 quanta
2379 1555 2685 1605 moventur
2715 1551 3088 1622 quaestiones,
3121 1551 3258 1608 olim
3291 1551 3360 1606 ad
3395 1567 3720 1607 consumma-

2126 1640 2246 1692 tam
2265 1638 2510 1694 studiosi
2531 1639 2748 1712 quique
2771 1639 3118 1712 sapientiam
3142 1639 3470 1696 evasissent.
3491 1639 3726 1696 Nunclit-

2125 1730 2382 1782 terarum
2415 1727 2626 1783 studiis
2660 1745 2806 1800 pene
2831 1728 3128 1798 obsoletis,
3163 1733 3374 1802 quotus
3405 1727 3627 1801 quisque
3653 1728 3724 1783 in-

2124 1815 2306 1870 veniri
2339 1815 2524 1888 possit
2554 1817 2652 1889 qui
2688 1819 2758 1872 de
2805 1818 3224 1892 magistrorum
3255 1815 3550 1890 imperitia,
3579 1816 3726 1872 libro-

2126 1921 2257 1959 rum
2288 1906 2549 1976 penuria,
2575 1905 2675 1961 otii
2709 1905 2960 1978 denique
2993 1906 3187 1978 in0pia
3214 1905 3414 1962 merito
3435 1922 3542 1961 non
3561 1921 3729 1976 quera-

2125 1994 2269 2049 tur?
2298 1997 2418 2060 Quo
2466 1993 2664 2050 minus
2701 1994 2996 2068 indignari
3032 1995 3177 2051 mihi
3225 1995 3418 2061 debes,
3450 1994 3497 2050 si
3541 1991 3727 2066 perexi-

2121 2099 2304 2155 guum
2335 2083 2456 2149 otii,
2493 2084 2645 2155 quod
2679 2084 2822 2140 mihi
2847 2085 2938 2140 vix
2961 2085 3231 2158 obtingit,
3267 2081 3596 2157 indagandis
3623 2098 3726 2153 qua

2121 2172 2403 2240 nesciam,
2454 2189 2632 2244 quam
2683 2173 3032 2230 ventilandis
3081 2191 3210 2246 qua
3253 2174 3378 2246 jam
3423 2175 3728 2228 consecutus

2123 2277 2277 2328 sum,
2305 2261 2563 2334 judicem
2605 2263 3072 2334 expendendum.
3103 2263 3238 2328 Nec,
3271 2267 3336 2319 ut
3363 2259 3572 2333 opinor,
3603 2276 3726 2325 erro,

2121 2350 2172 2406 si
2203 2351 2414 2422 quibus
2436 2351 2628 2406 divino
2653 2352 2842 2406 favore
2865 2350 3015 2407 viam
3041 2350 3437 2424 intelligentiae
3457 2347 3538 2405 vel
3555 2347 3726 2421 aperui

2118 2439 2203 2494 vel
2238 2437 2560 2510 planiorem
2591 2439 2718 2507 feci,
2753 2456 2931 2511 quam
2956 2439 3351 2512 praecesserim
3373 2436 3632 2510 sequendi
3652 2452 3728 2490 ne-

2119 2528 2449 2583 cessitatem
2483 2528 2773 2593 indicam;
2814 2528 2922 2584 hoc
2953 2533 3062 2600 est,
3096 2528 3341 2585 lectione
3371 2526 3631 2600 magistra
3653 2522 3723 2578 vel

2119 2622 2314 2684 utens,
2343 2616 2430 2672 vel
2451 2635 2616 2687 usus,
2637 2619 2684 2672 si
2705 2617 3072 2673 auditoribus
3096 2619 3244 2674 meis
3266 2621 3364 2672 aut
3385 2613 3728 2688 praesentibus

2117 2705 2174 2760 id
2209 2706 2406 2778 ipsum
2441 2723 2730 2774 sermone,
2765 2706 3229 2762 autabsentibus
3260 2705 3540 2762 obstinato
3569 2703 3726 2774 impo-

2118 2811 2253 2850 nam
2285 2794 2534 2851 silentio.
2566 2795 2828 2851 Obtinuit
2857 2800 3052 2851 tamen
3081 2799 3182 2851 tua
3212 2794 3488 2850 instantia
3517 2798 3576 2848 ut
3599 2808 3729 2862 qua:-

2116 2881 2252 2938 dam
2283 2901 2350 2940 ex
2381 2883 2453 2939 iis
2485 2901 2610 2956 quae
2641 2883 2900 2940 studiose
2931 2883 3217 2956 quaesiisti
3252 2881 3618 2940 enuclearem.
3644 2881 3726 2934 Lo-

2113 2975 2294 3046 cuples
2327 2973 2711 3046 penultimam
2744 2973 2980 3045 genitivi
3013 2973 3338 3046 producere
3367 2971 3451 3028 sic
3473 2969 3615 3042 apud
3635 2965 3736 3023 Pri-

2115 3061 2378 3118 scianum
2413 3063 2690 3134 probatur
2720 3062 2776 3116 in
2812 3061 2958 3117 libro
2985 3080 3039 3130 ν,
3073 3079 3211 3118 cum
3244 3062 3315 3117 de
3345 3057 3655 3116 nominibus
3680 3054 3729 3109 in

2111 3169 2167 3208 es
2185 3152 2524 3223 productam
2548 3150 2953 3208 desinentibus
2983 3150 3331 3224 disputaret.
3366 3144 3731 3221 «Appellativa

2033 3215 2076 3282 (ἶ
2113 3257 2268 3306 vero,
2303 3240 2514 3312 inquit,
2552 3239 2601 3294 si
2649 3239 2768 3294 sint
2799 3239 2868 3294 ad
2903 3238 3170 3294 homines
3223 3237 3579 3312 pertinentia,
3625 3249 3728 3304 qua

2109 3329 2264 3402 apud
2296 3331 2523 3386 Graecos
2547 3327 2884 3384 communia
2905 3327 2992 3383 vel
3015 3327 3286 3394 mobilia,
3310 3327 3462 3400 apud
3487 3341 3584 3380 nos
3602 3336 3730 3377 com-

2109 3419 2315 3474 munia
2357 3423 2497 3474 sunt
2529 3422 2593 3473 ut
2623 3418 2820 3488 hwrcs,
2857 3418 3110 3488 locuples.
3147 3439 3174 3465 ››
3206 3417 3372 3472 Idem
3404 3415 3461 3471 in
3492 3413 3728 3496 septimo,

2109 3507 2430 3580 penultima
2469 3507 2647 3563 tertiae
2685 3505 3090 3562 declinationis
3123 3507 3362 3577 quando
3395 3500 3618 3578 produci
3646 3499 3727 3553 de-

2108 3596 2240 3652 beat
2268 3595 2352 3651 vel
2381 3596 2588 3666 corripi
2625 3595 2772 3650 mira
2803 3593 3104 3666 diligentia
3129 3594 3466 3659 ostendens,
3491 3615 3518 3641 ι(
3543 3587 3728 3645 Produ-

2105 3684 2279 3752 citur,
2311 3683 2524 3756 inquit,
2550 3684 2607 3737 in
2631 3683 2989 3754 hisquorum
3008 3682 3411 3739 nominativus
3437 3682 3532 3736 70
3551 3678 3602 3732 in
3623 3677 3726 3732 lon-

2105 3789 2240 3844 gam
2273 3772 2487 3828 desinit
2515 3788 2618 3826 seu
2653 3775 2862 3826 natura
2883 3787 2984 3827 seu
3016 3769 3328 3842 positione,
3363 3776 3428 3826 ut
3476 3769 3568 3838 sol,
3596 3766 3726 3830 solis.

2104 3864 2309 3933 infans,
2336 3863 2586 3932 infantis.
2612 3859 2992 3932 Excipiuntur
3014 3859 3073 3914 in
3097 3875 3166 3915 οη
3188 3858 3516 3917 desinentia
3536 3857 3724 3918 Greca,

2104 3954 2160 4005 et
2190 3950 2248 4004 in
2279 3967 2308 4005 ο
2340 3954 2458 4004 tam
2492 3949 2698 4004 Latina
2716 3967 2890 4021 quam
2916 3948 3111 4015 notha,
3142 3965 3273 4020 quae
3299 3947 3604 4022 aliquando
3624 3959 3726 4000 cor-

2103 4038 2349 4110 ripiunt,
2371 4037 2688 4110 aliquando
2719 4038 3051 4110 producunt
3073 4038 3464 4110 penultimam
3493 4031 3722 4110 genitivi.

2102 4127 2382 4182 Praeterea
2411 4125 2471 4181 in
2494 4143 2593 4194 ms,
2619 4125 2702 4180 vel
2737 4128 2815 4193 bs,
2848 4125 2931 4181 vel
2959 4143 3044 4197 ps,
3075 4125 3161 4182 vel
3189 4143 3234 4181 ,τ
3256 4123 3596 4191 desinentia,
3617 4136 3725 4192 qua

2101 4234 2210 4288 pen
2221 4217 2486 4272 ultimam
2501 4234 2606 4288 gen
2619 4215 2734 4270 itivi
2751 4233 2870 4272 sem
2879 4215 3138 4288 percurri
3145 4215 3338 4288 piunt.
3357 4217 3495 4272 Item
3508 4229 3622 4286 par,
3635 4211 3726 4278 lar,

2099 4324 2212 4374 vus,
2224 4323 2338 4378 pes,
2356 4307 2528 4372 Ceres,
2543 4321 2774 4376 compos,
2793 4305 2902 4371 bos;
2919 4321 3032 4372 sus,
3053 4321 3214 4374 grus:
3229 4323 3360 4378 quae
3374 4297 3726 4378 producentia

2098 4395 2508 4454 nominativos,
2528 4392 2854 4464 corripiunt
2873 4391 3258 4464 penultimam
3279 4391 3536 4466 genitivi.
3551 4412 3577 4440 ››
3603 4390 3724 4443 Cum

2096 4482 2276 4555 igitur
2295 4483 2576 4555 producta
2601 4481 2959 4536 nominativo
2981 4479 3068 4537 vel
3091 4487 3307 4537 natura
3327 4480 3414 4537 vel
3439 4477 3720 4554 positione,

2097 4571 2450 4643 penultimas
2466 4570 2848 4642 genitivorum
2871 4573 3298 4640 consequenter
3308 4561 3724 4641 producant(his

2095 4678 2193 4716 sex
2224 4659 2476 4732 exceptis
2509 4658 2866 4723 nominibus,
2892 4675 3018 4730 qua:
3049 4657 3225 4731 longa
3257 4654 3620 4714 observantia
3647 4651 3725 4704 de-

2093 4749 2380 4821 prehensa
2412 4747 2971 4814 notavit,quoniam,
3004 4747 3130 4818 ipso
3163 4751 3330 4814 teste,
3357 4745 3588 4817 locuples
3608 4741 3660 4796 in
3679 4754 3726 4793 es

2091 4837 2436 4910 productam
2485 4837 2728 4903 finitur),
2780 4837 2985 4890 eodem
3025 4840 3259 4891 auctore
3290 4833 3543 4908 genitivo
3573 4831 3726 4899 longa

2094 4925 2415 4998 penultima
2447 4926 2788 4996 proferetur.
2823 4923 2986 4990 Quod
3017 4940 3248 4995 possem
3294 4923 3474 4979 etiam
3519 4917 3724 4994 poetico

2090 5013 2424 5070 testimonio
2447 5014 2812 5080 conﬁrmare,
2840 5011 2951 5068 nisi
2973 5012 3127 5084 apud
3147 5011 3543 5068 contentiosos
3564 5021 3723 5079 quos-

2092 5119 2204 5174 que
2236 5101 2382 5156 tanti
2412 5101 2518 5156 viri
2551 5106 2778 5156 tantum
2828 5106 3024 5172 posset
3073 5100 3412 5156 auctoritas.
3459 5095 3723 5170 Locuplcto

2089 5195 2306 5257 autem,
2325 5190 2480 5262 quod
2503 5189 2826 5262 penultima
2841 5189 3124 5260 producta
3140 5206 3516 5262 nequaquam
3539 5183 3724 5242 dubito

2088 5280 2496 5354 proferendum
2530 5279 2703 5351 (sicut
2730 5277 3006 5350 quoniam
3041 5279 3226 5344 robur,
3260 5277 3474 5334 roboris
3503 5269 3724 5344 corripi-

2085 5441 2292 5497 saltem
2325 5456 2458 5510 cum
2489 5437 2732 5510 epistola
2773 5437 2872 5493 illa
2901 5438 3120 5510 scripta
3149 5443 3258 5503 est,
3307 5437 3723 5510 commoratum

2086 5514 2267 5569 fuisse
2295 5511 2352 5564 in
2379 5501 2716 5584 germania,
2743 5511 2998 5584 adeoque
3018 5501 3373 5584 monachum
3399 5506 3580 5584 fuisse
3602 5501 3722 5584 Fu]-

2084 5586 2344 5640 densem.
2378 5580 2522 5634 Vide
2570 5581 2713 5636 Acta
2741 5575 3088 5637 Sanctorum
3139 5579 3362 5636 ordinis
3396 5580 3454 5634 S.
3490 5575 3724 5634 Benedi—

2083 5657 2159 5712 cti
2191 5661 2332 5710 tom.
2366 5651 2458 5718 Vl,
2493 5667 2624 5722 pag.
2657 5653 2746 5706 60.
