3964 6168
409 282 540 346 503

1409 279 1480 341 B.
1526 279 1589 341 S.
1634 277 1814 341 LUPI
1857 275 2187 341 ABBATJS
2231 278 2829 342 FERRABIENSIS.

3666 285 3765 346 504

420 415 717 475 deﬁnitur.
756 416 934 473 Timor
959 412 1439 485 Domz‘m‘,'inquit,
1470 421 1548 468 cst
1575 413 1870 484 sapientia,
1903 419 1952 467 et
1984 428 2063 467 rc-
2092 412 2146 479 Α
2176 411 2434 483 quotidie
2464 428 2692 468 crescas
2724 412 3292 485 virtutibus,meique
3315 430 3531 488 semper
3556 415 3767 491 benigne

420 505 605 563 cedere
632 522 670 563 α
694 506 840 562 malo
865 505 1232 576 intelligentia
1263 503 1397 576 (Job.
1432 502 1651 571 xxvm).
1686 500 1969 557 Caeterum
2000 501 2071 557 de

420 595 517 653 his
543 595 644 669 qui
677 604 981 669 perperam
1012 593 1231 659 vivunt,
1263 595 1321 648 et
1352 590 1573 664 integre
1604 589 1761 663 loqui
1802 589 2076 662 concupi—

424 687 680 754 scunt,et
707 687 1009 756 corruptos
1031 698 1330 737 sermones
1348 697 1525 752 quam
1550 697 1741 736 mores
1763 696 2074 752 aspernan-

418 774 632 841 tur,sic
660 772 1014 835 instruimur
1047 787 1059 826 :
1096 770 1284 827 Omnis
1317 771 1472 827 labor
1499 771 1712 825 homini
1735 771 1795 824 in
1824 785 1915 824 ore
1934 768 2071 842 ejus,

376 894 379 901 ·
429 866 528 921 74
555 870 608 919 et
638 864 829 918 anima
871 860 1034 917 illius
1080 877 1189 917 non
1230 860 1530 930 replebitur
1578 858 1763 930 (Eccli.
1795 858 1894 930 v1).
1929 857 2076 923 Quia

425 951 669 1023 dignum
703 948 956 1023 profecto
975 952 1065 1005 est
1081 953 1145 1004 ut
1168 947 1268 1021 qui
1295 946 1516 1020 primas
1536 950 1730 1026 partes
1760 945 2072 1002 eruditioni

422 1039 649 1107 tribuit,
683 1056 799 1095 non
833 1037 1150 1105 sanctitati,
1198 1054 1233 1092 a
1275 1036 1586 1092 refectione
1631 1034 1927 1107 sapientiae
1954 1034 2075 1090 exi-

422 1128 545 1185 tiali
582 1128 810 1201 jejunio
854 1127 1218 1184 excludatur.
1251 1124 1531 1192 Quocirca
1552 1124 1608 1180 si
1639 1124 1943 1197 vigilanter
1973 1141 2074 1196 po-

421 1217 617 1275 liendo
645 1216 1046 1273 incumbimus
1077 1214 1326 1287 eloquio,
1360 1212 1544 1269 multo
1577 1213 1826 1269 maxime
1870 1229 2074 1269 conse-

422 1307 666 1382 quendze
677 1304 969 1364 honestati
981 1308 1158 1376 atque
1161 1304 1185 1375 j
1198 1303 1306 1357 usti
1316 1303 1406 1358 tim
1418 1319 1653 1374 operam
1664 1301 2077 1375 impendamus

422 1400 667 1470 Oportet.
702 1394 810 1450 Sed
846 1410 980 1449 cum
1013 1395 1180 1448 varia:
1213 1391 1330 1447 sint
1361 1396 1527 1448 sectae
1570 1391 2073 1464 philosophorum,

424 1501 531 1542 suo
564 1498 929 1556 unaquaeque
959 1498 1168 1555 genere
1199 1481 1486 1553 perfectae,
1511 1497 1763 1553 quarum
1796 1479 1959 1536 nulla
1979 1478 2076 1535 alii

421 1571 769 1647 praejudicat
789 1588 904 1644 quo
927 1570 1126 1626 minus
1154 1569 1405 1626 cultores
1435 1586 1574 1625 suos
1604 1569 1664 1624 in
1696 1567 2076 1642 philosophiae

424 1659 748 1719 sacrarium
779 1659 1133 1728 introducat,
1166 1662 1225 1715 et
1253 1658 1506 1715 discordi
1539 1657 1847 1715 concordia
1876 1674 2079 1714 omnes

424 1748 859 1822 quodammodo
889 1747 1388 1820 uniantur,palam
1409 1752 1498 1804 est
1521 1747 1956 1821 propositorum
1991 1746 2079 1802 di-

423 1836 908 1911 versitatem,qua
938 1837 1351 1909 pacatissimus
1383 1835 1483 1892 Dei
1517 1835 2081 1909 populusinsepara—

423 1925 639 1994 biliter,
670 1930 736 1983 ut
765 1927 846 1983 ita
873 1925 1139 1995 dixerim,
1190 1929 1515 1997 separatur,
1568 1943 1683 1981 non
1732 1926 1961 1982 ofﬁcere
2006 1924 2078 1980 ad

424 2016 573 2073 bene
619 2015 954 2081 vivendum,
986 2019 1043 2070 et
1097 2014 1257 2070 vario
1314 2013 1521 2070 itinere
1566 2014 1661 2087 pie
1709 2013 2079 2072 venientibus

426 2103 632 2161 matris
663 2103 933 2161 Ecclesia:
950 2102 1236 2176 templum
1256 2120 1384 2159 esse
1401 2104 1934 2177 apertum,quando
1956 2103 2081 2161 uni-

425 2192 641 2266 cuique
671 2193 860 2249 ordini
893 2210 1002 2249 sua
1031 2196 1257 2249 constet
1293 2191 1588 2265 perfectio.
1623 2196 1969 2265 Quanquam
2021 2192 2078 2247 id

428 2286 799 2354 postremum
830 2282 940 2337 hoc
972 2281 1048 2338 sit
1079 2281 1295 2347 certius
1318 2298 1434 2353 quo
1455 2281 1649 2337 divina
1680 2286 1957 2353 praestant
1977 2281 2082 2337 hu-

431 2368 853 2443 manis.ltaque
876 2369 1077 2425 hortor
1095 2368 1351 2424 indolem
1370 2373 1484 2423 tua:
1510 2368 1831 2425 nobilitatis
1854 2371 1939 2425 uti
1957 2369 2084 2442 qui-

431 2475 666 2532 cunque
694 2457 994 2532 religionis
1044 2457 1385 2513 Christianae
1431 2457 1651 2530 gradus
1699 2474 1813 2529 pra:
1858 2459 2080 2515 eateris

392 2543 536 2604 ~tibi
595 2546 791 2605 animo
839 2546 1075 2616 sederit,
1111 2549 1337 2601 servata
1365 2551 1704 2602 caeterorum
1737 2548 2077 2615 reverentia,

429 2634 491 2692 in
518 2650 584 2692 eo
615 2639 960 2708 cooperante
990 2638 1104 2690 Deo
1136 2633 1196 2689 in
1225 2633 1347 2689 dies
1378 2635 1668 2707 proficias,
1701 2639 1757 2691 et
1782 2635 2078 2709 integrum

425 2722 483 2780 te
513 2722 573 2778 in
604 2738 671 2778 eo
702 2721 995 2778 exhibeas.
1028 2722 1189 2786 Quod
1223 2720 1271 2777 si
1302 2726 1467 2793 potes
1495 2739 1561 2778 ex
1592 2724 1742 2779 bono
1775 2724 1848 2779 ad
1883 2723 2082 2780 melio-

424 2813 755 2883 rem,atque
784 2809 857 2866 ab
887 2810 1006 2867 imo
1038 2810 1107 2866 ad
1143 2826 1446 2866 summum
1496 2812 1758 2878 evadere,
1792 2812 1849 2867 id
1884 2816 1940 2868 te
1973 2812 2079 2868 niti

422 2915 657 2956 summa
684 2898 1006 2955 intentione
1038 2900 1392 2971 persuadere
1424 2899 1701 2971 volim,ut
1730 2900 2079 2958 laboriosius

422 2987 647 3044 auctori
679 2987 962 3053 militans,
996 2988 1068 3043 ab
1118 3005 1184 3043 eo
1235 2987 1551 3060 gloriosius
1581 2990 1894 3045 coroneris.
1926 2991 2080 3047 Jacta

421 3078 719 3147 cogitatum
730 3085 893 3133 ‘tuum
916 3079 972 3131 in
994 3078 1536 3149 Domino(Psal.L1v),
1564 3082 1629 3133 ut
1648 3078 1720 3133 ab
1743 3096 1809 3134 eo
1838 3093 1861 3120 ει
1883 3078 2079 3135 nitori-

2107 1787 2156 1865 Β

2184 497 2544 555 memineris.

2698 589 3047 647 EPISTOLA
3086 589 3319 645 XXXVI.

2800 697 2872 734 AD
2911 696 3210 735 ΑινιτιΝυΜ.

2255 765 2314 821 Si
2343 766 2708 822 subitaneam
2743 767 2912 823 nobis
2930 772 3095 823 tuam
3113 768 3409 825 attulisses
3428 770 3769 845 prasentiam,

2184 855 2456 912 infertilis
2499 858 2754 928 profecto
2806 856 3022 913 laboris
3073 857 3371 913 retulisses
3426 858 3769 930 dispendium.

2186 944 2451 1017 Namque
2482 945 2564 1000 ita
2594 962 2686 1000 me
2717 944 2890 1001 variis
2922 951 2979 1001 et
3022 944 3451 1001 inevitabilibus
3495 946 3771 1006 involutum

2183 1032 2528 1089 offendisses
2561 1033 2830 1106 negotiis,
2867 1038 2932 1089 ut
2960 1034 3057 1089 vix
3087 1034 3238 1090 intra
3270 1034 3483 1090 multos
3526 1036 3639 1093 dies
3682 1054 3775 1094 una

2184 1122 2329 1179 hora
2356 1139 2571 1178 vacuas
2620 1122 2723 1178 tibi
2774 1140 2946 1179 aures
2988 1124 3245 1196 praebere
3295 1124 3617 1195 potuissem.
3655 1127 3773 1192 Quin

2184 1209 2361 1267 etiam
2415 1210 2642 1266 abbatis
2692 1210 2957 1266 absentia
3004 1209 3310 1267 intentioni
3357 1216 3466 1267 tua:
3505 1212 3773 1286 plurimum

2187 1299 2539 1372 derogasset.
2589 1299 2789 1372 Itaque
2836 1300 2989 1371 quod
3039 1307 3096 1356 et
3152 1316 3279 1373 ego,
3338 1300 3776 1372 quemadmodum

2186 1406 2365 1461 supra
2395 1388 2674 1461 expressi,
2703 1405 2836 1444 sum
2887 1392 3228 1462 occupatus,
3276 1393 3332 1444 et
3373 1389 3545 1447 abbas
3584 1390 3666 1445 vix
3697 1408 3777 1446 au-

2185 1482 2391 1534 tumno
2419 1494 2756 1533 reversurus
2785 1478 3061 1546 creditur,
3096 1478 3146 1534 si
3177 1478 3284 1533 tibi
3333 1478 3405 1534 ad
3450 1495 3552 1535 nos
3590 1479 3779 1536 venien-

2187 1567 2328 1622 dum
2354 1566 2675 1635 existimas,
2699 1567 3160 1640 opportunitatis
3189 1567 3349 1624 vides
3379 1568 3777 1641 exspectandum

2188 1656 2627 1712 commercium.
2661 1658 2942 1713 Caeterum
2974 1673 3326 1731 germanum
3368 1661 3549 1724 tuum,
3578 1660 3636 1712 ut
3662 1674 3778 1729 sup-

2187 1744 2439 1817 plicastl,
2501 1744 2880 1815 orationibus,
2944 1746 3100 1818 quod
3158 1750 3384 1819 potero,
3433 1746 3624 1818 juvare
3672 1763 3776 1805 con—

2192 1834 2447 1890 tendam.

2619 1925 2717 1980 ποθ
2756 1924 3111 1981 EPISTULA
3150 1923 3419 1980 XXXV-Il.

2555 2031 2582 2072 b
2619 2029 2691 2068 AD
2729 2029 3106 2069 HERIBOLDUM
3146 2029 3469 2069 EPISCOPUM

2259 2102 2551 2173 Suspecta:
2583 2100 2727 2156 mihi
2757 2100 3166 2175 amplitudinis
3195 2111 3397 2159 vestra:
3429 2117 3602 2174 nuper
3622 2099 3779 2157 misse

2189 2190 2425 2246 fuerunt
2453 2189 2679 2246 litterae.
2713 2189 2933 2245 Idcirco
2982 2190 3431 2262 temperandum
3463 2188 3781 2263 responsione

2186 2278 2386 2352 putavi
2417 2280 2572 2352 quod
2605 2279 2685 2334 rei
2714 2280 3018 2335 veritatem
3050 2279 3529 2335 rescirem.Nunc
3550 2278 3779 2350 quoniam

2185 2398 2210 2428 ο
2241 2366 2571 2423 communis
2601 2368 2779 2423 frater
2825 2372 2882 2423 et
2935 2368 3277 2424 earumdem
3309 2367 3616 2424 litterarum
3643 2366 3780 2421 ﬁdem

2189 2461 2246 2513 et
2272 2457 2449 2513 vestri
2481 2460 2668 2512 status
2700 2456 2970 2528 patefecit
2997 2456 3326 2523 veritatem,
3355 2457 3512 2513 bona;
3551 2453 3781 2512 valetudi-

2190 2545 2282 2601 nis
2339 2545 2504 2601 vobis
2563 2546 3063 2618 recuperationem
3115 2562 3297 2618 quam
3347 2545 3681 2603 celerrimum
3705 2559 3781 2598 ex-

2189 2634 2678 2707 optans,breviter
2707 2633 2918 2690 litteris
2950 2634 3363 2707 respondeo.Si
3387 2638 3591 2691 natura:
3611 2648 3783 2688 meme

2189 2738 2303 2789 res,
2335 2737 2461 2793 quae
2493 2738 2599 2776 nos
2631 2720 2962 2778 aretissimo
2992 2721 3444 2778 necessitudinis
3470 2719 3674 2778 vinculo
3695 2735 3781 2774 ne-

2186 2809 2334 2878 xuit,
2368 2808 2715 2883 pristinique
2746 2809 2967 2865 amoris
2998 2809 3168 2866 unice
3221 2809 3684 2884 singulariterque
3706 2808 3779 2863 de-

2185 2897 2371 2953 vinxit
2402 2902 2676 2971 (quorum
2707 2907 2733 2949 d
2764 2915 2948 2954 unum
2983 2902 3072 2954 est
3110 2905 3375 2967 eventus,
3405 2898 3633 2956 alterum
3654 2894 3781 2969 judi-

2188 2986 2283 3058 cii)
2312 2986 2597 3043 sinceram
2627 2986 2771 3042 mihi
2802 2987 3266 3043 benevolentiam
3315 2987 3671 3044 exhibendam
3713 2985 3781 3039 de

2188 3075 2468 3141 crevistis,
2494 3076 2610 3131 imo
2643 3076 2782 3148 quia
2811 3076 3441 3143 decrevistis,locorum
3473 3073 3778 3137 insterstitia,

422 3169 623 3223 menta
642 3170 922 3238 perpetuo
937 3164 1189 3221 feliciact
1207 3164 1452 3221 feliciter
1467 3171 2074 3241 perpetuaconsequa-
2104 3156 2156 3243 Cl
2188 3183 2313 3237 quae
2345 3164 2487 3220 mihi
2522 3164 2712 3236 questi
2744 3165 2910 3232 estis,
2944 3166 3300 3222 detrimento
3339 3183 3467 3223 esse
3512 3182 3613 3220 non
3657 3168 3778 3235 pote-

420 3252 798 3327 ris.llludque
812 3257 945 3309 ante
958 3253 1155 3309 omnia
1167 3254 1466 3325 semperin
1479 3254 1664 3310 oculis
1686 3255 1902 3311 habeas
1921 3257 2075 3329 quod

420 3341 547 3415 ipse
571 3345 626 3397 te
655 3340 1039 3415 fecerit,quod
1072 3344 1366 3416 perditum
1394 3342 1741 3412 reformarit,
1767 3345 1917 3416 quod
1953 3350 2074 3401 tam

419 3428 659 3498 crebris,
692 3432 814 3485 tam
846 3429 1117 3501 copiosis,
1152 3431 1509 3503 tandemque
1548 3432 1826 3503 proﬁcuis
1852 3433 2077 3489 auxerit

420 3517 752 3587 beneﬁciis;
780 3522 843 3573 ut
864 3518 998 3573 hinc
1022 3518 1186 3575 illum
1212 3518 1489 3575 laudandi
1517 3525 1793 3592 concepta
1811 3522 2072 3591 materia,

416 3607 558 3662 dum
590 3606 640 3662 ei
663 3606 882 3680 gratias
905 3608 975 3664 de
996 3609 1250 3681 acceptis
1281 3614 1339 3663 et
1368 3608 1548 3664 habes
1581 3613 1637 3664 et
1668 3610 1847 3665 refers
1869 3628 2073 3667 mune-

419 3693 606 3762 ribus,
658 3695 766 3750 ﬁas
815 3695 886 3750 ad
937 3696 1280 3768 accipienda
1327 3697 1550 3768 majora
1602 3697 1695 3753 75
1737 3697 1987 3771 dignior,
2020 3704 2076 3754 et

414 3782 601 3839 fretus
632 3782 983 3854 humilitate,
1019 3784 1507 3857 perseverantiam
1552 3784 1611 3839 in
1645 3784 1812 3840 bonis
1843 3787 2073 3844 actibus

417 3872 594 3944 (quod
625 3875 713 3928 est
742 3872 962 3927 donum
995 3871 1402 3945 inamissibile)
1434 3871 1717 3929 sortiaris.
1753 3874 1904 3929 Sane
1929 3876 2071 3932 dum

410 3958 507 4015 his
541 3959 753 4017 studiis
783 3960 1110 4034 occuparis,
1142 3961 1418 4017 honestas
1449 3966 1601 4017 artes
1633 3967 1687 4017 et
1717 3960 1951 4036 ingenio
1984 3963 2070 4019 di-

408 4063 556 4122 gnas
584 4046 764 4105 nolim
797 4048 1159 4123 negligenter
1188 4056 1526 4122 prmtereas;
1559 4068 1762 4107 verum
1810 4051 2071 4123 postules

411 4153 614 4194 earum
645 4137 949 4195 scientiam
982 4141 1054 4194 ab
1080 4156 1146 4195 eo
1180 4140 1279 4212 qui
1311 4140 1410 4195 dat
1440 4139 1714 4196 omnibus
1740 4141 2067 4214 affluenter,

412 4230 470 4283 et
521 4244 637 4283 non
682 4226 1074 4299 improperat;
1110 4230 1358 4300 etjuxta
1408 4246 1746 4285 mensuram
1791 4230 1925 4285 ﬁdei
1958 4234 2068 4287 tua

411 4315 519 4373 tibi
549 4315 708 4371 haud
754 4315 929 4371 dubie
977 4315 1326 4372 tribuentur.
1361 4318 1590 4383 Valeas,
1622 4317 1965 4374 charissime
2014 4323 2071 4375 et

415 4402 982 4472 desiderantissime;
1015 4409 1071 4459 et
1100 4403 1272 4477 longa
1304 4405 1517 4462 ﬂorens
1547 4410 1732 4472 mtate,
1750 4405 2069 4464 salutiferis

2184 3259 2339 3309 runt.
2362 3253 2421 3309 Si
2453 3253 2687 3325 quidem
2721 3258 2776 3308 et
2807 3255 3138 3325 frequenter
3169 3254 3417 3311 invicem
3447 3254 3624 3310 videre
3650 3248 3780 3305 nobis

2184 3342 2430 3399 facultas
2461 3347 2577 3410 est;
2610 3346 2667 3398 ct
2715 3341 2763 3399 si
2814 3341 2949 3415 quis
2978 3360 3151 3398 casus
3204 3342 3547 3417 impedierit,
3576 3336 3779 3397 litterale

2185 3431 2354 3487 nobis
2382 3431 2845 3503 haudquaquam
2878 3430 3039 3487 deest
3069 3432 3622 3503 eommercium,quo
3645 3426 3779 3482 vicis-

2184 3520 2295 3575 sim
2330 3519 2687 3575 intentioneo
2720 3524 2952 3575 nostras
2972 3519 3043 3593 (si
3074 3525 3268 3577 vestra
3296 3537 3361 3577 eo
3394 3536 3569 3592 usque
3589 3534 3643 3573 se
3659 3530 3779 3572 sum-

2158 3607 2363 3681 ,mittit
2393 3607 2749 3676 sublimitas)
2782 3607 3149 3664 familiariter
3196 3625 3512 3682 possumus
3558 3603 3776 3662 revelare.

2182 3703 2461 3753 Caeterum
2494 3696 2752 3753 codicem
2778 3697 3215 3755 annotationem
3246 3699 3399 3756 beati
3425 3692 3718 3767 Hieronymi
3735 3690 3777 3745 in

2182 3787 2517 3859 prophetas,
2551 3786 2801 3841 necdum
2836 3804 2871 3842 a
2903 3803 2995 3842 me
3027 3785 3266 3857 lectum,
3291 3788 3454 3844 vobis
3486 3798 3681 3842 morem
3704 3795 3778 3852 gae

2182 3893 2336 3943 rens,
2371 3875 2558 3948 dirigo
2591 3892 2603 3929 :
2641 3892 2814 3948 quem
2845 3880 3037 3933 vestra
3078 3876 3380 3949 diligentia
3425 3875 3534 3932 cito
3576 3876 3667 3929 aut
3703 3884 3777 3924 ex-

2181 3964 2555 4020 scribendum
2591 3970 2689 4020 aut
2722 3963 3033 4036 legendum
3063 3964 3630 4037 procuret,nobisque
3654 3954 3779 4014 resti-

2179 4052 2263 4108 tui
2286 4052 2515 4124 jubeat.
2550 4052 2712 4108 Unde
2743 4070 2842 4108 vos
2868 4053 3227 4109 monendum
3254 4052 3540 4127 judicavi;
3568 4066 3630 4106 ne
3662 4048 3775 4102 forte

2176 4142 2340 4198 vobis
2373 4142 2430 4196 in
2465 4141 2668 4196 multis
2699 4141 3075 4215 assiduisque
3089 4144 3388 4216 occupatis
3416 4138 3645 4215 negotiis
3663 4130 3774 4191 nihil

2177 4231 2339 4286 vobis
2366 4229 2651 4286 collatura
2682 4230 2851 4286 nobis
2882 4232 3221 4288 earumdem
3254 4249 3448 4289 rerum
3478 4229 3684 4286 obesset
3707 4221 3773 4277 di-

2176 4320 2528 4391 latio.Atque
2547 4319 2773 4375 utinam
2793 4318 3148 4376 altissimum
3171 4320 3545 4393 divinumque
3562 4318 3775 4372 vestrum

2177 4408 2499 4482 ingenium,
2547 4411 2834 4479 quantum
2883 4413 3082 4479 posset
3130 4409 3274 4479 fieri,
3309 4425 3391 4466 ae
3420 4400 3776 4465 communibus

481 4521 505 4551 ³
532 4510 920 4569 Nitorimenta.
964 4511 1052 4565 Ita
1100 4511 1324 4566 deserte
1378 4511 1556 4566 codex
1605 4513 2064 4638 manuscrigtus,
2100 4525 2143 4588 ι)
2175 4514 2450 4570 situdinis
2480 4512 2712 4568 vinculo
2747 4514 3034 4570 nexuisse.
3070 4515 3245 4588 Atqui
3280 4520 3546 4571 neutrum
3567 4502 3774 4565 necessi-

481 4598 546 4635 m
577 4582 893 4638 editionem
926 4581 1224 4638 haberent.
1244 4584 1384 4638 inter
1414 4582 1874 4638 incerta.Novum
1950 4586 2061 4638 aud
2174 4585 2397 4638 tudinis
2429 4584 2725 4638 vinculum
2748 4585 2967 4638 arctius
3002 4592 3090 4638 est
3120 4604 3299 4638 uuam
3336 4584 3662 4638 fraternitas.

411 4598 546 4636 cum
577 4582 893 4639 editionem
926 4581 1224 4649 haberent,
1244 4584 1384 4639 inter
1414 4582 1874 4638 incerta.Novum
1908 4581 2061 4640 haud

408 4651 1073 4725 dubievoeabulumﬁed
1091 4670 1203 4725 quo
1222 4654 1420 4725 Lupus
1440 4653 1755 4725 signiﬁcari
1770 4654 2065 4711 velitnito-

412 4724 855 4808 remmentis,id
871 4729 967 4808 est
988 4724 1890 4808 animae,perpetuoduraturum.
1912 4727 2061 4808 am

415 4792 638 4861 alioqui
670 4810 837 4849 voces
868 4793 999 4861 illae,
1034 4797 1179 4850 inter
1218 4792 1445 4860 incerta,
1481 4796 1626 4850 nihil
1677 4796 1771 4852 hic
1817 4796 2058 4854 faciunt.

452 4934 467 4939 _
482 4880 525 4939 b_
540 4864 618 4920 Ad
637 4864 998 4939 'Heriooldum
1015 4881 1351 4939 episcogum.
1367 4867 1971 4939 ,Antissiodorensem,
1996 4876 2062 4925 ut

412 4934 687 5007 diximus,
721 4936 793 4990 ad
825 4934 1129 5007 epistolam
1181 4934 1265 4992 f9.
1309 4938 1679 5006 Hincmarus,
1714 4934 2059 4996 Rhemensis

411 5005 887 5083 archiepiscopus
918 5007 1004 5083 (ut
1039 5007 1401 5083 lflodoardus
1434 5010 1602 5083 docet
1637 5005 1754 5083 lib.
1795 5027 1878 5075 III,
1912 5028 2054 5083 cap.

409 5076 837 5154 g_i),epi_stola}n
867 5076 1144 5154 scripsitu
1176 5079 1405 5135 Abboni
1432 5080 1921 5154 Antissiodorensi
1954 5076 2057 5154 pro

412 5144 722 5225 Heriboldo
757 5144 1002 5225 praesule
1031 5150 1331 5225 defuncto,
1364 5152 1466 5223 qui
1499 5152 1743 5225 cuidam
1765 5153 1923 5207 fratri
1954 5144 2055 5225 ap-

408 5236 620 5296 parens
642 5218 947 5296 admonuit
961 5219 1031 5275 de
1046 5218 1413 5296 eleemosyna
1427 5228 1485 5279 et
1500 5222 1862 5296 orationibus
1883 5218 2057 5296 atque

408 5290 804 5364 oblationibus
836 5308 940 5364 pro
967 5309 1029 5347 se
1060 5290 1390 5349 efferendis.
1428 5317 1455 5343 »
1484 5295 1646 5349 Abbo
1677 5294 1854 5358 enim,
1886 5290 2055 5350 Heri-

405 5362 559 5418 boldi
595 5363 790 5430 frater,
828 5362 878 5418 ei
911 5380 1063 5418 anno
1111 5366 1215 5419 854
1266 5364 1325 5419 in
1372 5365 1648 5419 cathedra
1691 5366 2053 5423 Antissiodo-

407 5434 563 5507 rensi
594 5440 957 5491 successerat
983 5453 1047 5489 ex
1081 5442 1365 5507 praecepto
1398 5435 1581 5507 Caroli
1614 5435 1763 5489 Calvi
1798 5438 1970 5507 regis.

475 5454 559 5488 nsi
594 5454 957 5491 successerat
983 5454 1047 5489 ex
1081 5454 1263 5507 pl‘tBCB
1290 5454 1365 5490 )LO
1398 5454 1581 5490 baro“
1614 5454 1763 5489 uaiv:
1798 5454 1970 5507 regis.

475 5518 499 5547 ε
529 5505 843 5587 Communis
864 5508 1064 5632 pater.
1100 5515 1188 5561 An
1238 5454 1584 5561 Ileriboldus
1636 5506 1779 5586 Lupi
1834 5508 2053 5564 frater?

475 5577 568 5627 :rte
597 5575 768 5632 paulo
797 5593 857 5631 1n
885 5594 949 5632 ra
978 5581 1057 5632 ait
1089 5581 1354 5632 naturam
1384 5592 1483 5631 eos
1512 5582 1839 5632 arctnssnmo
1865 5596 2053 5632 neces-

404 5570 568 5628 Certc
597 5575 768 5643 paulo
797 5570 949 5633 infra
978 5577 1057 5633 ait
1089 5581 1354 5633 naturam
1384 5592 1483 5631 eos
1512 5570 1839 5634 arctissimo
1865 5596 2055 5635 neces-

2174 4585 2397 4641 tudinis
2429 4584 2725 4640 vinculum
2748 4585 2967 4641 arctius
3002 4592 3090 4641 est
3120 4584 3300 4654 quam
3336 4584 3671 4654 fraternitas;
3734 4642 3745 4654 .

2241 4664 2267 4698 ιι
2301 4654 2477 4713 Unum
2505 4664 2580 4711 est
2604 4664 2842 4711 eventus.
2878 4656 2973 4712 Sic
3021 4649 3203 4713 Galba
3250 4658 3392 4727 imp,
3446 4653 3589 4727 apud
3633 4649 3774 4704 Taci-

2173 4732 2320 4796 tum,
2354 4728 2413 4782 in
2448 4727 2594 4799 libro
2645 4728 2834 4799 primo
2885 4728 3289 4799 Historiarum,
3326 4727 3601 4790 Pisonem,
3630 4729 3770 4799 (Ῑῐιβῑῐξ

2170 4787 2510 4871 adoptabat,
2534 4798 2625 4871 his
2646 4787 2846 4871 verbis
2877 4798 3200 4871 alloquitur
3231 4787 3287 4855 τά
3307 4801 3450 4856 Nam
3480 4787 3712 4871 generari
3732 4787 3775 4838 et

2171 4864 2329 4926 nasci
2363 4887 2397 4925 a
2428 4864 3264 4940 principibus,tortuitummec
3288 4872 3442 4929 ult-ra
3469 4864 3773 4925 éstimatul';

2169 4940 2506 5012 adoptandi,
2533 4940 2827 5013 judicium
2862 4941 3175 5013 integrum.
3214 4965 3241 4991 ››
3380 5012 3383 5013 ν
3627 5003 3637 5013 ⁸

2235 5031 2259 5060 e
2287 5011 2673 5067 Communibus
2706 5013 2958 5081 negotiis.
2991 5011 3074 5068 0b
3108 5013 3214 5069 hoc
3246 5012 3519 5067 nimirum
3549 5011 3773 5082 quia'af'

2167 5082 2602 5154 chicapellanus
2633 5088 2757 5154 erat
2783 5106 2835 5154 χ(
2874 5083 2977 5138 Pro
3001 5084 3137 5154 jure
3167 5084 3324 5140 enim
3356 5083 3445 5154 sui
3476 5087 3769 5154 munertsgl’

2169 5159 2234 5208 ut
2254 5143 2685 5227 AMarcascribit
2701 5153 2759 5227 in
2783 5152 2929 5227 libro
2952 5143 3049 5210 viii
3072 5156 3143 5211 de
3164 5143 3769 5227 Concordiasacerdqlil

2165 5230 2221 5279 et
2243 5224 2972 5298 _imperii,f<eccle_siasticas
3003 5242 3214 5283 causas
3245 5228 3303 5281 in
3333 5222 3538 5298 palatio
3564 5218 3770 5298 distrin-

2163 5294 2892 5368 gebat'archicapellanus,
2926 5318 2953 5345 ››
3005 5314 3104 5353 eas
3155 5294 3433 5353 nimir'um
3480 5295 3769 5368 qum-‘00P:

2167 5357 2374 5422 manes
2405 5357 2687 5440 erantCut
2716 5366 2799 5420 ait
2832 5357 3049 5438 Lupus,
3082 5369 3141 5423 id
3172 5374 3261 5424 est
3288 5357 3513 5440 graves;
3538 5383 3564 5410 ‹‹
3594 5357 3770 5440 Ρεεειῗιξι·

2164 5455 2291 5493 eam
2325 5425 2751 5510 auctoritatem.
2768 5454 2895 5510 quae
2920 5425 3165 5510 'pro'pria
3193 5425 3322 5499 erat
3342 5425 3767 5510 erebi—capolim}:

2161 5509 2439 5582 omnibus
2468 5503 2998 5582 consultationibus
3022 5503 3149 5582 quae
3163 5511 3235 5567 de
3248 5528 3306 5582 re
3328 5506 3551 5582 publica
3564 5503 3771 5582 autpﬂf

2161 5585 2292 5636 vata
2330 5579 2387 5635 in
2429 5577 2645 5651 palatio
2694 5596 2728 5634 a
2776 5567 3127 5638 consiliaﬁis
3185 5567 3559 5655 (qui‘partim
3605 5567 3772 5633 cleriGi
