3982 6152
198 272 316 335 517

1688 272 2118 336 EP'ISTOL.E.

3489 278 3612 339 518

197 421 576 479 possessums
607 402 864 462 affirmat
883 406 931 479 (I
948 404 1069 461 Cor.
1093 406 1193 478 v1),
1217 410 1272 461 et
1301 405 1457 462 ultra
1484 405 1700 462 dubius
1721 422 1850 462 esse
1877 418 1934 482 Α
1963 405 2094 478 plex
2124 405 2319 479 ﬂagito
2342 411 2407 462 ut
2426 408 2811 480 vosmetipsos
2834 408 3092 465 liberetis
3115 410 3392 482 periculo,
3408 428 3617 485 meque

199 512 313 552 non
344 494 579 567 poterit.
631 494 954 567 Praaceptor
998 511 1132 551 vero
1162 496 1311 566 ejus,
1345 512 1418 552 ne
1448 512 1509 551 se
1537 493 1852 551 insolubile

199 588 612 656 argumentum
645 584 932 656 reperisse
961 583 1262 657 glorietur,
1294 585 1541 657 accipiat
1586 584 1851 639 omnium

197 671 471 728 villarum
520 676 855 728 nostrarum
909 690 1130 740 meum,
1164 690 1381 742 meum,
1428 672 1692 745 inquam,
1726 689 1854 728 esse

200 760 461 835 regimen
491 765 549 816 et
574 759 858 830 laborem,
908 778 1083 817 usum
1131 777 1265 817 vero
1313 762 1612 817 fructuum
1658 762 1854 833 ipsum

202 850 375 907 etiam
408 850 735 905 secundum
768 867 958 907 meam
990 850 1433 923 dispositionem
1460 850 1704 905 fratrum
1728 866 1855 905 esse

202 955 594 995 communem.
613 939 699 994 Ita
719 956 823 996 nec
845 938 1182 995 saecularem
1205 939 1406 1012 religio
1429 938 1643 994 minuit
1663 944 1855 1011 potes-

200 1033 401 1096 tatem,
436 1044 543 1085 nec
572 1032 833 1101 potestas
862 1028 1171 1086 confundit
1223 1028 1586 1102 religionem.
1616 1027 1854 1083 Interim

200 1116 517 1191 prospicite
546 1117 763 1173 nostris
794 1119 981 1190 equis,
1010 1136 1081 1174 ne
1113 1135 1147 1173 a
1176 1118 1458 1191 magistro
1488 1122 1590 1173 aut
1619 1134 1652 1171 a
1683 1116 1856 1172 disci-

201 1205 332 1280 pulo
363 1205 831 1275 subtrahantur;
856 1212 911 1263 et
931 1208 1155 1279 absque
1176 1205 1295 1263 ullo
1319 1207 1377 1261 in
1403 1206 1513 1261 hac
1542 1209 1706 1279 parte
1728 1221 1857 1260 meo

203 1298 495 1368 respectu,
528 1294 813 1368 quidquid
861 1296 1185 1351 secundum
1213 1294 1374 1368 leges
1401 1294 1625 1363 valetis,
1658 1298 1860 1348 contra

199 1382 543 1440 violentiam
575 1383 900 1457 pervasoris
929 1400 1099 1456 agere
1129 1384 1481 1452 contendite,
1506 1382 1858 1439 industriam

199 1477 459 1530 vestram
513 1472 623 1529 hoc
654 1472 797 1528 mihi
828 1473 1141 1545 gratiorem
1173 1473 1423 1528 scientes
1454 1473 1711 1527 futuram
1744 1487 1858 1543 quo

201 1562 389 1633 major
416 1565 479 1617 et
508 1559 791 1617 illustrior
818 1560 1109 1617 enituerit.
1144 1560 1284 1616 Mihi
1317 1560 1543 1633 potiora
1596 1559 1859 1615 molienti

199 1651 353 1724 quod
387 1650 801 1723 opportunitas
832 1649 990 1718 hinc,
1010 1650 1129 1706 imo
1160 1650 1313 1705 Deus
1344 1648 1860 1722 permiserit,curaa

200 1741 301 1796 erit
331 1739 1090 1812 perlicere.Ego,quoniam
1113 1756 1246 1794 cum
1280 1755 1412 1812 rege
1435 1738 1509 1810 (α)
1533 1739 1605 1794 ad
1629 1739 1862 1809 Trajec-

201 1834 341 1897 tum,
368 1828 494 1884 Deo
520 1826 766 1896 volente,
787 1828 979 1883 iturus
1002 1845 1287 1899 sum,quo
1318 1828 1368 1883 ei
1399 1829 1473 1883 ad
1503 1826 1861 1899 colloquium

198 1920 414 1974 fratres
446 1920 775 1983 occurrent,
794 1920 851 1972 et
873 1917 947 1989 (ὁ)
970 1916 1314 1989 recipiendae
1347 1916 1501 1972 cellae
1534 1917 1686 1972 bona
1717 1914 1863 1970 mihi

200 2023 329 2080 spes
364 2010 483 2077 est,
506 2022 610 2062 nec
640 2022 883 2078 possum
916 2006 1120 2062 adesse
1147 2006 1332 2072 vobis,
1359 2009 1423 2061 ut
1451 2004 1863 2077 unusquisque

199 2101 465 2153 vestrum
498 2100 636 2168 agat
666 2111 900 2151 mecum
930 2096 1087 2168 quod
1118 2094 1266 2151 solet
1296 2100 1354 2151 et
1382 2095 1571 2163 debet,
1593 2093 1744 2150 sicut
1772 2111 1866 2149 su-

202 2185 431 2259 periore
447 2201 603 2240 anno
624 2183 890 2240 convenit
906 2183 1201 2256 nobis,qui
1221 2188 1414 2256 potest
1429 2200 1599 2256 agere
1610 2184 1860 2250 studeat,

203 2290 522 2348 quousque
550 2273 805 2342 rediens,
838 2272 889 2328 si
919 2272 1141 2346 aliquid
1176 2272 1252 2328 sit
1280 2273 1737 2336 immutandum,
1770 2287 1863 2327 co-

203 2380 513 2438 gnoscam.
554 2362 712 2419 Satio
746 2361 1178 2418 studiosissime
1210 2365 1589 2436 procuretur;
1621 2365 1677 2416 et
1707 2360 1862 2432 quod

202 2451 392 2509 nostri
423 2452 604 2508 boves
635 2455 770 2523 post
796 2450 1056 2506 solemne
1081 2451 1345 2507 debitum
1369 2467 1485 2506 non
1507 2449 1862 2517 suffecerint,

201 2543 300 2599 υ
343 2541 694 2613 frequentes
736 2539 1022 2613 impleant
1067 2540 1519 2613 corrogationes.
1567 2539 1720 2594 Bene
1762 2555 1865 2594 vos

200 2630 392 2688 valere
425 2628 603 2702 cupio
633 2632 691 2685 et
718 2628 1170 2702 diligentissime
1199 2644 1363 2684 orare
1396 2645 1499 2701 pro
1532 2627 1720 2684 nobis.

787 2743 1139 2801 EPISTOLA
1175 2743 1287 2801 LII.

866 2849 1193 2889 PRIEPOSITO
1200 2876 1214 2888 .

270 2946 341 3017 (e)
369 2944 443 3000 Ε.
479 2945 683 2998 noster
724 2939 1052 3012 probabilia
1095 2940 1233 2996 fecit
1280 2956 1642 3013 quaecunque
1673 2939 1779 2995 abs
1810 2943 1866 2995 te

204 3035 574 3106 gererentur,
607 3029 766 3101 quod
800 3027 947 3084 mihi
976 3029 1135 3085 cordi
1183 3027 1312 3097 fuit,
1361 3034 1697 3100 moueoque'
1716 3033 1770 3084 te
1804 3032 1867 3083 ut

203 3123 354 3177 sicut
386 3118 643 3192 coepisti,
661 3117 722 3173 in
752 3117 944 3173 officio
974 3117 1202 3173 sincera
1231 3118 1345 3174 ﬁde
1375 3133 1739 3190 permaneas.
1760 3116 1867 3171 Fu-

205 3210 433 3266 riosum
464 3207 868 3279 illum,~super
896 3222 1012 3278 quo
1042 3205 1352 3279 scripsisti,
1378 3206 1517 3279 quia
1546 3205 1719 3261 etiam
1753 3222 1868 3277 poe-

207 3299 402 3355 nitens
436 3304 750 3369 suspectus
775 3294 919 3351 mihi
944 3298 1125 3363 est,et
1145 3312 1426 3369 germana
1446 3294 1755 3352 sanctitate
1779 3312 1871 3349 us-

207 3405 318 3461 que
348 3387 432 3443 ad
462 3384 769 3443 fastidium
801 3384 1106 3453 satiamur,
1119 3385 1492 3441 vehementer
1521 3401 1613 3440 me
1644 3400 1872 3440 recusa-

204 3482 409 3532 turum
443 3489 770 3548 cognosce:
805 3489 871 3529 ac
904 3473 953 3528 si
984 3489 1046 3528 se
1077 3472 1408 3546 ingesserit,
1441 3489 1514 3528 ne
1543 3472 1718 3527 tridui
1752 3487 1869 3526 mo-

204 3583 296 3622 ras
327 3564 580 3622 excedat
609 3562 834 3619 caeteris
867 3563 1188 3635 persuade;
1213 3562 1353 3634 quia
1375 3562 1531 3635 quod
1550 3560 1868 3617 toleremus

204 3673 315 3712 non
349 3671 510 3729 opus
540 3659 631 3710 est
660 3651 831 3709 nobis
860 3652 1221 3709 extrinsecus
1252 3669 1527 3725 quaarere.

777 3768 1127 3825 EPISTOLA
1166 3768 1305 3824 LIII.

574 3876 649 3914 AD
690 3875 943 3915 DOMNUM
983 3874 1175 3914 REGE)!
1213 3874 1502 3914 CAROLUM.

271 3964 826 4023 Praecellentissime
857 3982 976 4021 rex.
996 3964 1154 4020 Licet
1184 3964 1448 4031 tacendo,
1482 3963 1771 4037 loquendo
1803 3979 1868 4019 ac

204 4055 543 4119 scribendo,
576 4053 724 4109 nihil
769 4053 1053 4109 hactenus
1097 4052 1462 4127 profecerim,
1494 4057 1691 4109 tamen
1731 4054 1871 4124 quia

204 4144 303 4200 Dei
334 4159 526 4199 causa
548 4146 640 4198 est
677 4158 854 4215 quam
889 4158 1017 4215 ago,
1052 4143 1348 4213 quiescere
1380 4159 1494 4197 non
1521 4142 1725 4197 audeo.
1763 4142 1869 4197 Pro

203 4236 402 4288 vestra
435 4230 628 4287 salute
659 4248 725 4287 ac
756 4230 1140 4304 prosperitate
1192 4248 1292 4287 vos
1322 4231 1606 4287 admoneo
1638 4234 1696 4287 et
1724 4247 1868 4302 sup-

272 4393 350 4465 (α)
383 4392 472 4448 Ad
505 4393 825 4465 Trajectum.
844 4392 988 4449 Vide
1009 4409 1135 4465 qua:
1167 4392 1240 4448 ad
1271 4392 1631 4466 superiorem
1661 4393 1872 4466 episto-

203 4462 318 4520 lam
351 4466 643 4520 adnotata
670 4469 827 4520 sunt.

224 4481 318 4520 am
351 4481 431 4520 aa
439 4481 643 4520 ηοωια
670 4481 827 4521 sunt.

270 4538 348 4619 (ρ)
969 4535 1411 4619 Nondumnergo
1443 4535 1623 4619 cellan

204 4606 782 4690 Judocinrecepe‘ra‘t.
806 4608 1203 4690 L‘upusAanno
1233 4606 1365 4673 847,
1391 4607 1626 4690 tametsi
1659 4624 1872 4679 praece-

205 4683 374 4749 ptum
406 4677 605 4733 Caroli
629 4677 787 4733 Calvi
817 4677 918 4734 diu
940 4677 1297 4749 antedatum
1319 4683 1473 4734 esset
1495 4679 1567 4734 ob
1590 4677 1718 4734 eam
1741 4697 1867 4734 cau-

205 4748 354 4822 eam.
374 4750 547 4822 Ergo
579 4750 844 4822 nondum
875 4748 1182 4822 Odulphus
1213 4754 1337 4804 erat
1367 4755 1655 4817 mortuus,
1686 4767 1873 4822 neque

204 4820 566 4877 beneﬁcium
597 4820 756 4876 aliud
788 4838 823 4877 a
850 4820 1112 4892 principe
1140 4826 1462 4892 acceperat.
1486 4826 1487 4831 “

278 4838 566 4877 uenenum
597 4838 756 4876 anno
788 4838 823 4877 a
850 4838 1033 4892 princi
1080 4838 1112 4875 e
1140 4838 1462 4892 acceperat.

274 4894 347 4963 (ε)
380 4892 449 4946 Ε.
480 4900 684 4949 noster.
719 4892 822 4947 Hic
852 4838 1401 4963 reddidimusbona
1444 4892 1558 4947 ﬁde
1613 4893 1871 4948 codicem

208 4961 509 5018 msQNam
540 4963 719 5019 editio
751 4963 1008 5019 Massoni
1036 4962 1118 5017 ita
1147 4961 1399 5018 habebat
1425 4980 1437 5016 :
1471 4966 1670 5020 Frater
1696 4972 1876 5020 noster

201 5034 357 5105 prob.
381 5034 682 5108 Sincerior
700 5034 933 5108 videtur
949 5032 1118 5089 lectio
1141 5034 1356 5089 vetusti
1387 5034 1876 5108 codicis,ideoque

206 5119 336 5160 eam
366 5105 611 5161 retineri
645 5106 854 5161 debere
882 5105 1075 5161 visum
1107 5107 1213 5160 est.

276 5176 352 5248 (ά)
386 5177 591 5233 Sancto
621 5179 799 5233 Petro.
846 5176 993 5240 Quia
1040 5176 1462 5248 monasterium
1510 5178 1875 5235 Ferrariense

206 5246 477 5303 dicatum
506 5252 598 5304 est
635 5253 844 5323 sancto
867 5248 1063 5323 Retro.
1100 5247 1452 5323 Timendum
1484 5254 1679 5305 autem
1713 5251 1874 5323 Lupo

206 5334 326 5393 nep
360 5323 512 5386 erat,
531 5337 605 5375 ne
631 5319 713 5375 ita
739 5319 1108 5393 familiariter
1137 5318 1375 5374 habitus
1404 5318 1629 5389 Petrus,
1654 5326 1719 5376 ut
1748 5318 1876 5393 par-

204 5388 386 5445 vulus
410 5395 671 5460 vocetur,
703 5408 827 5447 cum
871 5391 1104 5461 parvulo
1149 5397 1331 5461 nostra
1358 5398 1543 5447 sancto
1574 5388 1771 5459 Petro}
1802 5393 1873 5447 ti-

206 5461 524 5536 mendum,
554 5462 820 5536 inquam,
857 5460 971 5518 non
1003 5466 1229 5536 erat_ne
1275 5460 1433 5536 hinc
1457 5466 1667 5536 Petrus
1714 5464 1874 5536 Lupo

204 5531 701 5607 subirasceretur.
720 5534 867 5607 Divo
896 5538 1095 5607 tamen
1124 5532 1354 5607 Tiberio
1381 5532 1751 5607 displicuisse
1771 5531 1875 5607 p'o-

204 5603 322 5677 t_uit
337 5603 573 5677 similis
592 5604 960 5677 familiaritas
980 5603 1555 5677 in_Cotta_Messaliho
1577 5603 1879 5677 qui,ut‘re-

204 5674 321 5734 fert
335 5674 590 5736 Tacitus
608 5675 670 5737 in
691 5681 852 5744 sexto
869 5673 1190 5743 Annalium
1219 5673 1390 5750 libro,
1415 5673 1663 5753 querens
1684 5673 1757 5736 de
1777 5694 1878 5758 po-

757 4536 932 4593 cellw.
969 4535 1240 4591 Nondum
1275 4552 1411 4608 ergo
1443 4534 1650 4608 cellam
1682 4536 1869 4592 sancti
1901 4531 1949 4597 D

1963 495 2406 551 devotissimum
2437 496 2601 551 vobis
2625 496 2911 553 famulum
2935 500 3258 554 secundum
3285 501 3616 571 frequentes

1959 589 2184 639 vestras
2213 585 2636 656 promissiones
2667 588 2988 657 asperrimo
3034 588 3349 643 sublevetis
3399 588 3615 642 lalzm‘e.

1964 672 2096 735 Quae
2130 672 2308 728 beata:
2342 674 2636 728 memoriae
2669 680 2833 744 pater
2861 676 3474 739 vester,intercedente
3498 677 3623 750 glo-

1963 760 2121 815 riosa
2152 765 2357 828 matre,
2376 761 2701 834 peregrinis
2723 767 2779 818 et
2798 763 2896 818 Dei
2923 764 3103 819 servis
3133 766 3231 821 95
3267 765 3457 837 largiti
3486 771 3624 821 sunt

1965 850 2036 904 ob
2069 850 2528 921 redemptionem
2561 850 2891 905 animarum
2941 869 3205 919 suarum,
3251 853 3372 907 haec
3421 854 3623 910 afﬂicti

1962 936 2140 993 variis
2171 938 2639 1007 necessitatibus,
2666 944 2919 1011 quatuor
2948 957 3234 996 annorum
3268 942 3624 1014 spatio,quia

1966 1043 2169 1081 omnes
2201 1028 2406 1081 adesse
2440 1045 2553 1083 non
2587 1034 2971 1101 possunt,per
3001 1047 3092 1085 me
3125 1036 3439 1101 reposcunt
3472 1048 3505 1085 a
3534 1049 3625 1086 vo-

1966 1115 2077 1171 bis.
2102 1115 2172 1171 Ut
2204 1115 2332 1187 ipsa
2363 1116 2536 1171 etiam
2570 1133 2771 1171 eorum
2803 1118 2976 1172 verba
3007 1117 3227 1186 sciatis,
3251 1119 3456 1174 dicunt
3478 1118 3628 1190 inju-

1967 1208 2127 1259 stum
2159 1220 2285 1260 esse
2316 1209 2383 1259 ut
2415 1222 2448 1259 a
2476 1204 2636 1259 vobis
2668 1206 2817 1261 fame
2848 1211 3232 1278 torqueantur
3278 1213 3334 1262 et
3387 1208 3620 1279 frigore,

1968 1309 2101 1347 cum
2126 1293 2361 1348 assidue
2387 1310 2490 1365 pro
2509 1298 2703 1349 vestra
2726 1295 3033 1367 temporali
3057 1300 3113 1349 et
3137 1301 3417 1367 perpetua
3437 1297 3625 1352 salute

1969 1385 2252 1453 cogantur
2281 1399 2466 1453 orare,
2488 1400 2592 1438 nec
2613 1400 2713 1439 vos
2744 1384 2982 1439 omnino
3014 1391 3429 1441 consecuturos
3452 1385 3627 1441 felici-

1968 1474 2149 1525 tatem
2183 1488 2358 1542 quam
2392 1471 2738 1527 desideretis
2771 1474 2953 1528 donec
2993 1490 3124 1529 cum
3160 1473 3396 1545 parvulo
3427 1478 3625 1529 nostro

1970 1559 2045 1624 (ιι)
2078 1565 2280 1615 sancto
2313 1561 2478 1615 Petro
2513 1561 2571 1615 in
2601 1560 2848 1633 gratiam
2869 1561 3137 1617 amicitia;
3170 1563 3437 1618 redeatis.
3457 1564 3536 1618 Ac
3554 1578 3625 1617 ne

1971 1648 2191 1719 putetis
2220 1666 2319 1705 eos
2341 1649 2719 1721 jocari,serio
2750 1652 3101 1706 confirmant
3131 1668 3300 1707 senes
3331 1651 3512 1707 nostri
3536 1668 3628 1706 ex-

1972 1737 2294 1809 perimento
2326 1754 2387 1793 se
2420 1739 2653 1810 proprio
2686 1738 3059 1811 comperisse,
3085 1739 3260 1811 idque
3288 1738 3400 1795 sibi
3432 1741 3629 1812 pueris

1971 1844 2004 1880 a
2020 1826 2259 1882 senibus
2278 1843 2404 1881 esse
2427 1827 2727 1894 traditum,
2745 1829 2898 1899 quod
2920 1828 3255 1901 quicunque
3277 1829 3630 1885 monasterio
3694 1846 3715 1853 '

1973 1919 2169 1970 nostro
2201 1915 2430 1988 insigne
2471 1916 2703 1988 aliquod
2736 1916 2999 1972 intulerit
3029 1918 3335 1983 damnum,
3370 1918 3485 1973 nisi
3517 1918 3630 1974 cito

1974 2004 2299 2075 resipuerit,
2336 2021 2617 2077 magnum
2674 1994 2985 2060 incurrerit
3032 2006 3495 2074 incommodum,
3530 2011 3634 2062 aut

1973 2092 2263 2158 sanitatis,
2295 2097 2353 2148 et
2382 2094 2511 2147 vitae
2562 2093 2865 2165 pertulerit
2908 2094 3305 2165 dispendium.
3341 2096 3423 2151 Ne
3452 2095 3633 2167 igitur

1972 2180 2072 2235 tali
2108 2197 2167 2236 re
2193 2186 2293 2235 aut
2324 2181 2618 2236 similibus
2649 2186 2900 2236 vestram
2925 2181 3260 2254 impediatis
3282 2184 3633 2255 prosperita-

1973 2273 2112 2335 tem,
2147 2287 2253 2324 nec
2285 2286 2586 2324 servorum
2619 2269 2719 2324 Dei
2751 2268 3055 2341 penuriam
3089 2272 3501 2337 contemnatis,
3526 2289 3631 2327 nec

1974 2360 2223 2413 salutem
2252 2362 2505 2413 vestram
2537 2357 2778 2413 dubiam
2838 2358 3087 2415 faciatis.
3143 2360 3386 2416 Reddite
3434 2360 3631 2432 potius

1974 2446 2089 2501 Deo
2117 2451 2248 2501 vota
2274 2452 2484 2514 vestra,
2514 2447 2654 2501 dum
2705 2446 2987 2518 potestis;
3026 2448 3098 2502 ad
3130 2449 3301 2519 cujus
3336 2449 3631 2521 judicium

1975 2534 2151 2590 nimis
2180 2536 2550 2591 tremendum
2584 2534 2843 2607 quotidie
2874 2536 3198 2607 properatis
3220 2537 3548 2602 nobiscum,
3569 2538 3628 2593 in

1975 2640 2090 2695 quo
2142 2625 2362 2697 absque
2412 2629 2675 2696 respectu
2709 2624 3063 2696 dignitatum
3117 2629 3218 2680 aut
3246 2643 3631 2698 personarum

1975 2713 2381 2785 unusquisque
2412 2712 2645 2784 recipiet
2672 2713 2825 2784 quod
2852 2720 3125 2769 meretur.
3142 2715 3275 2770 Vita
3296 2714 3415 2771 haac
3443 2716 3632 2772 brevis

1975 2806 2032 2857 et
2064 2801 2282 2857 incerta
2311 2806 2419 2869 est,
2440 2805 2495 2857 et
2513 2802 2780 2873 juniores
2805 2801 2967 2857 vobis
2990 2803 3250 2874 quotidie
3273 2805 3627 2861 moriuntur.

1974 2891 2102 2962 Ipse
2131 2908 2263 2945 vero
2293 2890 2448 2945 Deus
2477 2890 2765 2962 promittit
2793 2895 2849 2946 et
2888 2890 3149 2945 minatur
3177 2908 3191 2946 :
3227 2892 3334 2960 Qui
3359 2893 3634 2964 gloriﬁcat

1972 2996 2077 3046 me,
2109 2978 2422 3049 gloriﬁcabo
2449 2995 2610 3045 cum;
2640 2980 2737 3049 qui
2765 2986 2945 3033 autem
2973 2988 3325 3036 contemnunt
3350 2998 3455 3052 me,
3473 2990 3634 3038 erunt

1976 3069 2237 3140 ignobiles
2260 3069 2309 3131 (Ι
2326 3069 2453 3138 Reg.
2477 3070 2560 3128 ιι).
2583 3068 2667 3121 Ad
2687 3066 2913 3122 virilem
2936 3071 3163 3124 (etatem
3185 3070 3447 3141 perducti
3469 3072 3631 3129 estis.

1897 3156 1941 3225 (ζ’,
1978 3158 2059 3212 Ne
2088 3155 2341 3211 timeatis
2379 3156 2676 3227 justitiam
2710 3155 2916 3223 facere,
2951 3160 3017 3211 ut
3065 3174 3169 3229 per
3205 3174 3335 3214 eam
3386 3159 3633 3216 thronus

1976 3251 2167 3302 vester
2197 3245 2480 3301 ﬁrmetur.
2515 3244 2759 3300 Domine
2791 3244 2872 3299 mi
2904 3262 3021 3312 rex,
3047 3246 3351 3303 considera
3380 3250 3532 3321 quod
3564 3249 3636 3305 si-

1979 3338 2078 3390 cut
2107 3334 2374 3407 nuper(e)
2399 3334 2458 3388 in
2490 3333 2887 3389 exhortatione
2918 3335 3238 3406 prudenter
3268 3338 3491 3392 dictum
3522 3343 3630 3406 est,

1970 3425 2094 3495 jam
2115 3429 2277 3496 pater
2296 3440 2375 3492 es,
2393 3428 2449 3478 et
2470 3423 2529 3477 in
2553 3423 2783 3495 magnis
2806 3423 2997 3478 adhuc
3019 3424 3268 3481 versaris
3290 3425 3591 3482 laboribus
3618 3446 3632 3497 ;

1978 3517 2035 3568 et
2062 3512 2238 3569 talem
2270 3517 2325 3567 te
2357 3512 2631 3568 omnibus
2677 3512 2882 3567 exhibe
2931 3516 2997 3568 ut
3042 3513 3181 3569 boni
3212 3517 3268 3570 te
3312 3514 3551 3588 cupiant
3580 3521 3637 3572 et

1978 3606 2181 3674 optent
2207 3601 2400 3657 videre
2430 3601 2793 3656 fortunatum
2839 3603 2941 3657 96
2975 3606 3148 3674 atque
3178 3602 3405 3660 felicem
3435 3621 3632 3673 avum,

1978 3696 2036 3747 et
2066 3694 2197 3763 post
2224 3690 2403 3762 hujus
2433 3690 2559 3745 vitae
2610 3689 2945 3758 transitum,
2980 3689 3235 3747 cmlestis
3266 3692 3463 3765 patriae
3497 3710 3635 3766 pos-

1979 3797 2289 3837 sessorem.

2544 3867 2886 3925 EPISTULA
2924 3868 3060 3925 LIV.

2621 3975 2993 4014 NECESSARIO.

2046 4049 2171 4105 Non
2226 4049 2567 4122 ignorabam
2618 4048 2775 4103 haud
2828 4047 2998 4103 aliter
3045 4053 3099 4105 te
3144 4066 3322 4121 quam
3373 4050 3636 4106 volebam

1980 4155 2274 4211 quamque
2296 4137 2601 4211 oportebat
2620 4137 2934 4203 facturum,
2950 4141 3005 4191 et
3027 4137 3315 4192 maleﬁcia
3335 4138 3495 4192 illius
3517 4155 3640 4210 per-

1980 4227 2255 4283 ditissimi
2290 4224 2793 4305 maxima’ingenti
2817 4223 3160 4280 auctoritate
3183 4230 3635 4297 praeventurum.

1979 4385 2164 4458 tentia
2194 4384 2369 4441 Manii
2416 4385 2617 4458 Lepidi
2668 4402 2735 4441 ac
2784 4385 2846 4440 L.
2881 4382 3171 4458 Arruntii,
3197 4384 3426 4458 addidit
3458 4402 3471 4439 :
3508 4386 3637 4441 Illos

2014 4456 2197 4512 uidem
2228 4459 2478 4525 Senatus,
2497 4454 2597 4511 ἧττα
2625 4464 2809 4511 autem
2853 4454 3092 4509 tuebitur
3135 4456 3434 4511 Tiberiolus
3461 4473 3632 4512 meus.

2043 4528 2295 4584 atthaus
2327 4528 2584 4583 Parisius
2616 4528 2688 4582 ad
2719 4542 2939 4582 annum
2979 4528 3289 4598 8017refert
3320 4528 3635 4598 quemdam

1982 4600 2339 4672 theologum,
2375 4617 2507 4655 cum
2541 4598 2918 4672 disseruisset
2961 4597 3193 4672 publice
3242 4598 3318 4672 de
3342 4597 3636 4672 mysterio

1980 4668 2528 4738 Trinitatis,videret
2544 4676 2737 4725 autem
2755 4668 3048 4723 auditores
3062 4668 3172 4723 sibi
3189 4668 3634 4741 applaudentes,

1981 4742 2041 4798 in
2075 4744 2196 4797 baac
2227 4745 2403 4798 verba
2424 4755 2637 4796 temere
2658 4740 2921 4810 erupisse
2946 4754 2957 4792 :
2985 4740 3449 4813 UAJesuteJcsule,
3469 4758 3640 4813 quam

1981 4823 2096 4870 tum
2125 4816 2183 4868 in
2215 4815 2316 4869 hac
2344 4815 2643 4882 quaestione
2670 4813 2991 4882 conﬁrmavi
3025 4810 3198 4879 legem
3228 4820 3375 4867 tuam
3408 4822 3456 4868 et
3476 4810 3635 4869 exal-

1983 4892 2093 4941 tavi
2112 4889 2131 4940 .'
2150 4886 2315 4956 Apud
2349 4881 2707 4956 Bohuslaum
2741 4881 3050 4956 Balbinum
3074 4883 3132 4936 in
3157 4882 3408 4938 Historia
3430 4883 3487 4940 S.
3516 4885 3635 4940 Ma-

1982 4957 2080 5011 riae
2115 4954 2327 5011 Montis
2356 4954 2549 5009 Sancti
2580 4954 2831 5025 legimus
2860 4954 3103 5027 Jesuluyrt
3125 4970 3440 5027 propuero
3470 4956 3633 5011 Jesu.

1983 5028 2393 5100 Ripamontius
2422 5043 2555 5100 vero
2578 5031 2739 5097 parte
2761 5026 3018 5100 secunda
3040 5025 3425 5100 llistoriarum
3450 5027 3638 5100 Eccle-

1983 5097 2080 5154 sia}
2137 5097 2608 5170 Mediolanensis,
2638 5113 2775 5170 pag.
2807 5098 2899 5163 57,
2952 5097 3157 5151 scribit
3204 5098 3526 5153 daemonem
3577 5098 3636 5152 in

1984 5186 2223 5241 corpore
2255 5169 2524 5241 muliebri
2554 5169 3087 5241 habitantem,cum
3112 5173 3243 5240 post
3263 5186 3390 5225 eam
3425 5170 3640 5223 frustra

1985 5239 2292 5297 deductam
2327 5241 2397 5295 ad
2430 5241 2614 5295 sancti
2643 5240 2769 5311 Syri
2795 5239 3091 5311 reliquias,
3112 5239 3183 5294 ad
3208 5247 3477 5311 sanctum
3502 5244 3636 5293 Ber-

1985 5314 2235 5368 nardum
2277 5312 2548 5367 abbatem
2598 5309 3103 5377 Clarevallensem,
3136 5311 3236 5381 qui
3285 5316 3410 5366 tum
3461 5309 3638 5381 inea

1954 5436 1957 5441 .
1986 5384 2220 5457 regione
2251 5388 2394 5457 erat,
2427 5383 2681 5457 adducta
2711 5382 2936 5457 fuisset,
2963 5380 3267 5457 urgeretur
3295 5385 3488 5435 autem
3515 5380 3637 5457 dte-

1985 5451 2123 5511 mon
2160 5460 2226 5510 ut
2255 5455 2389 5509 inde
2416 5455 2618 5522 exiret,
2638 5453 2721 5508 ita
2752 5451 3143 5525 proclamasse
3167 5469 3179 5506 :
3204 5452 3308 5525 Nec
3336 5467 3420 5504 me
3438 5451 3639 5525 pellere

1981 5529 2159 5600 potuit
2191 5535 2352 5583 antea
2382 5525 2629 5600 Syrolus,
2664 5522 2769 5607 nec
2788 5525 2944 5580 hodie
2977 5522 3341 5603 Begmartlolus
3355 5522 3545 5652 fellet.

2059 5604 2131 5652 (ei
2163 5600 2227 5652 In
2255 5599 2647 5652 exhortatione.
2672 5596 2816 5652 Vide
2837 5612 3016 5652 supra
3044 5610 3103 5651 ιη
3135 5597 3288 5650 notls
3319 5610 3353 5652 a
3421 5610 3545 5652 eme

1984 5596 2005 5732 '1
2059 5600 2227 5730 ((9)41;
2255 5596 2647 5659 exhortatione.
2672 5596 2816 5654 Vide
2837 5612 3016 5671 supra
3044 5596 3103 5651 in
3135 5596 3288 5650 notis
3319 5596 3389 5652 ad
3421 5596 3637 5671 episto-

2008 5688 2104 5731 am
2206 5712 2219 5731 .
