3982 6152
159 226 236 287 521
824 248 833 249 ί
1602 216 1726 276 EPI
1737 217 1789 278 S'

3395 220 3513 279 522

157 351 592 412 measdiﬂ‘erente
609 347 1758 422 propterabsentiam,utfatetur,Udulti.
1790 349 1841 414 Α
1872 347 2097 402 aditum
2133 349 2449 419 respondit,
2478 366 2594 421 quo
2639 350 2923 406 hactenus
2966 349 3048 404 uti
3084 349 3522 422 contempserit,

160 446 198 499 ls
226 443 487 513 languere
540 426 773 502 dicitur,
806 453 911 491 nec
945 441 1064 491 tam
1098 435 1419 508 periculose
1450 442 1514 490 ut
1544 435 1628 490 vel
1660 436 1760 489 ad-
1872 440 2046 507 atque
2080 437 2183 491 hoc
2217 438 2327 493 sibi
2362 439 2546 493 satius
2592 438 2772 493 videri
2805 456 2876 493 ne
2907 443 3103 511 pereat
3134 442 3198 492 ut
3227 439 3525 493 constrin-

159 530 371 588 monitus
404 528 753 599 corrigatur,
779 526 933 597 quod
965 529 1322 596 Optarcmus,
1350 542 1451 579 nec
1486 530 1601 579 tam
1632 541 1759 595 gra-
1872 531 2046 597 gatur
2105 527 2471 582 convenienti
2523 528 2790 582 custodia
2838 527 3185 599 priusquam
3235 525 3529 582 societatis

158 621 268 676 viter
285 622 342 672 ut
364 615 669 679 moriatur,
686 615 840 687 quod
866 617 1101 686 propter
1124 614 1251 684 ejus
1274 614 1349 683 (α)
1376 613 1762 668 certissimam
1874 615 2351 671 communionem
2386 621 2702 688 recuperet.
2719 617 2834 671 Nos
2856 633 3011 681 vero,
3036 615 3269 671 tametsi
3297 615 3529 671 offerret

158 705 552 764 damnationem
588 703 937 759 doleremus.
958 704 1266 774 Properate
1295 702 1495 773 itaque
1527 707 1767 773 ut,quo-
1874 719 2001 774 quae
2035 721 2269 776 sperare
2298 705 2391 760 vix
2442 704 2679 760 omnino
2732 721 3061 777 possemus,
3094 704 3291 775 idque,
3326 708 3391 758 ut
3420 721 3527 775 par

161 798 283 853 niam
330 793 630 867 propiores
689 791 1122 864 aliquantulum
1178 792 1313 846 facti
1373 808 1600 858 sumus,
1636 794 1766 863 post
1873 793 2775 865 erat,amplecteremur,vosnec
2797 793 2940 849 citra
2961 793 3259 848 decretum
3292 791 3526 866 Regula:

158 888 283 941 tanta
311 882 502 954 spatia
531 880 878 936 desideratis
913 880 1169 936 refovear
1194 879 1555 952 alloquiis,ct
1576 883 1766 934 vestro
1875 880 2197 937 subsistere
2221 899 2322 937 nec
2348 882 2499 937 ultra
2519 882 2662 938 velle
2682 882 2951 955 progredi
2983 885 3319 937 constanter
3339 885 3526 937 astru-

160 974 348 1037 annisu,
381 976 619 1026 auctore
647 969 844 1025 divina
874 968 1078 1041 gratia,
1102 967 1314 1024 liberer
1338 968 1654 1040 angoribus
1677 967 1767 1021 vix
1874 970 2090 1025 ximus.
2124 971 2205 1027 De
2236 971 2584 1026 liberalitate
2630 976 2822 1026 vestra
2868 971 3010 1042 quid
3061 971 3310 1026 sentiam
3361 969 3522 1025 nolui

158 1060 389 1117 ferendis.
425 1058 618 1123 Tales,
643 1074 861 1130 quaeso,
886 1056 1100 1111 nostris
1122 1061 1305 1112 estote
1337 1056 1533 1127 pueris
1565 1054 1766 1127 quales
1877 1059 2157 1132 praecipiti
2208 1059 2504 1116 declarare
2551 1060 2856 1133 przcconio,
2890 1061 3073 1115 donec
3124 1058 3414 1131 experirer
3449 1075 3523 1113 an

160 1167 246 1205 non
266 1148 428 1203 modo
459 1146 699 1212 nostris,
722 1162 923 1200 verum
949 1144 1122 1201 etiam
1153 1145 1326 1217 vulgo
1361 1146 1553 1200 fuistis
1586 1144 1766 1199 omni-
1878 1149 2044 1220 copia
2074 1149 2487 1221 piscium,qum
2519 1155 2765 1204 ventura
2794 1153 2917 1203 erat
2945 1166 3077 1203 cum
3108 1148 3523 1215 maxima,tum

160 1240 244 1293 bus
261 1236 659 1309 paternitatem
680 1240 933 1290 vestram
960 1234 1051 1307 pie
1074 1234 1488 1305 quaerentibus.
1516 1234 1615 1289 9S
1638 1232 1765 1288 Exi-
1879 1238 2075 1306 etiam,
2103 1239 2480 1311 utopinabar,
2505 1238 2743 1311 optima,
2772 1237 2883 1293 mei
2908 1236 3525 1310 supergredereturin-

158 1325 356 1401 guitatis
387 1341 529 1379 meae
562 1323 797 1379 nomine
830 1322 1245 1378 charissimam
1277 1323 1518 1396 Eigilem
1551 1327 1607 1378 et
1637 1322 1768 1378 rcli-
1879 1326 2094 1401 genioli
2129 1327 2485 1382 facultatem.
3272 1314 3281 1322 ’

159 1433 272 1487 quos
298 1431 501 1469 omnes
533 1413 739 1468 fratres
769 1412 1095 1484 dignemini
1129 1412 1771 1468 salutare.Laboriosis-
2427 1434 2776 1490 EPISTULA
2817 1432 2983 1488 LV”.

157 1504 335 1559 simum
353 1501 705 1558 difficillimo
733 1505 993 1573 tempore
1016 1501 1334 1574 negotium,
1353 1503 1671 1574 przesertim
1690 1501 1773 1556 ni-
2607 1522 2800 1560 EIDEM.

159 1592 218 1647 hil
234 1591 666 1657 meritus,vobis
686 1591 981 1663 imponere
1006 1591 1461 1663 haudquaquam
1489 1607 1771 1663 prmsum-
1952 1594 2346 1652 Dilectissimo
2379 1594 2572 1650 abbati
2608 1595 2881 1650 Ratbcrto
2906 1593 3103 1665 Lupus
3135 1591 3532 1648 omnimodam

156 1680 389 1752 psissem,
426 1680 543 1735 nisi
580 1681 734 1752 quod
769 1696 866 1735 rex
906 1683 1105 1735 noster
1151 1697 1252 1736 vos
1300 1681 1370 1735 ad
1418 1680 1770 1752 colloquium
1805 1723 1849 1752 η
1883 1684 2154 1740 salutem.

158 1770 388 1825 invitaret
420 1769 888 1841 comperissem;
921 1769 1062 1824 adeo
1108 1773 1171 1823 ut
1222 1769 1365 1824 mihi
1398 1787 1631 1841 quoque
1663 1769 1771 1824 hoc
1804 1768 1851 1787 υ
1954 1774 2113 1839 Quod
2164 1772 2472 1845 flagitastis
2521 1768 2757 1844 exsequi
2808 1772 3028 1843 absque
3078 1768 3353 1826 dilatione
3396 1786 3532 1825 con-

156 1864 376 1930 tempore
409 1856 749 1930 praaceperit
779 1861 843 1911 ut
874 1858 922 1911 si
955 1858 1098 1912 forte
1127 1859 1197 1911 ad
1222 1859 1643 1913 monasterium
1669 1874 1770 1912 no-
1881 1862 2072 1930 tendi;
2099 1861 2459 1932 evolutisque
2482 1860 3028 1916 ratiocinationibus
3055 1858 3533 1926 multis,adhanc

156 1951 309 2003 stram
339 1946 720 2017 accederetis,
753 1946 823 2000 ad
858 1963 919 2001 se
948 1964 1050 2001 vos
1074 1946 1444 2002 deducendos
1475 1963 1768 2014 curarem;
1880 1951 2070 2004 virum
2105 1949 2357 2022 compuli
2385 1949 2778 2005 conditionem
2802 1953 2867 2004 ut
2890 1967 3000 2005 non
3022 1949 3193 2005 modo
3218 1952 3423 2005 noceat
3452 1945 3534 2001 ni-

156 2040 301 2108 utquc
342 2035 644 2090 licentiam
693 2034 1085 2106 impetraturi,
1119 2034 1269 2089 inter
1317 2033 1431 2090 alia
1469 2034 1773 2089 commode
1883 2038 1986 2105 hil,
2009 2056 2209 2094 verum
2242 2039 2417 2093 etiam
2450 2039 2635 2111 prosit
2662 2038 3001 2112 plurimum,
3028 2038 3076 2094 si
3100 2053 3238 2110 erga
3257 2036 3385 2107 ejus
3406 2052 3534 2108 pro-

152 2125 456 2197 imperatori
515 2140 825 2196 suggerere
884 2124 1131 2195 possetis
1165 2140 1198 2177 a
1234 2141 1325 2179 me
1378 2124 1773 2195 fratribusque
1882 2128 2301 2201 pinquum,qui
2327 2134 2587 2200 tempore
2614 2127 2908 2183 tumultus
2929 2126 3217 2191 discessit,
3240 2124 3535 2181 etinstau-

153 2215 355 2280 nostris,
389 2214 493 2286 qui
526 2231 632 2286 pro
681 2230 747 2268 eo
795 2229 1027 2283 semper
1072 2230 1327 2280 oremus,
1361 2230 1461 2267 vos
1502 2213 1773 2284 precibus
1883 2222 2009 2271 rata
2041 2234 2180 2289 pace
2223 2221 2628 2280 reverteretur,
2662 2214 2899 2287 benigni
2946 2211 3302 2269 exstiteritis.
3341 2212 3403 2268 ld
3434 2228 3536 2269 vos

153 2303 378 2375 fatigari;
404 2308 473 2358 ut
503 2301 782 2374 quoniam
813 2304 888 2370 (ὁ)
922 2302 991 2356 de
1024 2302 1145 2357 loco
1179 2306 1375 2379 nostro
1410 2302 1559 2368 Sitis,
1595 2319 1627 2355 a
1659 2318 1773 2373 quo
1883 2306 2208 2362 etlibenter
2232 2307 2491 2361 facturos
2509 2304 2637 2359 etin
2659 2303 2933 2359 omnibus
2966 2320 3090 2374 quae
3115 2300 3538 2375 juberedigna-

153 2408 232 2446 vos
258 2408 494 2464 corpore
526 2392 810 2445 duntaxat
843 2390 1238 2445 ecclesiastica
1271 2389 1494 2445 utilitas
1521 2391 1773 2445 abduxe-
1887 2400 2044 2451 retur
2084 2397 2486 2462 obsecuturos,
2535 2394 2676 2448 dum
2739 2393 2866 2463 ejus
2925 2391 3117 2464 gratia
3176 2388 3535 2455 frueremini,

152 2480 401 2552 rit,isque
434 2479 830 2535 diminutione
861 2479 1205 2533 facultatum
1240 2479 1608 2534 vehementer
1638 2485 1776 2534 atte-
1886 2485 2235 2539 tiducialiter
2266 2483 2551 2555 spepondi
2580 2487 2789 2554 ;atque
2824 2498 2887 2535 eo
2922 2496 3108 2552 usque
3140 2479 3324 2535 institi
3356 2480 3539 2535 donec

154 2576 355 2638 nuetur,
390 2574 573 2640 atque
603 2568 868 2640 religioni
905 2568 1775 2640 paupertasimpedimentosit,
1888 2574 2225 2628 ﬁrmissime
2276 2572 2641 2644 promitteret
2692 2570 2837 2626 nihil
2871 2588 2930 2625 se
2962 2568 3124 2625 vobis
3169 2570 3535 2635 effecturum,

152 2658 564 2714 intercessionis
581 2657 1776 2729 opeminstaurationiejusimpensissime
1887 2661 1997 2715 nisi
2032 2661 2194 2731 prius
2235 2676 2464 2714 mecum
2517 2676 2756 2715 causam
2809 2660 3115 2712 conferret.
3150 2658 3306 2712 100
3337 2657 3537 2729 Itaque

152 2746 320 2801 studio
350 2746 690 2802 conferatis.
728 2745 886 2812 Vale,
923 2745 1155 2801 domine
1190 2746 1471 2817 Paterque
1503 2746 1777 2801 charissi-
1889 2749 2126 2802 modum
2172 2734 2470 2821 petitionis
2520 2765 2660 2802 meae
2710 2747 2818 2801 hoc
2864 2747 2978 2800 fine
3029 2745 3359 2813 terminavi,
3394 2749 3458 2799 ut
3488 2746 3535 2799 si

147 2851 237 2901 me,
273 2837 539 2908 Lupique
572 2836 655 2889 tui
690 2851 921 2907 semper
950 2834 1199 2907 benigne
1234 2836 1589 2891 memineris.
1889 2839 2124 2909 quando
2154 2836 2397 2892 rebelles
2455 2838 2583 2906 ejus
2636 2838 2825 2890 favore
2874 2852 3011 2889 suas
3053 2832 3319 2907 querelas
3349 2832 3539 2888 fulciri

1158 2976 1195 2997 η
1890 2927 2290 2997 deposcerent,
2325 2942 2435 2980 non
2486 2924 2658 2997 vulgo
2713 2922 3128 2995 acquiesceret,
3186 2938 3387 2977 verum
3447 2937 3540 2977 res

692 2978 1039 3087 Εξδῖῗξίῖῗξίλ
1086 2976 1257 3087 ¹;Ῡ¹;Δ
1892 2976 3544 3087 ἆζλῖιὶξιὲῌιὶῖίέηρἔὲοεἷὲἔυοηέὲίεέιὶίωτέὲει-ναιιειρυω-

626 3067 696 3137 ((⁷)
732 3083 1020 3122 nummo
1061 3084 1280 3122 ABBAT"
1810 3089 1853 3155 C
1893 3105 2027 3159 dam
2060 3102 2173 3158 alia
2204 3067 2461 3175 coomperi
2494 3107 2611 3156 tam
2644 3104 2810 3157 caute
2835 3100 3141 3156 revelanda
3164 3103 3229 3155 ut
3249 3116 3317 3156 ea
3332 3098 3543 3154 litteris

1892 3192 2385 3265 comprehendere
2422 3196 2616 3246 tutum
2652 3208 2763 3246 non
2798 3189 3145 3263 putaverim,
3178 3194 3415 3261 tamque
3444 3204 3543 3244 ne-

1893 3282 2147 3339 cessaria
2179 3282 2434 3354 cognitu,
2462 3285 2529 3336 ut
2550 3297 2727 3352 quam
2758 3280 3004 3352 potestis
3036 3278 3549 3351 celerius,praetero

1895 3373 1976 3428 ita
2005 3371 2269 3443 qualibet
2315 3371 2428 3425 alia
2480 3369 2749 3435 utilitate,
2784 3368 2930 3423 mihi
2961 3369 3034 3424 ad
3065 3367 3422 3440 colloquium
3455 3382 3551 3422 oc-

198 3189 367 3245 Bonis
398 3190 681 3246 omnibus
731 3189 1137 3262 amplectende
1190 3191 1463 3255 Ratberto
1502 3191 1775 3264 Lupusin

144 3279 367 3334 Domino
400 3279 679 3335 salutem.

202 3365 405 3422 Habita
435 3366 750 3439 diligenter
771 3369 1225 3440 opportunitatis
1258 3369 1782 3442 rationc,suggessi

143 3453 360 3512 domino
376 3456 525 3531 regi,
543 3456 843 3512 aunitente
863 3456 1159 3530 Vulfegiso
1184 3463 1401 3527 nostro,
1428 3475 1604 3530 super
1621 3463 1785 3514 lvone

146 3541 194 3595 id
226 3561 325 3600 vos
374 3544 681 3617 postulare
714 3549 777 3599 ut
808 3546 1080 3617 quoniam
1116 3564 1222 3602 nec
1253 3548 1323 3602 ad
1365 3548 1784 3603 monasterium

143 3640 550 3702 remeasset,et
562 3633 876 3690 verisimile
898 3641 1051 3691 esset
1079 3652 1214 3691 eum
1239 3654 1363 3708 quae
1391 3638 1559 3692 fuerit
1581 3637 1789 3693 solitus

146 3720 362 3791 iterare,
396 3725 450 3781 si
484 3724 726 3797 quando
769 3723 975 3779 reverti
1028 3728 1297 3793 tentaret,
1331 3744 1401 3781 ne
1433 3725 1491 3780 in
1525 3726 1616 3781 sui
1649 3725 1790 3782 alio—

143 3827 385 3884 rumque
402 3811 727 3885 perniciem
744 3813 1050 3884 potestatis
1071 3814 1200 3885 ejus
1224 3815 1492 3886 praasidio
1516 3816 1789 3879 muniret.

145 3898 441 3971 Siquidem
474 3905 635 3957 esset
666 3901 976 3974 indignum
1008 3903 1135 3973 ejus
1168 3905 1492 3974 majestate,
1516 3904 1629 3960 nisi
1660 3904 1797 3961 resi-

145 3986 529 4057 piscentibus,
554 3990 842 4063 perversis
863 3991 1087 4063 aperire
1110 4009 1434 4060 accessum,
1462 3995 1561 4049 99
1581 3994 1796 4049 nedum

146 4075 520 4149 impunitatis
573 4078 878 4153 indulgere
927 4081 1319 4137 securitatem.
1359 4082 1478 4147 ille,
1513 4100 1628 4154 quo
1658 4082 1803 4138 solet

146 4165 296 4222 vultu
321 4186 471 4225 cum
490 4168 789 4242 gratiosus
806 4174 1064 4241 apparet,
1088 4174 1219 4241 post
1235 4172 1500 4243 quazdam
1524 4169 1804 4242 alia,jure

145 4255 339 4329 seipsi
374 4256 678 4313 monacho
719 4257 994 4331 deinceps
1044 4263 1392 4333 negaturum
1443 4260 1807 4317 auctoritatis

179 4486 189 4494 .
212 4416 689 4495 (alpcrlz'ssimam
702 4418 1563 4495 damnationemExhujusmodi
1580 4440 1813 4495 persua-

150 4489 417 4544 sionibus
454 4495 665 4544 natum
694 4496 785 4546 est
814 4492 1111 4547 somnium
1134 4492 1205 4547 de
1227 4489 1602 4550 damnatione
1625 4495 1809 4550 Caroli

148 4555 421 4615 Martelli.
464 4561 897 4618 Existimabant
935 4564 1094 4618 enim
1142 4567 1267 4619 tum
1319 4565 1587 4620 nonnulli
1617 4572 1809 4621 actum

149 4645 387 4708 prorsus
422 4633 505 4686 de
536 4631 727 4708 salute
758 4635 887 4704 ejus
918 4634 1016 4708 qui
1047 4635 1133 4691 vel
1161 4653 1356 4708 ungue
1379 4654 1631 4701 summo,
1652 4642 1714 4692 ut
1735 4638 1816 4692 ita

149 4700 419 4770 dixerim,
449 4700 850 4775 perstringere
872 4700 1109 4761 auderet
1130 4700 1282 4761 bona
1305 4700 1814 4763 monasteriorum.

145 4774 305 4850 Apud
340 4774 678 4850 pausarium
712 4774 853 4832 sane
884 4776 1505 4850 Heisterbachiensem,
1541 4780 1638 4850 qui
1685 4785 1818 4834 ante

150 4845 634 4917 quadringentos
666 4864 852 4903 annos
881 4847 1330 4921 vivebat,legere
1348 4856 1433 4905 est
1467 4845 1683 4905 multos
1702 4868 1821 4906 ma-

148 4920 349 4983 gnetes
414 4923 644 4972 aeterna
705 4924 889 4974 morte
946 4920 1252 4975 damnatos
1285 4921 1357 4976 ob
1389 4938 1517 4976 eam
1558 4939 1818 4977 causam.

150 4986 212 5059 lit
243 4988 299 5041 id
336 4988 600 5059 quidem
649 4990 801 5045 valet
850 4991 907 5044 in
940 4992 1281 5047 deterrendo
1315 4998 1414 5047 aut
1443 4993 1820 5048 exhortando.

149 5056 237 5111 Sic
259 5056 623 5138 Bonifacius
640 5060 1020 5138 Mogunt_i_nus
1038 5080 1170 5138 cum
1196 5062 1434 5138 aliquot
1452 5064 1739 5138 episcopis
1758 5083 1826 5121 ex

150 5130 374 5253 simodo
434 5131 726 5202 quapiam
742 5130 1041 5188 'scribens
1087 5135 1160 5189 ad
1195 5130 1586 5191 Eth‘ilbaldum
1630 5130 1826 5210 regem

152 5198 182 5252 ἓν
206 5202 529 5253 erciorum
545 5206 752 5253 uteum
779 5204 1036 5253 retrahat
1050 5206 1433 5253 annrvasinne
1450 5209 1824 5253 nni-lnginrnm

152 5198 529 5278 Mercioru—m
545 5198 607 5278 ut
618 5219 752 5258 eum
779 5204 1036 5278 retrahat
1050 5223 1083 5261 a
1094 5206 1433 5278 pervasione
1450 5198 1828 5264 ecclesiarum

152 5274 201 5351 et
216 5273 760 5358 monasteriorum,
777 5273 1225 5358 prqponitexem
1235 5277 1394 5349 plum
1409 5279 1665 5358 Ceolreili
1688 5282 1831 5358 Mer-

151 5346 381 5399 ciorum
409 5346 679 5420 regis,et
707 5346 910 5402 Osredi
945 5348 1095 5420 regis
1131 5346 1428 5405 Deirorum
1461 5355 1516 5405 et
1548 5352 1831 5407 Bernicio-

154 5415 437 5493 ζωῇ..ᾳυὶ
460 5438 491 5463 ‹‹
513 5416 587 5493 ob
608 5416 922 5493 fracturam
941 5415 1833 5493 monasteriorumjustojudicio

151 5482 266 5566 D_ei_
288 5482 607 5566 damnati,
633 5489 710 5566 de
736 5489 1201 5566 culmineAregali
1234 5491 1412 5562 hujus
1439 5482 1569 5547 "vitae
1600 5482 1834 5566 abjecti,

149 5561 204 5613 et
251 5559 609 5615 immatura
662 5563 720 5614 et
776 5561 1021 5617 terribili
1073 5559 1259 5620 morte
1312 5559 1608 5637 prementi,
1644 5559 1837 5623 a'luce

511 5683 786 5747 PATROL.
835 5689 1035 5750 CXIX.

1896 3476 2125 3516 currere
2158 3459 2436 3515 debeatis.
2470 3462 2773 3525 Caeterum,
2809 3457 2919 3512 nisi
2949 3458 3072 3528 jam
3107 3456 3422 3513 molestum
3449 3455 3549 3523 sit,

1898 3549 2225 3621 profecturo
2258 3546 2404 3602 mihi
2446 3564 2578 3601 cum
2632 3563 2783 3619 rege,
2817 3546 2865 3601 si
2895 3546 3050 3602 Deus
3079 3545 3224 3614 vult,
3258 3544 3329 3601 ad
3365 3543 3547 3601 Silva-

1899 3656 2034 3694 cum
2056 3636 2329 3691 nuntium
2364 3635 2595 3707 dirigite
2613 3653 2625 3702 ;
2645 3641 2708 3689 ut
2725 3652 2857 3689 cum
2876 3634 3096 3707 gratias
3112 3650 3280 3707 agere
3299 3649 3545 3706 cmpero,

1903 3727 2142 3784 uberius
2164 3724 2392 3781 dicendi
2415 3724 2581 3797 cepta
2603 3726 2818 3780 frustra
2838 3728 3146 3779 conantem
3161 3722 3414 3796 plurima
3430 3739 3542 3778 non

1905 3814 2291 3873 destituat.Ut
2312 3830 2445 3869 vero
2476 3812 2780 3885 epistolam
2813 3812 2963 3868 serio
2995 3811 3287 3878 claudam,
3310 3812 3551 3868 obsecro

1906 3923 1978 3961 ne
2000 3904 2112 3960 sim
2134 3905 2299 3959 vobis
2321 3902 2480 3959 oneri
2505 3903 2657 3975 quod
2684 3902 2876 3957 nimias
2901 3900 3315 3957 familiaritatis
3337 3900 3555 3957 ﬁducia

1910 3994 2094 4050 multa
2125 3991 2355 4065 postulo
2381 4009 2392 4046 :
2421 3992 2560 4064 quia
2576 3991 2626 4046 si
2642 3990 2818 4046 vitam
2851 3994 2909 4046 et
2938 3991 3384 4063 prosperitatem
3401 3989 3556 4045 Deus

1912 4083 2057 4138 mihi
2087 4081 2457 4147 concesserit,
2491 4097 2606 4135 non
2661 4096 2792 4135 sum
2844 4095 3001 4134 nunc
3047 4079 3119 4133 ad
3151 4077 3552 4150 accipiendum

1914 4172 2171 4245 paratior
2218 4187 2395 4242 quam
2446 4169 2740 4241 quondam
2790 4167 2864 4223 ad
2903 4167 3268 4240 largiendum
3301 4181 3429 4221 esse
3458 4180 3559 4221 cu-

1916 4262 2075 4317 rabo.

1920 4425 2199 4496 perpetua
2226 4419 2503 4496 extranei,
2537 4419 2597 4496 in
2648 4418 3023 4496 profundum_
3050 4415 3262 4496 inferni
3301 4418 3563 4496 ettarta-

1922 4486 2051 4549 rum
2085 4492 2279 4566 abyssi
2302 4491 2552 4547 demersi
2584 4486 2781 4546 sunt.»
2800 4491 2965 4562 Apud
2987 4488 3347 4544 Bonifacium
3371 4486 3430 4541 in
3451 4486 3569 4559 epi-

1924 4566 2071 4622 stola
2100 4568 2184 4619 19.
3106 4614 3109 4619 ι

1993 4637 2071 4712 (b)
2104 4642 2173 4691 De
2204 4636 2315 4690 loco
2356 4641 2544 4712 postne
2592 4635 2734 4688 sitis.
2770 4633 2969 4712 Itaque
3018 4630 3419 4712 Marcwardus
3455 4627 3573 4712 fuit

1923 4700 2112 4780 primo
2144 4705 2467 4780 monachus
2509 4705 2567 4758 in
2624 4700 2977 4759 monasterio
3028 4700 3406 4771 Ferrariensi,
3438 4700 3573 4758 dein

1928 4776 2109 4835 abbas
2142 4776 2523 4832 Prumiensis.

2001 4852 2069 4915 (ε)
2104 4850 2350 4904 Ratbcrto
2380 4848 2583 4902 abbati.
2618 4845 2841 4902 Veteris
2898 4846 3173 4913 Corbeiea,
3223 4846 3284 4901 in
3342 4842 3577 4901 dimcesi

1930 4915 2330 4983 Ambianensi,
2356 4919 2455 4990 qui
2480 4919 2589 4973 sub
2612 4917 2810 4973 Carolo
2832 4917 2924 4973 Cal
2936 4936 2999 4973 vo
3028 4918 3244 4986 ﬂoruit,
3270 4921 3327 4974 et
3355 4917 3578 4989 integro

1932 4993 2166 5050 nomine
2183 4994 2420 5046 vocatur
2438 4990 2782 5045 Paschasius
2808 4990 3139 5045 Ratbertus.
3165 4990 3363 5045 Exstat
3383 4994 3580 5044 autem

1936 5069 1991 5121 in
2023 5064 2198 5119 veteri
2230 5062 2426 5117 codice
2462 5078 2588 5116 meo
2623 5060 2876 5116 ms.Vita
2906 5063 3091 5117 sancti
3124 5059 3584 5131 Richarii,abba-

1936 5138 2011 5193 tis
2042 5131 2528 5207 Cenlulensis,gin_
2554 5134 2725 5207 cujus
2756 5133 2870 5188 fine
2902 5132 3023 5187 haec
3044 5134 3420 5207 scriptaisunt
3442 5131 3586 5207 ιβπ-

1934 5210 2095 5281 plicit
2129 5204 2608 5282 lfitq_sarwt_is_si‘ri_2i
2631 5202 2639 5204 ⁷
2651 5207 2974 5282 confessoris
3028 5202 3227 5282 Christi
3552 5216 3589 5253 α

1940 5273 2341 5335 benerubilibus
2370 5276 2506 5331 viris
2539 5273 2808 5343 Barbarie,
2841 5292 3050 5332 necnon
3102 5277 3330 5332 Alcuino
3370 5273 3587 5338 Albino,

1941 5352 2122 5407 veraci
2151 5348 2290 5419 style
2321 5347 2612 5421 descripta.
2646 5347 2988 5420 Supplicatio
3017 5347 3152 5403 dicti
3180 5346 3383 5401 Albini.

2103 5510 2228 5581 DicL
2246 5509 2559 5581 quicunque
2584 5508 2986 5581 legisipraeelari
3015 5500 3396 5581 gesta‘pat‘ropi
3429 5515 3442 5551 :

2194 5569 2447 5637 Pauperis
2468 5569 2691 5631 'Albani,
2721 5569 2946 5623 Christe.
2972 5569 3241 5622 memento
3273 5569 3366 5617 tui.

3210 5686 3283 5752 17
