3938 6160
460 270 575 332 523

993 400 1340 459 EPISTOLA
1378 402 1569 458 LVIII.

1190 525 1384 565 EIDEM.

533 664 697 728 Quod
733 662 1008 736 petiistis,
1043 662 1291 718 necdum
1341 661 1462 735 regi
1510 661 1796 735 suggessi,
1830 663 1983 733 quod
2017 679 2115 727 op-

462 753 795 826 portunitas
844 752 1047 808 defuit.
1091 751 1393 807 Maturabo
1444 755 1637 805 tamen
1688 751 1873 815 vobis,
1907 767 2112 822 coope-

464 846 630 898 rante
659 842 796 909 Deo,
831 858 1051 897 morem
1085 856 1303 913 gerere,
1337 839 1636 895 communi
1668 839 1971 895 honestate
1994 857 2114 894 ser-

463 933 616 987 vata.
651 935 804 986 Bene
832 928 1037 985 valete.

928 1128 1077 1183 101
1123 1126 1471 1182 EPISTOLA
1514 1125 1650 1181 LIX.

855 1251 928 1289 AD
977 1249 1400 1289 ΜΑΒΟΨΑΒΟΗΜ
1448 1249 1721 1288 ΛΒΒΛΤΕΜ.

535 1387 659 1443 Non
682 1386 985 1459 ignoratis,
1011 1386 1199 1454 credo,
1236 1402 1399 1458 reges
1431 1389 1663 1440 nostros
1694 1384 1766 1456 (α)
1800 1382 1953 1455 apud
1981 1383 2117 1438 Tra-

457 1477 682 1547 jectum
715 1474 1081 1529 hebdomade
1105 1474 1361 1529 secunda
1377 1472 1846 1546 Quadragesimte
1869 1470 2118 1527 celebra-

465 1569 628 1619 turos
651 1563 1008 1635 colloquium
1030 1580 1173 1634 ;quo
1196 1581 1287 1616 me
1310 1563 1490 1617 trahit
1509 1561 1899 1617 ecclesiastica
1926 1578 2119 1616 neces-

467 1652 631 1707 sitas.
665 1652 787 1715 Qua
820 1656 1081 1724 urgente,
1111 1655 1171 1705 ut
1194 1651 1495 1721 vobisjam
1522 1650 1653 1705 aliis
1684 1651 1939 1722 expressi
1964 1649 2118 1705 litte-

468 1739 570 1805 ris,
611 1756 742 1794 cum
778 1756 909 1812 rege
952 1744 1227 1811 quartum
1261 1755 1367 1811 ago
1400 1755 1683 1805 mensem,
1717 1740 1799 1793 ita
1831 1742 1894 1793 ut
1926 1755 1995 1793 ne
2026 1738 2119 1793 die

469 1828 707 1899 quidem
733 1846 766 1883 a
786 1828 1064 1883 comitatu
1084 1828 1390 1883 abfuerim.
1412 1829 1668 1883 Prmbeat
1691 1828 1870 1900 igitur
1889 1844 1950 1882 se
1973 1826 2117 1881 mihi

469 1906 675 1972 saltem
700 1916 817 1972 illic
850 1917 1253 1973 desiderabilis
1271 1921 1460 1972 vestra
1478 1916 1816 1988 paternitas,
1832 1920 1897 1971 ut
1919 1922 2117 1971 nostra

469 2005 835 2061 familiariter
862 2006 987 2061 viva
1023 2010 1218 2061 tamen
1249 2022 1384 2061 voce
1414 2006 1713 2060 valeamus
1743 2021 2113 2077 cognoscere.

471 2095 528 2151 Si
564 2095 702 2167 quid
734 2099 1030 2168 praeterea,
1062 2100 1124 2149 ut
1156 2095 1375 2167 passim
1400 2094 1600 2150 soletis
1633 2094 1927 2160 omnibus,
1949 2094 2117 2149 nobis

469 2200 702 2256 quoque
742 2184 988 2240 facultas
1020 2184 1193 2239 fuerit
1224 2183 1580 2256 impendere,
1615 2182 1861 2239 libenter
1890 2200 1996 2239 nos
2023 2198 2117 2237 ac-

469 2278 740 2345 cepturos
770 2272 1120 2344 cognoscite.
1157 2275 1365 2327 Debent
1394 2274 1541 2326 enim
1563 2280 1814 2343 parentes
1845 2272 2118 2327 thesauri-

471 2378 597 2416 πηνα
624 2360 764 2432 ﬁliis
785 2362 855 2432 (II
873 2366 996 2418 Cor.
1016 2364 1136 2430 xu),
1174 2364 1237 2415 ut
1266 2360 1464 2416 fallere
1496 2361 1690 2416 nescia
1720 2360 1900 2415 divini
1934 2358 2116 2432 Spiri-

470 2453 566 2505 tus
615 2450 923 2504 confirmat
972 2450 1308 2505 auctoritas.
1345 2449 1598 2522 Benigne
1657 2450 1769 2504 mei
1828 2466 2116 2505 memores

471 2539 641 2611 cupio
670 2555 772 2593 vos
799 2537 989 2593 valere
1019 2537 1279 2593 feliciter.

541 2682 619 2749 (τι)
647 2679 802 2751 Apud
837 2679 1057 2751 Traject.
1090 2678 1233 2751 Vide
1264 2682 1432 2734 notas
1462 2680 1533 2733 ad
1566 2679 1873 2751 epistolam
1909 2681 1991 2735 15.

540 2752 615 2878 (bi
645 2750 994 2815 Marcwardo,
1029 2750 1222 2805 abbati
1266 2750 1615 2816 Prumiensi,
1648 2756 1712 2805 ut
1732 2752 1858 2834 iam
1892 2750 2113 2806 dictum

540 2830 576 2877 t.
620 2822 680 2877 lli
704 2839 837 2878 ergo
862 2821 1078 2878 gratias
1100 2822 1219 2878 agit
1243 2822 1440 2878 Lunus
1462 2840 1560 2878 oro
1584 2824 1781 2878 missw
1804 2822 1973 2878 donis
1987 2840 2113 2878 quae

469 2830 576 2877 est.
594 2821 680 2878 Illi
704 2839 837 2893 ergo
861 2821 1078 2894 gratias
1100 2822 1219 2893 agit
1243 2822 1440 2894 Lupus
1458 2840 1560 2894 pro
1584 2821 1781 2878 missis
1804 2822 1973 2878 donis
1987 2840 2114 2894 quae

469 2896 540 2949 ab
564 2912 629 2949 eo
650 2891 894 2967 petierat
922 2910 1025 2965 per
1053 2891 1771 2967 epistolamisu'periorem,
1789 2891 2025 2967 Interim
2046 2895 2116 2950 de

471 2971 626 3046 sorte
652 2965 774 3046 sua
803 2965 1198 3046 conqueritur,
1234 2966 1413 3046 quod,
1447 2965 1810 3046 Marcxvardo
1841 2965 2048 3031 inviso,
2082 2984 2116 3020 a

469 3038 753 3109 Trajecto,
779 3035 1229 3109 undefscribitur
1240 3035 1720 3109 isthmcepistola,
1737 3038 1809 3091 ad
1828 3042 2117 3109 monaste-

470 3107 623 3163 rium
638 3125 811 3163 suum
828 3108 1122 3162 rediturus
1136 3107 1387 3162 sit.Veru
1398 3107 1653 3162 mtamen
1678 3107 1833 3163 hunc
1854 3107 2113 3163 dolorem

1452 270 1513 329 Β.
1563 270 1626 329 S.
1672 268 1852 330 LUPI
1894 268 2225 330 ABBATIS
2270 270 2873 333 FERRARIENSIS.

2135 411 2189 478 A

2152 1736 2245 1847 si

3653 285 3739 345 524

2786 405 2827 460 E
2839 404 3136 461 PISTOLA
3186 405 3282 461 LX.

2859 537 2931 576 AD
2962 536 3220 576 EUMDEM.

2292 670 2649 727 Charissimo
2680 671 2834 727 Patri
2868 671 2941 744 (b)
2973 672 3319 730 Marcwardo
3349 675 3537 748 Lupus.

2295 760 2568 816 Ofﬁciosa
2589 760 2927 816 humanitas
2946 766 3137 817 vestra
3148 762 3275 818 vicit
3290 764 3583 835 petitionem
3594 784 3756 838 meam,

2225 865 2351 919 quae
2375 848 2574 904 leviter
2593 849 2784 922 tetigit
2813 850 2969 921 quod
3002 850 3274 923 temporis
3298 853 3540 924 poscebat
3563 858 3760 911 necessi-

2223 941 2334 993 tas.
2369 937 2618 994 Proinde
2648 938 2757 993 fuit
2786 955 2853 994 ea
2884 937 3103 1011 gratior
3123 956 3292 1011 quam
3315 942 3568 998 azstimare
3589 943 3765 1000 valeant

2224 1043 2622 1082 aerumnarum
2646 1026 3337 1100 expertes.Molestissime
3356 1034 3529 1085 autem
3542 1031 3638 1086 fero
3652 1034 3765 1103 quod

2221 1114 2388 1172 vobis
2410 1133 2524 1171 non
2545 1116 2687 1189 visis
2709 1117 3313 1190 discedo.Quanquam
3325 1118 3768 1175 consolaturmeam

2226 1202 2566 1260 mmsdtiam
2598 1204 2754 1276 quod
2786 1208 2919 1276 post
2930 1204 2997 1275 (ε)
3026 1204 3245 1260 Pascha
3263 1210 3501 1262 nostram
3516 1223 3602 1261 vos
3620 1206 3769 1262 visita-

2224 1296 2387 1348 turos
2402 1291 2757 1364 pollicemini
2776 1294 3141 1366 parvitatem.
3157 1294 3451 1351 Commode
3467 1299 3636 1350 autem
3652 1300 3771 1351 etme

2226 1386 2507 1453 praesente
2538 1382 2691 1439 102
2742 1382 2803 1436 id
2858 1398 2961 1437 vos
3008 1383 3260 1439 facturos
3318 1387 3467 1455 puto,
3497 1384 3541 1438 si
3579 1384 3773 1439 secunda

2226 1470 2589 1527 hebdomade
2620 1470 2840 1527 mensis
2870 1471 3007 1526 Maii
3040 1472 3150 1527 iter
3177 1473 3248 1527 ad
3278 1489 3377 1528 nos
3397 1470 3773 1543 arripiatis.Nam

2227 1559 2431 1631 quinto
2454 1559 2681 1615 decimo
2704 1560 2794 1615 die
2817 1564 2948 1632 post
2969 1560 3277 1634 Pascha(d)
3293 1562 3532 1634 synodus
3550 1564 3779 1632 magna,ut

2228 1648 2319 1703 aiu
2332 1650 2570 1720 nt,apud
2589 1650 2655 1719 (θ)
2669 1648 3019 1704 Attiniacum
3036 1649 3432 1716 celebrabitur;
3448 1648 3621 1704 cuime
3632 1649 3776 1703 abesse

2246 1740 2291 1808 ί)
2315 1755 2708 1810 nequaquam,
2735 1742 2801 1792 ut
2823 1739 3014 1806 credo,
3038 1738 3222 1793 nostri
3248 1737 3510 1811 praesules
3538 1737 3779 1809 patientur.

2228 1827 2303 1898 (g)
2331 1826 2409 1881 De
2432 1825 2577 1882 cella
2603 1831 2803 1881 nostra
2825 1825 2968 1881 nihil
2991 1826 3150 1882 aliud
3174 1825 3492 1898 paternitati
3510 1830 3679 1880 vestra
3696 1840 3780 1896 pos-

2227 1931 2357 1969 sum
2373 1915 2694 1987 exprimere
2712 1914 2822 1970 nisi
2841 1915 2995 1987 quod
3016 1915 3465 1987 promissionum
3484 1914 3781 1983 ubertasspes

2227 2004 2395 2059 nobis
2417 2004 2607 2059 varias
2632 2020 2777 2076 pene
2799 2004 3057 2076 quotidie
3083 2005 3293 2077 pariat,
3317 2009 3371 2059 et
3391 2003 3553 2075 quod,
3576 2001 3781 2056 sicutom-

2226 2092 2415 2161 nium,
2430 2097 2637 2164 praeter
2659 2092 2968 2159 malorum,
2986 2092 3148 2148 illius
3169 2109 3401 2165 quoque
3421 2090 3497 2146 rei
3525 2087 3785 2145 effectnsin-

2226 2186 2418 2237 certus
2441 2182 2533 2238 sit.
2561 2182 2759 2238 Abbas
2781 2182 3120 2237 monasterii
3146 2182 3297 2254 quod
3318 2179 3631 2237 Germanice
3647 2179 3707 2246 (It)
3722 2177 3784 2231 Sa-

2226 2270 2427 2343 ligstat
2450 2270 2897 2342 appellatur,cui
2920 2287 3137 2327 nomen
3163 2274 3253 2326 est
3271 2270 3334 2339 (ἰ)
3358 2267 3784 2341 Ratlegio,partem

2225 2358 2542 2430 quamdam
2573 2358 2882 2429 cujusdam
2914 2357 3047 2413 libri
3080 2358 3260 2413 faciet
3278 2356 3419 2411 mihi
3436 2352 3787 2416 describi,eam-

2226 2463 2339 2519 que
2370 2450 2579 2514 vestro,
2612 2447 2757 2502 mihi
2788 2447 3169 2514 reddendam,
3190 2446 3393 2502 nuntio
3423 2461 3481 2501 se
3509 2441 3785 2499 traditurum

2225 2535 2514 2608 promittit
2531 2554 2543 2604 ;
2559 2539 2733 2607 atque
2755 2536 3021 2593 obsecrat
3038 2538 3103 2591 ut
3126 2535 3363 2592 tabulas
3383 2551 3522 2606 quas
3542 2527 3789 2603 Hilpericus

2226 2682 2582 2751 num,atque
2612 2680 2754 2734 adeo
2788 2679 2915 2751 ejus
2946 2678 3325 2751 praesentiam
3347 2678 3402 2734 in
3427 2675 3790 2751 synodisneces—

2225 2751 2441 2825 sariam
2472 2747 2723 2823 quodam
2756 2747 2929 2805 modo
2945 2747 3375 2825 existimarent.
3389 2747 3514 2825 Jain
3529 2747 3661 2804 enim
3676 2758 3791 2825 cape

2225 2817 2539 2877 rimentufn
2598 2838 2773 2877 sacra:
2822 2822 3172 2878 eruditionis
3220 2823 3432 2878 fecerat
3458 2820 3515 2875 in
3541 2817 3791 2874 canonibus

2223 2892 2451 2950 concilii
2496 2893 2833 2967 Vernensis,
2864 2898 2929 2948 ut
2951 2895 3027 2967 ad
3070 2893 3397 2967 epistolam
3416 2894 3481 2967 42
3508 2889 3791 2967 dictumest.

2300 2968 2375 3036 (g)
2404 2969 2485 3020 De
2511 2966 2649 3021 cella
2678 2957 2885 3019 nostra.
2906 2965 2968 3019 Id
2998 2957 3125 3033 est;
3144 2965 3337 3021 sancti
3366 2957 3789 3036 Judoci,nondum

2223 3033 2358 3161 er‘go
2389 3053 2455 3091 ea
2488 3036 2647 3108 Lupo
2680 3036 2907 3091 reddita
2940 3036 3150 3105 fuerat,
3175 3036 3412 3092 tametsi
3442 3033 3523 3090 illi
3550 3034 3678 3088 bona
3700 3042 3792 3105 spes

2225 3110 2276 3161 at
2306 3106 2541 3161 ulsisset
2567 3112 2972 3161 recuneratum
2996 3107 3065 3161 iri
3089 3107 3152 3161 in
3171 3112 3458 3161 conventu
3487 3105 3792 3161 Traiectensn,

2225 3105 2541 3163 affulsisset
2567 3105 2972 3180 recuperatum
2996 3107 3065 3162 iri
3089 3107 3152 3163 in
3171 3112 3458 3164 conventu
3487 3105 3792 3175 Trajecten51,

469 3154 664 3235 issi:
674 3154 1181 3250 Ξῖίῷὶόἷιᾶἶὲἐῶἶῖεξ
1195 3154 1712 3258 ἷνὶέιῖοῇἐὲὲιῗάῖῗεῇἷ
1725 3154 2115 3251 Egesta};
2144 3154 2186 3219 C
2222 3154 2480 3304 ὖῐξᾶίέῐ
2489 3154 2581 3234 ἔχ’
2597 3154 2962 3250 Ε’ῥῖεῆὂὶἷὲἱῖ

470 3251 691 3306 iturum
722 3267 784 3304 se
824 3249 980 3304 brevi
1028 3249 1099 3303 ad
1153 3249 1570 3304 Ferrarienses.
1602 3251 1889 3305 Admonet
1917 3256 2114 3307 autem
2295 3256 2314 3320 (
2355 3250 2371 3320 )
2403 3248 2683 3320 Saligstat.
2718 3249 2899 3305 Hodie
2927 3252 2962 3304 δ

470 3251 691 3306 iturum
722 3249 802 3304 sei
824 3249 980 3304 brevi
1028 3249 1099 3303 ad
1153 3249 1570 3304 Ferrarienses.
1602 3249 1889 3305 Admonet
1917 3249 2114 3307 autem

469 3321 638 3377 illum
662 3322 961 3387 Lupus,ne
974 3321 1044 3375 ad
1068 3336 1130 3375 se
1151 3321 1388 3375 accedat
1409 3325 1540 3376 ante
1561 3322 1881 3377 secundam
1902 3321 2116 3378 hebdo-

469 3394 705 3465 madam
730 3391 902 3465 Maii;
936 3391 1089 3463 quod
1123 3392 1328 3465 quinto
1359 3392 1583 3448 decimo
1615 3392 1707 3448 die
1733 3398 1863 3465 post
1893 3393 2115 3449 Pascha

467 3463 739 3519 habenda
768 3463 845 3536 sit
874 3480 1088 3536 magna
1130 3464 1389 3536 synodus
1419 3465 1574 3536 apud
1606 3463 1985 3529 Attiniacum,
2017 3465 2112 3519 cui

466 3534 793 3609 putat_ﬁeri_
823 3551 936 3609 non
971 3534 1139 3609 posse
1170 3534 1310 3605 quin
1346 3534 1467 3609 ipse
1498 3535 1701 3609 adesse
1730 3541 1991 3609 cogatur.

537 3606 863 3729 (cilf’ascha.
896 3604 1058 3667 Quod
1091 3604 1203 3659 hoc
1226 3604 1383 3660 ztnno
1426 3606 1630 3661 incidit
1661 3607 1721 3661 in
1751 3604 1904 3662 diem
1938 3625 1993 3662 1v
2023 3608 2107 3663 Id.

537 3693 599 3729 ιω
631 3693 699 3729 18.

461 3676 699 3730 Aprilis.

511 3694 872 3817 ἣῖἰῗὲῗηοάιιδ
884 3762 1104 3813 magna.
1122 3750 1183 3799 In
1200 3750 1485 3819 conventu
1499 3748 1651 3819 apud
1678 3749 1994 3813 Marsnam,
2012 3748 2113 3803 ha-

462 3818 584 3890 bito
616 3833 768 3890 anno
799 3819 924 3880 847,
958 3823 1301 3890 convenerat
1332 3818 1481 3872 inter
1531 3818 1694 3890 reges
1746 3820 2106 3886 Lotharium,

463 3887 841 3963 Ludovicum,
877 3891 933 3941 et
964 3886 1258 3963 Carolum,
1288 3893 1353 3943 ut
1383 3891 1454 3942 ad
1486 3886 1774 3945 firmanda
1804 3908 1871 3945 ea
1901 3908 2027 3963 qua:
2050 3892 2106 3946 in

463 3964 749 4032 conventu
783 3957 894 4012 isto
938 3963 1065 4013 acta
1109 3959 1356 4032 fuerant,
1388 3977 1670 4015 commune
1696 3957 1959 4032 placilm'n
1988 3963 2108 4019 sive

460 4030 748 4114 generalis
779 4034 1097 4114 conventus
1117 4030 1429 4114 incivitate
1452 4030 1805 4114 Parisiorum
1837 4039 2108 4114 ageretur

460 4101 517 4157 in
550 4102 816 4185 sequenti
834 4102 995 4185 ‘festo
1037 4101 1220 4185 saucii
1269 4103 1532 4185 Joannis.
1568 4104 1714 4185 Ergo
1747 4101 2008 4175 Carolus,
2042 4110 2107 4160 ut

457 4192 550 4232 res
568 4173 763 4231 civiles
795 4177 852 4229 et
872 4173 1299 4248 ecclesiasticas
1321 4175 1482 4248 regni
1504 4175 1593 4230 sui
1621 4173 1951 4247 disponeret
1970 4173 2103 4233 ante

457 4250 826 4312 conventum,
852 4250 915 4299 ut
938 4245 995 4299 in
1019 4262 1330 4301 commune
1355 4245 1485 4302 dein
1521 4264 1651 4301 eum
1686 4245 1962 4303 fratribus
1978 4250 2101 4305 suis

455 4318 803 4388 consuleret,
824 4318 1111 4388 synodum
1132 4334 1405 4385 magnam
1430 4319 1582 4388 apud
1606 4319 1962 4374 Attiniacum
1986 4336 2103 4375 me-

454 4386 841 4460 diotemporis
854 4386 1207 4460 congregare
1221 4386 1933 4451 deliberabat,habendam
1950 4390 2099 4447 vide-

452 4460 586 4516 licet
615 4459 841 4516 debima
869 4459 1082 4531 quinta
1107 4460 1198 4513 die
1234 4465 1365 4530 post
1395 4459 1707 4525 Pascha,id
1731 4464 1819 4516 est
1848 4479 1948 4519 vm
1971 4462 2093 4516 Kal.

452 4533 654 4588 Maias.
679 4533 799 4587 Non
825 4520 1077 4586 arbitror
1105 4520 1298 4602 tamen
1333 4546 1459 4585 eam
1494 4520 1780 4602 synodum
1803 4532 1985 4588 fuisse
2003 4532 2097 4588 ha-
2130 4520 2175 4583 Ι)

451 4603 653 4668 hitam,
685 4608 965 4676 utincque
1006 4601 1414 4676 Parisiensem.
1450 4601 1594 4676 Nam
1644 4604 1876 4676 tametsi
1934 4621 2097 4676 reges

452 4689 651 4743 pacem
682 4673 1414 4745 veluti—firmassentapud
1455 4674 1771 4740 Marsnam,
1806 4673 2097 4730 discordia

450 4747 642 4797 tamen
668 4744 801 4797 dein
826 4747 934 4798 fuit
956 4746 1107 4801 inter
1131 4744 1467 4801 Lotharium
1500 4750 1557 4800 et
1588 4744 1879 4813 Carolum,
1914 4751 1979 4800 ut
2000 4747 2097 4801 do-

449 4813 849 4868 ccntAnnalcs
881 4815 1199 4872 Fulienses
1221 4817 1291 4871 ad
1325 4834 1545 4871 annum
1569 4818 1692 4871 847.
1732 4817 1877 4872 «Hic
1905 4835 2094 4875 annus

449 4900 481 4936 a
506 4884 671 4956 bellis
696 4885 930 4956 quievit,
958 4903 1129 4956 quem
1152 4888 1490 4943 Hlotharius
1514 4892 1568 4942 et
1591 4887 1944 4944 Hludovicus
1968 4907 2094 4944 mu-

446 4955 714 5031 tuafami
728 4955 989 5031 liaritate’
1004 4964 1429 5031 transegerunt.
1456 4961 1535 5014 Na
1548 4978 1600 5013 ll]
1636 4966 1874 5031 uterque
1889 4977 2091 5016 eorum

446 5026 518 5081 ad
541 5026 781 5079 domum
800 5026 1038 5082 alterius
1056 5026 1354 5094 invitatus,
1371 5031 1647 5085 conviviis
1670 5036 1725 5086 et
1747 5026 2091 5088 muneribus

445 5096 623 5169 regiis
643 5096 890 5169 honora!
907 5116 971 5151 us
994 5103 1098 5153 est.
1118 5100 1466 5156 Illudovicus
1492 5108 1685 5157 tamen
1720 5102 2088 5159 Hlotharium

444 5166 788 5245 et‘Karlum,
822 5168 901 5245 ita
931 5174 995 5245 ut
1036 5169 1234 5235 voluit,
1270 5172 1573 5245 pacil’ieare
1613 5191 1724 5227 non
1760 5174 1965 5245 potuit,
2000 5190 2087 5229 re-

441 5244 658 5312 nuente
690 5237 986 5312 Hlothario
1020 5237 1558 5312 propter'injuriam
1588 5245 1695 5299 sibi
1718 5237 2086 5302 aCisalberto

436 5311 690 5369 vassallo
725 5310 879 5365 Karli
911 5309 968 5363 in
1002 5309 1167 5381 raptu
1202 5309 1478 5368 filice—sua:
1514 5316 1790 5370 factam.»
1824 5319 2084 5373 Tandem

439 5386 611 5441 rediit
642 5383 853 5438 iterum
904 5384 1211 5455 concordia
1260 5386 1411 5455 apud
1450 5386 1739 5440 Marsnam
1775 5406 1925 5443 anno
1957 5390 2081 5444 851.

509 5458 579 5526 (θ)
608 5456 962 5520 Atlim'acum,
996 5453 1276 5527 palatium
1299 5453 1556 5527 regium,
1593 5457 1647 5510 in
1676 5458 1908 5513 (limo-esi
1942 5461 2086 5524 Rhe-

438 5528 624 5581 mensi
656 5527 856 5593 situm,
893 5532 957 5580 ut
986 5526 1209 5580 dictum
1242 5531 1329 5581 est
1358 5526 1429 5581 ad
1463 5527 1769 5599 epistolam
1804 5532 1887 5584 49.

473 5666 483 5676 υ
507 5600 584 5680 (α
596 5599 1258 5680 Nequaquam‘pct'ientur.
1286 5600 1486 5670 Itaque
1509 5598 1869 5680 sanctissimi
1891 5602 2079 5658 Eccle-

2355 3250 2371 3331 i
2403 3240 2683 3332 δαιίρςέᾳὶ.
2718 3249 2899 3332 Hodie
2927 3250 3309 3332 Seliggizstatt,
3338 3240 3800 3332 Monasterinntisl

2222 3320 2280 3376 in
2314 3319 2549 3393 dioecesi
2582 3321 2944 3393 Moguntina,
2976 3322 3049 3393 ad
3079 3321 3348 3378 Moenum
3397 3333 3612 3376 amnem
3647 3319 3796 3393 sitam,

2264 3392 2381 3465 uodi
2410 3381 3053 3465 oppidoin‘omenfecit.
3084 3393 3407 3450 Conditum
3439 3395 3617 3465 autem
3644 3381 3797 3465 fuitiab

2258 3451 2573 3591 ξξηδθὲἶᾷἑ),
2619 3463 2805 3520 Caroli
2839 3464 3035 3537 Magni
3079 3465 3338 3529 notario,
3372 3463 3471 3536 qui
3501 3460 3695 3535 primus
3720 3451 3801 3509 illic

2314 3552 2402 3591 ias
2450 3552 2507 3589 ιιι
2542 3576 2554 3589 .

2222 3536 2402 3591 abbas
2427 3535 2554 3589 fuit.

2290 3609 2354 3680 (ᾗ
2379 3608 2641 3675 Ratlegz’o.
2651 3606 2758 3680 Huj
2768 3624 2837 3680 us
2850 3603 3799 3680 abbatisSeligeﬁnsiarliensisnomen

2220 3678 2506 3733 omissum
2537 3683 2627 3733 est
2658 3677 2999 3750 inpeditione
3041 3677 3331 3735 Masso'ni.
3363 3679 3556 3750 Exstat
3583 3677 3736 3750 autem
3760 3679 3797 3750 lli

2220 3750 2415 3805 codice
2435 3749 2863 3822 imanuscripto.
2896 3749 3203 3822 Successit
3235 3748 3581 3822 Eginhardo,
3610 3748 3798 3822 quicum

2217 3825 2383 3876 vocat
2431 3819 2763 3876 Ratleicum’
2787 3820 2847 3875 in
2878 3821 3027 3875 actis
3074 3819 3494 3877 translationis
3541 3819 3801 3873 sanctorum

2217 3897 2540 3964 martyrum
2575 3890 2895 3964 Marcellini
2928 3896 2992 3964 et
3009 3892 3188 3964 Petri.
3227 3892 3527 3964 Assentipr
3553 3887 3686 3943 enim
3710 3895 3798 3964 cru;

2217 3964 2339 4037 dito
2374 3962 2506 4037 vero
2538 3967 2597 4018 et
2641 3963 2907 4037 diligenti
2946 3963 3399 4037 iChristophoro
3458 3962 3800 4037 Broweronqle

2218 4035 2541 4090 Ratlaicum
2604 4024 2875 4090 abbatem
2939 4024 3544 4104 Seligenstadiensem
3600 4024 3802 4104 euinde

2219 4052 2541 4090 naualcum
2604 4052 2875 4090 abbatem
2939 4052 3048 4090 acu
3098 4052 3544 4091 ensmmensem
3600 4052 3801 4104 ευωιεεευ

2214 4123 2455 4178 prorsus
2486 4122 2613 4160 esse
2645 4111 2840 4183 censet
2870 4122 3043 4183 quem
3058 4052 3467 4183 ilginhardus
3494 4105 3553 4183 in
3576 4090 3801 4183 Actisiillis

2210 4167 2377 4233 vocat
2406 4194 2580 4233 suum
2614 4167 2927 4243 notarium,
2958 4177 3057 4232 lib.
3081 4167 3286 4245 μυοίη).
3310 4179 3399 4233 11,
3434 4167 3802 4245 Ratlaieiepita-

2212 4249 2419 4322 phium
2451 4249 2779 4322 composuit
2811 4241 3607 4322 Bahanus,archiepi500pus
3626 4241 3805 4309 M08”

2209 4319 2392 4389 tinus,
2426 4320 2580 4393 quod
2614 4319 2697 4375 sic
2729 4319 2905 4375 habet
2938 4336 2951 4375 :

2362 4447 2438 4494 En
2464 4457 2647 4492 servus
2676 4444 2884 4503 Christi,
2919 4445 3199 4495 RATLMCUS
3231 4445 3457 4495 nomine
3486 4443 3659 4497 dictus,

2423 4508 2653 4569 Corpore
2673 4506 2771 4570 hic
2797 4512 3007 4570 pausat,
3039 4508 3269 4570 spiritus
3300 4508 3411 4557 alta
3441 4505 3582 4570 petit.

2363 4560 2641 4633 Presbjy'ter
2672 4560 3221 4633 hicfuerat,'sophim
3264 4574 3323 4620 et
3351 4560 3616 4620 studiosus
3643 4560 3807 4612 amator.

2423 4631 2663 4698 foieium
2693 4631 2901 4681 abbatis
2931 4636 2984 4681 et
3012 4631 3151 4698 bene
3183 4633 3361 4698 gessit
3388 4645 3542 4698 opus:
3607 4689 3617 4698 ο

2362 4694 2574 4758 Sollers,
2607 4707 2674 4758 ac
2698 4697 2967 4758 strenuus,
3003 4691 3220 4758 divina;
3241 4691 3506 4758 dogmata
3528 4691 3644 4755 legis

2420 4755 2715 4820 Scrutando
2747 4755 2945 4820 didicit,
2979 4760 3142 4820 atque
3177 4755 3548 4820 alios‘docuit.

2358 4821 2407 4868 ls
2430 4832 2500 4884 ex
2531 4818 2750 4884 Colonia
2777 4817 3095 4884 adveniens,
3115 4821 3254 4884 regi
3275 4834 3348 4869 en
3381 4817 3654 4884 Ludovico.

2421 4881 2752 4949 Conjunctus
2780 4880 2953 4949 valde,
2985 4881 3126 4949 utilis
3158 4880 3411 4949 h'uicque
3442 4880 3557 4949 fuit.
3596 4939 3606 4949 .

2357 4942 2543 4992 Plurss‘
2561 4956 2687 4992 nam
2721 4943 2903 4992 docuit
2927 4944 3121 5002 verbis,
3156 4948 3214 4994 et
3246 4942 3487 4994 scribere
3515 4942 3631 4991 fecit

2417 5006 2544 5063 Qum
2573 5006 2787 5069 fuerant
2816 5010 2940 5069 apta
2968 5006 3207 5069 plurima
3238 5007 3309 5057 ad
3340 5007 3531 5056 officia.

2354 5053 2510 5131 Νίιῖᾑά
2520 5053 2707 5132 avenis
2724 5053 3331 5132 vitamhahelinquehs,
3345 5053 3808 5132 migravitadethm.

2418 5128 2591 5194 Atque
2620 5131 2691 5181 ibi
2720 5144 2840 5180 cum
2869 5131 3078 5180 Christo
3107 5128 3323 5195 gaudia
3352 5128 3484 5182 vera
3511 5128 3661 5179 tenet.

2197 5245 2371 5300 Vides
2401 5245 2514 5313 hic,
2547 5245 2747 5313 lector,
2785 5244 3109 5301 Ratlaicum
3159 5243 3571 5303 commendari
3611 5239 3675 5295 ob
3712 5235 3808 5313 είρτ

2196 5316 2357 5372 dium
2399 5302 2746 5389 Scriptum,
2766 5318 2918 5388 quod
2950 5302 3233 5374 videlicet
3265 5318 3581 5389 diligenter
3607 5302 3809 5389 desciit);i

2195 5389 2480 5460 curaverit
2509 5382 2867 5460 optimorum
2900 5394 3213 5445 auctorum
3251 5382 3810 5460 lucubrationesQuf

2192 5443 2515 5515 observatio
2537 5443 2788 5514 multum
2805 5443 3477 5517 illustratlocumis‘tuﬁm
3499 5443 3812 5528 Lupi,quiait

2193 5531 2521 5601 Ratlegium
2554 5547 2682 5584 eam
2715 5531 2772 5585 in
2806 5548 2867 5586 se
2906 5548 3105 5587 curam
3160 5534 3511 5601 suscepisse
3541 5525 3811 5601 utparlff!‘

2191 5588 2509 5676 quamdam
2538 5603 2880 5676 cuiusdam
2931 5602 3063 5676 libri
3111 5588 3291 5676 Lupo
3318 5588 3555 5676 faceret
3582 5588 3809 5676 déscribi:

436 5662 1313 5748 sizeGallicanzeant'istitesadeo
1328 5662 1523 5748 magni
1546 5669 1835 5748 faciebant
1850 5674 2078 5744 Lupum
2186 5662 2333 5730 Tum
2365 5690 2433 5730 ex
2461 5662 2755 5748 epitaphio
2804 5674 3086 5733 discimus
3126 5662 3272 5733 cuin
3310 5675 3633 5734 immatura
3660 5662 3811 5723 morte

434 5742 725 5809 nostrum,
748 5745 813 5798 ut
830 5758 964 5800 eum
982 5747 1310 5819 spectarent
1325 5741 1501 5803 veluti
1532 5741 1891 5804 conditorem
1910 5741 2079 5804 cano-

2186 5749 2473 5824 ereptum.
