3938 6160
186 340 306 406 533

1689 343 2117 409 EPISTOLIE.

3492 348 3610 413 534

181 493 317 535 cum
354 476 577 534 nostris
605 475 853 534 conferri
883 474 1183 547 faciam,ut
1202 495 1270 535 ex
1291 477 1631 552 utrisque,si
1654 478 1839 551 possit
1866 478 1922 546 Α
1953 484 2279 537 memorata
2309 478 2455 537 cella
2485 476 2727 553 implere
2761 476 2945 536 coacti
2977 477 3142 536 estis.
3175 481 3360 549 Quam
3390 480 3463 538 ob
3480 498 3611 540 cau-

179 565 329 634 ﬁeri,
382 566 598 622 veritas
647 566 1010 639 exculpatur.
1053 568 1140 623 Tu
1190 573 1386 624 autem
1446 568 1582 624 huic
1640 573 1836 625 nostro

181 656 409 712 cursori
443 655 703 712 Tullium
736 657 794 711 in
825 657 1013 711 Arabe
1046 658 1227 727 trade,
1254 661 1317 714 ut
1348 676 1414 714 ex
1444 675 1509 714 eo
1540 675 1712 731 quem
1746 674 1837 714 me

182 746 643 818 impetraturum
693 746 863 801 credo
911 763 1038 817 quae
1087 748 1289 802 deesse
1331 747 1415 802 illi
1463 746 1610 820 Egili
1641 751 1841 803 noster

181 835 412 907 aperuit
443 835 847 906 suppleantur.
882 835 1032 891 Bene
1061 835 1210 903 vale,
1243 840 1300 892 et
1328 837 1447 893 tuis
1479 854 1572 893 me
1610 853 1841 909 semper

181 923 553 981 orationibus
582 928 840 997 protege.

749 1040 1091 1097 EPISTOLA
1134 1041 1287 1098 LXX.

746 1147 817 1185 AD
858 1147 1283 1187 MARCVVARDUM

248 1235 809 1293 Desiderantissimo
841 1241 898 1291 et
928 1236 1261 1310 integritate
1306 1238 1434 1293 vitm
1485 1238 1691 1295 merito
1741 1256 1839 1294 su-

180 1325 482 1397 spiciendo
515 1325 880 1381 Marcwardo
911 1325 1109 1382 abbati
1144 1328 1342 1399 Lupus
1375 1333 1713 1400 perpetuam
1747 1345 1838 1383 sa-

177 1413 388 1471 lutem.

246 1504 474 1578 Dignas
501 1502 667 1559 vobis
698 1506 1010 1576 rependere
1042 1505 1259 1579 gratias
1282 1524 1396 1561 non
1426 1506 1711 1576 valemus,
1738 1507 1838 1563 sed

176 1607 290 1647 non
325 1591 551 1648 idcirco
580 1590 668 1647 vel
698 1593 892 1649 verbis
922 1593 980 1649 id
1014 1598 1237 1650 tentare
1269 1612 1384 1649 non
1414 1596 1716 1651 debemus.
1752 1595 1838 1651 Si-

177 1681 422 1754 quidem
458 1681 614 1736 inter
644 1680 759 1737 alia
787 1699 915 1754 quae
945 1683 1251 1755 nobisjam
1270 1684 1525 1756 plurima
1545 1684 1843 1757 priestitis-

174 1769 502 1844 tis,linguae
521 1776 724 1826 vestra:
749 1788 960 1843 pueros
982 1778 1215 1829 nostros
1255 1773 1475 1829 fecistis
1502 1773 1836 1846 participes,

175 1861 349 1932 cujus
376 1877 555 1915 usum
587 1859 695 1916 hoc
725 1865 982 1933 tempore
1007 1863 1510 1934 pernecessarium
1535 1880 1705 1918 nemo
1729 1863 1837 1919 nisi
1871 1852 1919 1917 B

173 1948 362 2005 nimis
395 1950 601 2004 tardus
632 1950 879 2021 ignorat.
916 1952 1117 2022 Itaque
1149 1968 1265 2005 non
1298 1951 1426 2007 istis
1458 1956 1684 2024 gratam
1718 1970 1838 2008 rem

173 2036 393 2103 solum,
428 2053 636 2093 verum
681 2039 858 2093 etiam
908 2039 1289 2095 utilissimam
1344 2040 1515 2096 nobis
1564 2041 1838 2097 omnibus

172 2128 329 2183 118
363 2126 721 2183 contulistis.
747 2126 1203 2184 Dilectissimum
1238 2129 1474 2185 fratrem
1509 2129 1750 2202 Eigilem
1783 2135 1841 2187 et

173 2220 416 2271 caeteros
468 2232 527 2271 Iv
574 2215 720 2272 Non.
760 2217 1117 2288 Septembris
1168 2217 1332 2272 laetus
1381 2219 1596 2291 excepi.
1631 2220 1737 2274 Sed
1774 2225 1839 2274 ut

174 2321 465 2378 congrum
497 2305 782 2361 curationi
835 2312 1068 2378 tempus
1111 2292 1531 2379 impenderent,
1557 2309 1721 2378 justo
1752 2326 1840 2365 ce-

173 2393 800 2461 leriusdimisimus,ea
814 2395 1145 2451 conditione
1168 2396 1477 2452 obstrictos
1500 2402 1561 2452 ut
1584 2415 1686 2470 per
1707 2415 1832 2465 nos,

174 2484 311 2539 dum
333 2482 1342 2555 redierint,proficiscantur.Sumus
1364 2486 1519 2541 enim
1543 2487 1611 2541 de
1631 2502 1833 2542 eorum

173 2573 427 2627 sanitate
458 2577 516 2627 et
546 2571 810 2644 ipsorum
842 2578 896 2628 et
927 2573 1101 2629 vestri
1134 2591 1312 2629 causa
1332 2574 1702 2630 vehementer
1726 2575 1835 2631 sol-

172 2660 336 2716 liciti.
371 2660 658 2716 Czeterum
692 2661 848 2717 hunc
901 2661 1181 2718 novitium
1236 2680 1530 2719 cursorem
1565 2670 1831 2720 nostrum

171 2754 377 2806 vestrae
410 2749 707 2805 sanctitati
741 2739 1245 2820 commendamus,
1281 2752 1441 2808 omni
1470 2770 1679 2825 genere
1700 2771 1833 2809 con-

172 2838 524 2907 versationis
555 2839 900 2910 professioni
925 2857 1044 2896 sua:
1065 2842 1829 2914 respondentem,nisiquod

174 2929 391 2994 adhuc,
425 2927 599 2983 credo
630 2933 870 3000 propter
893 2928 1133 2984 timores
1163 2913 1468 2997 noctunos,
1505 2913 1707 2985 solum
1729 2948 1827 2985 cu-

172 3018 311 3073 bare
342 3034 461 3072 non
498 3020 708 3089 potest.
742 3017 888 3089 Opto
937 3035 1040 3074 vos
1082 3018 1269 3076 valere
1302 3019 1565 3086 feliciter,
1599 3020 1829 3091 meique

174 3123 407 3179 semper
438 3111 679 3179 paterno
711 3106 919 3163 affectu
951 3108 1308 3165 meminisse.
1808 3094 1813 3099 i

725 3222 1072 3279 EPISTOLA
1112 3224 1294 3280 LXXI.

172 3329 243 3368 AD
293 3329 485 3368 REGEM
535 3326 824 3377 CAROLUM,
874 3330 1020 3368 ANTE
1076 3330 1584 3370 RECUPERATIONEM
1624 3332 1827 3372 CELLE.

241 3416 796 3474 Praecellentissime
827 3418 1063 3474 domine
1096 3419 1176 3474 mi
1210 3437 1328 3487 rex,
1361 3420 1663 3477 humiliter
1692 3439 1831 3493 sup-

172 3507 318 3580 plico
352 3512 420 3563 ut
451 3507 894 3580 suggestionem
917 3509 1001 3563 tui
1027 3508 1608 3565 devotissimifamuli
1630 3510 1829 3581 digne-

172 3598 250 3653 ris
281 3597 611 3670 prudenter
641 3612 989 3669 cognoscere
1019 3602 1075 3653 et
1103 3597 1419 3654 clementer
1449 3600 1831 3655 tractare.Re-

170 3685 551 3758 giosissimus
572 3685 890 3758 imperator
915 3686 1264 3758 Ludovicus,
1278 3693 1478 3743 vestra:
1513 3687 1833 3744 nobilitatis

172 3775 476 3841 auctor,ad
495 3773 834 3847 petitionem
849 3773 1287 3846 gloriosissimas
1312 3777 1605 3833 memoriae
1626 3778 1830 3833 Judith

169 3866 449 3938 Augusta:
483 3863 690 3917 matris
738 3867 940 3918 vestras
993 3863 1200 3919 cellam
1250 3866 1435 3920 sancti
1474 3866 1682 3922 Judoci
1717 3883 1835 3922 mo-

173 3953 428 4009 nasterio
464 3952 817 4007 Ferrariensi
840 3951 1170 4021 contulit,et
1185 3971 1358 4010 suum
1391 3955 1833 4028 donum(a)prae-

174 4048 333 4115 cepto
366 4040 655 4108 firmavit;
690 4046 755 4096 ut
784 4046 841 4097 et
871 4042 1142 4097 monachi
1176 4044 1396 4114 absque
1420 4044 1694 4115 inopiain
1717 4061 1835 4100 mo—

174 4131 428 4187 nasterio
462 4130 580 4184 Deo
610 4130 914 4198 servirent,
949 4135 1006 4185 et
1037 4130 1093 4185 in
1129 4132 1368 4203 praefata
1399 4132 1544 4188 cella
1572 4133 1832 4205 hospita-

176 4218 397 4274 litatem
420 4218 597 4289 juxta
625 4217 725 4273 Dei
759 4218 1029 4274 timorem
1062 4220 1383 4292 peregrinis
1408 4220 1835 4293 impenderent,

177 4312 347 4380 atque
380 4322 489 4380 pro
520 4306 831 4378 utriusque
882 4306 1069 4363 salute
1116 4313 1173 4363 et
1226 4309 1607 4381 prosperitate
1640 4309 1837 4364 Domi-

178 4394 800 4466 nus(b)delectabiliter
818 4401 1140 4452 exorarent.
1167 4398 1379 4453 Eorum
1406 4398 1834 4471 eleemosynam

178 4485 363 4557 primo
396 4483 649 4554 benigne
680 4484 1056 4541 concessistis
1084 4487 1239 4541 114
1281 4504 1427 4541 novo
1485 4487 1660 4542 etiam
1694 4506 1834 4559 pra:-

1947 585 2073 625 sam
2106 588 2263 627 nunc
2295 570 2395 626 Dei
2428 569 2602 639 servi,
2635 570 2733 642 qui
2783 587 2887 641 pro
2934 569 3099 625 vobis
3145 570 3379 628 assidue
3418 575 3605 643 orant,

1947 658 2056 715 hoc
2083 659 2332 715 triennio
2365 664 2643 715 consueta
2672 659 3018 715 vestimenta
3052 677 3166 714 non
3201 660 3515 733 accipiunt,
3551 665 3609 717 et

1949 766 2075 821 qua:
2111 749 2258 805 ferre
2291 748 2746 820 compelluntur,
2798 749 2997 803 attrita
3046 753 3101 804 et
3152 749 3461 821 plerasque
3511 767 3605 807 re-

1949 842 2108 895 sarta
2167 844 2325 904 sunt,
2395 838 2795 909 leguminibus
2852 838 3112 910 einpitiis
3173 843 3605 905 sustentantur,

1949 927 2200 1000 piscium
2249 932 2305 982 et
2357 926 2508 982 casei
2560 925 3019 981 consolationem
3071 926 3370 982 rarissime
3400 944 3605 984 conse-

1949 1021 2231 1088 quuntur,
2266 1015 2468 1071 famuli
2497 1015 2693 1072 debita
2741 1015 3088 1070 indumenta
3120 1032 3233 1070 non
3267 1015 3599 1087 accipiunt:

1949 1122 2076 1176 quae
2109 1105 2307 1161 omnia
2338 1103 2505 1159 nobis
2536 1122 2603 1160 ex
2634 1104 2908 1176 prmdicta
2929 1103 3073 1159 cella
3096 1103 3604 1176 ministrabantur,

1948 1194 2008 1248 in
2042 1211 2156 1266 qua
2187 1193 2584 1249 intermissam
2634 1192 3165 1248 transmarinorum
3220 1209 3421 1247 curam
3463 1192 3603 1248 alio-

1950 1300 2200 1354 rumque
2233 1299 2554 1355 pauperum
2589 1286 2646 1337 et
2676 1282 2999 1355 neglectam
3033 1282 3123 1336 sui
3152 1282 3444 1336 culturam
3487 1281 3605 1336 uti-

1950 1388 2085 1427 nam
2116 1372 2279 1428 vobis
2315 1374 2463 1427 Deus
2495 1389 2612 1426 non
2646 1371 2914 1443 imputet.
2951 1371 3059 1436 Me,
3094 1374 3300 1443 prmter
3347 1387 3605 1426 commu-

1950 1479 2083 1517 nem
2145 1461 2553 1517 necessitatem
2614 1463 2669 1516 et
2721 1459 3079 1532 singularem
3138 1459 3417 1527 laborem,
3470 1476 3599 1531 gra-

1947 1551 2227 1607 vissimus
2260 1551 2449 1621 pudor
2477 1554 2697 1617 onerat,
2732 1548 2870 1621 quia
2918 1549 2975 1603 id
3027 1548 3180 1620 quod
3231 1548 3329 1603 alii
3360 1549 3600 1604 abbates

1950 1641 2022 1694 ad
2085 1638 2461 1693 stabilitatem
2519 1637 2815 1709 religionis
2866 1637 3270 1693 munificentia
3327 1637 3599 1709 imperia-

1950 1726 1988 1782 li
2040 1727 2335 1783 consecuti
2387 1731 2543 1792 sunt,
2586 1743 2689 1798 ego
2751 1725 2917 1798 quasi
2969 1726 3231 1781 omnium
3280 1725 3601 1781 vilissimus

1949 1820 2006 1872 et
2062 1816 2479 1871 inutilissimus
2535 1816 2727 1870 amisi.
2774 1816 2992 1869 Tamen
3047 1832 3211 1886 spem
3263 1831 3472 1887 gerens
3521 1832 3603 1871 re-

1949 1905 2267 1977 cuperandi
2300 1922 2427 1961 meo
2463 1905 2694 1961 servitio
2745 1905 2897 1974 quod
2944 1904 3105 1959 nulla
3151 1904 3209 1958 in
3258 1922 3361 1959 vos
3409 1904 3600 1976 culpa,

1949 2001 2014 2051 ut
2060 2001 2212 2051 Deus
2246 1996 2412 2051 testis
2451 2000 2558 2061 est,
2591 1995 2841 2068 perdidi,
2876 1995 3125 2049 maxime
3165 2012 3297 2049 cum
3348 1999 3600 2049 vestram

1948 2084 2398 2157 promissionem
2448 2084 2583 2140 inde
2641 2090 2893 2149 teneam,
2946 2100 3122 2154 quam
3182 2082 3380 2137 fallere
3437 2083 3601 2136 nefas

1947 2179 2037 2230 est
2069 2192 2081 2229 :
2115 2173 2363 2246 imploro
2414 2173 2569 2244 quod
2618 2173 2779 2242 justo
2820 2171 3205 2243 reposcimus,
3242 2188 3312 2225 nc
3354 2169 3601 2225 ulterius

1945 2262 2248 2329 diti‘eratis,
2307 2262 2407 2318 sed
2475 2261 2749 2317 continuo
2810 2260 2971 2315 vobis
3037 2260 3325 2331 nobisque
3393 2258 3602 2331 digne-

1947 2351 2090 2407 mini
2149 2351 2473 2413 consulere,
2526 2354 2591 2405 ut
2634 2355 2691 2405 et
2746 2354 2927 2404 Deum
2976 2348 3206 2404 faciatis
3254 2347 3418 2404 vobis
3467 2364 3599 2419 pro-

1944 2441 2176 2513 pitium,
2226 2445 2279 2496 et
2328 2458 2435 2495 nos
2482 2440 2723 2495 ultimos
2774 2438 3025 2495 famulos
3071 2443 3295 2494 vestros
3343 2436 3599 2492 reddatis

1942 2531 2014 2586 ad
2048 2530 2527 2585 intercedendum
2560 2546 2663 2601 pro
2690 2528 2851 2583 vobis
2883 2526 3042 2582 omni
3078 2532 3337 2599 tempore
3368 2542 3597 2598 promp-

1943 2619 2139 2675 tiores.

2375 2710 2415 2763 1
2428 2709 2468 2762 1
2482 2707 2525 2763 5
2567 2706 2821 2763 EPISTO
2832 2708 2913 2760 LA
2955 2704 3160 2760 LXXII.

2516 2796 2584 2868 (ιτ)
2623 2814 2694 2852 AD
2734 2812 3006 2851 DIDONEM.

2399 2886 2481 2938 Ex
2503 2902 2737 2956 persona
2769 2883 3123 2939 Marmvardi.

2010 2972 2496 3029 Reverentissimo
2548 2977 2604 3027 et
2652 2971 3037 3043 plurimorum
3087 2968 3389 3041 przeconiis
3441 2968 3585 3024 cele-

1938 3064 2161 3119 brando
2194 3061 2402 3117 Didoni
2452 3060 2646 3116 abbati
2699 3059 3102 3115 Marcwardus
3133 3057 3449 3130 plurimam
3489 3074 3589 3113 sa-

1939 3151 2145 3208 lutem.

1859 3221 1901 3287 C
2008 3241 2163 3297 Artis
2194 3245 2393 3297 vestra)
2418 3239 2734 3313 singularis
2760 3238 2964 3312 peritia
2987 3236 3307 3293 multorum
3332 3235 3591 3292 oratione

1940 3330 2278 3404 pervulgata
2326 3330 2520 3384 fratris
2571 3328 2839 3384 Nithardi
2889 3322 3265 3400 potissimum
3312 3325 3591 3381 relatione

1941 3421 2109 3476 nobis
2149 3420 2446 3474 innotuit:
2484 3436 2598 3490 quo
2649 3418 2825 3473 etiam
2868 3417 3149 3471 referente
3200 3414 3595 3486 comperimus

1940 3508 2162 3581 passim
2192 3526 2293 3563 vos
2322 3524 2591 3563 accesum
2626 3504 3414 3578 indigentibusfd)aperire,et
3443 3520 3594 3559 sem-

1942 3598 2230 3671 piternam
2265 3614 2503 3651 usuram
2538 3595 2839 3667 temporali
2889 3593 3297 3667 aegrotantium
3340 3590 3595 3647 remedio

1940 3686 2443 3760 procurare.Unde
2466 3685 2701 3740 tametsi
2732 3684 2893 3739 vobis
2926 3683 3117 3739 adhuc
3151 3698 3359 3737 sumus
3390 3680 3594 3754 ignoti,

1942 3794 2058 3833 non
2079 3776 2479 3831 dubitavimus
2498 3774 3075 3847 prepteriekjusdem
3100 3770 3394 3844 religionis
3412 3770 3599 3825 unita-

1941 3866 2259 3936 tem,cujus
2290 3864 2462 3919 etiam
2495 3881 2597 3917 vos
2628 3861 3177 3917 observantissimos
3209 3858 3596 3932 gratulamur,

1944 3954 2247 4011 materiam
2264 3951 2575 4025 praestandi
2603 3952 2768 4006 nobis
2802 3950 3066 4005 beneficii
3086 3949 3237 4003 ultro
3256 3964 3597 4021 proponere,

1943 4043 2129 4117 parati
2142 4046 2342 4097 vestra:
2357 4040 2773 4113 opinatissima:
2791 4038 3124 4092 liberalitati
3152 4037 3342 4091 modis
3364 4038 3602 4107 quibus-

1943 4148 2173 4203 cunque
2192 4146 2513 4202 possumus
2534 4127 3178 4198 respondcrc.Namquc
3194 4129 3245 4177 et
3264 4124 3364 4177 filii
3392 4123 3596 4192 nostri,

1944 4237 2090 4292 quos
2120 4224 2178 4274 et
2209 4223 2427 4272 vestros
2459 4220 2752 4287 optamus,
2781 4212 3045 4267 molestia
3077 4212 3337 4283 corporis
3368 4210 3599 4267 labora-

1945 4310 2114 4374 bant;
2150 4323 2328 4378 quam
2363 4304 2585 4375 aliquot
2615 4301 2860 4357 adhibiti
2893 4300 3047 4371 apud
3082 4316 3186 4354 nos
3229 4299 3437 4354 medici
3469 4316 3603 4371 pro-

1946 4397 2179 4470 pulsare
2212 4394 2616 4465 nequiverunt.
2653 4392 2787 4457 Hos,
2824 4389 3070 4445 Domino
3103 4393 3159 4444 et
3188 4392 3388 4443 vestra:
3420 4387 3605 4443 chari-

1946 4487 2045 4541 tati
2082 4485 2346 4549 fidentes,
2375 4482 2667 4537 curandos
2716 4479 2881 4535 vobis
2924 4478 3251 4544 offerimus;
3284 4479 3340 4531 et
3369 4493 3472 4548 per
3499 4493 3602 4532 vos

176 4579 337 4645 cepto
372 4571 686 4639 firmastis;
722 4573 821 4629 sed
856 4575 1143 4645 posteaad
1165 4575 1605 4647 persuasionem
1631 4593 1833 4632 eorum
1869 4593 1911 4655 D
1947 4579 2151 4648 optata:
2166 4571 2433 4629 sanitatis
2455 4570 2660 4627 solatia
2680 4564 3321 4640 temperantes,auetori
3337 4566 3604 4645 ejusdem

178 4663 273 4734 qui
308 4677 449 4717 cum
486 4659 582 4716 Dei
607 4662 928 4717 offensione
961 4680 1075 4718 non
1116 4663 1329 4719 timent
1368 4664 1669 4732 ditescere,
1703 4682 1838 4720 eva-

176 4756 348 4808 cuata
378 4748 603 4821 duplici
637 4748 1026 4824 eleemosyna,
1073 4758 1270 4807 votum
1322 4753 1690 4808 saecularium
1738 4754 1837 4808 de-

244 4875 331 4955 (a).
355 4874 728 4955 Ρνέεεςξρζολά
759 4875 1192 4955 est,diplo_m_a_te
1223 4878 1499 4955 r_egi_o_.Sic
1531 4878 1687 4934 enim
1711 4881 1837 4955 tum

176 4947 465 5002 vocabant
494 4944 755 5018 diploma
785 4944 1212 5020 principis.Nos
1244 4944 1413 5005 hodie
1446 4967 1722 5007 vocamus
1752 4950 1842 5005 lit-

178 5022 334 5073 teras
368 5022 542 5073 Daten
553 5022 660 5072 tes.

248 5090 320 5159 (ὁ)
354 5089 761 5144 Delectabilz'ler
790 5099 1101 5147 exorarent.
1137 5092 1237 5147 His
1268 5092 1424 5147 enim
1475 5091 1840 5149 solemnibus

179 5159 372 5215 verbis
402 5159 690 5215 finiebant
735 5166 1023 5235 pracepta
1072 5163 1229 5235 regia
1288 5164 1660 5219 monasteriis
1704 5182 1838 5219 con-

179 5247 348 5307 cessa
380 5248 392 5285 :
432 5235 721 5303 Quatenus
753 5234 894 5307 ipsos
925 5234 1214 5307 monaclios
1250 5251 1352 5305 pro
1398 5237 1575 5298 nobis,
1618 5237 1842 5307 conjuge

175 5303 440 5373 proh-que
468 5310 678 5368 nostra,
712 5305 793 5358 vel
819 5320 923 5375 pro
953 5303 1265 5361 stabilitate
1279 5307 1444 5361 totius
1469 5309 1629 5373 regni
1646 5303 1839 5374 nostri,

175 5375 386 5444 jugiler
434 5375 662 5429 Domini
704 5375 1144 5432 misericordiam
1189 5393 1416 5432 exorare
1464 5378 1705 5433 delectet.
1749 5378 1843 5434 Sic

181 5462 315 5572 Erg?
351 5445 641 5572 sacréptum
667 5446 775 5500 fuit
798 5446 852 5500 in
879 5452 1164 5520 praecepto
1189 5447 1463 5504 Ludovici
1496 5449 1579 5503 Pii
1606 5450 1675 5505 dc
1697 5449 1845 5505 cella

229 5558 241 5571 .
317 5535 355 5571 u
402 5535 437 5571 ο
478 5534 517 5570 ι.

229 5558 241 5571 .
275 5533 517 5573 δυαοοι.

247 5592 324 5656 (ε)
354 5588 435 5643 Ad
470 5587 760 5642 Didonem.
792 5588 1078 5643 Abbatem
1113 5591 1446 5644 monasterii
1482 5591 1667 5645 sancti
1694 5592 1844 5646 Petri

184 5657 304 5713 Vivi
340 5658 1017 5715 Senonensis.Chronico
1051 5660 1107 5715 S.
1134 5660 1286 5716 Petri
1320 5662 1441 5717 \‘ivi
1466 5682 1484 5717 .-
1508 5690 1533 5711 «ι
1561 5662 1845 5717 Defuncto

187 5735 386 5787 autem
439 5730 766 5801 Anastasio,
799 5731 985 5788 sancti
1031 5732 1183 5788 Petri
1216 5733 1446 5801 abbate,
1480 5734 1765 5790 successit
1795 5735 1845 5790 ei

1950 4642 2255 4719 nobiscum
2270 4660 2486 4733 gratias
2503 4660 2755 4714 referant
2768 4659 3022 4712 etvestro
3035 4652 3336 4709 labori.llli
3363 4642 3603 4725 quidem

1946 4752 2527 4819 devotionem,quam
2554 4746 2745 4802 solam
2779 4747 3043 4816 possunt,
3080 4747 3278 4814 utpote
3310 4742 3604 4809 monachi,

1947 4877 2114 4943 Dido,
2152 4899 2179 4923 »
2213 4892 2364 4930 anno
2398 4872 2675 4927 nimirum
2710 4872 2835 4929 8&7.
2869 4868 3031 4943 Qbiit
3069 4873 3265 4943 autem
3313 4886 3468 4943 anno
3500 4869 3605 4943 869

1949 4940 2467 5016 successoremque
2500 4943 2707 4998 habuit
2732 4940 3025 5016 Aquilam,
3060 4940 3259 5016 Eigilis
3287 4940 3606 5016 archiepis-

1950 5018 2078 5092 copi
2110 5011 2466 5073 Senonen'sis
2496 5011 2877 5086 discipulum,
2910 5018 2973 5067 ut
3004 5013 3060 5066 in
3088 5013 3292 5068 eodem
3316 5011 3606 5067 Chronico

1951 5092 2236 5147 scriptum
2268 5092 2373 5143 est.

2021 5153 2097 5229 (ill
2122 5158 2503 5231 .ItperlrePost
2533 5174 2741 5231 vocem
2768 5156 2939 5231 istam
2974 5155 3172 5210 deerat
3194 5171 3377 5231 unum
3404 5153 3606 5231 folium

1952 5234 2010 5288 in
2031 5226 2204 5286 veteri
2221 5230 2435 5295 codice;
2461 5230 2610 5296 quod
2634 5228 2745 5283 nisi
2769 5226 3211 5293 defuisset,usui
3237 5243 3363 5280 esse
3386 5228 3610 5295 poterat

1954 5306 2024 5361 ad
2057 5302 2392 5360 sarciendas
2426 5302 2624 5354 ruinas
2656 5298 3029 5369 sequentium
3061 5296 3463 5369 epistolarum.

2024 5380 2095 5443 (ο)
2126 5373 2379 5444 Ejusdem
2412 5372 2715 5445 religionis.
2743 5364 2812 5445 id
2856 5376 2945 5424 est
2994 5370 3084 5445 D.~
3098 5364 3427 5423 Benedicti.
3461 5364 3606 5445 Nam

1954 5440 2297 5501 Pruiniense
2320 5442 3029 5512 monasterium,itemque
3052 5440 3603 5512 Senonense,sancti

1954 5519 2144 5589 hujus
2160 5514 2446 5589 Regulam
2478 5507 3428 5589 profitebantur,quemadmodum
3451 5511 3613 5589 ciete-

1957 5578 2365 5644 rautialliariun
2392 5592 2443 5639 et
2467 5578 2915 5639 Germaniarum
2946 5578 3444 5648 inonasteriojam
3479 5578 3612 5633 inde

1956 5680 1988 5717 a
2022 5659 2381 5730 temporibus
2416 5657 2691 5713 Ludovici
2726 5655 2828 5710 Pii.
