3982 6152
273 338 390 403 861
472 342 491 352 ⁵

1812 342 2237 408 EPISTOLE.

3561 353 3680 416 562

271 475 476 551 Cogita
505 476 647 551 quid
681 481 976 534 mereatur
1004 477 1104 552 qui
1126 476 1605 536 scandalizaverit
1634 495 1820 534 unum
1852 479 1923 536 de
1954 477 2009 544 Α
2038 481 2094 534 et
2125 478 2182 533 in
2216 495 2356 553 pace
2403 476 2733 536 Christiana
2777 497 3119 555 permanere
3168 487 3460 558 optamus,
3509 489 3682 559 atque

266 566 505 641 pusillis
530 586 543 635 ;
568 573 624 623 et
655 568 735 624 ita
764 568 981 640 poteris
1010 567 1281 641 colligere
1313 586 1489 642 quam
1522 568 1819 641 ingentem
1844 568 1928 625 sis

262 656 625 730 perlaturus,
660 656 773 713 nisi
807 657 1141 729 resipueris,
1175 658 1634 726 damnationem,
1670 659 1769 731 qui
1802 675 1927 731 par-

264 750 389 802 tem
420 746 740 802 maximam
770 745 971 820 populi
1003 746 1314 803 Christiani
1338 748 1683 820 gravissime
1705 752 1930 820 pertur-

263 836 448 892 basti.

336 926 649 982 Monemus
674 930 749 993 te,
766 926 1163 993 obsecramus,
1179 927 1564 994 obtestamur,
1585 930 1696 983 tuae
1719 926 1927 983 salutis

262 1014 489 1088 cupidi,
522 1032 670 1088 pone
700 1016 875 1071 linem
908 1015 1079 1073 malis
1111 1016 1246 1084 tuis,
1272 1020 1603 1073 convertere
1635 1019 1706 1073 ad
1737 1018 1928 1073 Domi-

263 1121 436 1172 num,
453 1106 624 1176 cujus
656 1122 827 1161 nemo
849 1109 1111 1161 nostrum
1137 1110 1325 1178 potest
1345 1106 1923 1178 eil‘ugerejudicium.

263 1195 383 1250 Fac
413 1194 640 1249 fructus
669 1194 879 1266 dignos
908 1194 1278 1267 paenitentiae.
1312 1195 1428 1249 Hoc
1459 1198 1565 1251 est.
1586 1194 1733 1260 Quia
1762 1211 1931 1267 gran-

261 1283 423 1339 diter
449 1282 774 1355 deliquisti,
805 1282 1106 1355 granditer
1134 1283 1287 1339 bona
1317 1299 1516 1339 exerce
1542 1301 1555 1352 ;
1587 1287 1652 1338 ut
1684 1301 1799 1339 non
1832 1301 1925 1339 so-

259 1372 395 1428 lum
426 1389 545 1428 non
576 1371 900 1444 torquearis
930 1387 1065 1426 cum
1096 1371 1326 1428 diabolo
1358 1377 1414 1428 et
1456 1374 1718 1445 reprobis
1746 1373 1805 1427 in
1835 1374 1926 1429 in-

257 1462 674 1527 ferno,verum
707 1460 884 1516 etiam
916 1462 1175 1533 gaudeas
1203 1478 1338 1517 cum
1365 1462 1480 1518 Deo
1502 1467 1558 1517 et
1578 1462 1775 1519 electis
1798 1463 1926 1534 ejus

254 1551 317 1606 in
355 1550 529 1607 ccelo.
563 1550 624 1606 Id
653 1566 887 1622 quoque
929 1550 1038 1606 tibi
1082 1549 1429 1623 pollicemur
1472 1551 1612 1623 quia
1641 1551 1690 1607 si
1722 1556 1777 1607 te
1808 1552 1924 1609 Deo

248 1639 617 1709 restitueris,
630 1639 785 1711 apud
807 1654 941 1695 eum
962 1638 1377 1696 intercessores
1399 1656 1501 1711 pro
1533 1640 1785 1712 peccatis
1806 1641 1925 1697 tuis

246 1747 393 1787 esse
423 1730 740 1802 cupimus;
773 1732 831 1784 et
859 1729 1014 1801 apud
1066 1728 1227 1801 pium
1264 1727 1585 1800 principem
1630 1734 1920 1796 nostrum,

244 1824 319 1876 ut
350 1818 469 1875 tibi
497 1822 727 1891 tuaique
755 1817 1082 1890 posteritati
1115 1817 1364 1890 benigne
1393 1816 1925 1883 consulat,conabi-

246 1924 398 1963 mur
424 1905 714 1963 obtinere.

318 1994 656 2052 Maximum
714 1997 941 2050 reatum
985 1997 1043 2050 te
1093 1992 1452 2050 contraxisse
1498 1993 1723 2050 scimus
1770 1996 1925 2067 quod

245 2082 575 2158 epistolam
606 2082 763 2138 sedis
792 2081 1125 2154 apostolica
1148 2080 1448 2153 respuisti,
1465 2081 1809 2139 existimans
1829 2083 1928 2140 ali.

247 2190 375 2247 qua
400 2172 463 2228 in
492 2186 563 2227 ea
582 2173 664 2241 (a)
682 2170 789 2226 tibi
812 2169 984 2227 noxia
1000 2168 1305 2227 contineri.
1321 2170 1433 2226 Sed
1456 2170 1612 2241 quod
1634 2172 1927 2243 exemplar

245 2264 389 2335 ejus
419 2257 775 2318 venerabilis
804 2274 957 2331 papa
986 2258 1157 2315 nobis
1196 2256 1476 2331 dignatus
1519 2261 1609 2313 est
1653 2258 1921 2331 dirigere,

246 2354 470 2407 notum
517 2347 622 2405 tibi
673 2347 925 2404 facimus
973 2345 1122 2401 nihil
1154 2346 1215 2401 in
1249 2362 1317 2402 ea
1347 2346 1631 2403 contineri
1665 2348 1820 2419 quod
1851 2350 1923 2405 ad

242 2443 423 2495 tuam
454 2437 747 2510 pertineat
776 2434 1108 2503 laesionem;
1133 2438 1191 2490 et
1217 2436 1373 2492 130
1404 2439 1708 2508 propterea
1737 2438 1924 2509 parati

241 2543 494 2593 sumus,
526 2526 577 2581 si
607 2524 713 2592 vis,
731 2524 990 2581 secundo
1021 2524 1096 2595 (ὁ)
1123 2522 1383 2596 legatum
1409 2524 1566 2579 sedis
1588 2530 1922 2583 memoratae

242 2633 388 2675 eum
422 2613 668 2686 scriptis
697 2612 804 2668 toti
833 2613 1055 2669 mundo
1084 2612 1430 2668 venerandis
1459 2612 1729 2685 dirigere.
1760 2616 1922 2681 Quod

242 2706 294 2763 si
325 2722 480 2762 eum
512 2719 628 2759 non
661 2702 969 2774 receperis,
1003 2718 1131 2767 nos,
1165 2700 1265 2773 qui
1297 2701 1656 2769 monuimus,
1690 2719 1925 2760 excusa-

240 2794 403 2851 biles
434 2792 683 2849 erimus.
704 2791 765 2847 Si
794 2794 988 2847 autem
1018 2790 1308 2862 receperis
1337 2794 1394 2844 et
1419 2790 1924 2860 auscultaveris,et

239 2882 579 2941 Dominum
613 2884 671 2935 et
699 2879 937 2935 beatum
958 2879 1195 2935 Petrum
1220 2878 1526 2951 propitios,
1542 2883 1599 2934 et
1619 2896 1726 2935 nos
1748 2880 1921 2937 habe-

238 2971 335 3028 bis
368 2969 435 3025 in
472 2969 591 3024 ﬁde
636 2968 980 3038 conjunctos
1030 2971 1087 3023 et
1138 2967 1557 3024 intercessione
1604 2969 1917 3039 proﬁcuos.

238 3060 301 3118 Si
332 3076 484 3117 vero
519 3074 626 3112 nos
665 3056 915 3129 benigne
964 3059 1270 3112 monentes
1318 3056 1760 3128 contempseris,
1794 3074 1918 3113 cer-

236 3154 375 3206 tum
420 3147 537 3203 tibi
568 3145 648 3202 sit
676 3162 981 3217 nunquam
1012 3144 1116 3199 tibi
1144 3144 1404 3199 futurum
1439 3143 1632 3200 locum
1664 3145 1722 3200 in
1751 3146 1915 3219 ccnlo,

2037 584 2140 640 pro
2158 568 2241 624 eis
2260 570 2443 643 parati
2462 587 2671 627 sumus
2688 571 2907 626 domini
2929 574 3111 629 nostri
3130 575 3280 647 regis
3293 575 3659 632 clementiam
3672 622 3685 645 ,

2038 661 2325 728 quantum
2356 675 2693 730 possumus,
2723 660 2969 717 ﬂectere.

2548 775 2894 832 EPISTOLA
2937 778 3190 833 LXXXV.

2584 882 2657 919 AD
2699 883 3141 923 MARCVVARDUM.

2107 970 2594 1027 Reverentissimo
2643 975 2700 1026 et
2744 971 3071 1030 clarissimo
3122 974 3274 1030 Patri
3326 978 3689 1040 Marcwardo

2036 1060 2237 1131 Lupus
2269 1064 2609 1132 perpetuam
2642 1059 2912 1117 salutem.

2106 1149 2302 1221 Nuper
2332 1166 2365 1203 a
2394 1149 2999 1221 magnificentissimis
3043 1152 3232 1223 epulis
3263 1172 3548 1228 reversus,
3579 1161 3687 1218 hoc

2034 1241 2123 1293 est
2154 1256 2188 1293 a
2216 1237 2549 1293 Britannica
2584 1238 2966 1310 expeditione,
3001 1241 3094 1295 vix
3142 1250 3443 1317 resumpto
3475 1249 3683 1319 spiritu

2035 1344 2139 1399 per
2169 1343 2466 1382 cursorem
2517 1327 2674 1383 hunc
2703 1329 3104 1399 prosperitatis
3135 1337 3334 1387 vestra:
3382 1335 3681 1395 veritatem

2035 1416 2257 1472 discere
2288 1416 2495 1487 cupio;
2530 1420 2594 1471 ut
2623 1416 2761 1488 quia
2813 1419 3064 1490 prepriis
3113 1423 3429 1493 angoribus
3478 1430 3679 1497 aestuo,

2035 1504 2245 1559 saltem
2290 1505 2499 1559 vestris
2555 1506 2828 1560 secundis
2879 1508 3251 1564 successibus
3296 1511 3679 1583 requiescam.

2034 1592 2320 1648 Dominus
2352 1610 2517 1649 meus
2548 1610 2665 1663 rex,
2698 1598 2887 1649 vester
2912 1594 3206 1666 alumnus,
3259 1615 3393 1653 cum
3446 1604 3540 1657 131
3592 1622 3686 1661 me

2034 1681 2256 1738 deliciis
2306 1699 2453 1754 quas
2496 1682 2792 1754 gravabat,
2843 1682 3135 1749 liberaret,
3183 1703 3289 1742 suo
3319 1705 3419 1744 vos
3451 1693 3686 1750 nomine

2034 1769 2276 1825 salutari
2308 1770 2610 1842 praecepit:
2637 1772 2792 1842 quod
2816 1788 2991 1842 quam
3016 1772 3263 1829 libenter
3294 1776 3500 1834 faciam
3532 1784 3685 1837 aesti-

1955 1847 2003 1913 B
2035 1874 2195 1914 mare
2225 1859 2489 1931 potestis.
2510 1859 2935 1915 Charissimum
2968 1865 3256 1932 nostrum,
3277 1865 3385 1921 hoc
3406 1873 3514 1937 est,
3535 1885 3689 1926 com-

2041 1964 2281 2002 munem
2314 1947 2500 2002 filium
2534 1946 2867 2020 Eigilem,et
2886 1955 3017 2021 post
3045 1966 3201 2019 eum,
3224 1954 3687 2015 Ansb.czeteros-

2037 2053 2150 2109 que
2180 2036 2728 2109 fratres,parvitatis
2758 2054 2898 2092 meae
2931 2039 3166 2095 nomine
3188 2042 3510 2114 dignamini
3537 2047 3689 2103 salu-

2033 2129 2175 2181 tare.
2209 2124 2441 2197 Cuppas
2469 2125 2677 2181 viatico
2708 2130 2894 2197 aptas,
2931 2128 3117 2183 forma
3159 2133 3216 2185 et
3244 2132 3523 2202 qualitate
3548 2153 3684 2208 pre-

2032 2213 2406 2277 tiosissimas,
2439 2212 2662 2285 ligneas
2704 2214 3005 2283 duntaxat,
3038 2215 3205 2282 mihi,
3237 2233 3371 2272 cum
3403 2227 3683 2292 opportuo

2033 2319 2175 2358 num
2206 2301 2370 2359 vobis
2401 2302 2595 2369 fuerit,
2629 2306 2828 2357 curate
2856 2302 3141 2375 dirigere:
3176 2305 3315 2376 quia
3343 2308 3485 2364 dum
3515 2310 3681 2368 video

2032 2391 2405 2464 pretiosiores
2438 2408 2584 2463 quas
2627 2390 2758 2446 aliis
2789 2392 3101 2458 tribuistis,
3134 2398 3555 2466 propemodum
3584 2398 3682 2454 in-

2030 2480 2196 2536 vidiae
2226 2480 2497 2536 morbum
2528 2480 2781 2535 incurro.
2815 2480 2995 2553 Cupio
3037 2498 3137 2538 vos
3180 2482 3369 2540 valere
3414 2486 3677 2546 feliciter.

2517 2595 2867 2652 EPISTOLA
2907 2597 3183 2652 LXXXVI.

2580 2688 2649 2754 (ε)
2687 2703 2760 2740 AD
2801 2703 3121 2740 ΗΑΤΤΟΝΕΜ.

2101 2790 2457 2848 Charissimo
2489 2809 2595 2848 suo
2625 2791 2857 2847 Hattoni
2909 2792 3107 2864 Lupus
3156 2792 3215 2848 in
3248 2794 3494 2853 Domino
3526 2798 3684 2855 salu-

2028 2883 2144 2936 tem
2155 2922 2167 2935 .

2098 2969 2445 3041 Quanquam
2477 2968 2886 3039 occupationes
2929 2967 3293 3026 inevitabiles
3326 2972 3680 3046 colloquium

2028 3062 2316 3123 nostrum,
2362 3056 2515 3127 quod
2567 3057 2840 3128 frequens
2885 3074 3012 3113 esse
3062 3058 3283 3127 debuit,
3334 3061 3677 3136 impediant,

2025 3151 2221 3202 tamen
2241 3145 2324 3201 eis
2346 3143 2588 3218 paulum
2610 3145 2927 3216 perdilatis,
2945 3146 3387 3221 nobismetipsis
3409 3152 3680 3209 consula-

237 3241 297 3294 et
327 3236 461 3293 cito
494 3250 611 3289 non
639 3216 902 3288 futurum
936 3232 995 3287 in
1024 3235 1182 3287 terra
1210 3247 1223 3286 :
1259 3231 1397 3303 quia
1426 3236 1527 3287 tua
1556 3232 1728 3305 culpa
1758 3216 1920 3307 sepa-
1950 3216 1993 3282 C
2029 3253 2161 3291 mus
2192 3216 2437 3308 oportet,
2471 3250 2542 3288 ne
2575 3232 2853 3289 salutaria
2884 3233 3146 3304 consilia,
3181 3216 3397 3308 quibus
3428 3238 3676 3297 invicem

239 3330 420 3383 ratus
453 3324 532 3379 ab
562 3320 883 3394 apostolica
911 3325 969 3376 et
997 3324 1198 3376 nostra
1218 3321 1919 3386 societate,anathematis

238 3414 483 3472 ultione
516 3411 708 3468 locum
742 3409 1002 3476 habebis,
1049 3409 1203 3482 quod
1234 3413 1456 3466 avertat
1484 3410 1638 3466 Deus
1690 3411 1749 3466 in
1799 3416 1916 3468 tar-

236 3508 401 3560 taro.

313 3593 448 3648 Hoc
481 3589 660 3645 etiam
692 3605 795 3662 per
841 3592 1009 3644 tuum
1058 3586 1449 3643 ministerium
1499 3588 1917 3644 denuntiamus

241 3678 563 3738 Lautberti
595 3676 934 3733 hominibus
959 3680 1015 3731 et
1036 3675 1398 3748 quibuslibet
1418 3675 1607 3747 gentis
1632 3680 1763 3743 tum,
1779 3677 1918 3749 quia

238 3772 288 3827 si
322 3766 903 3825 communicaverint
930 3765 1043 3837 ipsi
1076 3770 1133 3820 et
1164 3762 1463 3819 rebellioni
1495 3765 1623 3835 ejus
1668 3782 1917 3821 consen-

239 3859 462 3925 serint,
498 3854 873 3910 anathemate
902 3854 1471 3920 condemnabuntur,
1496 3856 1554 3907 et
1585 3853 1778 3908 traditi
1814 3855 1917 3909 Sa-

238 3953 401 4004 tanae
430 3945 565 4001 sine
588 3943 701 3997 fine
722 3941 1338 4014 peribunt.Conversos
1359 3944 1554 3996 autem
1575 3940 1913 4014 recipimus.

313 4108 398 4190 (α)
442 4105 565 4190 ‘Tibi
582 4104 770 4159 noxia.
789 4101 1320 4190 BeseripseratgLeo
1343 4101 1508 4190 IV.ad
1530 4101 1917 4190 Nomenoium

237 4171 569 4251 epistolam
612 4173 953 4251 quamdam,
987 4171 1162 4244 quam
1195 4171 1576 4251 is_susc_ipere
1607 4174 1914 4251 recusavit,

238 4243 1082 4315 existimans—utaitgLupus,
1110 4244 1376 4315 quaedam
1410 4243 1489 4315 in,
1518 4260 1607 4315 ea
1632 4244 1915 4300 contineri

238 4316 555 4377 contraria
585 4314 866 4388 dignitati
892 4313 1028 4369 suae.
1061 4313 1305 4388 suetum
1354 4314 1411 4388 in
1463 4313 1644 4388 Gallis
1676 4315 1916 4388 nostris,

237 4391 490 4464 quoties
524 4384 807 4458 rescripta
836 4386 1109 4464 Romana:
1141 4384 1312 4464 curiae
1338 4385 1637 4464 adversari
1670 4387 1915 4464 credun-

237 4456 342 4519 tur
365 4477 583 4531 regum
609 4456 940 4531 nostrorum
955 4458 1193 4527 juribus
1213 4462 1321 4531 aut
1338 4456 1708 4531 libertatibus
1730 4456 1918 4531 Eccle-

237 4535 342 4610 sia:
380 4528 1039 4610 GéllicanmLQu'oniam
1068 4544 1202 4583 vero
1232 4528 1492 4610 episcopi
1522 4529 1919 4610 agnoscebant

236 4605 404 4662 hanc
440 4599 747 4659 Nomenoii
779 4601 1176 4672 exceptionem
1207 4598 1919 4672 ess_ejus_tissimam,ﬁdc-

231 4677 525 4748 jussores
555 4690 622 4748 se_
650 4669 1100 4748 praestant—nihil
1125 4670 1182 4723 in
1204 4669 1498 4748 eaLeonis
1522 4669 1768 4741 epistola
1788 4687 1919 4726 con-

236 4740 434 4823 tineri
448 4744 627 4823 _quod
650 4740 985 4823 maiestatis
1005 4743 1145 4823 jura
1175 4740 1367 4823 violet:

315 4820 403 4889 (ὁ)
438 4810 977 4889 LegatumMiserat
1000 4810 1184 4889 igitur
1212 4813 1323 4867 Leo
1352 4810 1612 4889 legatum
1643 4811 1920 4889 cumepi-

236 4882 405 4945 stola
440 4882 547 4941 illa
577 4900 754 4957 quam
784 4882 1245 4957 diximuslliunc
1266 4899 1396 4957 vero
1417 4882 1676 4957 legatum
1702 4882 1921 4937 Britan-

237 4960 419 5035 niam
454 4953 741 5035 attingere
761 4959 1020 5035 vetuerat
1040 4954 1417 5035 Nomenoius,
1432 4953 1587 5035 quod
1623 4956 1760 5035 tu‘nc
1781 4958 1924 5008 tem-

237 5024 885 5105 porisAe‘xistiimarent
930 5025 1225 5105 principes
1269 5024 1608 5105 nondicere
1659 5024 1919 5081 Romano

238 5095 525 5177 pontiﬁci
558 5098 788 5177 mittere
818 5095 1039 5177 legatos
1072 5095 1140 5150 in‘
1163 5095 1488 5167 provincias
1514 5095 1749 5177 _a_bsque
1779 5112 1920 5177 con:

238 5166 441 5230 sensu
475 5187 541 5225 ac
594 5166 901 5239 voluntate
918 5183 1119 5224 eorum
1154 5166 1331 5239 penes
1361 5168 1521 5239 quos
1542 5166 1691 5223 Deus
1724 5166 1922 5239 posuit

240 5243 526 5311 regimen
562 5238 933 5311 populorum.

384 5258 526 5296 men
601 5256 933 5311 opuiorum.

309 5260 397 5382 Fc)
432 5311 516 5367 Ad
534 5256 838 5366 [Faltonem
863 5309 1150 5382 Abbatem
1173 5307 1305 5363 dein
1328 5306 1923 5382 Fuldensem,_cogno-

238 5377 462 5441 mento
494 5382 789 5437 Bonosum
834 5386 891 5436 et
929 5379 1280 5450 Gloriosum,
1331 5377 1452 5450 qui,
1485 5378 1624 5433 vitio
1655 5377 1921 5433 librario»

238 5472 416 5517 rum,
453 5456 518 5507 ut
549 5452 791 5507 adnotat
819 5452 1149 5518 Browerus,
1181 5449 1363 5505 Valde
1395 5450 1738 5505 nominatur
1766 5450 1920 5521 apud

238 5524 646 5585 Lambertum
676 5521 1507 5594 Schafnaburgensem._(_)uare
1530 5526 1585 5576 et
1609 5537 1821 5594 magno
1840 5538 1925 5576 er-

235 5614 406 5668 rore,
425 5612 563 5668 qua;
582 5594 655 5649 de
676 5591 1279 5668 Waldone_a_b‘bate_et
1301 5591 1509 5668 ‘Udone
1540 5608 1605 5646 ac
1638 5592 1923 5668 Bel-enga-

236 5669 333 5727 rio
369 5663 665 5723 fratribus
687 5664 814 5733 ejus
837 5663 1169 5733 comitibus,
1187 5663 1517 5719 Ratisbonaa
1547 5663 1921 5733 gesta,l*‘ran-

240 5753 469 5797 corum
498 5732 825 5794 Annalibus
873 5732 1161 5808 leguntur
1195 5735 1266 5791 ad
1296 5751 1520 5791 annum
1551 5732 1765 5790 Christi
1796 5736 1924 5803 861,

2025 3328 2259 3381 auctore
2281 3322 2610 3393 Deojuvare
2633 3339 2969 3394 possumus,
2985 3324 3055 3378 ad
3079 3329 3345 3381 nostrum
3370 3328 3678 3387 detrimen-

2023 3418 2150 3469 tum
2184 3412 2427 3468 ulterius
2469 3411 2857 3484 negligantur.
2892 3411 3097 3467 Curate
3129 3413 3307 3487 igitur
3334 3416 3445 3471 hoc
3477 3433 3679 3476 mense

2025 3502 2280 3568 Octobri,
2312 3501 2404 3555 die
2434 3517 2550 3572 quo
2581 3499 3061 3571 signiﬁcaveritis,
3091 3502 3162 3556 ad
3194 3503 3427 3559 Arceias
3456 3510 3678 3565 vestras

2026 3590 2169 3645 mihi
2202 3605 2501 3644 occurrere
2528 3607 2541 3656 ;
2567 3594 2630 3643 ut
2661 3587 2784 3643 loco
2816 3589 3079 3661 utrisque
3110 3589 3301 3646 medio
3332 3593 3676 3651 convenien-

2024 3683 2133 3746 tes,
2167 3682 2489 3750 opportunc
2519 3678 2812 3749 possimus
2855 3678 2925 3733 (le
2958 3679 3129 3734 rebus
3160 3680 3505 3737 necessariis
3535 3701 3676 3739 con-

2026 3766 2556 3823 sultare.Noveritis
2577 3766 2752 3822 etiam
2774 3766 2846 3836 (d‘
2868 3766 3155 3821 Odacrum
3182 3768 3452 3824 abbatem
3472 3776 3528 3826 et
3544 3789 3679 3828 con-

2026 3855 2415 3929 sanguineum
2449 3860 2719 3912 nostrum
2749 3854 2960 3911 libram
2991 3857 3336 3928 auri,quam
3370 3859 3684 3929 nostis,in—

2024 3948 2215 4000 stantc
2236 3944 2303 4016 (θ)
2328 3944 2567 3998 Viviano
2591 3947 2869 4015 repetere,
2886 3945 3056 4015 cujus
3072 3945 3408 4002 humanitas
3427 3948 3587 4004 nulla
3605 3948 3663 4003 in

2024 4102 2297 4177 Waldoni
2332 4103 2527 4177 abbati
2553 4100 2825 4177 Fuldensi
2850 4103 3004 4177 apud
3030 4102 3403 4177 Lambertum
3428 4107 3684 4177 ascripta

2026 4178 2181 4231 sunt.
2218 4174 2513 4247 successit
2543 4178 2737 4247 autem
2772 4174 3027 4247 Rabano,
3078 4174 3177 4243 qui
3234 4175 3363 4229 dein
3393 4174 3681 4247 archiepi-

2026 4262 2239 4316 scopus
2275 4244 2382 4316 fuit
2414 4243 2812 4316 Moguntinus.
2848 4243 3123 4316 Quon_am_
3141 4260 3271 4316 vero
3321 4262 3473 4301 anno
3506 4246 3562 4301 id
3592 4243 3679 4302 1⁸9,-

2026 4312 2185 4370 ctum
2208 4316 2304 4382 sit,
2321 4312 2603 4369 hactenus
2623 4312 2913 4367 incertum
2938 4314 3063 4368 fuit.
3093 4314 3337 4376 Quidam
3364 4316 3518 4371 enim
3541 4334 3678 4373 eum

2026 4387 2263 4441 Rabano
2296 4384 2649 4441 successisse
2680 4385 2918 4439 tradunt
2938 4402 3091 4439 anno
3112 4386 3236 4451 847,
3257 4386 3462 4440 cumis
3489 4389 3677 4443 factus

2025 4461 2113 4513 est
2133 4455 2639 4527 archiepiscopus;
2666 4472 2914 4527 quorum
2942 4455 3273 4527 opinionem
3299 4457 3675 4527 rejiciendam

2025 4545 2153 4584 esse
2184 4525 2866 4600 Broxiverus'arbitratur._
2884 4527 2960 4580 Ex
2977 4525 3416 4600 epistolaporro
3438 4530 3508 4582 40
3530 4529 3675 4600 Lupi

2028 4618 2099 4670 ap
2147 4604 2269 4654 aret
2295 4599 2598 4653 [tab-auum
2639 4596 3303 4667 renuntiasse’regimini
3337 4596 3676 4655 monasterii

2029 4618 2337 4723 Fuldensis
2395 4674 2707 4723 anteanam
2764 4668 2835 4721 ad
2880 4668 3278 4723 eniseonatum
3330 4672 3675 4723 perveniret.

2029 4668 2707 4741 F'uldensisgantequam
2764 4668 2835 4741 ad
2880 4668 3278 4741 episcopatum
3329 4672 3675 4741 perveniret,

2028 4757 2347 4812 curamque
2364 4738 2985 4812 hanc‘transtulissein
3012 4738 3500 4812 Haltonequuod
3525 4738 3678 4798 anno

2025 4815 2134 4867 842
2162 4809 2476 4881 contigisse
2506 4809 2621 4863 illic
2652 4809 3078 4881 adnotavimus.
3106 4811 3259 4865 Obiit
3288 4809 3439 4867 anno
3470 4814 3594 4878 856,
3615 4817 3683 4869 ut

2028 4885 2195 4938 docet
2251 4879 2450 4936 auctor
2507 4879 2821 4935 Annalium
2879 4880 3260 4935 Fuldensium
3297 4899 3310 4936 :
3345 4905 3371 4932 «
3419 4884 3683 4940 Decessit

2029 4955 2210 5027 Hatto‘
2230 4953 2412 5027 abbas
2444 4951 2751 5027 Fuldensis
2781 4950 3026 5027 emnohii
3060 4952 3245 5027 pridie
3268 4954 3325 5008 ld
3338 4971 3404 5009 us
3423 4955 3678 5027 Aprilis:

2027 5025 2087 5080 in
2120 5024 2289 5095 cujus
2320 5022 2536 5088 locum,
2572 5039 2673 5095 per
2697 5021 3037 5095 electionem
3062 5021 3313 5079 fratrum
3345 5030 3401 5081 et
3430 5021 3682 5082 auctori-

2029 5092 2208 5152 tateui
2243 5094 2467 5168 regiam
2494 5092 2800 5168 ordinatus
2844 5098 2932 5168 est
2959 5094 3186 5168 ‘Thioto
3218 5114 3372 5152 unus
3420 5113 3489 5151 ex
3537 5096 3684 5168 ipsis

2031 5164 2352 5246 monachis.
2374 5164 2691 5246 illattonis
2714 5164 3078 5246 epitaphium
3100 5170 3285 5246 exstat
3308 5168 3462 5246 apud
3489 5164 3684 5246 Chiis.-

2030 5240 2341 5309 tophorum
2373 5236 2715 5291 Browerum
2747 5235 2806 5289 in
2840 5235 2988 5291 libro
3020 5254 3076 5291 IV
3097 5235 3525 5309 Antiquitatum
3558 5235 3688 5291 Ful-

2031 5307 2324 5364 de‘nsium.

2100 5379 2178 5447 (ἀ)
2212 5378 2479 5433 Odacrum
2521 5378 2791 5433 abbatem.
2844 5378 3179 5433 Monasterii
3233 5376 3688 5433 Cormaricensis

2030 5450 2089 5504 in
2116 5448 2346 5504 dimcesi
2367 5449 2714 5515 'I‘uronensi,
2734 5450 2952 5503 factum
2976 5449 3107 5503 dein
3130 5449 3399 5503 abbatem
3428 5447 3688 5518 primum

2033 5519 2371 5575 monasterii
2413 5519 2833 5591 \’illalupensis
2882 5520 2939 5573 in
2992 5520 3192 5591 eadem
3242 5518 3499 5591 dimcesi.
3534 5520 3693 5575 Vixit

2033 5610 2219 5718 ἕψω
2269 5591 2340 5647 ad
2390 5609 2612 5645 annum
2663 5596 2787 5659 808,
2840 5590 3201 5659 excessitque
3243 5605 3272 5643 e
3316 5590 3434 5645 vita
3469 5608 3503 5645 v
3542 5592 3688 5647 Non.

2095 5681 2188 5718 an.

2095 5681 2169 5718 an
2180 5708 2188 5717 .

2103 5738 2179 5805 (θ)
2216 5734 2464 5788 l'z'vz'ano.
2500 5733 2738 5788 Rectore
2768 5732 2887 5787 sive
2917 5731 3124 5785 abbate
3155 5730 3213 5787 S.
3248 5731 3484 5790 Martini
3514 5735 3694 5790 Ture-
