  <div class='ocr_page' id='page_1' title='image "/cluster/home/n/w/nwhite01/storage/ocr_20150623/119/hvd.32044052820040/290.png"; bbox 0 0 3938 6160; ppageno 0'>
   <div class='ocr_carea' id='block_1_1' title="bbox 181 322 301 385">
    <p class='ocr_par' dir='ltr' id='par_1_1' title="bbox 181 322 301 385">
     <span class='ocr_line' id='line_1_1' title="bbox 181 322 301 385; baseline 0 0"><span class='ocrx_word' id='word_1_1' title='bbox 181 322 301 385; x_wconf 68' lang='lat'><strong>569</strong></span> 
     </span>
    </p>
   </div>
   <div class='ocr_carea' id='block_1_2' title="bbox 1680 315 2110 380">
    <p class='ocr_par' dir='ltr' id='par_1_2' title="bbox 1680 315 2110 380">
     <span class='ocr_line' id='line_1_2' title="bbox 1680 315 2110 380; baseline -0.005 -1"><span class='ocrx_word' id='word_1_2' title='bbox 1680 315 2110 380; x_wconf 53' lang='lat' dir='ltr'><strong>EPISTOLﬁ.</strong></span> 
     </span>
    </p>
   </div>
   <div class='ocr_carea' id='block_1_3' title="bbox 3465 312 3586 386">
    <p class='ocr_par' dir='ltr' id='par_1_3' title="bbox 3465 312 3586 386">
     <span class='ocr_line' id='line_1_3' title="bbox 3465 312 3586 386; baseline 0.033 -4"><span class='ocrx_word' id='word_1_3' title='bbox 3465 312 3586 386; x_wconf 72' lang='lat'><strong>3&#39;10</strong></span> 
     </span>
    </p>
   </div>
   <div class='ocr_carea' id='block_1_4' title="bbox 252 450 3588 531">
    <p class='ocr_par' dir='ltr' id='par_1_4' title="bbox 252 450 3588 531">
     <span class='ocr_line' id='line_1_4' title="bbox 252 450 3588 531; baseline 0 -17"><span class='ocrx_word' id='word_1_4' title='bbox 252 456 314 514; x_wconf 87' lang='lat' dir='ltr'><strong>Si</strong></span> <span class='ocrx_word' id='word_1_5' title='bbox 349 456 670 529; x_wconf 80' lang='lat' dir='ltr'><strong>prudenter</strong></span> <span class='ocrx_word' id='word_1_6' title='bbox 717 454 1046 529; x_wconf 77' lang='lat' dir='ltr'><strong>cogitemus</strong></span> <span class='ocrx_word' id='word_1_7' title='bbox 1102 453 1258 527; x_wconf 90' lang='lat' dir='ltr'><strong>quod</strong></span> <span class='ocrx_word' id='word_1_8' title='bbox 1293 450 1594 527; x_wconf 73' lang='lat' dir='ltr'><strong>originalis</strong></span> <span class='ocrx_word' id='word_1_9' title='bbox 1615 451 1833 525; x_wconf 81' lang='lat' dir='ltr'><strong>peccati</strong></span> <span class='ocrx_word' id='word_1_10' title='bbox 1862 452 1919 518; x_wconf 74' lang='grc' dir='ltr'><strong>Α</strong></span> <span class='ocrx_word' id='word_1_11' title='bbox 1952 450 2026 524; x_wconf 87' lang='grc' dir='ltr'><strong>(ΙΙ</strong></span> <span class='ocrx_word' id='word_1_12' title='bbox 2054 453 2187 508; x_wconf 84' lang='lat' dir='ltr'><strong>Tim.</strong></span> <span class='ocrx_word' id='word_1_13' title='bbox 2221 452 2328 526; x_wconf 82' lang='grc' dir='ltr'><strong>ιιι).</strong></span> <span class='ocrx_word' id='word_1_14' title='bbox 2359 451 2826 512; x_wconf 84' lang='lat' dir='ltr'><strong>Persecutionem</strong></span> <span class='ocrx_word' id='word_1_15' title='bbox 2858 458 3055 513; x_wconf 81' lang='lat' dir='ltr'><strong>autem</strong></span> <span class='ocrx_word' id='word_1_16' title='bbox 3098 455 3249 515; x_wconf 79' lang='lat' dir='ltr'><strong>hanc</strong></span> <span class='ocrx_word' id='word_1_17' title='bbox 3299 455 3588 531; x_wconf 75' lang='lat' dir='ltr'><strong>religiosis</strong></span> 
     </span>
    </p>
   </div>
   <div class='ocr_carea' id='block_1_5' title="bbox 184 542 1833 617">
    <p class='ocr_par' dir='ltr' id='par_1_5' title="bbox 184 542 1833 617">
     <span class='ocr_line' id='line_1_5' title="bbox 184 542 1833 617; baseline -0.004 -15"><span class='ocrx_word' id='word_1_18' title='bbox 184 546 398 603; x_wconf 87' lang='lat' dir='ltr'><strong>merito</strong></span> <span class='ocrx_word' id='word_1_19' title='bbox 410 544 751 617; x_wconf 89' lang='lat' dir='ltr'><strong>justissima</strong></span> <span class='ocrx_word' id='word_1_20' title='bbox 780 543 879 600; x_wconf 90' lang='lat' dir='ltr'><strong>Dei</strong></span> <span class='ocrx_word' id='word_1_21' title='bbox 910 544 1167 600; x_wconf 80' lang='lat' dir='ltr'><strong>vindicta</strong></span> <span class='ocrx_word' id='word_1_22' title='bbox 1182 542 1412 600; x_wconf 82' lang='lat' dir='ltr'><strong>exsules</strong></span> <span class='ocrx_word' id='word_1_23' title='bbox 1434 542 1568 598; x_wconf 78' lang='lat' dir='ltr'><strong>facti</strong></span> <span class='ocrx_word' id='word_1_24' title='bbox 1604 557 1833 608; x_wconf 87' lang='lat' dir='ltr'><strong>sumus,</strong></span> 
     </span>
    </p>
   </div>
   <div class='ocr_carea' id='block_1_6' title="bbox 185 631 1838 706">
    <p class='ocr_par' dir='ltr' id='par_1_6' title="bbox 185 631 1838 706">
     <span class='ocr_line' id='line_1_6' title="bbox 185 631 1838 706; baseline -0.004 -14"><span class='ocrx_word' id='word_1_25' title='bbox 185 652 319 692; x_wconf 84' lang='lat' dir='ltr'><strong>eum</strong></span> <span class='ocrx_word' id='word_1_26' title='bbox 352 634 600 690; x_wconf 88' lang='lat' dir='ltr'><strong>adversa</strong></span> <span class='ocrx_word' id='word_1_27' title='bbox 629 633 796 689; x_wconf 88' lang='lat' dir='ltr'><strong>nobis</strong></span> <span class='ocrx_word' id='word_1_28' title='bbox 826 634 1194 706; x_wconf 89' lang='lat' dir='ltr'><strong>contingunt,</strong></span> <span class='ocrx_word' id='word_1_29' title='bbox 1226 649 1343 688; x_wconf 91' lang='lat' dir='ltr'><strong>non</strong></span> <span class='ocrx_word' id='word_1_30' title='bbox 1374 631 1705 687; x_wconf 81' lang='lat' dir='ltr'><strong>mirabitur.</strong></span> <span class='ocrx_word' id='word_1_31' title='bbox 1728 631 1838 685; x_wconf 80' lang='lat' dir='ltr'><strong>Re-</strong></span> 
     </span>
    </p>
   </div>
   <div class='ocr_carea' id='block_1_7' title="bbox 185 719 1837 797">
    <p class='ocr_par' dir='ltr' id='par_1_7' title="bbox 185 719 1837 797">
     <span class='ocr_line' id='line_1_7' title="bbox 185 719 1837 797; baseline -0.004 -18"><span class='ocrx_word' id='word_1_32' title='bbox 185 723 344 797; x_wconf 85' lang='lat' dir='ltr'><strong>pulsi</strong></span> <span class='ocrx_word' id='word_1_33' title='bbox 374 723 533 779; x_wconf 90' lang='lat' dir='ltr'><strong>enim</strong></span> <span class='ocrx_word' id='word_1_34' title='bbox 565 740 600 778; x_wconf 89' lang='lat' dir='ltr'><strong>a</strong></span> <span class='ocrx_word' id='word_1_35' title='bbox 631 721 843 777; x_wconf 68' lang='lat' dir='ltr'><strong>laetitiae</strong></span> <span class='ocrx_word' id='word_1_36' title='bbox 872 722 1081 794; x_wconf 86' lang='lat' dir='ltr'><strong>patria,</strong></span> <span class='ocrx_word' id='word_1_37' title='bbox 1116 722 1174 776; x_wconf 92' lang='lat' dir='ltr'><strong>in</strong></span> <span class='ocrx_word' id='word_1_38' title='bbox 1204 721 1410 776; x_wconf 83' lang='lat' dir='ltr'><strong>vallem</strong></span> <span class='ocrx_word' id='word_1_39' title='bbox 1445 719 1837 792; x_wconf 87' lang='lat' dir='ltr'><strong>lacrymarum</strong></span> 
     </span>
    </p>
   </div>
   <div class='ocr_carea' id='block_1_8' title="bbox 187 808 1838 884">
    <p class='ocr_par' dir='ltr' id='par_1_8' title="bbox 187 808 1838 884">
     <span class='ocr_line' id='line_1_8' title="bbox 187 808 1838 884; baseline -0.004 -15"><span class='ocrx_word' id='word_1_40' title='bbox 187 830 401 869; x_wconf 88' lang='lat' dir='ltr'><strong>sumus</strong></span> <span class='ocrx_word' id='word_1_41' title='bbox 422 811 666 883; x_wconf 86' lang='lat' dir='ltr'><strong>dejecti.</strong></span> <span class='ocrx_word' id='word_1_42' title='bbox 698 810 797 867; x_wconf 85' lang='lat' dir='ltr'><strong>Dei</strong></span> <span class='ocrx_word' id='word_1_43' title='bbox 830 811 1021 884; x_wconf 82' lang='lat' dir='ltr'><strong>potius</strong></span> <span class='ocrx_word' id='word_1_44' title='bbox 1048 810 1357 866; x_wconf 79' lang='lat' dir='ltr'><strong>ineﬂ&#39;abilis</strong></span> <span class='ocrx_word' id='word_1_45' title='bbox 1396 808 1704 865; x_wconf 85' lang='lat' dir='ltr'><strong>clementia</strong></span> <span class='ocrx_word' id='word_1_46' title='bbox 1740 825 1838 863; x_wconf 88' lang='lat' dir='ltr'><strong>su-</strong></span> 
     </span>
    </p>
   </div>
   <div class='ocr_carea' id='block_1_9' title="bbox 189 897 1841 975">
    <p class='ocr_par' dir='ltr' id='par_1_9' title="bbox 189 897 1841 975">
     <span class='ocr_line' id='line_1_9' title="bbox 189 897 1841 975; baseline -0.003 -18"><span class='ocrx_word' id='word_1_47' title='bbox 189 902 492 975; x_wconf 89' lang='lat' dir='ltr'><strong>spicienda</strong></span> <span class='ocrx_word' id='word_1_48' title='bbox 519 901 733 973; x_wconf 86' lang='lat' dir='ltr'><strong>pieque</strong></span> <span class='ocrx_word' id='word_1_49' title='bbox 764 900 1061 955; x_wconf 88' lang='lat' dir='ltr'><strong>laudanda</strong></span> <span class='ocrx_word' id='word_1_50' title='bbox 1089 904 1341 972; x_wconf 73' lang='lat' dir='ltr'><strong>est,qua3</strong></span> <span class='ocrx_word' id='word_1_51' title='bbox 1366 916 1473 954; x_wconf 91' lang='lat' dir='ltr'><strong>nos</strong></span> <span class='ocrx_word' id='word_1_52' title='bbox 1504 915 1609 953; x_wconf 88' lang='lat' dir='ltr'><strong>nec</strong></span> <span class='ocrx_word' id='word_1_53' title='bbox 1640 897 1841 969; x_wconf 89' lang='lat' dir='ltr'><strong>inipsa</strong></span> 
     </span>
    </p>
   </div>
   <div class='ocr_carea' id='block_1_10' title="bbox 190 988 1838 1062">
    <p class='ocr_par' dir='ltr' id='par_1_10' title="bbox 190 988 1838 1062">
     <span class='ocr_line' id='line_1_10' title="bbox 190 988 1838 1062; baseline -0.003 -16"><span class='ocrx_word' id='word_1_54' title='bbox 190 990 274 1046; x_wconf 89' lang='lat' dir='ltr'><strong>ira</strong></span> <span class='ocrx_word' id='word_1_55' title='bbox 303 990 544 1062; x_wconf 80' lang='lat' dir='ltr'><strong>deserit,</strong></span> <span class='ocrx_word' id='word_1_56' title='bbox 577 994 634 1045; x_wconf 91' lang='lat' dir='ltr'><strong>et</strong></span> <span class='ocrx_word' id='word_1_57' title='bbox 653 989 849 1045; x_wconf 81' lang='lat' dir='ltr'><strong>tristia</strong></span> <span class='ocrx_word' id='word_1_58' title='bbox 879 989 1111 1045; x_wconf 81' lang='lat' dir='ltr'><strong>blandis</strong></span> <span class='ocrx_word' id='word_1_59' title='bbox 1142 988 1486 1061; x_wconf 87' lang='lat' dir='ltr'><strong>plerumque</strong></span> <span class='ocrx_word' id='word_1_60' title='bbox 1530 989 1838 1058; x_wconf 89' lang='lat' dir='ltr'><strong>temperat,</strong></span> 
     </span>
    </p>
   </div>
   <div class='ocr_carea' id='block_1_11' title="bbox 192 1076 1841 1150">
    <p class='ocr_par' dir='ltr' id='par_1_11' title="bbox 192 1076 1841 1150">
     <span class='ocr_line' id='line_1_11' title="bbox 192 1076 1841 1150; baseline -0.004 -14"><span class='ocrx_word' id='word_1_61' title='bbox 192 1097 262 1136; x_wconf 94' lang='lat' dir='ltr'><strong>ne</strong></span> <span class='ocrx_word' id='word_1_62' title='bbox 288 1096 541 1135; x_wconf 77' lang='lat' dir='ltr'><strong>mmrore</strong></span> <span class='ocrx_word' id='word_1_63' title='bbox 568 1078 725 1145; x_wconf 86' lang='lat' dir='ltr'><strong>victi,</strong></span> <span class='ocrx_word' id='word_1_64' title='bbox 756 1078 815 1133; x_wconf 88' lang='lat' dir='ltr'><strong>in</strong></span> <span class='ocrx_word' id='word_1_65' title='bbox 860 1078 1282 1150; x_wconf 82' lang='lat' dir='ltr'><strong>desperationis</strong></span> <span class='ocrx_word' id='word_1_66' title='bbox 1322 1076 1664 1133; x_wconf 82' lang='lat' dir='ltr'><strong>barathrum</strong></span> <span class='ocrx_word' id='word_1_67' title='bbox 1713 1092 1841 1130; x_wconf 83' lang='lat' dir='ltr'><strong>cor-</strong></span> 
     </span>
    </p>
   </div>
   <div class='ocr_carea' id='block_1_12' title="bbox 194 1165 1840 1239">
    <p class='ocr_par' dir='ltr' id='par_1_12' title="bbox 194 1165 1840 1239">
     <span class='ocr_line' id='line_1_12' title="bbox 194 1165 1840 1239; baseline -0.004 -15"><span class='ocrx_word' id='word_1_68' title='bbox 194 1184 461 1224; x_wconf 88' lang='lat' dir='ltr'><strong>ruamus.</strong></span> <span class='ocrx_word' id='word_1_69' title='bbox 489 1166 655 1223; x_wconf 88' lang='lat' dir='ltr'><strong>Unde</strong></span> <span class='ocrx_word' id='word_1_70' title='bbox 680 1166 971 1239; x_wconf 86' lang='lat' dir='ltr'><strong>culpanda</strong></span> <span class='ocrx_word' id='word_1_71' title='bbox 1000 1166 1390 1238; x_wconf 86' lang='lat' dir='ltr'><strong>quorumdam</strong></span> <span class='ocrx_word' id='word_1_72' title='bbox 1420 1165 1840 1229; x_wconf 86' lang='lat' dir='ltr'><strong>temeritasest,</strong></span> 
     </span>
    </p>
   </div>
   <div class='ocr_carea' id='block_1_13' title="bbox 196 1252 1840 1330">
    <p class='ocr_par' dir='ltr' id='par_1_13' title="bbox 196 1252 1840 1330">
     <span class='ocr_line' id='line_1_13' title="bbox 196 1252 1840 1330; baseline -0.004 -18"><span class='ocrx_word' id='word_1_73' title='bbox 196 1257 295 1329; x_wconf 87' lang='lat' dir='ltr'><strong>qui</strong></span> <span class='ocrx_word' id='word_1_74' title='bbox 345 1256 551 1330; x_wconf 62' lang='lat' dir='ltr'><strong>gratia</strong></span> <span class='ocrx_word' id='word_1_75' title='bbox 597 1255 807 1312; x_wconf 68' lang='lat' dir='ltr'><strong>divinae</strong></span> <span class='ocrx_word' id='word_1_76' title='bbox 859 1255 1152 1311; x_wconf 87' lang='lat' dir='ltr'><strong>continuis</strong></span> <span class='ocrx_word' id='word_1_77' title='bbox 1182 1254 1489 1310; x_wconf 81' lang='lat' dir='ltr'><strong>assuefacti</strong></span> <span class='ocrx_word' id='word_1_78' title='bbox 1522 1252 1840 1317; x_wconf 76' lang='lat' dir='ltr'><strong>beneficiis,</strong></span> 
     </span>
    </p>
   </div>
   <div class='ocr_carea' id='block_1_14' title="bbox 196 1343 1845 1418">
    <p class='ocr_par' dir='ltr' id='par_1_14' title="bbox 196 1343 1845 1418">
     <span class='ocr_line' id='line_1_14' title="bbox 196 1343 1845 1418; baseline -0.003 -17"><span class='ocrx_word' id='word_1_79' title='bbox 196 1347 336 1405; x_wconf 85' lang='lat' dir='ltr'><strong>dum</strong></span> <span class='ocrx_word' id='word_1_80' title='bbox 367 1345 675 1417; x_wconf 88' lang='lat' dir='ltr'><strong>aliquibus</strong></span> <span class='ocrx_word' id='word_1_81' title='bbox 692 1349 1015 1418; x_wconf 88' lang='lat' dir='ltr'><strong>tanguntur</strong></span> <span class='ocrx_word' id='word_1_82' title='bbox 1036 1343 1447 1409; x_wconf 87' lang='lat' dir='ltr'><strong>incommodis,</strong></span> <span class='ocrx_word' id='word_1_83' title='bbox 1465 1347 1845 1415; x_wconf 87' lang='lat' dir='ltr'><strong>peccataque-</strong></span> 
     </span>
    </p>
   </div>
   <div class='ocr_carea' id='block_1_15' title="bbox 198 1430 1847 1507">
    <p class='ocr_par' dir='ltr' id='par_1_15' title="bbox 198 1430 1847 1507">
     <span class='ocr_line' id='line_1_15' title="bbox 198 1430 1847 1507; baseline -0.005 -16"><span class='ocrx_word' id='word_1_84' title='bbox 198 1433 332 1491; x_wconf 86' lang='lat' dir='ltr'><strong>relis</strong></span> <span class='ocrx_word' id='word_1_85' title='bbox 360 1438 869 1507; x_wconf 86' lang='lat' dir='ltr'><strong>augent,quorum</strong></span> <span class='ocrx_word' id='word_1_86' title='bbox 900 1431 1097 1488; x_wconf 84' lang='lat' dir='ltr'><strong>debita</strong></span> <span class='ocrx_word' id='word_1_87' title='bbox 1124 1448 1229 1487; x_wconf 91' lang='lat' dir='ltr'><strong>nec</strong></span> <span class='ocrx_word' id='word_1_88' title='bbox 1261 1430 1544 1487; x_wconf 82' lang='lat' dir='ltr'><strong>admoniti</strong></span> <span class='ocrx_word' id='word_1_89' title='bbox 1575 1445 1847 1502; x_wconf 88' lang='lat' dir='ltr'><strong>recogno-</strong></span> 
     </span>
    </p>
   </div>
   <div class='ocr_carea' id='block_1_16' title="bbox 197 1519 1844 1579">
    <p class='ocr_par' dir='ltr' id='par_1_16' title="bbox 197 1519 1844 1579">
     <span class='ocr_line' id='line_1_16' title="bbox 197 1519 1844 1579; baseline -0.004 -1"><span class='ocrx_word' id='word_1_90' title='bbox 197 1540 354 1579; x_wconf 83' lang='lat' dir='ltr'><strong>scere</strong></span> <span class='ocrx_word' id='word_1_91' title='bbox 407 1521 755 1577; x_wconf 90' lang='lat' dir='ltr'><strong>debuerunt.</strong></span> <span class='ocrx_word' id='word_1_92' title='bbox 792 1519 1078 1577; x_wconf 87' lang='lat' dir='ltr'><strong>Credibile</strong></span> <span class='ocrx_word' id='word_1_93' title='bbox 1124 1526 1318 1576; x_wconf 89' lang='lat' dir='ltr'><strong>tamen</strong></span> <span class='ocrx_word' id='word_1_94' title='bbox 1365 1524 1453 1575; x_wconf 90' lang='lat' dir='ltr'><strong>est</strong></span> <span class='ocrx_word' id='word_1_95' title='bbox 1500 1520 1559 1574; x_wconf 90' lang='lat' dir='ltr'><strong>in</strong></span> <span class='ocrx_word' id='word_1_96' title='bbox 1600 1533 1844 1573; x_wconf 90' lang='lat' dir='ltr'><strong>numero</strong></span> 
     </span>
    </p>
   </div>
   <div class='ocr_carea' id='block_1_17' title="bbox 197 1608 1848 1683">
    <p class='ocr_par' dir='ltr' id='par_1_17' title="bbox 197 1608 1848 1683">
     <span class='ocr_line' id='line_1_17' title="bbox 197 1608 1848 1683; baseline -0.004 -15"><span class='ocrx_word' id='word_1_97' title='bbox 197 1612 469 1669; x_wconf 80' lang='lat' dir='ltr'><strong>ﬁdelium</strong></span> <span class='ocrx_word' id='word_1_98' title='bbox 501 1610 730 1683; x_wconf 89' lang='lat' dir='ltr'><strong>aliquos</strong></span> <span class='ocrx_word' id='word_1_99' title='bbox 766 1626 893 1666; x_wconf 91' lang='lat' dir='ltr'><strong>esse</strong></span> <span class='ocrx_word' id='word_1_100' title='bbox 922 1610 1442 1682; x_wconf 88' lang='lat' dir='ltr'><strong>sanctitate,quam</strong></span> <span class='ocrx_word' id='word_1_101' title='bbox 1466 1608 1746 1663; x_wconf 89' lang='lat' dir='ltr'><strong>divinitus</strong></span> <span class='ocrx_word' id='word_1_102' title='bbox 1759 1622 1848 1662; x_wconf 53' lang='lat' dir='ltr'><strong>ac.</strong></span> 
     </span>
    </p>
   </div>
   <div class='ocr_carea' id='block_1_18' title="bbox 196 1697 1847 1773">
    <p class='ocr_par' dir='ltr' id='par_1_18' title="bbox 196 1697 1847 1773">
     <span class='ocr_line' id='line_1_18' title="bbox 196 1697 1847 1773; baseline -0.004 -16"><span class='ocrx_word' id='word_1_103' title='bbox 196 1704 500 1773; x_wconf 84' lang='lat' dir='ltr'><strong>ceperunt,</strong></span> <span class='ocrx_word' id='word_1_104' title='bbox 524 1700 809 1773; x_wconf 87' lang='lat' dir='ltr'><strong>egregios,</strong></span> <span class='ocrx_word' id='word_1_105' title='bbox 836 1715 1087 1772; x_wconf 89' lang='lat' dir='ltr'><strong>quorum</strong></span> <span class='ocrx_word' id='word_1_106' title='bbox 1109 1715 1225 1754; x_wconf 87' lang='lat' dir='ltr'><strong>non</strong></span> <span class='ocrx_word' id='word_1_107' title='bbox 1256 1702 1375 1753; x_wconf 89' lang='lat' dir='ltr'><strong>tam</strong></span> <span class='ocrx_word' id='word_1_108' title='bbox 1408 1697 1617 1753; x_wconf 89' lang='lat' dir='ltr'><strong>delicta</strong></span> <span class='ocrx_word' id='word_1_109' title='bbox 1646 1712 1847 1752; x_wconf 89' lang='lat' dir='ltr'><strong>curen-</strong></span> 
     </span>
    </p>
   </div>
   <div class='ocr_carea' id='block_1_19' title="bbox 200 1784 1846 1861">
    <p class='ocr_par' dir='ltr' id='par_1_19' title="bbox 200 1784 1846 1861">
     <span class='ocr_line' id='line_1_19' title="bbox 200 1784 1846 1861; baseline -0.005 -14"><span class='ocrx_word' id='word_1_110' title='bbox 200 1794 298 1847; x_wconf 82' lang='lat' dir='ltr'><strong>tur</strong></span> <span class='ocrx_word' id='word_1_111' title='bbox 331 1788 595 1846; x_wconf 74' lang='lat' dir='ltr'><strong>adversis</strong></span> <span class='ocrx_word' id='word_1_112' title='bbox 623 1805 801 1861; x_wconf 89' lang='lat' dir='ltr'><strong>quam</strong></span> <span class='ocrx_word' id='word_1_113' title='bbox 834 1788 1043 1843; x_wconf 87' lang='lat' dir='ltr'><strong>merita</strong></span> <span class='ocrx_word' id='word_1_114' title='bbox 1071 1791 1416 1860; x_wconf 83' lang='lat' dir='ltr'><strong>augeantur.</strong></span> <span class='ocrx_word' id='word_1_115' title='bbox 1449 1787 1648 1858; x_wconf 87' lang='lat' dir='ltr'><strong>Neque</strong></span> <span class='ocrx_word' id='word_1_116' title='bbox 1689 1784 1846 1840; x_wconf 89' lang='lat' dir='ltr'><strong>enim</strong></span> 
     </span>
    </p>
   </div>
   <div class='ocr_carea' id='block_1_20' title="bbox 198 1874 1847 1946">
    <p class='ocr_par' dir='ltr' id='par_1_20' title="bbox 198 1874 1847 1946">
     <span class='ocr_line' id='line_1_20' title="bbox 198 1874 1847 1946; baseline -0.005 -10"><span class='ocrx_word' id='word_1_117' title='bbox 198 1878 307 1936; x_wconf 86' lang='lat' dir='ltr'><strong>soli</strong></span> <span class='ocrx_word' id='word_1_118' title='bbox 339 1879 513 1934; x_wconf 88' lang='lat' dir='ltr'><strong>beato</strong></span> <span class='ocrx_word' id='word_1_119' title='bbox 541 1878 652 1933; x_wconf 84' lang='lat' dir='ltr'><strong>Job</strong></span> <span class='ocrx_word' id='word_1_120' title='bbox 675 1878 827 1932; x_wconf 90' lang='lat' dir='ltr'><strong>Deus</strong></span> <span class='ocrx_word' id='word_1_121' title='bbox 862 1893 1083 1932; x_wconf 88' lang='lat' dir='ltr'><strong>munus</strong></span> <span class='ocrx_word' id='word_1_122' title='bbox 1113 1876 1222 1931; x_wconf 90' lang='lat' dir='ltr'><strong>hoc</strong></span> <span class='ocrx_word' id='word_1_123' title='bbox 1266 1874 1531 1942; x_wconf 89' lang='lat' dir='ltr'><strong>contulit,</strong></span> <span class='ocrx_word' id='word_1_124' title='bbox 1566 1891 1741 1946; x_wconf 84' lang='lat' dir='ltr'><strong>quem</strong></span> <span class='ocrx_word' id='word_1_125' title='bbox 1774 1874 1847 1928; x_wconf 86' lang='lat' dir='ltr'><strong>ad</strong></span> 
     </span>
    </p>
   </div>
   <div class='ocr_carea' id='block_1_21' title="bbox 199 1963 1845 2036">
    <p class='ocr_par' dir='ltr' id='par_1_21' title="bbox 199 1963 1845 2036">
     <span class='ocr_line' id='line_1_21' title="bbox 199 1963 1845 2036; baseline -0.002 -13"><span class='ocrx_word' id='word_1_126' title='bbox 199 1968 556 2023; x_wconf 86' lang='lat' dir='ltr'><strong>imitandum</strong></span> <span class='ocrx_word' id='word_1_127' title='bbox 589 1966 773 2022; x_wconf 85' lang='lat' dir='ltr'><strong>servis</strong></span> <span class='ocrx_word' id='word_1_128' title='bbox 800 1966 928 2021; x_wconf 87' lang='lat' dir='ltr'><strong>suis</strong></span> <span class='ocrx_word' id='word_1_129' title='bbox 959 1965 1016 2020; x_wconf 92' lang='lat' dir='ltr'><strong>in</strong></span> <span class='ocrx_word' id='word_1_130' title='bbox 1041 1981 1171 2021; x_wconf 88' lang='lat' dir='ltr'><strong>arce</strong></span> <span class='ocrx_word' id='word_1_131' title='bbox 1200 1965 1494 2036; x_wconf 59' lang='lat' dir='ltr'><strong>patientia</strong></span> <span class='ocrx_word' id='word_1_132' title='bbox 1526 1963 1845 2019; x_wconf 83' lang='lat' dir='ltr'><strong>collocavit.</strong></span> 
     </span>
    </p>
   </div>
   <div class='ocr_carea' id='block_1_22' title="bbox 201 2052 1850 2125">
    <p class='ocr_par' dir='ltr' id='par_1_22' title="bbox 201 2052 1850 2125">
     <span class='ocr_line' id='line_1_22' title="bbox 201 2052 1850 2125; baseline -0.002 -14"><span class='ocrx_word' id='word_1_133' title='bbox 201 2058 311 2123; x_wconf 82' lang='lat' dir='ltr'><strong>Qui</strong></span> <span class='ocrx_word' id='word_1_134' title='bbox 349 2055 490 2111; x_wconf 82' lang='lat' dir='ltr'><strong>vicit</strong></span> <span class='ocrx_word' id='word_1_135' title='bbox 526 2055 588 2110; x_wconf 89' lang='lat' dir='ltr'><strong>in</strong></span> <span class='ocrx_word' id='word_1_136' title='bbox 618 2054 740 2121; x_wconf 87' lang='lat' dir='ltr'><strong>illo,</strong></span> <span class='ocrx_word' id='word_1_137' title='bbox 770 2054 951 2110; x_wconf 88' lang='lat' dir='ltr'><strong>vincit</strong></span> <span class='ocrx_word' id='word_1_138' title='bbox 1005 2054 1067 2109; x_wconf 91' lang='lat' dir='ltr'><strong>in</strong></span> <span class='ocrx_word' id='word_1_139' title='bbox 1119 2053 1343 2119; x_wconf 90' lang='lat' dir='ltr'><strong>multis,</strong></span> <span class='ocrx_word' id='word_1_140' title='bbox 1376 2070 1509 2109; x_wconf 91' lang='lat' dir='ltr'><strong>cum</strong></span> <span class='ocrx_word' id='word_1_141' title='bbox 1541 2052 1758 2125; x_wconf 90' lang='lat' dir='ltr'><strong>quibus</strong></span> <span class='ocrx_word' id='word_1_142' title='bbox 1787 2068 1850 2107; x_wconf 91' lang='lat' dir='ltr'><strong>se</strong></span> 
     </span>
    </p>
   </div>
   <div class='ocr_carea' id='block_1_23' title="bbox 196 2142 1848 2216">
    <p class='ocr_par' dir='ltr' id='par_1_23' title="bbox 196 2142 1848 2216">
     <span class='ocr_line' id='line_1_23' title="bbox 196 2142 1848 2216; baseline -0.004 -15"><span class='ocrx_word' id='word_1_143' title='bbox 196 2146 470 2201; x_wconf 72' lang='lat' dir='ltr'><strong>futurum</strong></span> <span class='ocrx_word' id='word_1_144' title='bbox 502 2160 693 2216; x_wconf 85' lang='lat' dir='ltr'><strong>usque</strong></span> <span class='ocrx_word' id='word_1_145' title='bbox 722 2145 782 2199; x_wconf 88' lang='lat' dir='ltr'><strong>in</strong></span> <span class='ocrx_word' id='word_1_146' title='bbox 811 2144 989 2199; x_wconf 82' lang='lat' dir='ltr'><strong>ﬁnem</strong></span> <span class='ocrx_word' id='word_1_147' title='bbox 1020 2142 1218 2199; x_wconf 66' lang='lat' dir='ltr'><strong>saeculi</strong></span> <span class='ocrx_word' id='word_1_148' title='bbox 1249 2142 1574 2215; x_wconf 88' lang='lat' dir='ltr'><strong>pollicetur.</strong></span> <span class='ocrx_word' id='word_1_149' title='bbox 1604 2142 1659 2196; x_wconf 90' lang='lat' dir='ltr'><strong>Si</strong></span> <span class='ocrx_word' id='word_1_150' title='bbox 1678 2142 1848 2211; x_wconf 87' lang='lat' dir='ltr'><strong>cujus</strong></span> 
     </span>
    </p>
   </div>
   <div class='ocr_carea' id='block_1_24' title="bbox 202 2229 1849 2305">
    <p class='ocr_par' dir='ltr' id='par_1_24' title="bbox 202 2229 1849 2305">
     <span class='ocr_line' id='line_1_24' title="bbox 202 2229 1849 2305; baseline -0.004 -14"><span class='ocrx_word' id='word_1_151' title='bbox 202 2234 543 2291; x_wconf 74' lang='lat' dir='ltr'><strong>felicitatem</strong></span> <span class='ocrx_word' id='word_1_152' title='bbox 597 2231 762 2288; x_wconf 87' lang='lat' dir='ltr'><strong>nulla</strong></span> <span class='ocrx_word' id='word_1_153' title='bbox 806 2248 1069 2305; x_wconf 88' lang='lat' dir='ltr'><strong>unquam</strong></span> <span class='ocrx_word' id='word_1_154' title='bbox 1122 2232 1452 2305; x_wconf 87' lang='lat' dir='ltr'><strong>pertubatio</strong></span> <span class='ocrx_word' id='word_1_155' title='bbox 1498 2229 1849 2303; x_wconf 81' lang='lat' dir='ltr'><strong>interpellet,</strong></span> 
     </span>
    </p>
   </div>
   <div class='ocr_carea' id='block_1_25' title="bbox 202 2320 1848 2397">
    <p class='ocr_par' dir='ltr' id='par_1_25' title="bbox 202 2320 1848 2397">
     <span class='ocr_line' id='line_1_25' title="bbox 202 2320 1848 2397; baseline -0.003 -18"><span class='ocrx_word' id='word_1_156' title='bbox 202 2341 383 2397; x_wconf 85' lang='lat' dir='ltr'><strong>quam</strong></span> <span class='ocrx_word' id='word_1_157' title='bbox 417 2323 622 2379; x_wconf 86' lang='lat' dir='ltr'><strong>tardus</strong></span> <span class='ocrx_word' id='word_1_158' title='bbox 653 2326 761 2389; x_wconf 91' lang='lat' dir='ltr'><strong>est,</strong></span> <span class='ocrx_word' id='word_1_159' title='bbox 777 2321 889 2378; x_wconf 91' lang='lat' dir='ltr'><strong>nisi</strong></span> <span class='ocrx_word' id='word_1_160' title='bbox 924 2326 1144 2377; x_wconf 89' lang='lat' dir='ltr'><strong>metum</strong></span> <span class='ocrx_word' id='word_1_161' title='bbox 1158 2320 1294 2376; x_wconf 89' lang='lat' dir='ltr'><strong>hinc</strong></span> <span class='ocrx_word' id='word_1_162' title='bbox 1324 2321 1696 2393; x_wconf 90' lang='lat' dir='ltr'><strong>concipiatne</strong></span> <span class='ocrx_word' id='word_1_163' title='bbox 1713 2335 1848 2375; x_wconf 89' lang='lat' dir='ltr'><strong>cum</strong></span> 
     </span>
    </p>
   </div>
   <div class='ocr_carea' id='block_1_26' title="bbox 203 2410 1851 2487">
    <p class='ocr_par' dir='ltr' id='par_1_26' title="bbox 203 2410 1851 2487">
     <span class='ocr_line' id='line_1_26' title="bbox 203 2410 1851 2487; baseline -0.004 -18"><span class='ocrx_word' id='word_1_164' title='bbox 203 2416 529 2487; x_wconf 87' lang='lat' dir='ltr'><strong>purpurato</strong></span> <span class='ocrx_word' id='word_1_165' title='bbox 558 2410 734 2467; x_wconf 83' lang='lat' dir='ltr'><strong>divite</strong></span> <span class='ocrx_word' id='word_1_166' title='bbox 765 2411 1064 2483; x_wconf 89' lang='lat' dir='ltr'><strong>quondam</strong></span> <span class='ocrx_word' id='word_1_167' title='bbox 1092 2410 1325 2466; x_wconf 84' lang='lat' dir='ltr'><strong>audiat:</strong></span> <span class='ocrx_word' id='word_1_168' title='bbox 1361 2412 1628 2481; x_wconf 81' lang='lat' dir='ltr'><strong>Recepisti</strong></span> <span class='ocrx_word' id='word_1_169' title='bbox 1640 2411 1851 2465; x_wconf 80' lang='lat' dir='ltr'><strong>bonain</strong></span> 
     </span>
    </p>
   </div>
   <div class='ocr_carea' id='block_1_27' title="bbox 200 2497 1851 2574">
    <p class='ocr_par' dir='ltr' id='par_1_27' title="bbox 200 2497 1851 2574">
     <span class='ocr_line' id='line_1_27' title="bbox 200 2497 1851 2574; baseline -0.005 -15"><span class='ocrx_word' id='word_1_170' title='bbox 200 2505 316 2559; x_wconf 81' lang='lat' dir='ltr'><strong>vita</strong></span> <span class='ocrx_word' id='word_1_171' title='bbox 344 2511 441 2557; x_wconf 85' lang='lat' dir='ltr'><strong>tua</strong></span> <span class='ocrx_word' id='word_1_172' title='bbox 470 2502 621 2574; x_wconf 62' lang='lat' dir='ltr'><strong>(«Lua</strong></span> <span class='ocrx_word' id='word_1_173' title='bbox 652 2499 767 2570; x_wconf 74' lang='lat' dir='ltr'><strong>xvn)</strong></span> <span class='ocrx_word' id='word_1_174' title='bbox 801 2501 871 2555; x_wconf 86' lang='lat' dir='ltr'><strong>Et</strong></span> <span class='ocrx_word' id='word_1_175' title='bbox 902 2500 1194 2572; x_wconf 90' lang='lat' dir='ltr'><strong>quomodo</strong></span> <span class='ocrx_word' id='word_1_176' title='bbox 1224 2515 1341 2554; x_wconf 87' lang='lat' dir='ltr'><strong>non</strong></span> <span class='ocrx_word' id='word_1_177' title='bbox 1389 2515 1523 2554; x_wconf 92' lang='lat' dir='ltr'><strong>eum</strong></span> <span class='ocrx_word' id='word_1_178' title='bbox 1573 2497 1675 2553; x_wconf 87' lang='lat' dir='ltr'><strong>illa</strong></span> <span class='ocrx_word' id='word_1_179' title='bbox 1701 2498 1851 2553; x_wconf 90' lang='lat' dir='ltr'><strong>veri-</strong></span> 
     </span>
    </p>
   </div>
   <div class='ocr_carea' id='block_1_28' title="bbox 201 2588 1849 2656">
    <p class='ocr_par' dir='ltr' id='par_1_28' title="bbox 201 2588 1849 2656">
     <span class='ocr_line' id='line_1_28' title="bbox 201 2588 1849 2656; baseline -0.003 -9"><span class='ocrx_word' id='word_1_180' title='bbox 201 2591 363 2647; x_wconf 85' lang='lat' dir='ltr'><strong>dicat</strong></span> <span class='ocrx_word' id='word_1_181' title='bbox 393 2593 609 2645; x_wconf 86' lang='lat' dir='ltr'><strong>terreat</strong></span> <span class='ocrx_word' id='word_1_182' title='bbox 638 2589 930 2645; x_wconf 88' lang='lat' dir='ltr'><strong>sententia</strong></span> <span class='ocrx_word' id='word_1_183' title='bbox 960 2605 974 2643; x_wconf 87' lang='lat'><strong>:</strong></span> <span class='ocrx_word' id='word_1_184' title='bbox 1007 2590 1220 2644; x_wconf 82' lang='lat' dir='ltr'><strong>Ducunt</strong></span> <span class='ocrx_word' id='word_1_185' title='bbox 1249 2590 1308 2643; x_wconf 85' lang='lat' dir='ltr'><strong>in</strong></span> <span class='ocrx_word' id='word_1_186' title='bbox 1345 2590 1499 2643; x_wconf 84' lang='lat' dir='ltr'><strong>bonis</strong></span> <span class='ocrx_word' id='word_1_187' title='bbox 1544 2588 1660 2643; x_wconf 81' lang='lat' dir='ltr'><strong>dies</strong></span> <span class='ocrx_word' id='word_1_188' title='bbox 1702 2604 1849 2656; x_wconf 88' lang='lat' dir='ltr'><strong>suos,</strong></span> 
     </span>
    </p>
   </div>
   <div class='ocr_carea' id='block_1_29' title="bbox 199 2676 1852 2752">
    <p class='ocr_par' dir='ltr' id='par_1_29' title="bbox 199 2676 1852 2752">
     <span class='ocr_line' id='line_1_29' title="bbox 199 2676 1852 2752; baseline -0.004 -14"><span class='ocrx_word' id='word_1_189' title='bbox 199 2690 254 2738; x_wconf 79' lang='lat' dir='ltr'><strong>et</strong></span> <span class='ocrx_word' id='word_1_190' title='bbox 280 2683 342 2736; x_wconf 83' lang='lat' dir='ltr'><strong>in</strong></span> <span class='ocrx_word' id='word_1_191' title='bbox 371 2686 568 2752; x_wconf 76' lang='lat' dir='ltr'><strong>puncto</strong></span> <span class='ocrx_word' id='word_1_192' title='bbox 595 2678 667 2734; x_wconf 83' lang='lat' dir='ltr'><strong>ad</strong></span> <span class='ocrx_word' id='word_1_193' title='bbox 695 2679 919 2749; x_wconf 80' lang='lat' dir='ltr'><strong>inferna</strong></span> <span class='ocrx_word' id='word_1_194' title='bbox 944 2677 1278 2735; x_wconf 82' lang='lat' dir='ltr'><strong>descendunt</strong></span> <span class='ocrx_word' id='word_1_195' title='bbox 1307 2678 1422 2749; x_wconf 86' lang='lat' dir='ltr'><strong>(Job</strong></span> <span class='ocrx_word' id='word_1_196' title='bbox 1447 2678 1584 2744; x_wconf 65' lang='grc' dir='ltr'>χχι).</span> <span class='ocrx_word' id='word_1_197' title='bbox 1601 2676 1700 2732; x_wconf 92' lang='lat' dir='ltr'><strong>Ille</strong></span> <span class='ocrx_word' id='word_1_198' title='bbox 1719 2693 1852 2731; x_wconf 88' lang='lat' dir='ltr'><strong>vero</strong></span> 
     </span>
    </p>
   </div>
   <div class='ocr_carea' id='block_1_30' title="bbox 204 2766 1856 2843">
    <p class='ocr_par' dir='ltr' id='par_1_30' title="bbox 204 2766 1856 2843">
     <span class='ocr_line' id='line_1_30' title="bbox 204 2766 1856 2843; baseline -0.002 -18"><span class='ocrx_word' id='word_1_199' title='bbox 204 2770 315 2843; x_wconf 88' lang='lat' dir='ltr'><strong>qui</strong></span> <span class='ocrx_word' id='word_1_200' title='bbox 345 2767 505 2841; x_wconf 82' lang='lat' dir='ltr'><strong>vigili</strong></span> <span class='ocrx_word' id='word_1_201' title='bbox 532 2767 817 2823; x_wconf 86' lang='lat' dir='ltr'><strong>memoria</strong></span> <span class='ocrx_word' id='word_1_202' title='bbox 843 2770 1086 2839; x_wconf 89' lang='lat' dir='ltr'><strong>repetat,</strong></span> <span class='ocrx_word' id='word_1_203' title='bbox 1109 2767 1265 2823; x_wconf 68' lang='grc'><strong>142</strong></span> <span class='ocrx_word' id='word_1_204' title='bbox 1294 2766 1557 2838; x_wconf 83' lang='lat' dir='ltr'><strong>Flagellat</strong></span> <span class='ocrx_word' id='word_1_205' title='bbox 1588 2770 1732 2822; x_wconf 87' lang='lat' dir='ltr'><strong>Deus</strong></span> <span class='ocrx_word' id='word_1_206' title='bbox 1746 2782 1856 2821; x_wconf 90' lang='lat' dir='ltr'><strong>om-</strong></span> 
     </span>
    </p>
   </div>
   <div class='ocr_carea' id='block_1_31' title="bbox 200 2854 1854 2930">
    <p class='ocr_par' dir='ltr' id='par_1_31' title="bbox 200 2854 1854 2930">
     <span class='ocr_line' id='line_1_31' title="bbox 200 2854 1854 2930; baseline -0.005 -13"><span class='ocrx_word' id='word_1_207' title='bbox 200 2877 337 2917; x_wconf 75' lang='lat' dir='ltr'><strong>nem</strong></span> <span class='ocrx_word' id='word_1_208' title='bbox 380 2860 565 2930; x_wconf 77' lang='lat' dir='ltr'><strong>ﬁlium</strong></span> <span class='ocrx_word' id='word_1_209' title='bbox 595 2873 753 2930; x_wconf 82' lang='lat' dir='ltr'><strong>quem</strong></span> <span class='ocrx_word' id='word_1_210' title='bbox 786 2858 982 2928; x_wconf 80' lang='lat' dir='ltr'><strong>recipit</strong></span> <span class='ocrx_word' id='word_1_211' title='bbox 1005 2856 1152 2929; x_wconf 82' lang='lat' dir='ltr'><strong>(Heb.</strong></span> <span class='ocrx_word' id='word_1_212' title='bbox 1184 2856 1305 2927; x_wconf 79' lang='lat' dir='ltr'><strong>xu),</strong></span> <span class='ocrx_word' id='word_1_213' title='bbox 1339 2854 1388 2911; x_wconf 90' lang='lat' dir='ltr'><strong>si</strong></span> <span class='ocrx_word' id='word_1_214' title='bbox 1421 2854 1625 2910; x_wconf 91' lang='lat' dir='ltr'><strong>morbo</strong></span> <span class='ocrx_word' id='word_1_215' title='bbox 1654 2871 1854 2927; x_wconf 88' lang='lat' dir='ltr'><strong>grave-</strong></span> 
     </span>
    </p>
   </div>
   <div class='ocr_carea' id='block_1_32' title="bbox 206 2943 1856 3018">
    <p class='ocr_par' dir='ltr' id='par_1_32' title="bbox 206 2943 1856 3018">
     <span class='ocr_line' id='line_1_32' title="bbox 206 2943 1856 3018; baseline -0.003 -14"><span class='ocrx_word' id='word_1_216' title='bbox 206 2953 328 3018; x_wconf 86' lang='lat' dir='ltr'><strong>tur,</strong></span> <span class='ocrx_word' id='word_1_217' title='bbox 369 2962 613 3003; x_wconf 75' lang='lat' dir='ltr'><strong>excessu</strong></span> <span class='ocrx_word' id='word_1_218' title='bbox 663 2945 1155 3002; x_wconf 85' lang='lat' dir='ltr'><strong>necessitudinem</strong></span> <span class='ocrx_word' id='word_1_219' title='bbox 1192 2948 1468 3011; x_wconf 89' lang='lat' dir='ltr'><strong>tentetur,</strong></span> <span class='ocrx_word' id='word_1_220' title='bbox 1511 2943 1856 2999; x_wconf 63' lang='lat' dir='ltr'><strong>substantias</strong></span> 
     </span>
    </p>
   </div>
   <div class='ocr_carea' id='block_1_33' title="bbox 208 3033 1856 3106">
    <p class='ocr_par' dir='ltr' id='par_1_33' title="bbox 208 3033 1856 3106">
     <span class='ocr_line' id='line_1_33' title="bbox 208 3033 1856 3106; baseline -0.004 -13"><span class='ocrx_word' id='word_1_221' title='bbox 208 3036 631 3093; x_wconf 86' lang='lat' dir='ltr'><strong>imminutione</strong></span> <span class='ocrx_word' id='word_1_222' title='bbox 654 3034 742 3090; x_wconf 86' lang='lat' dir='ltr'><strong>vel</strong></span> <span class='ocrx_word' id='word_1_223' title='bbox 774 3034 1090 3090; x_wconf 87' lang='lat' dir='ltr'><strong>amissione</strong></span> <span class='ocrx_word' id='word_1_224' title='bbox 1118 3033 1405 3106; x_wconf 88' lang='lat' dir='ltr'><strong>pulsetur,</strong></span> <span class='ocrx_word' id='word_1_225' title='bbox 1425 3033 1718 3105; x_wconf 91' lang='lat' dir='ltr'><strong>quomodo</strong></span> <span class='ocrx_word' id='word_1_226' title='bbox 1740 3049 1856 3088; x_wconf 93' lang='lat' dir='ltr'><strong>non</strong></span> 
     </span>
    </p>
   </div>
   <div class='ocr_carea' id='block_1_34' title="bbox 209 3120 1854 3198">
    <p class='ocr_par' dir='ltr' id='par_1_34' title="bbox 209 3120 1854 3198">
     <span class='ocr_line' id='line_1_34' title="bbox 209 3120 1854 3198; baseline -0.004 -16"><span class='ocrx_word' id='word_1_227' title='bbox 209 3127 283 3183; x_wconf 87' lang='lat' dir='ltr'><strong>ad</strong></span> <span class='ocrx_word' id='word_1_228' title='bbox 334 3126 607 3181; x_wconf 75' lang='lat' dir='ltr'><strong>affectum</strong></span> <span class='ocrx_word' id='word_1_229' title='bbox 654 3123 874 3198; x_wconf 81' lang='lat' dir='ltr'><strong>gratias</strong></span> <span class='ocrx_word' id='word_1_230' title='bbox 929 3123 1141 3197; x_wconf 83' lang='lat' dir='ltr'><strong>agendi</strong></span> <span class='ocrx_word' id='word_1_231' title='bbox 1173 3122 1265 3193; x_wconf 89' lang='lat' dir='ltr'><strong>pio</strong></span> <span class='ocrx_word' id='word_1_232' title='bbox 1295 3121 1521 3193; x_wconf 90' lang='lat' dir='ltr'><strong>parenti</strong></span> <span class='ocrx_word' id='word_1_233' title='bbox 1553 3120 1854 3188; x_wconf 84' lang='lat' dir='ltr'><strong>excitetur,</strong></span> 
     </span>
    </p>
   </div>
   <div class='ocr_carea' id='block_1_35' title="bbox 206 3190 1933 3287">
    <p class='ocr_par' dir='ltr' id='par_1_35' title="bbox 206 3190 1933 3287">
     <span class='ocr_line' id='line_1_35' title="bbox 206 3190 1933 3287; baseline -0.009 -15"><span class='ocrx_word' id='word_1_234' title='bbox 206 3217 384 3287; x_wconf 87' lang='lat' dir='ltr'><strong>cujus</strong></span> <span class='ocrx_word' id='word_1_235' title='bbox 416 3231 557 3269; x_wconf 89' lang='lat' dir='ltr'><strong>cura</strong></span> <span class='ocrx_word' id='word_1_236' title='bbox 584 3190 922 3285; x_wconf 46' lang='lat' dir='ltr'><strong>sevdignum</strong></span> <span class='ocrx_word' id='word_1_237' title='bbox 964 3190 1348 3283; x_wconf 69' lang='lat' dir='ltr'><strong>correptionis</strong></span> <span class='ocrx_word' id='word_1_238' title='bbox 1378 3209 1698 3283; x_wconf 89' lang='lat' dir='ltr'><strong>privilegio,</strong></span> <span class='ocrx_word' id='word_1_239' title='bbox 1731 3210 1858 3283; x_wconf 90' lang='lat' dir='ltr'><strong>ipso</strong></span> <span class='ocrx_word' id='word_1_240' title='bbox 1890 3190 1933 3256; x_wconf 87' lang='lat' dir='ltr'><strong>C</strong></span> 
     </span>
    </p>
   </div>
   <div class='ocr_carea' id='block_1_36' title="bbox 208 3298 1859 3373">
    <p class='ocr_par' dir='ltr' id='par_1_36' title="bbox 208 3298 1859 3373">
     <span class='ocr_line' id='line_1_36' title="bbox 208 3298 1859 3373; baseline -0.004 -14"><span class='ocrx_word' id='word_1_241' title='bbox 208 3303 578 3367; x_wconf 86' lang='lat' dir='ltr'><strong>instituente,</strong></span> <span class='ocrx_word' id='word_1_242' title='bbox 598 3299 937 3373; x_wconf 60' lang='lat' dir='ltr'><strong>praesumit?</strong></span> <span class='ocrx_word' id='word_1_243' title='bbox 954 3300 1182 3355; x_wconf 63' lang='lat' dir='ltr'><strong>Futurae</strong></span> <span class='ocrx_word' id='word_1_244' title='bbox 1210 3299 1339 3354; x_wconf 66' lang='lat' dir='ltr'><strong>vitae</strong></span> <span class='ocrx_word' id='word_1_245' title='bbox 1362 3298 1607 3354; x_wconf 92' lang='lat' dir='ltr'><strong>dulcedo</strong></span> <span class='ocrx_word' id='word_1_246' title='bbox 1618 3298 1859 3371; x_wconf 88' lang='lat' dir='ltr'><strong>segnius</strong></span> 
     </span>
    </p>
   </div>
   <div class='ocr_carea' id='block_1_37' title="bbox 196 3387 1861 3465">
    <p class='ocr_par' dir='ltr' id='par_1_37' title="bbox 196 3387 1861 3465">
     <span class='ocr_line' id='line_1_37' title="bbox 196 3387 1861 3465; baseline -0.004 -17"><span class='ocrx_word' id='word_1_247' title='bbox 196 3395 607 3465; x_wconf 66' lang='lat' dir='ltr'><strong>appeteretur,</strong></span> <span class='ocrx_word' id='word_1_248' title='bbox 624 3388 736 3444; x_wconf 89' lang='lat' dir='ltr'><strong>nisi</strong></span> <span class='ocrx_word' id='word_1_249' title='bbox 768 3387 981 3460; x_wconf 65' lang='lat' dir='ltr'><strong>saepius</strong></span> <span class='ocrx_word' id='word_1_250' title='bbox 1003 3387 1307 3460; x_wconf 66' lang='lat' dir='ltr'><strong>praesentis</strong></span> <span class='ocrx_word' id='word_1_251' title='bbox 1337 3387 1668 3443; x_wconf 77' lang='lat' dir='ltr'><strong>amaritudo</strong></span> <span class='ocrx_word' id='word_1_252' title='bbox 1685 3388 1861 3442; x_wconf 89' lang='lat' dir='ltr'><strong>senti-</strong></span> 
     </span>
    </p>
   </div>
   <div class='ocr_carea' id='block_1_38' title="bbox 204 3475 1857 3549">
    <p class='ocr_par' dir='ltr' id='par_1_38' title="bbox 204 3475 1857 3549">
     <span class='ocr_line' id='line_1_38' title="bbox 204 3475 1857 3549; baseline -0.004 -12"><span class='ocrx_word' id='word_1_253' title='bbox 204 3487 391 3537; x_wconf 82' lang='lat' dir='ltr'><strong>retur.</strong></span> <span class='ocrx_word' id='word_1_254' title='bbox 430 3478 601 3535; x_wconf 85' lang='lat' dir='ltr'><strong>Multi</strong></span> <span class='ocrx_word' id='word_1_255' title='bbox 633 3478 762 3545; x_wconf 86' lang='lat' dir='ltr'><strong>bas,</strong></span> <span class='ocrx_word' id='word_1_256' title='bbox 796 3477 988 3549; x_wconf 89' lang='lat' dir='ltr'><strong>qualis</strong></span> <span class='ocrx_word' id='word_1_257' title='bbox 1020 3481 1126 3545; x_wconf 89' lang='lat' dir='ltr'><strong>est,</strong></span> <span class='ocrx_word' id='word_1_258' title='bbox 1151 3476 1532 3532; x_wconf 88' lang='lat' dir='ltr'><strong>delectantur.</strong></span> <span class='ocrx_word' id='word_1_259' title='bbox 1567 3475 1857 3534; x_wconf 88' lang='lat' dir='ltr'><strong>Nimirum</strong></span> 
     </span>
    </p>
   </div>
   <div class='ocr_carea' id='block_1_39' title="bbox 202 3565 1860 3642">
    <p class='ocr_par' dir='ltr' id='par_1_39' title="bbox 202 3565 1860 3642">
     <span class='ocr_line' id='line_1_39' title="bbox 202 3565 1860 3642; baseline -0.004 -16"><span class='ocrx_word' id='word_1_260' title='bbox 202 3570 405 3642; x_wconf 88' lang='lat' dir='ltr'><strong>plures</strong></span> <span class='ocrx_word' id='word_1_261' title='bbox 449 3566 897 3633; x_wconf 86' lang='lat' dir='ltr'><strong>delectarentur,</strong></span> <span class='ocrx_word' id='word_1_262' title='bbox 950 3567 999 3621; x_wconf 90' lang='lat' dir='ltr'><strong>si</strong></span> <span class='ocrx_word' id='word_1_263' title='bbox 1048 3565 1287 3621; x_wconf 89' lang='lat' dir='ltr'><strong>assidua</strong></span> <span class='ocrx_word' id='word_1_264' title='bbox 1333 3565 1690 3637; x_wconf 90' lang='lat' dir='ltr'><strong>prosperitas</strong></span> <span class='ocrx_word' id='word_1_265' title='bbox 1728 3568 1860 3619; x_wconf 87' lang='lat' dir='ltr'><strong>vota</strong></span> 
     </span>
    </p>
   </div>
   <div class='ocr_carea' id='block_1_40' title="bbox 200 3653 1858 3728">
    <p class='ocr_par' dir='ltr' id='par_1_40' title="bbox 200 3653 1858 3728">
     <span class='ocr_line' id='line_1_40' title="bbox 200 3653 1858 3728; baseline -0.004 -14"><span class='ocrx_word' id='word_1_266' title='bbox 200 3658 472 3714; x_wconf 80' lang='lat' dir='ltr'><strong>omnium</strong></span> <span class='ocrx_word' id='word_1_267' title='bbox 522 3660 884 3728; x_wconf 83' lang='lat' dir='ltr'><strong>sequeretur.</strong></span> <span class='ocrx_word' id='word_1_268' title='bbox 920 3655 1161 3711; x_wconf 88' lang='lat' dir='ltr'><strong>Proinde</strong></span> <span class='ocrx_word' id='word_1_269' title='bbox 1205 3655 1341 3726; x_wconf 89' lang='lat' dir='ltr'><strong>quis</strong></span> <span class='ocrx_word' id='word_1_270' title='bbox 1380 3671 1496 3709; x_wconf 89' lang='lat' dir='ltr'><strong>non</strong></span> <span class='ocrx_word' id='word_1_271' title='bbox 1539 3653 1735 3709; x_wconf 85' lang='lat' dir='ltr'><strong>videat</strong></span> <span class='ocrx_word' id='word_1_272' title='bbox 1763 3653 1858 3708; x_wconf 85' lang='lat' dir='ltr'><strong>in-</strong></span> 
     </span>
    </p>
   </div>
   <div class='ocr_carea' id='block_1_41' title="bbox 202 3741 1858 3821">
    <p class='ocr_par' dir='ltr' id='par_1_41' title="bbox 202 3741 1858 3821">
     <span class='ocr_line' id='line_1_41' title="bbox 202 3741 1858 3821; baseline -0.004 -17"><span class='ocrx_word' id='word_1_273' title='bbox 202 3745 611 3821; x_wconf 65' lang='lat' dir='ltr'><strong>comprehensi</strong></span> <span class='ocrx_word' id='word_1_274' title='bbox 620 3744 721 3800; x_wconf 84' lang='lat' dir='ltr'><strong>bili</strong></span> <span class='ocrx_word' id='word_1_275' title='bbox 744 3744 845 3801; x_wconf 89' lang='lat' dir='ltr'><strong>Dei</strong></span> <span class='ocrx_word' id='word_1_276' title='bbox 862 3744 1079 3817; x_wconf 89' lang='lat' dir='ltr'><strong>pietate</strong></span> <span class='ocrx_word' id='word_1_277' title='bbox 1102 3761 1205 3817; x_wconf 89' lang='lat' dir='ltr'><strong>per</strong></span> <span class='ocrx_word' id='word_1_278' title='bbox 1218 3742 1524 3800; x_wconf 87' lang='lat' dir='ltr'><strong>molestam</strong></span> <span class='ocrx_word' id='word_1_279' title='bbox 1538 3741 1576 3797; x_wconf 90' lang='lat' dir='ltr'><strong>b</strong></span> <span class='ocrx_word' id='word_1_280' title='bbox 1586 3743 1641 3814; x_wconf 90' lang='lat' dir='ltr'><strong>uj</strong></span> <span class='ocrx_word' id='word_1_281' title='bbox 1651 3741 1858 3798; x_wconf 65' lang='lat' dir='ltr'><strong>navitae</strong></span> 
     </span>
    </p>
   </div>
   <div class='ocr_carea' id='block_1_42' title="bbox 204 3830 1860 3906">
    <p class='ocr_par' dir='ltr' id='par_1_42' title="bbox 204 3830 1860 3906">
     <span class='ocr_line' id='line_1_42' title="bbox 204 3830 1860 3906; baseline -0.004 -15"><span class='ocrx_word' id='word_1_282' title='bbox 204 3833 662 3895; x_wconf 80' lang='lat' dir='ltr'><strong>mutabilitatem</strong></span> <span class='ocrx_word' id='word_1_283' title='bbox 693 3832 913 3906; x_wconf 88' lang='lat' dir='ltr'><strong>impelli</strong></span> <span class='ocrx_word' id='word_1_284' title='bbox 947 3850 1053 3889; x_wconf 91' lang='lat' dir='ltr'><strong>nos</strong></span> <span class='ocrx_word' id='word_1_285' title='bbox 1085 3833 1350 3905; x_wconf 88' lang='lat' dir='ltr'><strong>quodam</strong></span> <span class='ocrx_word' id='word_1_286' title='bbox 1373 3836 1534 3887; x_wconf 90' lang='lat' dir='ltr'><strong>motu</strong></span> <span class='ocrx_word' id='word_1_287' title='bbox 1553 3830 1623 3886; x_wconf 89' lang='lat' dir='ltr'><strong>ad</strong></span> <span class='ocrx_word' id='word_1_288' title='bbox 1657 3846 1860 3902; x_wconf 88' lang='lat' dir='ltr'><strong>capes-</strong></span> 
     </span>
    </p>
   </div>
   <div class='ocr_carea' id='block_1_43' title="bbox 205 3917 1858 3991">
    <p class='ocr_par' dir='ltr' id='par_1_43' title="bbox 205 3917 1858 3991">
     <span class='ocr_line' id='line_1_43' title="bbox 205 3917 1858 3991; baseline -0.005 -10"><span class='ocrx_word' id='word_1_289' title='bbox 205 3925 450 3981; x_wconf 88' lang='lat' dir='ltr'><strong>sendam</strong></span> <span class='ocrx_word' id='word_1_290' title='bbox 480 3921 722 3980; x_wconf 88' lang='lat' dir='ltr'><strong>alterius</strong></span> <span class='ocrx_word' id='word_1_291' title='bbox 749 3922 878 3978; x_wconf 71' lang='lat' dir='ltr'><strong>vitae</strong></span> <span class='ocrx_word' id='word_1_292' title='bbox 910 3920 1471 3988; x_wconf 87' lang='lat' dir='ltr'><strong>immutabilitatem,</strong></span> <span class='ocrx_word' id='word_1_293' title='bbox 1498 3917 1719 3991; x_wconf 91' lang='lat' dir='ltr'><strong>impelli</strong></span> <span class='ocrx_word' id='word_1_294' title='bbox 1752 3935 1858 3975; x_wconf 88' lang='lat' dir='ltr'><strong>nos</strong></span> 
     </span>
    </p>
   </div>
   <div class='ocr_carea' id='block_1_44' title="bbox 206 4007 1859 4087">
    <p class='ocr_par' dir='ltr' id='par_1_44' title="bbox 206 4007 1859 4087">
     <span class='ocr_line' id='line_1_44' title="bbox 206 4007 1859 4087; baseline -0.006 -15"><span class='ocrx_word' id='word_1_295' title='bbox 206 4014 420 4087; x_wconf 72' lang='lat' dir='ltr'><strong>pietate</strong></span> <span class='ocrx_word' id='word_1_296' title='bbox 449 4029 554 4085; x_wconf 90' lang='lat' dir='ltr'><strong>per</strong></span> <span class='ocrx_word' id='word_1_297' title='bbox 591 4010 898 4068; x_wconf 86' lang='lat' dir='ltr'><strong>molestam</strong></span> <span class='ocrx_word' id='word_1_298' title='bbox 948 4010 1129 4083; x_wconf 89' lang='lat' dir='ltr'><strong>hujus</strong></span> <span class='ocrx_word' id='word_1_299' title='bbox 1178 4010 1307 4066; x_wconf 63' lang='lat' dir='ltr'><strong>vita</strong></span> <span class='ocrx_word' id='word_1_300' title='bbox 1361 4007 1859 4065; x_wconf 81' lang='lat' dir='ltr'><strong>mutabilitatem?</strong></span> 
     </span>
    </p>
   </div>
   <div class='ocr_carea' id='block_1_45' title="bbox 205 4097 1859 4172">
    <p class='ocr_par' dir='ltr' id='par_1_45' title="bbox 205 4097 1859 4172">
     <span class='ocr_line' id='line_1_45' title="bbox 205 4097 1859 4172; baseline -0.005 -13"><span class='ocrx_word' id='word_1_301' title='bbox 205 4102 495 4160; x_wconf 87' lang='lat' dir='ltr'><strong>Dominus</strong></span> <span class='ocrx_word' id='word_1_302' title='bbox 523 4101 717 4169; x_wconf 85' lang='lat' dir='ltr'><strong>Jesus,</strong></span> <span class='ocrx_word' id='word_1_303' title='bbox 752 4099 853 4172; x_wconf 90' lang='lat' dir='ltr'><strong>qui</strong></span> <span class='ocrx_word' id='word_1_304' title='bbox 896 4116 1032 4155; x_wconf 90' lang='lat' dir='ltr'><strong>cum</strong></span> <span class='ocrx_word' id='word_1_305' title='bbox 1084 4099 1249 4154; x_wconf 89' lang='lat' dir='ltr'><strong>Patre</strong></span> <span class='ocrx_word' id='word_1_306' title='bbox 1290 4102 1348 4153; x_wconf 90' lang='lat' dir='ltr'><strong>et</strong></span> <span class='ocrx_word' id='word_1_307' title='bbox 1391 4097 1611 4168; x_wconf 85' lang='lat' dir='ltr'><strong>Spiritu</strong></span> <span class='ocrx_word' id='word_1_308' title='bbox 1658 4099 1859 4151; x_wconf 88' lang='lat' dir='ltr'><strong>sancto</strong></span> 
     </span>
    </p>
   </div>
   <div class='ocr_carea' id='block_1_46' title="bbox 206 4183 1856 4261">
    <p class='ocr_par' dir='ltr' id='par_1_46' title="bbox 206 4183 1856 4261">
     <span class='ocr_line' id='line_1_46' title="bbox 206 4183 1856 4261; baseline -0.005 -13"><span class='ocrx_word' id='word_1_309' title='bbox 206 4191 513 4248; x_wconf 72' lang='lat' dir='ltr'><strong>beatitudo</strong></span> <span class='ocrx_word' id='word_1_310' title='bbox 536 4193 736 4247; x_wconf 88' lang='lat' dir='ltr'><strong>nostra</strong></span> <span class='ocrx_word' id='word_1_311' title='bbox 762 4189 1009 4256; x_wconf 88' lang='lat' dir='ltr'><strong>erit,eos</strong></span> <span class='ocrx_word' id='word_1_312' title='bbox 1029 4187 1129 4261; x_wconf 90' lang='lat' dir='ltr'><strong>qui</strong></span> <span class='ocrx_word' id='word_1_313' title='bbox 1159 4188 1290 4259; x_wconf 89' lang='lat' dir='ltr'><strong>ejus</strong></span> <span class='ocrx_word' id='word_1_314' title='bbox 1320 4185 1657 4259; x_wconf 90' lang='lat' dir='ltr'><strong>magisterio</strong></span> <span class='ocrx_word' id='word_1_315' title='bbox 1672 4183 1856 4240; x_wconf 72' lang='lat' dir='ltr'><strong>adhze.</strong></span> 
     </span>
    </p>
   </div>
   <div class='ocr_carea' id='block_1_47' title="bbox 207 4272 1858 4346">
    <p class='ocr_par' dir='ltr' id='par_1_47' title="bbox 207 4272 1858 4346">
     <span class='ocr_line' id='line_1_47' title="bbox 207 4272 1858 4346; baseline -0.006 -10"><span class='ocrx_word' id='word_1_316' title='bbox 207 4280 414 4336; x_wconf 87' lang='lat' dir='ltr'><strong>rebant</strong></span> <span class='ocrx_word' id='word_1_317' title='bbox 444 4279 517 4335; x_wconf 87' lang='lat' dir='ltr'><strong>ad</strong></span> <span class='ocrx_word' id='word_1_318' title='bbox 548 4277 849 4334; x_wconf 89' lang='lat' dir='ltr'><strong>toleranda</strong></span> <span class='ocrx_word' id='word_1_319' title='bbox 874 4277 1116 4333; x_wconf 89' lang='lat' dir='ltr'><strong>adversa</strong></span> <span class='ocrx_word' id='word_1_320' title='bbox 1136 4292 1241 4331; x_wconf 91' lang='lat' dir='ltr'><strong>suo</strong></span> <span class='ocrx_word' id='word_1_321' title='bbox 1270 4273 1533 4346; x_wconf 78' lang='lat' dir='ltr'><strong>exemplo</strong></span> <span class='ocrx_word' id='word_1_322' title='bbox 1562 4272 1648 4330; x_wconf 90' lang='lat' dir='ltr'><strong>sic</strong></span> <span class='ocrx_word' id='word_1_323' title='bbox 1680 4272 1858 4328; x_wconf 90' lang='lat' dir='ltr'><strong>infor-</strong></span> 
     </span>
    </p>
   </div>
   <div class='ocr_carea' id='block_1_48' title="bbox 212 4362 1857 4435">
    <p class='ocr_par' dir='ltr' id='par_1_48' title="bbox 212 4362 1857 4435">
     <span class='ocr_line' id='line_1_48' title="bbox 212 4362 1857 4435; baseline -0.007 -10"><span class='ocrx_word' id='word_1_324' title='bbox 212 4374 333 4426; x_wconf 83' lang='lat' dir='ltr'><strong>mat</strong></span> <span class='ocrx_word' id='word_1_325' title='bbox 364 4385 380 4423; x_wconf 89' lang='lat'><strong>:</strong></span> <span class='ocrx_word' id='word_1_326' title='bbox 417 4367 573 4425; x_wconf 78' lang='lat' dir='ltr'><strong>Sicut</strong></span> <span class='ocrx_word' id='word_1_327' title='bbox 605 4369 757 4423; x_wconf 83' lang='lat' dir='ltr'><strong>misit</strong></span> <span class='ocrx_word' id='word_1_328' title='bbox 785 4368 1071 4433; x_wconf 83' lang='lat' dir='ltr'><strong>mePater,</strong></span> <span class='ocrx_word' id='word_1_329' title='bbox 1104 4373 1154 4422; x_wconf 82' lang='lat' dir='ltr'><strong>et</strong></span> <span class='ocrx_word' id='word_1_330' title='bbox 1190 4380 1285 4435; x_wconf 87' lang='lat' dir='ltr'><strong>ego</strong></span> <span class='ocrx_word' id='word_1_331' title='bbox 1333 4365 1493 4419; x_wconf 80' lang='lat' dir='ltr'><strong>mitto</strong></span> <span class='ocrx_word' id='word_1_332' title='bbox 1538 4379 1629 4419; x_wconf 86' lang='lat' dir='ltr'><strong>vos</strong></span> <span class='ocrx_word' id='word_1_333' title='bbox 1676 4362 1857 4434; x_wconf 81' lang='lat' dir='ltr'><strong>(Joan,</strong></span> 
     </span>
    </p>
   </div>
   <div class='ocr_carea' id='block_1_49' title="bbox 208 4448 1859 4529">
    <p class='ocr_par' dir='ltr' id='par_1_49' title="bbox 208 4448 1859 4529">
     <span class='ocr_line' id='line_1_49' title="bbox 208 4448 1859 4529; baseline -0.005 -17"><span class='ocrx_word' id='word_1_334' title='bbox 208 4462 346 4525; x_wconf 79' lang='lat' dir='ltr'><strong>xx);</strong></span> <span class='ocrx_word' id='word_1_335' title='bbox 400 4473 479 4513; x_wconf 92' lang='lat' dir='ltr'><strong>ne</strong></span> <span class='ocrx_word' id='word_1_336' title='bbox 520 4472 585 4512; x_wconf 89' lang='lat' dir='ltr'><strong>se</strong></span> <span class='ocrx_word' id='word_1_337' title='bbox 629 4454 795 4529; x_wconf 83' lang='lat' dir='ltr'><strong>diligi</strong></span> <span class='ocrx_word' id='word_1_338' title='bbox 834 4456 1213 4528; x_wconf 85' lang='lat' dir='ltr'><strong>desperarent</strong></span> <span class='ocrx_word' id='word_1_339' title='bbox 1242 4453 1317 4508; x_wconf 90' lang='lat' dir='ltr'><strong>ab</strong></span> <span class='ocrx_word' id='word_1_340' title='bbox 1346 4468 1435 4520; x_wconf 90' lang='lat' dir='ltr'><strong>eo,</strong></span> <span class='ocrx_word' id='word_1_341' title='bbox 1482 4467 1619 4507; x_wconf 87' lang='lat' dir='ltr'><strong>eum</strong></span> <span class='ocrx_word' id='word_1_342' title='bbox 1681 4448 1859 4505; x_wconf 77' lang='lat' dir='ltr'><strong>variis</strong></span> 
     </span>
    </p>
   </div>
   <div class='ocr_carea' id='block_1_50' title="bbox 212 4537 1937 4619">
    <p class='ocr_par' dir='ltr' id='par_1_50' title="bbox 212 4537 1937 4619">
     <span class='ocr_line' id='line_1_50' title="bbox 212 4537 1937 4619; baseline -0.007 -15"><span class='ocrx_word' id='word_1_343' title='bbox 212 4549 599 4619; x_wconf 82' lang='lat' dir='ltr'><strong>quaterentur</strong></span> <span class='ocrx_word' id='word_1_344' title='bbox 617 4542 1027 4609; x_wconf 87' lang='lat' dir='ltr'><strong>incommodis,</strong></span> <span class='ocrx_word' id='word_1_345' title='bbox 1043 4542 1277 4615; x_wconf 86' lang='lat' dir='ltr'><strong>quando</strong></span> <span class='ocrx_word' id='word_1_346' title='bbox 1300 4540 1746 4596; x_wconf 89' lang='lat' dir='ltr'><strong>dilectissimum</strong></span> <span class='ocrx_word' id='word_1_347' title='bbox 1761 4537 1862 4593; x_wconf 88' lang='lat' dir='ltr'><strong>Pa-</strong></span> <span class='ocrx_word' id='word_1_348' title='bbox 1890 4554 1937 4619; x_wconf 75' lang='grc' dir='ltr'><strong>ι)</strong></span> 
     </span>
    </p>
   </div>
   <div class='ocr_carea' id='block_1_51' title="bbox 214 4625 1857 4707">
    <p class='ocr_par' dir='ltr' id='par_1_51' title="bbox 214 4625 1857 4707">
     <span class='ocr_line' id='line_1_51' title="bbox 214 4625 1857 4707; baseline -0.004 -20"><span class='ocrx_word' id='word_1_349' title='bbox 214 4636 283 4690; x_wconf 90' lang='lat' dir='ltr'><strong>tri</strong></span> <span class='ocrx_word' id='word_1_350' title='bbox 316 4634 535 4691; x_wconf 83' lang='lat' dir='ltr'><strong>Filium</strong></span> <span class='ocrx_word' id='word_1_351' title='bbox 559 4650 662 4707; x_wconf 90' lang='lat' dir='ltr'><strong>per</strong></span> <span class='ocrx_word' id='word_1_352' title='bbox 690 4633 894 4690; x_wconf 89' lang='lat' dir='ltr'><strong>eadem</strong></span> <span class='ocrx_word' id='word_1_353' title='bbox 926 4631 1211 4689; x_wconf 89' lang='lat' dir='ltr'><strong>transisse</strong></span> <span class='ocrx_word' id='word_1_354' title='bbox 1225 4629 1560 4686; x_wconf 83' lang='lat' dir='ltr'><strong>recolerent.</strong></span> <span class='ocrx_word' id='word_1_355' title='bbox 1577 4628 1691 4683; x_wconf 92' lang='lat' dir='ltr'><strong>Nec</strong></span> <span class='ocrx_word' id='word_1_356' title='bbox 1715 4625 1857 4699; x_wconf 91' lang='lat' dir='ltr'><strong>quid</strong></span> 
     </span>
    </p>
   </div>
   <div class='ocr_carea' id='block_1_52' title="bbox 211 4716 1860 4791">
    <p class='ocr_par' dir='ltr' id='par_1_52' title="bbox 211 4716 1860 4791">
     <span class='ocr_line' id='line_1_52' title="bbox 211 4716 1860 4791; baseline -0.002 -13"><span class='ocrx_word' id='word_1_357' title='bbox 211 4723 291 4780; x_wconf 89' lang='lat' dir='ltr'><strong>eis</strong></span> <span class='ocrx_word' id='word_1_358' title='bbox 320 4723 664 4780; x_wconf 81' lang='lat' dir='ltr'><strong>immineret</strong></span> <span class='ocrx_word' id='word_1_359' title='bbox 692 4720 1013 4791; x_wconf 84' lang='lat' dir='ltr'><strong>occultans,</strong></span> <span class='ocrx_word' id='word_1_360' title='bbox 1046 4725 1113 4776; x_wconf 84' lang='lat' dir='ltr'><strong>In</strong></span> <span class='ocrx_word' id='word_1_361' title='bbox 1139 4720 1372 4784; x_wconf 82' lang='lat' dir='ltr'><strong>mundo,</strong></span> <span class='ocrx_word' id='word_1_362' title='bbox 1404 4716 1614 4790; x_wconf 85' lang='lat' dir='ltr'><strong>inquit,</strong></span> <span class='ocrx_word' id='word_1_363' title='bbox 1646 4732 1860 4790; x_wconf 78' lang='lat' dir='ltr'><strong>pressu-</strong></span> 
     </span>
    </p>
   </div>
   <div class='ocr_carea' id='block_1_53' title="bbox 214 4807 1854 4881">
    <p class='ocr_par' dir='ltr' id='par_1_53' title="bbox 214 4807 1854 4881">
     <span class='ocr_line' id='line_1_53' title="bbox 214 4807 1854 4881; baseline -0.002 -13"><span class='ocrx_word' id='word_1_364' title='bbox 214 4828 334 4868; x_wconf 66' lang='grc' dir='ltr'><strong>γαίη</strong></span> <span class='ocrx_word' id='word_1_365' title='bbox 378 4812 633 4881; x_wconf 81' lang='lat' dir='ltr'><strong>habetis;</strong></span> <span class='ocrx_word' id='word_1_366' title='bbox 661 4810 756 4867; x_wconf 76' lang='lat' dir='ltr'><strong>sed</strong></span> <span class='ocrx_word' id='word_1_367' title='bbox 800 4811 1072 4881; x_wconf 78' lang='lat' dir='ltr'><strong>conﬁdite,</strong></span> <span class='ocrx_word' id='word_1_368' title='bbox 1102 4825 1198 4881; x_wconf 85' lang='lat' dir='ltr'><strong>ego</strong></span> <span class='ocrx_word' id='word_1_369' title='bbox 1243 4810 1354 4863; x_wconf 80' lang='lat' dir='ltr'><strong>vici</strong></span> <span class='ocrx_word' id='word_1_370' title='bbox 1378 4807 1647 4863; x_wconf 82' lang='lat' dir='ltr'><strong>mundum</strong></span> <span class='ocrx_word' id='word_1_371' title='bbox 1676 4810 1854 4878; x_wconf 81' lang='lat' dir='ltr'><strong>(Joan.</strong></span> 
     </span>
    </p>
   </div>
   <div class='ocr_carea' id='block_1_54' title="bbox 218 4896 1859 4972">
    <p class='ocr_par' dir='ltr' id='par_1_54' title="bbox 218 4896 1859 4972">
     <span class='ocr_line' id='line_1_54' title="bbox 218 4896 1859 4972; baseline -0.001 -15"><span class='ocrx_word' id='word_1_372' title='bbox 218 4905 368 4971; x_wconf 74' lang='lat' dir='ltr'><strong>XVI);</strong></span> <span class='ocrx_word' id='word_1_373' title='bbox 403 4900 629 4957; x_wconf 87' lang='lat' dir='ltr'><strong>scilicet</strong></span> <span class='ocrx_word' id='word_1_374' title='bbox 681 4903 745 4955; x_wconf 90' lang='lat' dir='ltr'><strong>ut</strong></span> <span class='ocrx_word' id='word_1_375' title='bbox 790 4899 1105 4972; x_wconf 85' lang='lat' dir='ltr'><strong>superandi</strong></span> <span class='ocrx_word' id='word_1_376' title='bbox 1150 4898 1302 4954; x_wconf 88' lang='lat' dir='ltr'><strong>vires</strong></span> <span class='ocrx_word' id='word_1_377' title='bbox 1328 4896 1390 4953; x_wconf 91' lang='lat' dir='ltr'><strong>in</strong></span> <span class='ocrx_word' id='word_1_378' title='bbox 1420 4896 1521 4952; x_wconf 91' lang='lat' dir='ltr'><strong>illo</strong></span> <span class='ocrx_word' id='word_1_379' title='bbox 1552 4914 1613 4952; x_wconf 89' lang='lat' dir='ltr'><strong>se</strong></span> <span class='ocrx_word' id='word_1_380' title='bbox 1646 4897 1859 4956; x_wconf 90' lang='lat' dir='ltr'><strong>habere</strong></span> 
     </span>
    </p>
   </div>
   <div class='ocr_carea' id='block_1_55' title="bbox 222 4986 1857 5062">
    <p class='ocr_par' dir='ltr' id='par_1_55' title="bbox 222 4986 1857 5062">
     <span class='ocr_line' id='line_1_55' title="bbox 222 4986 1857 5062; baseline -0.001 -16"><span class='ocrx_word' id='word_1_381' title='bbox 222 4992 640 5062; x_wconf 85' lang='lat' dir='ltr'><strong>cognoscerent</strong></span> <span class='ocrx_word' id='word_1_382' title='bbox 670 4988 770 5061; x_wconf 90' lang='lat' dir='ltr'><strong>qui</strong></span> <span class='ocrx_word' id='word_1_383' title='bbox 803 4987 1174 5060; x_wconf 90' lang='lat' dir='ltr'><strong>omnipotens</strong></span> <span class='ocrx_word' id='word_1_384' title='bbox 1222 4990 1394 5044; x_wconf 89' lang='lat' dir='ltr'><strong>esset.</strong></span> <span class='ocrx_word' id='word_1_385' title='bbox 1431 4986 1679 5043; x_wconf 90' lang='lat' dir='ltr'><strong>Sanctus</strong></span> <span class='ocrx_word' id='word_1_386' title='bbox 1707 4989 1857 5060; x_wconf 87' lang='lat' dir='ltr'><strong>Apo-</strong></span> 
     </span>
    </p>
   </div>
   <div class='ocr_carea' id='block_1_56' title="bbox 220 5072 1856 5150">
    <p class='ocr_par' dir='ltr' id='par_1_56' title="bbox 220 5072 1856 5150">
     <span class='ocr_line' id='line_1_56' title="bbox 220 5072 1856 5150; baseline -0.001 -17"><span class='ocrx_word' id='word_1_387' title='bbox 220 5078 424 5146; x_wconf 84' lang='lat' dir='ltr'><strong>stolus,</strong></span> <span class='ocrx_word' id='word_1_388' title='bbox 458 5078 519 5133; x_wconf 91' lang='lat' dir='ltr'><strong>in</strong></span> <span class='ocrx_word' id='word_1_389' title='bbox 543 5093 659 5150; x_wconf 93' lang='lat' dir='ltr'><strong>quo</strong></span> <span class='ocrx_word' id='word_1_390' title='bbox 694 5077 986 5132; x_wconf 90' lang='lat' dir='ltr'><strong>evidenter</strong></span> <span class='ocrx_word' id='word_1_391' title='bbox 1033 5076 1134 5133; x_wconf 90' lang='lat' dir='ltr'><strong>Dei</strong></span> <span class='ocrx_word' id='word_1_392' title='bbox 1184 5075 1437 5147; x_wconf 87' lang='lat' dir='ltr'><strong>Spiritus</strong></span> <span class='ocrx_word' id='word_1_393' title='bbox 1484 5072 1856 5147; x_wconf 87' lang='lat' dir='ltr'><strong>loquebatur,</strong></span> 
     </span>
    </p>
   </div>
   <div class='ocr_carea' id='block_1_57' title="bbox 212 5163 1856 5239">
    <p class='ocr_par' dir='ltr' id='par_1_57' title="bbox 212 5163 1856 5239">
     <span class='ocr_line' id='line_1_57' title="bbox 212 5163 1856 5239; baseline -0.001 -16"><span class='ocrx_word' id='word_1_394' title='bbox 212 5181 320 5223; x_wconf 81' lang='lat' dir='ltr'><strong>sua</strong></span> <span class='ocrx_word' id='word_1_395' title='bbox 367 5171 635 5239; x_wconf 85' lang='lat' dir='ltr'><strong>tempora</strong></span> <span class='ocrx_word' id='word_1_396' title='bbox 675 5164 901 5231; x_wconf 83' lang='lat' dir='ltr'><strong>videns,</strong></span> <span class='ocrx_word' id='word_1_397' title='bbox 950 5168 1152 5220; x_wconf 87' lang='lat' dir='ltr'><strong>nostra</strong></span> <span class='ocrx_word' id='word_1_398' title='bbox 1198 5163 1520 5237; x_wconf 70' lang='lat' dir='ltr'><strong>praevidens</strong></span> <span class='ocrx_word' id='word_1_399' title='bbox 1561 5166 1721 5234; x_wconf 84' lang='lat' dir='ltr'><strong>:Qui</strong></span> <span class='ocrx_word' id='word_1_400' title='bbox 1762 5180 1856 5221; x_wconf 86' lang='grc' dir='ltr'><strong>υθ-</strong></span> 
     </span>
    </p>
   </div>
   <div class='ocr_carea' id='block_1_58' title="bbox 1943 540 3586 621">
    <p class='ocr_par' dir='ltr' id='par_1_58' title="bbox 1943 540 3586 621">
     <span class='ocr_line' id='line_1_58' title="bbox 1943 540 3586 621; baseline 0.004 -26"><span class='ocrx_word' id='word_1_401' title='bbox 1943 540 2328 614; x_wconf 87' lang='lat' dir='ltr'><strong>intelligimus</strong></span> <span class='ocrx_word' id='word_1_402' title='bbox 2348 543 2546 600; x_wconf 77' lang='lat' dir='ltr'><strong>inferri</strong></span> <span class='ocrx_word' id='word_1_403' title='bbox 2577 543 2663 600; x_wconf 92' lang='lat' dir='ltr'><strong>vel</strong></span> <span class='ocrx_word' id='word_1_404' title='bbox 2695 544 2767 600; x_wconf 89' lang='lat' dir='ltr'><strong>ab</strong></span> <span class='ocrx_word' id='word_1_405' title='bbox 2798 545 3125 603; x_wconf 88' lang='lat' dir='ltr'><strong>immundis</strong></span> <span class='ocrx_word' id='word_1_406' title='bbox 3153 546 3480 621; x_wconf 84' lang='lat' dir='ltr'><strong>spiritibus,</strong></span> <span class='ocrx_word' id='word_1_407' title='bbox 3496 545 3586 603; x_wconf 77' lang='lat' dir='ltr'><strong>vel</strong></span> 
     </span>
    </p>
   </div>
   <div class='ocr_carea' id='block_1_59' title="bbox 1946 631 3588 704">
    <p class='ocr_par' dir='ltr' id='par_1_59' title="bbox 1946 631 3588 704">
     <span class='ocr_line' id='line_1_59' title="bbox 1946 631 3588 704; baseline 0.005 -19"><span class='ocrx_word' id='word_1_408' title='bbox 1946 647 1980 685; x_wconf 88' lang='lat' dir='ltr'><strong>a</strong></span> <span class='ocrx_word' id='word_1_409' title='bbox 2008 631 2197 703; x_wconf 87' lang='lat' dir='ltr'><strong>pravis</strong></span> <span class='ocrx_word' id='word_1_410' title='bbox 2226 632 2588 690; x_wconf 89' lang='lat' dir='ltr'><strong>hominibus.</strong></span> <span class='ocrx_word' id='word_1_411' title='bbox 2619 633 2858 701; x_wconf 88' lang='lat' dir='ltr'><strong>Verum,</strong></span> <span class='ocrx_word' id='word_1_412' title='bbox 2890 636 3011 691; x_wconf 89' lang='lat' dir='ltr'><strong>sive</strong></span> <span class='ocrx_word' id='word_1_413' title='bbox 3040 637 3194 693; x_wconf 90' lang='lat' dir='ltr'><strong>Deus</strong></span> <span class='ocrx_word' id='word_1_414' title='bbox 3230 640 3435 704; x_wconf 85' lang='lat' dir='ltr'><strong>tentet,</strong></span> <span class='ocrx_word' id='word_1_415' title='bbox 3466 636 3588 693; x_wconf 83' lang='lat' dir='ltr'><strong>sive</strong></span> 
     </span>
    </p>
   </div>
   <div class='ocr_carea' id='block_1_60' title="bbox 1944 722 3589 798">
    <p class='ocr_par' dir='ltr' id='par_1_60' title="bbox 1944 722 3589 798">
     <span class='ocr_line' id='line_1_60' title="bbox 1944 722 3589 798; baseline 0.005 -23"><span class='ocrx_word' id='word_1_416' title='bbox 1944 722 2155 776; x_wconf 87' lang='lat' dir='ltr'><strong>tentari</strong></span> <span class='ocrx_word' id='word_1_417' title='bbox 2188 722 2505 793; x_wconf 88' lang='lat' dir='ltr'><strong>permittat,</strong></span> <span class='ocrx_word' id='word_1_418' title='bbox 2526 740 2597 779; x_wconf 92' lang='lat' dir='ltr'><strong>ne</strong></span> <span class='ocrx_word' id='word_1_419' title='bbox 2630 723 2992 780; x_wconf 84' lang='lat' dir='ltr'><strong>muliebriter</strong></span> <span class='ocrx_word' id='word_1_420' title='bbox 3020 725 3210 798; x_wconf 89' lang='lat' dir='ltr'><strong>pavidi</strong></span> <span class='ocrx_word' id='word_1_421' title='bbox 3243 727 3589 783; x_wconf 85' lang='lat' dir='ltr'><strong>succumba-</strong></span> 
     </span>
    </p>
   </div>
   <div class='ocr_carea' id='block_1_61' title="bbox 1948 809 3590 877">
    <p class='ocr_par' dir='ltr' id='par_1_61' title="bbox 1948 809 3590 877">
     <span class='ocr_line' id='line_1_61' title="bbox 1948 809 3590 877; baseline 0.006 -14"><span class='ocrx_word' id='word_1_422' title='bbox 1948 826 2102 877; x_wconf 89' lang='lat' dir='ltr'><strong>mus,</strong></span> <span class='ocrx_word' id='word_1_423' title='bbox 2133 809 2271 866; x_wconf 89' lang='lat' dir='ltr'><strong>alibi</strong></span> <span class='ocrx_word' id='word_1_424' title='bbox 2307 828 2412 866; x_wconf 89' lang='lat' dir='ltr'><strong>nos</strong></span> <span class='ocrx_word' id='word_1_425' title='bbox 2440 811 2533 866; x_wconf 91' lang='lat' dir='ltr'><strong>his</strong></span> <span class='ocrx_word' id='word_1_426' title='bbox 2557 812 2750 867; x_wconf 83' lang='lat' dir='ltr'><strong>verbis</strong></span> <span class='ocrx_word' id='word_1_427' title='bbox 2797 814 3107 870; x_wconf 83' lang='lat' dir='ltr'><strong>conﬁrmat</strong></span> <span class='ocrx_word' id='word_1_428' title='bbox 3139 832 3153 872; x_wconf 92' lang='lat'><strong>:</strong></span> <span class='ocrx_word' id='word_1_429' title='bbox 3184 819 3340 873; x_wconf 70' lang='grc'><strong>148</strong></span> <span class='ocrx_word' id='word_1_430' title='bbox 3386 817 3590 873; x_wconf 75' lang='lat' dir='ltr'><strong>Fidelis</strong></span> 
     </span>
    </p>
   </div>
   <div class='ocr_carea' id='block_1_62' title="bbox 1945 899 3592 977">
    <p class='ocr_par' dir='ltr' id='par_1_62' title="bbox 1945 899 3592 977">
     <span class='ocr_line' id='line_1_62' title="bbox 1945 899 3592 977; baseline 0.005 -24"><span class='ocrx_word' id='word_1_431' title='bbox 1945 899 2107 964; x_wconf 89' lang='lat' dir='ltr'><strong>Deus,</strong></span> <span class='ocrx_word' id='word_1_432' title='bbox 2143 902 2242 971; x_wconf 87' lang='lat' dir='ltr'><strong>qui</strong></span> <span class='ocrx_word' id='word_1_433' title='bbox 2269 916 2377 955; x_wconf 84' lang='lat' dir='ltr'><strong>non</strong></span> <span class='ocrx_word' id='word_1_434' title='bbox 2404 902 2644 971; x_wconf 85' lang='lat' dir='ltr'><strong>patietur</strong></span> <span class='ocrx_word' id='word_1_435' title='bbox 2672 918 2761 957; x_wconf 71' lang='lat' dir='ltr'><strong>vos</strong></span> <span class='ocrx_word' id='word_1_436' title='bbox 2782 906 2988 958; x_wconf 83' lang='lat' dir='ltr'><strong>tentari</strong></span> <span class='ocrx_word' id='word_1_437' title='bbox 3009 921 3178 976; x_wconf 85' lang='lat' dir='ltr'><strong>supra</strong></span> <span class='ocrx_word' id='word_1_438' title='bbox 3208 904 3264 960; x_wconf 85' lang='lat' dir='ltr'><strong>id</strong></span> <span class='ocrx_word' id='word_1_439' title='bbox 3295 905 3437 977; x_wconf 85' lang='lat' dir='ltr'><strong>quod</strong></span> <span class='ocrx_word' id='word_1_440' title='bbox 3448 913 3592 977; x_wconf 86' lang='lat' dir='ltr'><strong>pote-</strong></span> 
     </span>
    </p>
   </div>
   <div class='ocr_carea' id='block_1_63' title="bbox 1947 988 3590 1067">
    <p class='ocr_par' dir='ltr' id='par_1_63' title="bbox 1947 988 3590 1067">
     <span class='ocr_line' id='line_1_63' title="bbox 1947 988 3590 1067; baseline 0.005 -25"><span class='ocrx_word' id='word_1_441' title='bbox 1947 989 2086 1055; x_wconf 82' lang='lat' dir='ltr'><strong>stis;</strong></span> <span class='ocrx_word' id='word_1_442' title='bbox 2130 988 2223 1043; x_wconf 86' lang='lat' dir='ltr'><strong>sed</strong></span> <span class='ocrx_word' id='word_1_443' title='bbox 2266 991 2434 1061; x_wconf 84' lang='lat' dir='ltr'><strong>faciet</strong></span> <span class='ocrx_word' id='word_1_444' title='bbox 2481 1005 2605 1044; x_wconf 85' lang='lat' dir='ltr'><strong>cum</strong></span> <span class='ocrx_word' id='word_1_445' title='bbox 2654 994 2944 1047; x_wconf 79' lang='lat' dir='ltr'><strong>tentatione</strong></span> <span class='ocrx_word' id='word_1_446' title='bbox 2989 994 3220 1060; x_wconf 68' lang='lat' dir='ltr'><strong>exitum,</strong></span> <span class='ocrx_word' id='word_1_447' title='bbox 3268 1002 3332 1049; x_wconf 87' lang='lat' dir='ltr'><strong>ut</strong></span> <span class='ocrx_word' id='word_1_448' title='bbox 3371 997 3590 1067; x_wconf 83' lang='lat' dir='ltr'><strong>possitis</strong></span> 
     </span>
    </p>
   </div>
   <div class='ocr_carea' id='block_1_64' title="bbox 1947 1077 3590 1154">
    <p class='ocr_par' dir='ltr' id='par_1_64' title="bbox 1947 1077 3590 1154">
     <span class='ocr_line' id='line_1_64' title="bbox 1947 1077 3590 1154; baseline 0.005 -23"><span class='ocrx_word' id='word_1_449' title='bbox 1947 1078 2218 1133; x_wconf 74' lang='lat' dir='ltr'><strong>sustinere</strong></span> <span class='ocrx_word' id='word_1_450' title='bbox 2248 1078 2294 1143; x_wconf 92' lang='grc'><strong>(1</strong></span> <span class='ocrx_word' id='word_1_451' title='bbox 2325 1079 2445 1133; x_wconf 86' lang='lat' dir='ltr'><strong>Cor.</strong></span> <span class='ocrx_word' id='word_1_452' title='bbox 2477 1080 2555 1145; x_wconf 70' lang='grc' dir='ltr'><strong>Χ),</strong></span> <span class='ocrx_word' id='word_1_453' title='bbox 2582 1077 2736 1133; x_wconf 86' lang='lat' dir='ltr'><strong>Nihil</strong></span> <span class='ocrx_word' id='word_1_454' title='bbox 2767 1078 2963 1151; x_wconf 88' lang='lat' dir='ltr'><strong>itaque</strong></span> <span class='ocrx_word' id='word_1_455' title='bbox 3005 1080 3377 1154; x_wconf 89' lang='lat' dir='ltr'><strong>importabile</strong></span> <span class='ocrx_word' id='word_1_456' title='bbox 3417 1085 3590 1140; x_wconf 90' lang='lat' dir='ltr'><strong>nobis</strong></span> 
     </span>
    </p>
   </div>
   <div class='ocr_carea' id='block_1_65' title="bbox 1949 1167 3589 1246">
    <p class='ocr_par' dir='ltr' id='par_1_65' title="bbox 1949 1167 3589 1246">
     <span class='ocr_line' id='line_1_65' title="bbox 1949 1167 3589 1246; baseline 0.005 -24"><span class='ocrx_word' id='word_1_457' title='bbox 1949 1167 2211 1222; x_wconf 89' lang='lat' dir='ltr'><strong>evenisse</strong></span> <span class='ocrx_word' id='word_1_458' title='bbox 2241 1183 2574 1232; x_wconf 87' lang='lat' dir='ltr'><strong>causemur,</strong></span> <span class='ocrx_word' id='word_1_459' title='bbox 2612 1168 2889 1239; x_wconf 89' lang='lat' dir='ltr'><strong>quoniam</strong></span> <span class='ocrx_word' id='word_1_460' title='bbox 2922 1169 3019 1240; x_wconf 90' lang='lat' dir='ltr'><strong>qui</strong></span> <span class='ocrx_word' id='word_1_461' title='bbox 3063 1175 3356 1228; x_wconf 87' lang='lat' dir='ltr'><strong>certamen</strong></span> <span class='ocrx_word' id='word_1_462' title='bbox 3380 1190 3589 1246; x_wconf 87' lang='lat' dir='ltr'><strong>propo-</strong></span> 
     </span>
    </p>
   </div>
   <div class='ocr_carea' id='block_1_66' title="bbox 1951 1254 3592 1332">
    <p class='ocr_par' dir='ltr' id='par_1_66' title="bbox 1951 1254 3592 1332">
     <span class='ocr_line' id='line_1_66' title="bbox 1951 1254 3592 1332; baseline 0.006 -22"><span class='ocrx_word' id='word_1_463' title='bbox 1951 1255 2056 1323; x_wconf 91' lang='lat' dir='ltr'><strong>nit,</strong></span> <span class='ocrx_word' id='word_1_464' title='bbox 2081 1256 2129 1310; x_wconf 91' lang='lat' dir='ltr'><strong>si</strong></span> <span class='ocrx_word' id='word_1_465' title='bbox 2162 1254 2491 1327; x_wconf 88' lang='lat' dir='ltr'><strong>postuletur</strong></span> <span class='ocrx_word' id='word_1_466' title='bbox 2519 1254 2783 1323; x_wconf 80' lang='lat' dir='ltr'><strong>ﬂdeliter,</strong></span> <span class='ocrx_word' id='word_1_467' title='bbox 2816 1257 3081 1313; x_wconf 89' lang='lat' dir='ltr'><strong>vincendi</strong></span> <span class='ocrx_word' id='word_1_468' title='bbox 3112 1260 3337 1332; x_wconf 89' lang='lat' dir='ltr'><strong>copiam</strong></span> <span class='ocrx_word' id='word_1_469' title='bbox 3370 1263 3592 1319; x_wconf 90' lang='lat' dir='ltr'><strong>submi-</strong></span> 
     </span>
    </p>
   </div>
   <div class='ocr_carea' id='block_1_67' title="bbox 1953 1344 3589 1425">
    <p class='ocr_par' dir='ltr' id='par_1_67' title="bbox 1953 1344 3589 1425">
     <span class='ocr_line' id='line_1_67' title="bbox 1953 1344 3589 1425; baseline 0.006 -26"><span class='ocrx_word' id='word_1_470' title='bbox 1953 1344 2184 1400; x_wconf 87' lang='lat' dir='ltr'><strong>nistrat.</strong></span> <span class='ocrx_word' id='word_1_471' title='bbox 2216 1344 2632 1399; x_wconf 88' lang='lat' dir='ltr'><strong>Benedicamus</strong></span> <span class='ocrx_word' id='word_1_472' title='bbox 2664 1361 2801 1416; x_wconf 89' lang='lat' dir='ltr'><strong>ergo</strong></span> <span class='ocrx_word' id='word_1_473' title='bbox 2839 1361 2974 1402; x_wconf 89' lang='lat' dir='ltr'><strong>eum</strong></span> <span class='ocrx_word' id='word_1_474' title='bbox 3001 1346 3061 1402; x_wconf 73' lang='lat' dir='ltr'><strong>in</strong></span> <span class='ocrx_word' id='word_1_475' title='bbox 3107 1350 3266 1404; x_wconf 91' lang='lat' dir='ltr'><strong>omni</strong></span> <span class='ocrx_word' id='word_1_476' title='bbox 3306 1354 3589 1425; x_wconf 88' lang='lat' dir='ltr'><strong>tempore,</strong></span> 
     </span>
    </p>
   </div>
   <div class='ocr_carea' id='block_1_68' title="bbox 1954 1433 3590 1515">
    <p class='ocr_par' dir='ltr' id='par_1_68' title="bbox 1954 1433 3590 1515">
     <span class='ocr_line' id='line_1_68' title="bbox 1954 1433 3590 1515; baseline 0.006 -28"><span class='ocrx_word' id='word_1_477' title='bbox 1954 1434 2054 1506; x_wconf 89' lang='lat' dir='ltr'><strong>qui</strong></span> <span class='ocrx_word' id='word_1_478' title='bbox 2090 1439 2148 1488; x_wconf 92' lang='lat' dir='ltr'><strong>et</strong></span> <span class='ocrx_word' id='word_1_479' title='bbox 2176 1433 2473 1505; x_wconf 89' lang='lat' dir='ltr'><strong>prosperis</strong></span> <span class='ocrx_word' id='word_1_480' title='bbox 2500 1450 2606 1489; x_wconf 90' lang='lat' dir='ltr'><strong>nos</strong></span> <span class='ocrx_word' id='word_1_481' title='bbox 2638 1434 2863 1504; x_wconf 85' lang='lat' dir='ltr'><strong>invitat,</strong></span> <span class='ocrx_word' id='word_1_482' title='bbox 2896 1439 2953 1491; x_wconf 91' lang='lat' dir='ltr'><strong>et</strong></span> <span class='ocrx_word' id='word_1_483' title='bbox 2998 1437 3256 1494; x_wconf 89' lang='lat' dir='ltr'><strong>adversis</strong></span> <span class='ocrx_word' id='word_1_484' title='bbox 3303 1440 3590 1515; x_wconf 88' lang='lat' dir='ltr'><strong>castigat;</strong></span> 
     </span>
    </p>
   </div>
   <div class='ocr_carea' id='block_1_69' title="bbox 1954 1521 3594 1603">
    <p class='ocr_par' dir='ltr' id='par_1_69' title="bbox 1954 1521 3594 1603">
     <span class='ocr_line' id='line_1_69' title="bbox 1954 1521 3594 1603; baseline 0.004 -24"><span class='ocrx_word' id='word_1_485' title='bbox 1954 1528 2010 1579; x_wconf 90' lang='lat' dir='ltr'><strong>et</strong></span> <span class='ocrx_word' id='word_1_486' title='bbox 2040 1522 2117 1577; x_wconf 89' lang='lat' dir='ltr'><strong>sit</strong></span> <span class='ocrx_word' id='word_1_487' title='bbox 2145 1538 2377 1594; x_wconf 88' lang='lat' dir='ltr'><strong>semper</strong></span> <span class='ocrx_word' id='word_1_488' title='bbox 2405 1521 2534 1577; x_wconf 91' lang='lat' dir='ltr'><strong>laus</strong></span> <span class='ocrx_word' id='word_1_489' title='bbox 2566 1524 2695 1595; x_wconf 89' lang='lat' dir='ltr'><strong>ejus</strong></span> <span class='ocrx_word' id='word_1_490' title='bbox 2725 1522 2784 1577; x_wconf 89' lang='lat' dir='ltr'><strong>in</strong></span> <span class='ocrx_word' id='word_1_491' title='bbox 2815 1540 2911 1579; x_wconf 89' lang='lat' dir='ltr'><strong>ore</strong></span> <span class='ocrx_word' id='word_1_492' title='bbox 2941 1530 3161 1595; x_wconf 90' lang='lat' dir='ltr'><strong>nostro,</strong></span> <span class='ocrx_word' id='word_1_493' title='bbox 3196 1532 3260 1582; x_wconf 90' lang='lat' dir='ltr'><strong>ut</strong></span> <span class='ocrx_word' id='word_1_494' title='bbox 3287 1530 3441 1600; x_wconf 90' lang='lat' dir='ltr'><strong>quod</strong></span> <span class='ocrx_word' id='word_1_495' title='bbox 3465 1529 3594 1603; x_wconf 90' lang='lat' dir='ltr'><strong>ipso</strong></span> 
     </span>
    </p>
   </div>
   <div class='ocr_carea' id='block_1_70' title="bbox 1952 1610 3595 1686">
    <p class='ocr_par' dir='ltr' id='par_1_70' title="bbox 1952 1610 3595 1686">
     <span class='ocr_line' id='line_1_70' title="bbox 1952 1610 3595 1686; baseline 0.005 -20"><span class='ocrx_word' id='word_1_496' title='bbox 1952 1611 2237 1684; x_wconf 84' lang='lat' dir='ltr'><strong>largiente</strong></span> <span class='ocrx_word' id='word_1_497' title='bbox 2268 1611 2326 1665; x_wconf 91' lang='lat' dir='ltr'><strong>in</strong></span> <span class='ocrx_word' id='word_1_498' title='bbox 2358 1610 2571 1667; x_wconf 67' lang='lat' dir='ltr'><strong>saecula</strong></span> <span class='ocrx_word' id='word_1_499' title='bbox 2600 1612 2948 1668; x_wconf 66' lang='lat' dir='ltr'><strong>smculorum</strong></span> <span class='ocrx_word' id='word_1_500' title='bbox 2973 1614 3177 1670; x_wconf 91' lang='lat' dir='ltr'><strong>facturi</strong></span> <span class='ocrx_word' id='word_1_501' title='bbox 3201 1618 3595 1686; x_wconf 88' lang='lat' dir='ltr'><strong>sumusbeati,</strong></span> 
     </span>
    </p>
   </div>
   <div class='ocr_carea' id='block_1_71' title="bbox 1948 1701 3596 1773">
    <p class='ocr_par' dir='ltr' id='par_1_71' title="bbox 1948 1701 3596 1773">
     <span class='ocr_line' id='line_1_71' title="bbox 1948 1701 3596 1773; baseline 0.005 -18"><span class='ocrx_word' id='word_1_502' title='bbox 1948 1702 2074 1773; x_wconf 86' lang='lat' dir='ltr'><strong>jam</strong></span> <span class='ocrx_word' id='word_1_503' title='bbox 2106 1717 2263 1756; x_wconf 89' lang='lat' dir='ltr'><strong>nunc</strong></span> <span class='ocrx_word' id='word_1_504' title='bbox 2292 1701 2646 1756; x_wconf 89' lang='lat' dir='ltr'><strong>meditemur</strong></span> <span class='ocrx_word' id='word_1_505' title='bbox 2670 1701 2879 1757; x_wconf 89' lang='lat' dir='ltr'><strong>devoti.</strong></span> <span class='ocrx_word' id='word_1_506' title='bbox 2898 1707 3030 1759; x_wconf 68' lang='lat' dir='ltr'><strong>Haec</strong></span> <span class='ocrx_word' id='word_1_507' title='bbox 3046 1705 3119 1759; x_wconf 89' lang='lat' dir='ltr'><strong>ad</strong></span> <span class='ocrx_word' id='word_1_508' title='bbox 3137 1706 3596 1764; x_wconf 80' lang='lat' dir='ltr'><strong>consolationem</strong></span> 
     </span>
    </p>
   </div>
   <div class='ocr_carea' id='block_1_72' title="bbox 1958 1789 3598 1866">
    <p class='ocr_par' dir='ltr' id='par_1_72' title="bbox 1958 1789 3598 1866">
     <span class='ocr_line' id='line_1_72' title="bbox 1958 1789 3598 1866; baseline 0.004 -20"><span class='ocrx_word' id='word_1_509' title='bbox 1958 1790 2229 1860; x_wconf 89' lang='lat' dir='ltr'><strong>strictim,</strong></span> <span class='ocrx_word' id='word_1_510' title='bbox 2242 1789 2464 1845; x_wconf 89' lang='lat' dir='ltr'><strong>vitandi</strong></span> <span class='ocrx_word' id='word_1_511' title='bbox 2487 1790 2704 1846; x_wconf 85' lang='lat' dir='ltr'><strong>fastidii</strong></span> <span class='ocrx_word' id='word_1_512' title='bbox 2722 1791 2869 1861; x_wconf 83' lang='lat' dir='ltr'><strong>grati</strong></span> <span class='ocrx_word' id='word_1_513' title='bbox 2877 1808 2929 1859; x_wconf 88' lang='lat' dir='ltr'><strong>a,</strong></span> <span class='ocrx_word' id='word_1_514' title='bbox 2945 1793 3367 1866; x_wconf 86' lang='lat' dir='ltr'><strong>comprehensa</strong></span> <span class='ocrx_word' id='word_1_515' title='bbox 3382 1797 3598 1853; x_wconf 88' lang='lat' dir='ltr'><strong>sancti-</strong></span> 
     </span>
    </p>
   </div>
   <div class='ocr_carea' id='block_1_73' title="bbox 1958 1879 3597 1957">
    <p class='ocr_par' dir='ltr' id='par_1_73' title="bbox 1958 1879 3597 1957">
     <span class='ocr_line' id='line_1_73' title="bbox 1958 1879 3597 1957; baseline 0.005 -22"><span class='ocrx_word' id='word_1_516' title='bbox 1958 1881 2062 1936; x_wconf 88' lang='lat' dir='ltr'><strong>tati</strong></span> <span class='ocrx_word' id='word_1_517' title='bbox 2089 1884 2290 1935; x_wconf 72' lang='lat' dir='ltr'><strong>vestraa</strong></span> <span class='ocrx_word' id='word_1_518' title='bbox 2325 1879 2573 1952; x_wconf 90' lang='lat' dir='ltr'><strong>dirigere</strong></span> <span class='ocrx_word' id='word_1_519' title='bbox 2604 1879 2841 1935; x_wconf 91' lang='lat' dir='ltr'><strong>studui:</strong></span> <span class='ocrx_word' id='word_1_520' title='bbox 2874 1897 3023 1953; x_wconf 68' lang='lat' dir='ltr'><strong>quae,</strong></span> <span class='ocrx_word' id='word_1_521' title='bbox 3067 1882 3251 1951; x_wconf 86' lang='lat' dir='ltr'><strong>vobis,</strong></span> <span class='ocrx_word' id='word_1_522' title='bbox 3302 1889 3369 1940; x_wconf 91' lang='lat' dir='ltr'><strong>ut</strong></span> <span class='ocrx_word' id='word_1_523' title='bbox 3405 1887 3597 1957; x_wconf 91' lang='lat' dir='ltr'><strong>credo,</strong></span> 
     </span>
    </p>
   </div>
   <div class='ocr_carea' id='block_1_74' title="bbox 1958 1968 3601 2048">
    <p class='ocr_par' dir='ltr' id='par_1_74' title="bbox 1958 1968 3601 2048">
     <span class='ocr_line' id='line_1_74' title="bbox 1958 1968 3601 2048; baseline 0.004 -23"><span class='ocrx_word' id='word_1_524' title='bbox 1958 1974 2131 2025; x_wconf 92' lang='lat' dir='ltr'><strong>erunt</strong></span> <span class='ocrx_word' id='word_1_525' title='bbox 2161 1969 2439 2041; x_wconf 85' lang='lat' dir='ltr'><strong>proﬁcua,</strong></span> <span class='ocrx_word' id='word_1_526' title='bbox 2473 1968 2611 2039; x_wconf 90' lang='lat' dir='ltr'><strong>quia</strong></span> <span class='ocrx_word' id='word_1_527' title='bbox 2648 1973 2705 2024; x_wconf 93' lang='lat' dir='ltr'><strong>et</strong></span> <span class='ocrx_word' id='word_1_528' title='bbox 2748 1985 2817 2025; x_wconf 79' lang='lat' dir='ltr'><strong>ex</strong></span> <span class='ocrx_word' id='word_1_529' title='bbox 2865 1969 3166 2028; x_wconf 88' lang='lat' dir='ltr'><strong>charitatis</strong></span> <span class='ocrx_word' id='word_1_530' title='bbox 3212 1973 3369 2029; x_wconf 91' lang='lat' dir='ltr'><strong>fonte</strong></span> <span class='ocrx_word' id='word_1_531' title='bbox 3418 1975 3601 2048; x_wconf 89' lang='lat' dir='ltr'><strong>petita</strong></span> 
     </span>
    </p>
   </div>
   <div class='ocr_carea' id='block_1_75' title="bbox 1958 2058 3601 2137">
    <p class='ocr_par' dir='ltr' id='par_1_75' title="bbox 1958 2058 3601 2137">
     <span class='ocr_line' id='line_1_75' title="bbox 1958 2058 3601 2137; baseline 0.005 -24"><span class='ocrx_word' id='word_1_532' title='bbox 1958 2063 2122 2125; x_wconf 90' lang='lat' dir='ltr'><strong>sunt,</strong></span> <span class='ocrx_word' id='word_1_533' title='bbox 2152 2062 2209 2113; x_wconf 91' lang='lat' dir='ltr'><strong>et</strong></span> <span class='ocrx_word' id='word_1_534' title='bbox 2258 2075 2326 2112; x_wconf 84' lang='lat' dir='ltr'><strong>ex</strong></span> <span class='ocrx_word' id='word_1_535' title='bbox 2378 2058 2583 2114; x_wconf 88' lang='lat' dir='ltr'><strong>eodem</strong></span> <span class='ocrx_word' id='word_1_536' title='bbox 2635 2058 2791 2114; x_wconf 80' lang='lat' dir='ltr'><strong>fonte</strong></span> <span class='ocrx_word' id='word_1_537' title='bbox 2839 2065 3177 2116; x_wconf 86' lang='lat' dir='ltr'><strong>manarunt.</strong></span> <span class='ocrx_word' id='word_1_538' title='bbox 3208 2061 3319 2117; x_wconf 91' lang='lat' dir='ltr'><strong>Mei</strong></span> <span class='ocrx_word' id='word_1_539' title='bbox 3350 2064 3601 2137; x_wconf 90' lang='lat' dir='ltr'><strong>benigne</strong></span> 
     </span>
    </p>
   </div>
   <div class='ocr_carea' id='block_1_76' title="bbox 1960 2145 3083 2218">
    <p class='ocr_par' dir='ltr' id='par_1_76' title="bbox 1960 2145 3083 2218">
     <span class='ocr_line' id='line_1_76' title="bbox 1960 2145 3083 2218; baseline 0.002 -16"><span class='ocrx_word' id='word_1_540' title='bbox 1960 2163 2249 2203; x_wconf 88' lang='lat' dir='ltr'><strong>memores</strong></span> <span class='ocrx_word' id='word_1_541' title='bbox 2279 2145 2449 2218; x_wconf 90' lang='lat' dir='ltr'><strong>cupio</strong></span> <span class='ocrx_word' id='word_1_542' title='bbox 2474 2162 2575 2202; x_wconf 92' lang='lat' dir='ltr'><strong>vos</strong></span> <span class='ocrx_word' id='word_1_543' title='bbox 2604 2145 2792 2203; x_wconf 90' lang='lat' dir='ltr'><strong>valere</strong></span> <span class='ocrx_word' id='word_1_544' title='bbox 2823 2147 3083 2204; x_wconf 91' lang='lat' dir='ltr'><strong>feliciter.</strong></span> 
     </span>
    </p>
   </div>
   <div class='ocr_carea' id='block_1_77' title="bbox 2503 2261 3049 2320">
    <p class='ocr_par' dir='ltr' id='par_1_77' title="bbox 2503 2261 3049 2320">
     <span class='ocr_line' id='line_1_77' title="bbox 2503 2261 3049 2320; baseline 0.007 -5"><span class='ocrx_word' id='word_1_545' title='bbox 2503 2261 2853 2319; x_wconf 79' lang='lat' dir='ltr'><strong>EPISTULA</strong></span> <span class='ocrx_word' id='word_1_546' title='bbox 2890 2263 3049 2320; x_wconf 81' lang='lat' dir='ltr'><strong>XCV.</strong></span> 
     </span>
    </p>
   </div>
   <div class='ocr_carea' id='block_1_78' title="bbox 2541 2368 3015 2409">
    <p class='ocr_par' dir='ltr' id='par_1_78' title="bbox 2541 2368 3015 2409">
     <span class='ocr_line' id='line_1_78' title="bbox 2541 2368 3015 2409; baseline 0.008 -4"><span class='ocrx_word' id='word_1_547' title='bbox 2541 2368 2614 2405; x_wconf 75' lang='lat' dir='ltr'><strong>AD</strong></span> <span class='ocrx_word' id='word_1_548' title='bbox 2645 2368 2676 2406; x_wconf 80' lang='grc' dir='ltr'><strong><em>Η</em></strong></span> <span class='ocrx_word' id='word_1_549' title='bbox 2689 2368 3015 2409; x_wconf 68' lang='grc' dir='ltr'><strong>ΕΗΙΒΟΙᾸΠΙΜ</strong></span> 
     </span>
    </p>
   </div>
   <div class='ocr_carea' id='block_1_79' title="bbox 2524 2442 3053 2515">
    <p class='ocr_par' dir='ltr' id='par_1_79' title="bbox 2524 2442 3053 2515">
     <span class='ocr_line' id='line_1_79' title="bbox 2524 2442 3053 2515; baseline 0.006 -20"><span class='ocrx_word' id='word_1_550' title='bbox 2524 2442 2618 2496; x_wconf 78' lang='lat' dir='ltr'><strong>Ea:</strong></span> <span class='ocrx_word' id='word_1_551' title='bbox 2640 2448 2799 2513; x_wconf 87' lang='lat' dir='ltr'><strong>parte</strong></span> <span class='ocrx_word' id='word_1_552' title='bbox 2817 2443 3053 2515; x_wconf 72' lang='lat' dir='ltr'><strong>reginae.</strong></span> 
     </span>
    </p>
   </div>
   <div class='ocr_carea' id='block_1_80' title="bbox 2033 2547 3607 2625">
    <p class='ocr_par' dir='ltr' id='par_1_80' title="bbox 2033 2547 3607 2625">
     <span class='ocr_line' id='line_1_80' title="bbox 2033 2547 3607 2625; baseline 0.006 -21"><span class='ocrx_word' id='word_1_553' title='bbox 2033 2549 2097 2605; x_wconf 88' lang='lat' dir='ltr'><strong>In</strong></span> <span class='ocrx_word' id='word_1_554' title='bbox 2124 2548 2360 2605; x_wconf 89' lang='lat' dir='ltr'><strong>nomine</strong></span> <span class='ocrx_word' id='word_1_555' title='bbox 2389 2548 2621 2604; x_wconf 90' lang='lat' dir='ltr'><strong>Domini</strong></span> <span class='ocrx_word' id='word_1_556' title='bbox 2653 2547 2836 2605; x_wconf 91' lang='lat' dir='ltr'><strong>solius</strong></span> <span class='ocrx_word' id='word_1_557' title='bbox 2866 2553 2923 2607; x_wconf 91' lang='lat' dir='ltr'><strong>et</strong></span> <span class='ocrx_word' id='word_1_558' title='bbox 2946 2551 3384 2625; x_wconf 88' lang='lat' dir='ltr'><strong>omnipotentis.</strong></span> <span class='ocrx_word' id='word_1_559' title='bbox 3400 2556 3607 2615; x_wconf 87' lang='lat' dir='ltr'><strong>Irmin-</strong></span> 
     </span>
    </p>
   </div>
   <div class='ocr_carea' id='block_1_81' title="bbox 1960 2638 3606 2716">
    <p class='ocr_par' dir='ltr' id='par_1_81' title="bbox 1960 2638 3606 2716">
     <span class='ocr_line' id='line_1_81' title="bbox 1960 2638 3606 2716; baseline 0.007 -22"><span class='ocrx_word' id='word_1_560' title='bbox 1960 2638 2390 2710; x_wconf 87' lang='lat' dir='ltr'><strong>drudis,ipsius</strong></span> <span class='ocrx_word' id='word_1_561' title='bbox 2419 2638 2607 2711; x_wconf 88' lang='lat' dir='ltr'><strong>gratia</strong></span> <span class='ocrx_word' id='word_1_562' title='bbox 2626 2638 2952 2707; x_wconf 86' lang='lat' dir='ltr'><strong>ordinante,</strong></span> <span class='ocrx_word' id='word_1_563' title='bbox 2969 2641 3172 2714; x_wconf 88' lang='lat' dir='ltr'><strong>regina</strong></span> <span class='ocrx_word' id='word_1_564' title='bbox 3202 2643 3282 2716; x_wconf 84' lang='grc' dir='ltr'><strong>(α)</strong></span> <span class='ocrx_word' id='word_1_565' title='bbox 3294 2644 3606 2705; x_wconf 81' lang='lat' dir='ltr'><strong>Heribuldo</strong></span> 
     </span>
    </p>
   </div>
   <div class='ocr_carea' id='block_1_82' title="bbox 1960 2725 3607 2800">
    <p class='ocr_par' dir='ltr' id='par_1_82' title="bbox 1960 2725 3607 2800">
     <span class='ocr_line' id='line_1_82' title="bbox 1960 2725 3607 2800; baseline 0.006 -17"><span class='ocrx_word' id='word_1_566' title='bbox 1960 2726 2278 2784; x_wconf 89' lang='lat' dir='ltr'><strong>venerabili</strong></span> <span class='ocrx_word' id='word_1_567' title='bbox 2309 2726 2578 2800; x_wconf 90' lang='lat' dir='ltr'><strong>episcopo</strong></span> <span class='ocrx_word' id='word_1_568' title='bbox 2609 2725 2881 2784; x_wconf 88' lang='lat' dir='ltr'><strong>salutem.</strong></span> <span class='ocrx_word' id='word_1_569' title='bbox 2902 2730 3189 2794; x_wconf 82' lang='lat' dir='ltr'><strong>Quoniam</strong></span> <span class='ocrx_word' id='word_1_570' title='bbox 3219 2732 3502 2792; x_wconf 88' lang='lat' dir='ltr'><strong>diuturna</strong></span> <span class='ocrx_word' id='word_1_571' title='bbox 3517 2735 3607 2793; x_wconf 89' lang='lat' dir='ltr'><strong>in-</strong></span> 
     </span>
    </p>
   </div>
   <div class='ocr_carea' id='block_1_83' title="bbox 1965 2815 3611 2898">
    <p class='ocr_par' dir='ltr' id='par_1_83' title="bbox 1965 2815 3611 2898">
     <span class='ocr_line' id='line_1_83' title="bbox 1965 2815 3611 2898; baseline 0.004 -26"><span class='ocrx_word' id='word_1_572' title='bbox 1965 2817 2215 2872; x_wconf 88' lang='lat' dir='ltr'><strong>ﬁrmitas</strong></span> <span class='ocrx_word' id='word_1_573' title='bbox 2246 2819 2477 2889; x_wconf 87' lang='lat' dir='ltr'><strong>gratum</strong></span> <span class='ocrx_word' id='word_1_574' title='bbox 2527 2815 2698 2872; x_wconf 90' lang='lat' dir='ltr'><strong>nobis</strong></span> <span class='ocrx_word' id='word_1_575' title='bbox 2738 2819 2941 2873; x_wconf 66' lang='lat' dir='ltr'><strong>vestra</strong></span> <span class='ocrx_word' id='word_1_576' title='bbox 2986 2819 3313 2879; x_wconf 80' lang='lat' dir='ltr'><strong>sanctitatis</strong></span> <span class='ocrx_word' id='word_1_577' title='bbox 3360 2823 3611 2898; x_wconf 73' lang='lat' dir='ltr'><strong>denegat</strong></span> 
     </span>
    </p>
   </div>
   <div class='ocr_carea' id='block_1_84' title="bbox 1962 2902 3608 2978">
    <p class='ocr_par' dir='ltr' id='par_1_84' title="bbox 1962 2902 3608 2978">
     <span class='ocr_line' id='line_1_84' title="bbox 1962 2902 3608 2978; baseline 0.004 -17"><span class='ocrx_word' id='word_1_578' title='bbox 1962 2904 2342 2976; x_wconf 89' lang='lat' dir='ltr'><strong>colloquium,</strong></span> <span class='ocrx_word' id='word_1_579' title='bbox 2366 2903 2593 2959; x_wconf 89' lang='lat' dir='ltr'><strong>absenti</strong></span> <span class='ocrx_word' id='word_1_580' title='bbox 2625 2902 3391 2978; x_wconf 16' lang='lat' dir='ltr'><strong>scribimusquod‘praasenti</strong></span> <span class='ocrx_word' id='word_1_581' title='bbox 3420 2910 3608 2968; x_wconf 86' lang='lat' dir='ltr'><strong>liben-</strong></span> 
     </span>
    </p>
   </div>
   <div class='ocr_carea' id='block_1_85' title="bbox 1964 2989 3677 3069">
    <p class='ocr_par' dir='ltr' id='par_1_85' title="bbox 1964 2989 3677 3069">
     <span class='ocr_line' id='line_1_85' title="bbox 1964 2989 3677 3069; baseline 0.006 -22"><span class='ocrx_word' id='word_1_582' title='bbox 1964 2991 2086 3047; x_wconf 90' lang='lat' dir='ltr'><strong>tius</strong></span> <span class='ocrx_word' id='word_1_583' title='bbox 2116 2989 2802 3047; x_wconf 87' lang='lat' dir='ltr'><strong>diceremus.Germanus</strong></span> <span class='ocrx_word' id='word_1_584' title='bbox 2830 2995 3019 3048; x_wconf 83' lang='lat' dir='ltr'><strong>vester</strong></span> <span class='ocrx_word' id='word_1_585' title='bbox 3045 2993 3609 3057; x_wconf 86' lang='lat' dir='ltr'><strong>destitutushonori-</strong></span> <span class='ocrx_word' id='word_1_586' title='bbox 3666 3058 3677 3069; x_wconf 69' lang='grc' dir='ltr'><strong> </strong></span> 
     </span>
    </p>
   </div>
   <div class='ocr_carea' id='block_1_86' title="bbox 1967 3078 3611 3151">
    <p class='ocr_par' dir='ltr' id='par_1_86' title="bbox 1967 3078 3611 3151">
     <span class='ocr_line' id='line_1_86' title="bbox 1967 3078 3611 3151; baseline 0.006 -15"><span class='ocrx_word' id='word_1_587' title='bbox 1967 3080 2352 3151; x_wconf 90' lang='lat' dir='ltr'><strong>bus,propter</strong></span> <span class='ocrx_word' id='word_1_588' title='bbox 2379 3078 2646 3135; x_wconf 89' lang='lat' dir='ltr'><strong>homines</strong></span> <span class='ocrx_word' id='word_1_589' title='bbox 2676 3078 2776 3151; x_wconf 90' lang='lat' dir='ltr'><strong>qui</strong></span> <span class='ocrx_word' id='word_1_590' title='bbox 2807 3080 2858 3136; x_wconf 91' lang='lat' dir='ltr'><strong>ei</strong></span> <span class='ocrx_word' id='word_1_591' title='bbox 2890 3080 3157 3138; x_wconf 86' lang='lat' dir='ltr'><strong>famulati</strong></span> <span class='ocrx_word' id='word_1_592' title='bbox 3189 3089 3330 3140; x_wconf 89' lang='lat' dir='ltr'><strong>sunt</strong></span> <span class='ocrx_word' id='word_1_593' title='bbox 3358 3086 3611 3146; x_wconf 70' lang='lat' dir='ltr'><strong>maxime</strong></span> 
     </span>
    </p>
   </div>
   <div class='ocr_carea' id='block_1_87' title="bbox 1972 3167 3608 3247">
    <p class='ocr_par' dir='ltr' id='par_1_87' title="bbox 1972 3167 3608 3247">
     <span class='ocr_line' id='line_1_87' title="bbox 1972 3167 3608 3247; baseline 0.006 -22"><span class='ocrx_word' id='word_1_594' title='bbox 1972 3168 2200 3236; x_wconf 85' lang='lat' dir='ltr'><strong>anxius,</strong></span> <span class='ocrx_word' id='word_1_595' title='bbox 2242 3171 2453 3224; x_wconf 85' lang='lat' dir='ltr'><strong>nostrae</strong></span> <span class='ocrx_word' id='word_1_596' title='bbox 2500 3167 2735 3240; x_wconf 91' lang='lat' dir='ltr'><strong>pietatis</strong></span> <span class='ocrx_word' id='word_1_597' title='bbox 2786 3185 2954 3241; x_wconf 90' lang='lat' dir='ltr'><strong>opem</strong></span> <span class='ocrx_word' id='word_1_598' title='bbox 2997 3171 3253 3242; x_wconf 82' lang='lat' dir='ltr'><strong>expetiit,</strong></span> <span class='ocrx_word' id='word_1_599' title='bbox 3287 3176 3608 3247; x_wconf 83' lang='lat' dir='ltr'><strong>conﬁdens,</strong></span> 
     </span>
    </p>
   </div>
   <div class='ocr_carea' id='block_1_88' title="bbox 1970 3258 3611 3330">
    <p class='ocr_par' dir='ltr' id='par_1_88' title="bbox 1970 3258 3611 3330">
     <span class='ocr_line' id='line_1_88' title="bbox 1970 3258 3611 3330; baseline 0.006 -17"><span class='ocrx_word' id='word_1_600' title='bbox 1970 3262 2105 3330; x_wconf 91' lang='lat' dir='ltr'><strong>post</strong></span> <span class='ocrx_word' id='word_1_601' title='bbox 2135 3258 2340 3325; x_wconf 89' lang='lat' dir='ltr'><strong>Deum,</strong></span> <span class='ocrx_word' id='word_1_602' title='bbox 2374 3261 2575 3313; x_wconf 88' lang='lat' dir='ltr'><strong>nostra</strong></span> <span class='ocrx_word' id='word_1_603' title='bbox 2599 3274 2774 3328; x_wconf 90' lang='lat' dir='ltr'><strong>opera</strong></span> <span class='ocrx_word' id='word_1_604' title='bbox 2804 3274 2866 3314; x_wconf 91' lang='lat' dir='ltr'><strong>se</strong></span> <span class='ocrx_word' id='word_1_605' title='bbox 2896 3258 3250 3318; x_wconf 85' lang='lat' dir='ltr'><strong>calamitatis</strong></span> <span class='ocrx_word' id='word_1_606' title='bbox 3280 3263 3611 3323; x_wconf 86' lang='lat' dir='ltr'><strong>molestiam</strong></span> 
     </span>
    </p>
   </div>
   <div class='ocr_carea' id='block_1_89' title="bbox 1968 3345 3609 3423">
    <p class='ocr_par' dir='ltr' id='par_1_89' title="bbox 1968 3345 3609 3423">
     <span class='ocr_line' id='line_1_89' title="bbox 1968 3345 3609 3423; baseline 0.006 -20"><span class='ocrx_word' id='word_1_607' title='bbox 1968 3363 2309 3413; x_wconf 86' lang='lat' dir='ltr'><strong>evasurum;</strong></span> <span class='ocrx_word' id='word_1_608' title='bbox 2333 3362 2528 3418; x_wconf 91' lang='lat' dir='ltr'><strong>quem,</strong></span> <span class='ocrx_word' id='word_1_609' title='bbox 2545 3345 2720 3402; x_wconf 87' lang='lat' dir='ltr'><strong>solita</strong></span> <span class='ocrx_word' id='word_1_610' title='bbox 2749 3350 3207 3406; x_wconf 79' lang='lat' dir='ltr'><strong>mansuetudine</strong></span> <span class='ocrx_word' id='word_1_611' title='bbox 3239 3352 3609 3423; x_wconf 80' lang='lat' dir='ltr'><strong>miserantes,</strong></span> 
     </span>
    </p>
   </div>
   <div class='ocr_carea' id='block_1_90' title="bbox 1968 3435 3611 3515">
    <p class='ocr_par' dir='ltr' id='par_1_90' title="bbox 1968 3435 3611 3515">
     <span class='ocr_line' id='line_1_90' title="bbox 1968 3435 3611 3515; baseline 0.006 -23"><span class='ocrx_word' id='word_1_612' title='bbox 1968 3435 2461 3508; x_wconf 84' lang='lat' dir='ltr'><strong>Opportunitatem</strong></span> <span class='ocrx_word' id='word_1_613' title='bbox 2509 3435 2623 3491; x_wconf 93' lang='lat' dir='ltr'><strong>Deo</strong></span> <span class='ocrx_word' id='word_1_614' title='bbox 2674 3435 2965 3508; x_wconf 59' lang='lat' dir='ltr'><strong>praebente</strong></span> <span class='ocrx_word' id='word_1_615' title='bbox 3012 3439 3285 3511; x_wconf 89' lang='lat' dir='ltr'><strong>cupimus</strong></span> <span class='ocrx_word' id='word_1_616' title='bbox 3312 3442 3611 3515; x_wconf 85' lang='lat' dir='ltr'><strong>adjuvare.</strong></span> 
     </span>
    </p>
   </div>
   <div class='ocr_carea' id='block_1_91' title="bbox 1965 3521 3617 3604">
    <p class='ocr_par' dir='ltr' id='par_1_91' title="bbox 1965 3521 3617 3604">
     <span class='ocr_line' id='line_1_91' title="bbox 1965 3521 3617 3604; baseline 0.007 -27"><span class='ocrx_word' id='word_1_617' title='bbox 1965 3524 2182 3581; x_wconf 83' lang='lat' dir='ltr'><strong>Verum</strong></span> <span class='ocrx_word' id='word_1_618' title='bbox 2215 3528 2279 3578; x_wconf 91' lang='lat' dir='ltr'><strong>ut</strong></span> <span class='ocrx_word' id='word_1_619' title='bbox 2309 3523 2366 3579; x_wconf 91' lang='lat' dir='ltr'><strong>in</strong></span> <span class='ocrx_word' id='word_1_620' title='bbox 2395 3521 2607 3596; x_wconf 88' lang='lat' dir='ltr'><strong>palatio</strong></span> <span class='ocrx_word' id='word_1_621' title='bbox 2637 3526 2791 3582; x_wconf 74' lang='lat'><strong>144</strong></span> <span class='ocrx_word' id='word_1_622' title='bbox 2811 3525 3129 3585; x_wconf 88' lang='lat' dir='ltr'><strong>voluntatis</strong></span> <span class='ocrx_word' id='word_1_623' title='bbox 3160 3534 3369 3588; x_wconf 67' lang='lat' dir='ltr'><strong>nostra)</strong></span> <span class='ocrx_word' id='word_1_624' title='bbox 3382 3536 3617 3604; x_wconf 64' lang='lat' dir='ltr'><strong>prasto-</strong></span> 
     </span>
    </p>
   </div>
   <div class='ocr_carea' id='block_1_92' title="bbox 1966 3612 3615 3694">
    <p class='ocr_par' dir='ltr' id='par_1_92' title="bbox 1966 3612 3615 3694">
     <span class='ocr_line' id='line_1_92' title="bbox 1966 3612 3615 3694; baseline 0.006 -25"><span class='ocrx_word' id='word_1_625' title='bbox 1966 3613 2075 3670; x_wconf 91' lang='lat' dir='ltr'><strong>lari</strong></span> <span class='ocrx_word' id='word_1_626' title='bbox 2107 3612 2291 3686; x_wconf 91' lang='lat' dir='ltr'><strong>possit</strong></span> <span class='ocrx_word' id='word_1_627' title='bbox 2318 3613 2608 3680; x_wconf 75' lang='lat' dir='ltr'><strong>effectum,</strong></span> <span class='ocrx_word' id='word_1_628' title='bbox 2643 3613 2962 3671; x_wconf 90' lang='lat' dir='ltr'><strong>suademus</strong></span> <span class='ocrx_word' id='word_1_629' title='bbox 3004 3632 3076 3671; x_wconf 91' lang='lat' dir='ltr'><strong>ne</strong></span> <span class='ocrx_word' id='word_1_630' title='bbox 3121 3620 3441 3692; x_wconf 84' lang='lat' dir='ltr'><strong>gravemini</strong></span> <span class='ocrx_word' id='word_1_631' title='bbox 3482 3622 3615 3694; x_wconf 86' lang='lat' dir='ltr'><strong>ejus</strong></span> 
     </span>
    </p>
   </div>
   <div class='ocr_carea' id='block_1_93' title="bbox 1969 3700 3616 3778">
    <p class='ocr_par' dir='ltr' id='par_1_93' title="bbox 1969 3700 3616 3778">
     <span class='ocr_line' id='line_1_93' title="bbox 1969 3700 3616 3778; baseline 0.007 -20"><span class='ocrx_word' id='word_1_632' title='bbox 1969 3700 2352 3776; x_wconf 85' lang='lat' dir='ltr'><strong>indigentiam</strong></span> <span class='ocrx_word' id='word_1_633' title='bbox 2366 3700 2593 3757; x_wconf 86' lang='lat' dir='ltr'><strong>collatis</strong></span> <span class='ocrx_word' id='word_1_634' title='bbox 2605 3702 2950 3759; x_wconf 90' lang='lat' dir='ltr'><strong>necessariis</strong></span> <span class='ocrx_word' id='word_1_635' title='bbox 2960 3708 3077 3761; x_wconf 90' lang='lat' dir='ltr'><strong>tem</strong></span> <span class='ocrx_word' id='word_1_636' title='bbox 3082 3711 3388 3778; x_wconf 87' lang='lat' dir='ltr'><strong>perare.Cu</strong></span> <span class='ocrx_word' id='word_1_637' title='bbox 3395 3710 3616 3771; x_wconf 85' lang='lat' dir='ltr'><strong>menim</strong></span> 
     </span>
    </p>
   </div>
   <div class='ocr_carea' id='block_1_94' title="bbox 1969 3789 3615 3869">
    <p class='ocr_par' dir='ltr' id='par_1_94' title="bbox 1969 3789 3615 3869">
     <span class='ocr_line' id='line_1_94' title="bbox 1969 3789 3615 3869; baseline 0.005 -22"><span class='ocrx_word' id='word_1_638' title='bbox 1969 3790 2153 3848; x_wconf 89' lang='lat' dir='ltr'><strong>soleat</strong></span> <span class='ocrx_word' id='word_1_639' title='bbox 2180 3795 2371 3846; x_wconf 88' lang='lat' dir='ltr'><strong>vestra</strong></span> <span class='ocrx_word' id='word_1_640' title='bbox 2391 3789 2634 3863; x_wconf 86' lang='lat' dir='ltr'><strong>largitas</strong></span> <span class='ocrx_word' id='word_1_641' title='bbox 2655 3790 2989 3849; x_wconf 89' lang='lat' dir='ltr'><strong>ministrare</strong></span> <span class='ocrx_word' id='word_1_642' title='bbox 3018 3794 3313 3866; x_wconf 88' lang='lat' dir='ltr'><strong>postulata</strong></span> <span class='ocrx_word' id='word_1_643' title='bbox 3339 3799 3615 3869; x_wconf 84' lang='lat' dir='ltr'><strong>externis,</strong></span> 
     </span>
    </p>
   </div>
   <div class='ocr_carea' id='block_1_95' title="bbox 1969 3878 3619 3955">
    <p class='ocr_par' dir='ltr' id='par_1_95' title="bbox 1969 3878 3619 3955">
     <span class='ocr_line' id='line_1_95' title="bbox 1969 3878 3619 3955; baseline 0.005 -20"><span class='ocrx_word' id='word_1_644' title='bbox 1969 3880 2144 3935; x_wconf 88' lang='lat' dir='ltr'><strong>etiam</strong></span> <span class='ocrx_word' id='word_1_645' title='bbox 2175 3895 2452 3951; x_wconf 85' lang='lat' dir='ltr'><strong>germano</strong></span> <span class='ocrx_word' id='word_1_646' title='bbox 2483 3878 2768 3953; x_wconf 88' lang='lat' dir='ltr'><strong>indigenti</strong></span> <span class='ocrx_word' id='word_1_647' title='bbox 2799 3896 2916 3938; x_wconf 87' lang='lat' dir='ltr'><strong>non</strong></span> <span class='ocrx_word' id='word_1_648' title='bbox 2934 3882 3065 3939; x_wconf 88' lang='lat' dir='ltr'><strong>sine</strong></span> <span class='ocrx_word' id='word_1_649' title='bbox 3095 3899 3199 3955; x_wconf 88' lang='lat' dir='ltr'><strong>spe</strong></span> <span class='ocrx_word' id='word_1_650' title='bbox 3230 3884 3437 3942; x_wconf 70' lang='lat' dir='ltr'><strong>divinas</strong></span> <span class='ocrx_word' id='word_1_651' title='bbox 3454 3889 3619 3943; x_wconf 88' lang='lat' dir='ltr'><strong>retri-</strong></span> 
     </span>
    </p>
   </div>
   <div class='ocr_carea' id='block_1_96' title="bbox 1969 3967 3615 4044">
    <p class='ocr_par' dir='ltr' id='par_1_96' title="bbox 1969 3967 3615 4044">
     <span class='ocr_line' id='line_1_96' title="bbox 1969 3967 3615 4044; baseline 0.005 -20"><span class='ocrx_word' id='word_1_652' title='bbox 1969 3968 2228 4024; x_wconf 92' lang='lat' dir='ltr'><strong>butionis</strong></span> <span class='ocrx_word' id='word_1_653' title='bbox 2278 3968 2432 4023; x_wconf 90' lang='lat' dir='ltr'><strong>idem</strong></span> <span class='ocrx_word' id='word_1_654' title='bbox 2481 3967 2635 4023; x_wconf 86' lang='lat' dir='ltr'><strong>valet</strong></span> <span class='ocrx_word' id='word_1_655' title='bbox 2681 3973 2994 4041; x_wconf 83' lang='lat' dir='ltr'><strong>praestare:</strong></span> <span class='ocrx_word' id='word_1_656' title='bbox 3028 3973 3184 4044; x_wconf 90' lang='lat' dir='ltr'><strong>quod</strong></span> <span class='ocrx_word' id='word_1_657' title='bbox 3234 3973 3400 4030; x_wconf 84' lang='lat' dir='ltr'><strong>facile</strong></span> <span class='ocrx_word' id='word_1_658' title='bbox 3431 3977 3615 4034; x_wconf 86' lang='lat' dir='ltr'><strong>sacris</strong></span> 
     </span>
    </p>
   </div>
   <div class='ocr_carea' id='block_1_97' title="bbox 1970 4055 3614 4129">
    <p class='ocr_par' dir='ltr' id='par_1_97' title="bbox 1970 4055 3614 4129">
     <span class='ocr_line' id='line_1_97' title="bbox 1970 4055 3614 4129; baseline 0.004 -15"><span class='ocrx_word' id='word_1_659' title='bbox 1970 4062 2435 4114; x_wconf 89' lang='lat' dir='ltr'><strong>monstraremus</strong></span> <span class='ocrx_word' id='word_1_660' title='bbox 2465 4055 2733 4129; x_wconf 88' lang='lat' dir='ltr'><strong>eloquiis,</strong></span> <span class='ocrx_word' id='word_1_661' title='bbox 2750 4058 2863 4115; x_wconf 90' lang='lat' dir='ltr'><strong>nisi</strong></span> <span class='ocrx_word' id='word_1_662' title='bbox 2879 4058 3031 4116; x_wconf 87' lang='lat' dir='ltr'><strong>ultro</strong></span> <span class='ocrx_word' id='word_1_663' title='bbox 3048 4076 3117 4117; x_wconf 90' lang='lat' dir='ltr'><strong>ea</strong></span> <span class='ocrx_word' id='word_1_664' title='bbox 3129 4060 3291 4117; x_wconf 90' lang='lat' dir='ltr'><strong>vobis</strong></span> <span class='ocrx_word' id='word_1_665' title='bbox 3306 4078 3614 4121; x_wconf 75' lang='lat' dir='ltr'><strong>occurram</strong></span> 
     </span>
    </p>
   </div>
   <div class='ocr_carea' id='block_1_98' title="bbox 1969 4146 3617 4221">
    <p class='ocr_par' dir='ltr' id='par_1_98' title="bbox 1969 4146 3617 4221">
     <span class='ocr_line' id='line_1_98' title="bbox 1969 4146 3617 4221; baseline 0.003 -19"><span class='ocrx_word' id='word_1_666' title='bbox 1969 4146 2297 4211; x_wconf 90' lang='lat' dir='ltr'><strong>credemus,</strong></span> <span class='ocrx_word' id='word_1_667' title='bbox 2348 4149 2407 4200; x_wconf 89' lang='lat' dir='ltr'><strong>et</strong></span> <span class='ocrx_word' id='word_1_668' title='bbox 2454 4149 2664 4200; x_wconf 78' lang='lat' dir='ltr'><strong>nostrae</strong></span> <span class='ocrx_word' id='word_1_669' title='bbox 2709 4151 3028 4218; x_wconf 61' lang='lat' dir='ltr'><strong>vestraque</strong></span> <span class='ocrx_word' id='word_1_670' title='bbox 3066 4164 3326 4221; x_wconf 62' lang='lat' dir='ltr'><strong>persons</strong></span> <span class='ocrx_word' id='word_1_671' title='bbox 3374 4149 3617 4207; x_wconf 80' lang='lat' dir='ltr'><strong>habere-</strong></span> 
     </span>
    </p>
   </div>
   <div class='ocr_carea' id='block_1_99' title="bbox 1970 4231 3610 4308">
    <p class='ocr_par' dir='ltr' id='par_1_99' title="bbox 1970 4231 3610 4308">
     <span class='ocr_line' id='line_1_99' title="bbox 1970 4231 3610 4308; baseline 0.004 -20"><span class='ocrx_word' id='word_1_672' title='bbox 1970 4250 2105 4289; x_wconf 88' lang='lat' dir='ltr'><strong>mus</strong></span> <span class='ocrx_word' id='word_1_673' title='bbox 2152 4231 2703 4288; x_wconf 89' lang='lat' dir='ltr'><strong>considerationem.</strong></span> <span class='ocrx_word' id='word_1_674' title='bbox 2752 4233 3077 4305; x_wconf 88' lang='lat' dir='ltr'><strong>lmpendite</strong></span> <span class='ocrx_word' id='word_1_675' title='bbox 3122 4234 3305 4308; x_wconf 90' lang='lat' dir='ltr'><strong>igitur</strong></span> <span class='ocrx_word' id='word_1_676' title='bbox 3349 4236 3610 4295; x_wconf 84' lang='lat' dir='ltr'><strong>debitum</strong></span> 
     </span>
    </p>
   </div>
   <div class='ocr_carea' id='block_1_100' title="bbox 1970 4320 3612 4396">
    <p class='ocr_par' dir='ltr' id='par_1_100' title="bbox 1970 4320 3612 4396">
     <span class='ocr_line' id='line_1_100' title="bbox 1970 4320 3612 4396; baseline 0.004 -18"><span class='ocrx_word' id='word_1_677' title='bbox 1970 4320 2233 4395; x_wconf 89' lang='lat' dir='ltr'><strong>religioni</strong></span> <span class='ocrx_word' id='word_1_678' title='bbox 2265 4324 2321 4376; x_wconf 91' lang='lat' dir='ltr'><strong>et</strong></span> <span class='ocrx_word' id='word_1_679' title='bbox 2344 4320 2762 4377; x_wconf 87' lang='lat' dir='ltr'><strong>necessitudini</strong></span> <span class='ocrx_word' id='word_1_680' title='bbox 2787 4323 3152 4396; x_wconf 82' lang='lat' dir='ltr'><strong>ati‘ectum,et</strong></span> <span class='ocrx_word' id='word_1_681' title='bbox 3171 4325 3231 4381; x_wconf 90' lang='lat' dir='ltr'><strong>in</strong></span> <span class='ocrx_word' id='word_1_682' title='bbox 3249 4323 3612 4385; x_wconf 86' lang='lat' dir='ltr'><strong>orationibus</strong></span> 
     </span>
    </p>
   </div>
   <div class='ocr_carea' id='block_1_101' title="bbox 1970 4409 3149 4470">
    <p class='ocr_par' dir='ltr' id='par_1_101' title="bbox 1970 4409 3149 4470">
     <span class='ocr_line' id='line_1_101' title="bbox 1970 4409 3149 4470; baseline 0 -3"><span class='ocrx_word' id='word_1_683' title='bbox 1970 4410 2154 4467; x_wconf 91' lang='lat' dir='ltr'><strong>nostri</strong></span> <span class='ocrx_word' id='word_1_684' title='bbox 2184 4409 2419 4466; x_wconf 90' lang='lat' dir='ltr'><strong>assidue</strong></span> <span class='ocrx_word' id='word_1_685' title='bbox 2452 4426 2741 4467; x_wconf 85' lang='lat' dir='ltr'><strong>memores</strong></span> <span class='ocrx_word' id='word_1_686' title='bbox 2772 4410 2918 4468; x_wconf 91' lang='lat' dir='ltr'><strong>bene</strong></span> <span class='ocrx_word' id='word_1_687' title='bbox 2944 4411 3149 4470; x_wconf 87' lang='lat' dir='ltr'><strong>valete.</strong></span> 
     </span>
    </p>
   </div>
   <div class='ocr_carea' id='block_1_102' title="bbox 2502 4525 3067 4582">
    <p class='ocr_par' dir='ltr' id='par_1_102' title="bbox 2502 4525 3067 4582">
     <span class='ocr_line' id='line_1_102' title="bbox 2502 4525 3067 4582; baseline 0.002 -2"><span class='ocrx_word' id='word_1_688' title='bbox 2502 4525 2843 4582; x_wconf 80' lang='lat' dir='ltr'><strong>EPISTOLA</strong></span> <span class='ocrx_word' id='word_1_689' title='bbox 2880 4525 3067 4582; x_wconf 88' lang='lat' dir='ltr'><strong>XCVI.</strong></span> 
     </span>
    </p>
   </div>
   <div class='ocr_carea' id='block_1_103' title="bbox 2462 4629 3093 4670">
    <p class='ocr_par' dir='ltr' id='par_1_103' title="bbox 2462 4629 3093 4670">
     <span class='ocr_line' id='line_1_103' title="bbox 2462 4629 3093 4670; baseline 0.003 -2"><span class='ocrx_word' id='word_1_690' title='bbox 2462 4630 2535 4669; x_wconf 74' lang='lat' dir='ltr'><strong>AD</strong></span> <span class='ocrx_word' id='word_1_691' title='bbox 2575 4629 2842 4670; x_wconf 79' lang='lat' dir='ltr'><strong>CAROLUM</strong></span> <span class='ocrx_word' id='word_1_692' title='bbox 2882 4631 3093 4670; x_wconf 75' lang='lat' dir='ltr'><strong>REGEM.</strong></span> 
     </span>
    </p>
   </div>
   <div class='ocr_carea' id='block_1_104' title="bbox 2038 4718 3589 4794">
    <p class='ocr_par' dir='ltr' id='par_1_104' title="bbox 2038 4718 3589 4794">
     <span class='ocr_line' id='line_1_104' title="bbox 2038 4718 3589 4794; baseline 0.001 -16"><span class='ocrx_word' id='word_1_693' title='bbox 2038 4720 2302 4778; x_wconf 91' lang='lat' dir='ltr'><strong>Glorioso</strong></span> <span class='ocrx_word' id='word_1_694' title='bbox 2331 4718 2574 4775; x_wconf 87' lang='lat' dir='ltr'><strong>Domino</strong></span> <span class='ocrx_word' id='word_1_695' title='bbox 2604 4718 3141 4790; x_wconf 67' lang='lat' dir='ltr'><strong>praecellentissimo</strong></span> <span class='ocrx_word' id='word_1_696' title='bbox 3162 4720 3283 4794; x_wconf 84' lang='lat' dir='ltr'><strong>regi</strong></span> <span class='ocrx_word' id='word_1_697' title='bbox 3315 4722 3589 4781; x_wconf 86' lang='lat' dir='ltr'><strong>Caroloin</strong></span> 
     </span>
    </p>
   </div>
   <div class='ocr_carea' id='block_1_105' title="bbox 1966 4806 2881 4884">
    <p class='ocr_par' dir='ltr' id='par_1_105' title="bbox 1966 4806 2881 4884">
     <span class='ocr_line' id='line_1_105' title="bbox 1966 4806 2881 4884; baseline -0.002 -18"><span class='ocrx_word' id='word_1_698' title='bbox 1966 4814 2126 4884; x_wconf 89' lang='lat' dir='ltr'><strong>tegre</strong></span> <span class='ocrx_word' id='word_1_699' title='bbox 2157 4807 2344 4864; x_wconf 82' lang='lat' dir='ltr'><strong>fidelis</strong></span> <span class='ocrx_word' id='word_1_700' title='bbox 2378 4808 2579 4879; x_wconf 91' lang='lat' dir='ltr'><strong>Lupus</strong></span> <span class='ocrx_word' id='word_1_701' title='bbox 2610 4806 2881 4864; x_wconf 89' lang='lat' dir='ltr'><strong>salutem.</strong></span> 
     </span>
    </p>
   </div>
   <div class='ocr_carea' id='block_1_106' title="bbox 2038 4895 3610 4974">
    <p class='ocr_par' dir='ltr' id='par_1_106' title="bbox 2038 4895 3610 4974">
     <span class='ocr_line' id='line_1_106' title="bbox 2038 4895 3610 4974; baseline 0.003 -20"><span class='ocrx_word' id='word_1_702' title='bbox 2038 4899 2182 4955; x_wconf 91' lang='lat' dir='ltr'><strong>Cum</strong></span> <span class='ocrx_word' id='word_1_703' title='bbox 2213 4901 2456 4953; x_wconf 89' lang='lat' dir='ltr'><strong>avestra</strong></span> <span class='ocrx_word' id='word_1_704' title='bbox 2494 4896 2801 4967; x_wconf 88' lang='lat' dir='ltr'><strong>majestate</strong></span> <span class='ocrx_word' id='word_1_705' title='bbox 2852 4895 3205 4971; x_wconf 75' lang='lat' dir='ltr'><strong>digrederer,</strong></span> <span class='ocrx_word' id='word_1_706' title='bbox 3249 4900 3610 4974; x_wconf 67' lang='lat' dir='ltr'><strong>praecepistis</strong></span> 
     </span>
    </p>
   </div>
   <div class='ocr_carea' id='block_1_107' title="bbox 1968 4984 3609 5058">
    <p class='ocr_par' dir='ltr' id='par_1_107' title="bbox 1968 4984 3609 5058">
     <span class='ocr_line' id='line_1_107' title="bbox 1968 4984 3609 5058; baseline 0 -14"><span class='ocrx_word' id='word_1_707' title='bbox 1968 4985 2432 5058; x_wconf 90' lang='lat' dir='ltr'><strong>ut,impendente</strong></span> <span class='ocrx_word' id='word_1_708' title='bbox 2453 4984 2929 5057; x_wconf 88' lang='lat' dir='ltr'><strong>Quadragesima,</strong></span> <span class='ocrx_word' id='word_1_709' title='bbox 2963 4985 3244 5058; x_wconf 89' lang='lat' dir='ltr'><strong>quiddam</strong></span> <span class='ocrx_word' id='word_1_710' title='bbox 3265 4988 3431 5045; x_wconf 86' lang='lat' dir='ltr'><strong>vobis</strong></span> <span class='ocrx_word' id='word_1_711' title='bbox 3468 4989 3609 5046; x_wconf 87' lang='lat' dir='ltr'><strong>diri-</strong></span> 
     </span>
    </p>
   </div>
   <div class='ocr_carea' id='block_1_108' title="bbox 1968 5072 3610 5151">
    <p class='ocr_par' dir='ltr' id='par_1_108' title="bbox 1968 5072 3610 5151">
     <span class='ocr_line' id='line_1_108' title="bbox 1968 5072 3610 5151; baseline 0 -18"><span class='ocrx_word' id='word_1_712' title='bbox 1968 5092 2162 5151; x_wconf 91' lang='lat' dir='ltr'><strong>gerem</strong></span> <span class='ocrx_word' id='word_1_713' title='bbox 2197 5073 2350 5129; x_wconf 90' lang='lat' dir='ltr'><strong>unde</strong></span> <span class='ocrx_word' id='word_1_714' title='bbox 2381 5072 2657 5145; x_wconf 81' lang='lat' dir='ltr'><strong>ceperitis</strong></span> <span class='ocrx_word' id='word_1_715' title='bbox 2678 5074 2934 5129; x_wconf 88' lang='lat' dir='ltr'><strong>fructum</strong></span> <span class='ocrx_word' id='word_1_716' title='bbox 2971 5073 3227 5148; x_wconf 82' lang='lat' dir='ltr'><strong>aliquem</strong></span> <span class='ocrx_word' id='word_1_717' title='bbox 3275 5077 3610 5133; x_wconf 67' lang='lat' dir='ltr'><strong>mdiﬁcatio-</strong></span> 
     </span>
    </p>
   </div>
   <div class='ocr_carea' id='block_1_109' title="bbox 1967 5161 3606 5238">
    <p class='ocr_par' dir='ltr' id='par_1_109' title="bbox 1967 5161 3606 5238">
     <span class='ocr_line' id='line_1_109' title="bbox 1967 5161 3606 5238; baseline -0.001 -16"><span class='ocrx_word' id='word_1_718' title='bbox 1967 5166 2080 5222; x_wconf 92' lang='lat' dir='ltr'><strong>nis.</strong></span> <span class='ocrx_word' id='word_1_719' title='bbox 2111 5168 2449 5219; x_wconf 83' lang='lat' dir='ltr'><strong>Sermonem</strong></span> <span class='ocrx_word' id='word_1_720' title='bbox 2486 5161 2684 5234; x_wconf 89' lang='lat' dir='ltr'><strong>itaque</strong></span> <span class='ocrx_word' id='word_1_721' title='bbox 2722 5162 2870 5219; x_wconf 90' lang='lat' dir='ltr'><strong>beati</strong></span> <span class='ocrx_word' id='word_1_722' title='bbox 2908 5163 3242 5237; x_wconf 82' lang='lat' dir='ltr'><strong>Augustini,</strong></span> <span class='ocrx_word' id='word_1_723' title='bbox 3276 5166 3335 5220; x_wconf 90' lang='lat' dir='ltr'><strong>in</strong></span> <span class='ocrx_word' id='word_1_724' title='bbox 3385 5181 3498 5238; x_wconf 90' lang='lat' dir='ltr'><strong>quo</strong></span> <span class='ocrx_word' id='word_1_725' title='bbox 3532 5165 3606 5237; x_wconf 73' lang='grc' dir='ltr'><strong>(ὑ)</strong></span> 
     </span>
    </p>
   </div>
   <div class='ocr_carea' id='block_1_110' title="bbox 220 5250 3605 5326">
    <p class='ocr_par' dir='ltr' id='par_1_110' title="bbox 220 5250 3605 5326">
     <span class='ocr_line' id='line_1_110' title="bbox 220 5250 3605 5326; baseline -0 -18"><span class='ocrx_word' id='word_1_726' title='bbox 220 5254 360 5321; x_wconf 74' lang='lat' dir='ltr'><strong>lunt,</strong></span> <span class='ocrx_word' id='word_1_727' title='bbox 394 5254 493 5323; x_wconf 77' lang='lat' dir='ltr'><strong>ait,</strong></span> <span class='ocrx_word' id='word_1_728' title='bbox 525 5256 706 5313; x_wconf 78' lang='lat' dir='ltr'><strong>vivere</strong></span> <span class='ocrx_word' id='word_1_729' title='bbox 753 5256 814 5310; x_wconf 80' lang='lat' dir='ltr'><strong>in</strong></span> <span class='ocrx_word' id='word_1_730' title='bbox 856 5253 1089 5321; x_wconf 76' lang='lat' dir='ltr'><strong>Christo,</strong></span> <span class='ocrx_word' id='word_1_731' title='bbox 1115 5253 1542 5326; x_wconf 82' lang='lat' dir='ltr'><strong>persecutionem</strong></span> <span class='ocrx_word' id='word_1_732' title='bbox 1573 5253 1861 5324; x_wconf 81' lang='lat' dir='ltr'><strong>patientur</strong></span> <span class='ocrx_word' id='word_1_733' title='bbox 1958 5251 2199 5326; x_wconf 89' lang='lat' dir='ltr'><strong>jurandi</strong></span> <span class='ocrx_word' id='word_1_734' title='bbox 2231 5250 2717 5307; x_wconf 89' lang='lat' dir='ltr'><strong>consuetudinem</strong></span> <span class='ocrx_word' id='word_1_735' title='bbox 2747 5251 3069 5323; x_wconf 88' lang='lat' dir='ltr'><strong>dissuadet,</strong></span> <span class='ocrx_word' id='word_1_736' title='bbox 3098 5268 3392 5326; x_wconf 86' lang='lat' dir='ltr'><strong>quamque</strong></span> <span class='ocrx_word' id='word_1_737' title='bbox 3416 5250 3497 5308; x_wconf 88' lang='lat' dir='ltr'><strong>sit</strong></span> <span class='ocrx_word' id='word_1_738' title='bbox 3524 5252 3605 5307; x_wconf 87' lang='lat' dir='ltr'><strong>fe-</strong></span> 
     </span>
    </p>
   </div>
   <div class='ocr_carea' id='block_1_111' title="bbox 277 5420 1858 5494">
    <p class='ocr_par' dir='ltr' id='par_1_111' title="bbox 277 5420 1858 5494">
     <span class='ocr_line' id='line_1_111' title="bbox 277 5420 1858 5494; baseline -0.001 -14"><span class='ocrx_word' id='word_1_739' title='bbox 277 5428 362 5493; x_wconf 88' lang='lat' dir='ltr'><strong>(a)</strong></span> <span class='ocrx_word' id='word_1_740' title='bbox 382 5422 688 5481; x_wconf 72' lang='grc' dir='ltr'><strong>Ηενίὁὸιάο.</strong></span> <span class='ocrx_word' id='word_1_741' title='bbox 710 5420 1164 5480; x_wconf 77' lang='lat' dir='ltr'><strong>Antissidorensi</strong></span> <span class='ocrx_word' id='word_1_742' title='bbox 1186 5421 1479 5494; x_wconf 91' lang='lat' dir='ltr'><strong>episcopo,</strong></span> <span class='ocrx_word' id='word_1_743' title='bbox 1500 5421 1669 5493; x_wconf 90' lang='lat' dir='ltr'><strong>cujus</strong></span> <span class='ocrx_word' id='word_1_744' title='bbox 1686 5421 1858 5479; x_wconf 81' lang='lat' dir='ltr'><strong>toties</strong></span> 
     </span>
    </p>
   </div>
   <div class='ocr_carea' id='block_1_112' title="bbox 217 5495 961 5553">
    <p class='ocr_par' dir='ltr' id='par_1_112' title="bbox 217 5495 961 5553">
     <span class='ocr_line' id='line_1_112' title="bbox 217 5495 961 5553; baseline 0 -3"><span class='ocrx_word' id='word_1_745' title='bbox 217 5510 395 5553; x_wconf 78' lang='lat' dir='ltr'><strong>supra</strong></span> <span class='ocrx_word' id='word_1_746' title='bbox 422 5495 578 5552; x_wconf 82' lang='lat' dir='ltr'><strong>facta</strong></span> <span class='ocrx_word' id='word_1_747' title='bbox 605 5495 824 5552; x_wconf 89' lang='lat' dir='ltr'><strong>mentio</strong></span> <span class='ocrx_word' id='word_1_748' title='bbox 854 5498 961 5551; x_wconf 92' lang='lat' dir='ltr'><strong>est.</strong></span> 
     </span>
    </p>
   </div>
   <div class='ocr_carea' id='block_1_113' title="bbox 300 5562 1859 5639">
    <p class='ocr_par' dir='ltr' id='par_1_113' title="bbox 300 5562 1859 5639">
     <span class='ocr_line' id='line_1_113' title="bbox 300 5562 1859 5639; baseline -0.002 -18"><span class='ocrx_word' id='word_1_749' title='bbox 300 5562 607 5639; x_wconf 78' lang='lat' dir='ltr'><strong>b)Jurandi</strong></span> <span class='ocrx_word' id='word_1_750' title='bbox 635 5565 944 5639; x_wconf 80' lang='lat' dir='ltr'><strong>consuetud.</strong></span> <span class='ocrx_word' id='word_1_751' title='bbox 968 5563 1244 5639; x_wconf 78' lang='lat' dir='ltr'><strong>Intelligit</strong></span> <span class='ocrx_word' id='word_1_752' title='bbox 1260 5562 1414 5619; x_wconf 88' lang='lat' dir='ltr'><strong>haud</strong></span> <span class='ocrx_word' id='word_1_753' title='bbox 1440 5562 1614 5639; x_wconf 82' lang='lat' dir='ltr'><strong>dubie</strong></span> <span class='ocrx_word' id='word_1_754' title='bbox 1644 5579 1859 5639; x_wconf 75' lang='lat' dir='ltr'><strong>sermo-</strong></span> 
     </span>
    </p>
   </div>
   <div class='ocr_carea' id='block_1_114' title="bbox 217 5633 1856 5709">
    <p class='ocr_par' dir='ltr' id='par_1_114' title="bbox 217 5633 1856 5709">
     <span class='ocr_line' id='line_1_114' title="bbox 217 5633 1856 5709; baseline -0.002 -15"><span class='ocrx_word' id='word_1_755' title='bbox 217 5633 343 5694; x_wconf 76' lang='lat' dir='ltr'><strong>nem</strong></span> <span class='ocrx_word' id='word_1_756' title='bbox 364 5640 458 5704; x_wconf 85' lang='lat'><strong>28,</strong></span> <span class='ocrx_word' id='word_1_757' title='bbox 488 5638 559 5693; x_wconf 91' lang='lat' dir='ltr'><strong>de</strong></span> <span class='ocrx_word' id='word_1_758' title='bbox 589 5637 783 5695; x_wconf 89' lang='lat' dir='ltr'><strong>verbis</strong></span> <span class='ocrx_word' id='word_1_759' title='bbox 811 5634 1092 5709; x_wconf 86' lang='lat' dir='ltr'><strong>Apostoli.</strong></span> <span class='ocrx_word' id='word_1_760' title='bbox 1118 5633 1464 5707; x_wconf 70' lang='lat' dir='ltr'><strong>Quanquam</strong></span> <span class='ocrx_word' id='word_1_761' title='bbox 1494 5633 1856 5707; x_wconf 85' lang='lat' dir='ltr'><strong>Augustinus</strong></span> 
     </span>
    </p>
   </div>
   <div class='ocr_carea' id='block_1_115' title="bbox 1968 5416 3608 5491">
    <p class='ocr_par' dir='ltr' id='par_1_115' title="bbox 1968 5416 3608 5491">
     <span class='ocr_line' id='line_1_115' title="bbox 1968 5416 3608 5491; baseline -0.002 -14"><span class='ocrx_word' id='word_1_762' title='bbox 1968 5417 2169 5477; x_wconf 90' lang='lat' dir='ltr'><strong>multis</strong></span> <span class='ocrx_word' id='word_1_763' title='bbox 2189 5417 2249 5474; x_wconf 88' lang='lat' dir='ltr'><strong>in</strong></span> <span class='ocrx_word' id='word_1_764' title='bbox 2269 5416 2423 5491; x_wconf 82' lang='lat' dir='ltr'><strong>locis</strong></span> <span class='ocrx_word' id='word_1_765' title='bbox 2448 5418 2709 5491; x_wconf 85' lang='lat' dir='ltr'><strong>disputat</strong></span> <span class='ocrx_word' id='word_1_766' title='bbox 2734 5420 3010 5477; x_wconf 85' lang='lat' dir='ltr'><strong>adversus</strong></span> <span class='ocrx_word' id='word_1_767' title='bbox 3032 5438 3130 5478; x_wconf 92' lang='lat' dir='ltr'><strong>eos</strong></span> <span class='ocrx_word' id='word_1_768' title='bbox 3160 5417 3345 5491; x_wconf 86' lang='lat' dir='ltr'><strong>quiad</strong></span> <span class='ocrx_word' id='word_1_769' title='bbox 3358 5418 3608 5491; x_wconf 87' lang='lat' dir='ltr'><strong>quamli-</strong></span> 
     </span>
    </p>
   </div>
   <div class='ocr_carea' id='block_1_116' title="bbox 1967 5490 3604 5563">
    <p class='ocr_par' dir='ltr' id='par_1_116' title="bbox 1967 5490 3604 5563">
     <span class='ocr_line' id='line_1_116' title="bbox 1967 5490 3604 5563; baseline -0.001 -16"><span class='ocrx_word' id='word_1_770' title='bbox 1967 5492 2064 5547; x_wconf 90' lang='lat' dir='ltr'><strong>bet</strong></span> <span class='ocrx_word' id='word_1_771' title='bbox 2091 5490 2456 5563; x_wconf 81' lang='lat' dir='ltr'><strong>occasione_m</strong></span> <span class='ocrx_word' id='word_1_772' title='bbox 2478 5490 3375 5563; x_wconf 36' lang='lat' dir='ltr'><strong>ju’rant,itemqueadversuseos</strong></span> <span class='ocrx_word' id='word_1_773' title='bbox 3389 5490 3604 5563; x_wconf 82' lang='lat' dir='ltr'><strong>quipe-</strong></span> 
     </span>
    </p>
   </div>
   <div class='ocr_carea' id='block_1_117' title="bbox 1970 5559 3604 5632">
    <p class='ocr_par' dir='ltr' id='par_1_117' title="bbox 1970 5559 3604 5632">
     <span class='ocr_line' id='line_1_117' title="bbox 1970 5559 3604 5632; baseline 0.001 -15"><span class='ocrx_word' id='word_1_774' title='bbox 1970 5563 2173 5632; x_wconf 80' lang='lat' dir='ltr'><strong>ierant.</strong></span> <span class='ocrx_word' id='word_1_775' title='bbox 2210 5560 2350 5616; x_wconf 91' lang='lat' dir='ltr'><strong>Vide</strong></span> <span class='ocrx_word' id='word_1_776' title='bbox 2377 5559 2588 5617; x_wconf 80' lang='lat' dir='ltr'><strong>Jonam</strong></span> <span class='ocrx_word' id='word_1_777' title='bbox 2615 5559 2934 5632; x_wconf 49' lang='lat' dir='ltr'><strong>Aureliani,</strong></span> <span class='ocrx_word' id='word_1_778' title='bbox 2955 5561 3057 5616; x_wconf 92' lang='lat' dir='ltr'><strong>lib.</strong></span> <span class='ocrx_word' id='word_1_779' title='bbox 3079 5576 3116 5616; x_wconf 82' lang='grc' dir='ltr'>ιι</span> <span class='ocrx_word' id='word_1_780' title='bbox 3146 5559 3604 5624; x_wconf 75' lang='lat' dir='ltr'><strong>delnstitutione</strong></span> 
     </span>
    </p>
   </div>
   <div class='ocr_carea' id='block_1_118' title="bbox 1959 5578 2432 5705">
    <p class='ocr_par' dir='ltr' id='par_1_118' title="bbox 1959 5578 2432 5705">
     <span class='ocr_line' id='line_1_118' title="bbox 1990 5578 2432 5617; baseline -0.002 0"><span class='ocrx_word' id='word_1_781' title='bbox 1990 5578 2173 5617; x_wconf 75' lang='lat' dir='ltr'><strong>erant.</strong></span> <span class='ocrx_word' id='word_1_782' title='bbox 2216 5578 2350 5616; x_wconf 80' lang='lat' dir='ltr'><strong>V108</strong></span> <span class='ocrx_word' id='word_1_783' title='bbox 2377 5578 2432 5616; x_wconf 71' lang='grc' dir='ltr'><strong>δ(</strong></span> 
     </span>
     <span class='ocr_line' id='line_1_119' title="bbox 1959 5578 2432 5705; baseline -0.004 -16"><span class='ocrx_word' id='word_1_784' title='bbox 1959 5578 2155 5690; x_wconf 48' lang='lat' dir='ltr'><strong>iaicali</strong></span> <span class='ocrx_word' id='word_1_785' title='bbox 2182 5649 2308 5705; x_wconf 85' lang='lat' dir='ltr'><strong>cap.</strong></span> <span class='ocrx_word' id='word_1_786' title='bbox 2342 5634 2432 5688; x_wconf 77' lang='lat'><strong>25.</strong></span> 
     </span>
    </p>
   </div>
  </div>
