3938 6160
162 358 255 418 585

563 483 717 540 168
770 482 1110 541 EPISTOLA
1151 485 1285 541 CXI.

566 573 641 644 (α)
662 589 737 628 an
757 589 991 630 onmst
1013 589 1290 630 assum.

213 660 528 719 Charissimo
546 676 654 716 suo
667 661 874 730 Odoni,
895 662 1172 718 abbatum
1190 662 1747 735 clarissimo,Lupus

156 751 422 827 plurimam
450 746 734 805 salutemr

210 837 405 912 Magnis
431 841 484 892 et
512 837 840 895 innumeris
870 842 1070 896 vestras
1107 839 1474 896 liberalitatis
1505 840 1749 896 all'ectus

155 926 420 994 beneﬁciis,
468 924 538 992 si,
571 942 720 998 quas
768 926 966 982 animo
1013 928 1255 995 retineo,
1290 927 1511 1001 gratias
1560 926 1748 983 verbis

154 1014 388 1087 explicare
408 1030 663 1083 conarer,
690 1031 805 1070 non
827 1014 1082 1088 epistola:
1103 1016 1314 1085 solum,
1344 1032 1548 1073 verum
1569 1016 1748 1073 etiam

154 1103 415 1161 voluminis
434 1104 674 1160 modum
697 1104 1054 1160 excederem.
1080 1105 1417 1178 Amplitudo
1437 1109 1631 1162 vestra
1650 1122 1751 1161 no-

152 1198 296 1249 stram
314 1191 679 1265 exiguitatem
704 1210 819 1249 non
843 1194 1126 1266 despexit,
1146 1199 1464 1268 egestatem
1486 1195 1749 1251 ubertate

155 1281 297 1338 nimia
337 1281 680 1351 sublevavit;
732 1299 839 1339 nec
871 1282 985 1339 tale
1013 1284 1153 1355 quid
1198 1300 1291 1340 me
1321 1284 1607 1356 suspicari
1639 1301 1748 1340 au-

151 1372 357 1439 dentem,
388 1374 584 1443 utpote
613 1370 784 1444 longe
814 1371 1121 1445 imparem,
1144 1372 1436 1429 fidissima
1464 1372 1575 1430 sibi
1607 1372 1749 1428 ami-

150 1460 255 1516 citia
294 1460 633 1532 coaequavit:
686 1460 859 1532 cujus
890 1478 996 1534 ego
1051 1461 1419 1519 suavissimis
1458 1461 1746 1518 fructibus

149 1549 418 1621 perfruens,
465 1549 705 1606 tametsi
750 1549 1027 1606 facultate
1058 1550 1364 1620 destituor,
1398 1567 1514 1607 non
1546 1550 1747 1628 desino

150 1638 313 1694 anxius
338 1638 602 1694 meditari
634 1638 844 1696 saltem
890 1640 1166 1696 affectum
1198 1641 1314 1697 mei
1343 1640 1526 1697 animi
1555 1639 1744 1697 decla-

147 1743 259 1783 rare.
287 1726 549 1783 Omnium
569 1726 865 1800 siquidem
888 1727 1214 1785 amicorum
1237 1746 1386 1802 quos
1406 1729 1478 1785 ab
1510 1727 1746 1785 ineunte

147 1818 275 1872 aetate
314 1815 499 1872 divina
548 1815 695 1872 mihi
724 1816 911 1889 pietas
960 1816 1210 1874 contulit
1257 1817 1598 1874 firmissime
1643 1834 1747 1875 vos

146 1910 275 1961 teneo
302 1904 603 1978 principes,
640 1923 744 1962 nec
790 1906 1146 1979 cujusquam
1194 1906 1437 1964 alterius
1467 1911 1532 1962 ut
1558 1910 1750 1963 vestra

147 1992 425 2065 dignatione
454 2000 516 2050 et
532 1993 870 2067 largissima
895 1994 1262 2053 humanitate
1286 2013 1380 2052 me
1401 1996 1587 2054 sentio
1607 1996 1749 2053 obli-

145 2085 337 2153 gatum;
365 2084 504 2140 adeo
532 2087 596 2140 ut
620 2100 754 2141 cum
777 2084 898 2140 haec
923 2090 1139 2158 repeto,
1163 2086 1394 2142 ruboris
1415 2084 1747 2143 molestiam

146 2169 554 2245 haudquaquam
585 2172 809 2229 valeam
837 2174 1054 2230 evitare
1079 2192 1094 2243 ;
1126 2178 1301 2247 atque
1330 2192 1518 2232 unum
1547 2192 1613 2231 ac
1633 2175 1749 2232 sin-

144 2258 302 2331 gulare
327 2261 513 2318 fessus
549 2261 775 2334 reperio
809 2261 1110 2332 solatium,
1143 2264 1297 2334 quod
1316 2262 1511 2320 divina
1538 2264 1746 2337 gratia,

144 2364 241 2419 qua
267 2366 349 2406 me
377 2350 525 2406 nihil
560 2350 905 2423 hujusmodi
938 2356 1258 2409 merentem
1291 2353 1350 2407 in
1382 2356 1612 2409 tantum
1635 2352 1752 2410 cul-

144 2452 245 2492 men
271 2440 555 2496 societatis
576 2440 779 2510 evexit,
809 2440 1090 2497 collatura
1119 2441 1289 2498 sitne
1319 2442 1379 2497 in
1402 2447 1750 2515 perpetuum

142 2526 446 2584 erubescam.
478 2531 692 2596 Quaeso
725 2546 797 2586 ne
826 2529 1047 2603 putetis
1079 2548 1172 2586 me
1216 2530 1614 2587 delinimentis
1643 2530 1751 2587 fal-

143 2614 321 2674 lacibus
332 2618 486 2674 vobis
514 2617 787 2691 illudere,
809 2619 1286 2692 quandoquidem
1310 2624 1431 2676 tam
1452 2621 1572 2676 sint
1596 2621 1751 2694 apud

144 2720 213 2760 me
252 2723 362 2778 quas
406 2706 616 2763 leviter
643 2710 821 2781 tango
854 2706 1006 2764 seria
1039 2713 1103 2763 ut
1152 2708 1211 2764 in
1243 2708 1328 2766 eis
1367 2708 1541 2783 digne
1571 2709 1749 2783 expli-

144 2794 303 2850 candis
318 2797 558 2868 quaesita
576 2795 801 2853 laboret
817 2798 1021 2853 oratio.
1040 2797 1127 2854 Ca:
1136 2803 1323 2854 terum
1339 2799 1565 2855 utinam
1580 2799 1753 2856 fallax

144 2882 266 2939 fama
283 2884 595 2959 vulgaverit
619 2886 677 2942 in
699 2886 1005 2959 procinctu
1038 2890 1242 2943 contra
1270 2888 1550 2944 barbaros
1569 2905 1750 2960 quos-

146 2969 249 3026 dam
273 2980 591 3032 vestrorum
622 2974 876 3049 graviter
896 2976 1208 3043 sauciatos,
1237 2976 1297 3032 in
1319 2976 1535 3048 quibus
1556 2978 1753 3033 admo-

146 3058 253 3116 dum
280 3063 550 3121 dilectum
584 3065 755 3121 nobis
784 3065 851 3120 G.
881 3064 1198 3121 lethalibus
1231 3065 1567 3122 confossum
1599 3068 1753 3123 164

144 3149 431 3209 vulneribus
476 3154 581 3210 vix
619 3168 953 3210 evasurum.
989 3153 1137 3210 Hinc
1184 3154 1512 3210 vehementi
1558 3155 1756 3212 dolore

1596 352 2019 416 EPISTOLAZ.

1776 485 1831 559 Α
1860 483 2094 557 plurimi
2147 486 2405 560 lugeant.
2458 488 2825 562 Emptionem
2871 489 3027 558 ferri,
3074 490 3230 563 quod
3272 492 3508 563 propter

1775 1861 1824 1929 B

3385 356 3503 418 586

1857 590 2109 631 messem
2141 581 2267 633 erat
2291 576 2658 647 difﬁcillima,
2693 578 3058 648 distulimus,
3093 577 3282 653 parati
3311 578 3376 634 in
3404 594 3510 635 na-

1855 680 1981 718 vem
2030 681 2209 736 quam
2252 666 2611 723 aedificamus
2640 685 2743 724 vos
2791 668 3067 741 recipere,
3101 668 3217 724 nisi
3265 665 3508 724 naulum

1856 754 2140 809 recusetis
2187 755 2433 811 auferre.
2484 756 2727 829 Dirigite
2766 756 3129 827 impendenti
3158 753 3507 829 Septembri,

1856 839 2104 912 siprius
2152 859 2266 898 non
2316 843 2491 899 fuerit
2543 848 2959 917 opportunum,
3009 845 3509 917 quemadmodum

1856 929 2027 985 nobis
2056 931 2343 1000 convenit,
2378 932 2584 990 fratres
2603 933 2703 1006 qui
2726 934 2912 991 saltus
2934 938 3159 1007 partem
3184 934 3505 1007 assignant.

1857 1016 1932 1087 (b)
1963 1017 2291 1075 Infaustum
2322 1019 2497 1077 etiam
2530 1022 2809 1078 Faustum
2843 1023 3108 1090 afferant,
3142 1025 3199 1078 et
3227 1036 3511 1093 responsa

1856 1105 1927 1161 de
1977 1107 2252 1163 omnibus
2303 1126 2428 1181 qua:
2478 1111 2895 1168 mandaveritis
2941 1110 3189 1167 fideliter
3229 1109 3505 1166 referant.

1854 1193 2086 1251 Persica
2108 1214 2234 1269 quas
2251 1197 2546 1270 pollicitus
2565 1216 2697 1255 sum
2718 1217 2821 1272 per
2839 1214 3161 1267 cursorem,
3186 1215 3361 1272 quem
3374 1197 3504 1269 jam

1854 1282 2000 1339 bene
2028 1286 2401 1357 cognoscitis,
2450 1287 2607 1344 misi.
2640 1290 2720 1345 Ea
2749 1288 2819 1358 si,
2854 1292 2920 1345 ut
2946 1305 3167 1358 vereor,
3195 1286 3501 1354 voraverit,

1852 1372 1940 1428 vel
1970 1372 2024 1427 vi
2046 1374 2159 1429 sibi
2176 1379 2377 1448 erepta
2399 1381 2640 1448 questus
2663 1377 2858 1445 fuerit,
2881 1380 3217 1449 extorquete
3232 1373 3504 1448 precibus

1855 1465 1920 1516 ut
1947 1460 2037 1517 vel
2067 1479 2202 1519 ossa
2231 1465 2442 1536 tradat,
2467 1465 2579 1521 nisi
2602 1469 2799 1522 tamen
2821 1468 2879 1521 et
2898 1466 3028 1539 ipsa
3053 1461 3503 1537 consumpserit,

1854 1553 1919 1606 ut
1940 1551 2514 1622 jucundissimorum
2563 1554 2926 1628 persicorum
2974 1554 3107 1611 sitis
3155 1553 3505 1626 quandoque

1854 1639 2189 1713 participes.

2313 1755 2468 1812 105
2499 1756 2851 1814 EPISTULA
2880 1757 3042 1815 CXII.

2422 1870 2558 1911 ῙΤΕΜ
2577 1872 2651 1912 AD
2673 1872 2938 1912 EUMDEM.

1927 1990 2285 2049 Charissimo
2333 2010 2440 2049 suo
2492 1994 2700 2065 Odoni,
2748 1997 2947 2069 Lupus
2974 1998 3317 2069 perpetuam
3346 1993 3510 2054 salu-

1852 2081 1996 2139 tem.

1926 2170 2125 2243 Nuper
2152 2170 2298 2227 mihi
2330 2170 2553 2229 litteras
2583 2172 2841 2231 redditas
2880 2174 2930 2230 si
2962 2188 3199 2247 possem
3246 2173 3508 2232 divinare

1859 2274 1893 2313 a
1918 2257 2084 2315 vobis
2114 2258 2261 2332 ipsis
2292 2276 2469 2332 quam
2503 2261 2575 2317 ab
2606 2260 2719 2318 alio
2749 2262 3126 2336 compositas,
3158 2262 3506 2320 conveniens

1858 2345 2101 2403 forsitan
2132 2347 2480 2421 reperissem
2510 2366 2880 2422 responsum.
2913 2351 3079 2408 Nune
3109 2350 3385 2425 ambiguo
3405 2352 3508 2408 de-

1858 2436 2121 2507 territus,
2171 2437 2386 2510 quibus
2426 2438 2619 2496 verbis
2648 2440 2734 2496 uti
2781 2440 3026 2510 valeam,
3058 2440 3346 2513 quibusve
3373 2457 3506 2498 sen-

1859 2526 2078 2595 tentiis,
2129 2528 2297 2583 anxie
2326 2545 2543 2602 quaero,
2577 2546 2649 2586 ne
2694 2530 2849 2602 apud
2894 2547 2995 2587 vos
3023 2534 3213 2588 metas
3242 2530 3509 2589 modera-

1859 2615 2039 2671 tionis
2068 2617 2365 2685 excedam,
2389 2618 2868 2690 quandoquidem
2886 2621 3089 2676 vestraa
3109 2635 3368 2693 personas
3393 2619 3511 2677 sin-

1859 2704 2143 2777 gulariter
2189 2705 2334 2761 mihi
2383 2706 2770 2764 consideratio
2820 2708 3043 2780 jugiter
3097 2708 3177 2765 sit
3218 2708 3509 2766 habenda.

1861 2793 2001 2857 Quis
2029 2793 2183 2850 enim
2220 2811 2312 2850 me
2365 2796 2670 2853 ferendum
2711 2796 3027 2867 judicaret,
3060 2796 3111 2853 si
3139 2814 3262 2867 vos,
3294 2796 3510 2869 quibus

1862 2887 2068 2955 praeter
2098 2883 2316 2955 gratias
2346 2884 2603 2956 plurima
2642 2885 2759 2940 imo
2798 2884 2997 2941 omnia
3025 2886 3227 2954 debeo,
3260 2884 3509 2945 sinistrae

1861 2971 2214 3043 suspicionis
2231 2989 2535 3045 arguerem
2551 2976 2574 3029 Ρ
2588 2974 2734 3029 Nam
2753 2973 2803 3029 si
2819 2972 3000 3029 alium
3021 2974 3231 3031 scirem
3251 2972 3508 3047 epistola

1863 3065 2181 3129 auctorem,
2214 3061 2469 3118 cohibito
2499 3062 2698 3120 dolore
2717 3063 2912 3120 doceri
2941 3062 3266 3135 ﬂagitarem
3294 3062 3509 3135 quibus

1862 3150 2099 3206 tandem
2150 3151 2341 3206 modis
2384 3150 2521 3207 fidei
2572 3151 2856 3222 studium,
2898 3150 3119 3225 aperire
3147 3151 3507 3225 praeciperet,

144 3238 677 3317 afﬂictus,0pemque
694 3242 1130 3300 intercessionis
1147 3260 1281 3299 cum
1304 3244 1582 3301 fratribus
1604 3245 1751 3303 meis
1780 3232 1823 3299 C
1862 3240 1961 3312 qui
2019 3239 2265 3308 litteras,
2321 3245 2386 3297 ut
2438 3241 2522 3298 ita
2578 3241 2845 3310 dixerim:
2903 3241 3130 3300 08181110
3159 3240 3221 3298 in
3267 3240 3509 3298 veritate

143 3329 462 3401 continuans,
496 3349 685 3405 super
704 3336 857 3389 statu
891 3350 1095 3388 eorum
1118 3334 1292 3405 cupio
1311 3334 1522 3390 vestris
1541 3334 1754 3392 litteris

144 3420 327 3476 mature
370 3421 490 3477 fieri
549 3422 779 3478 certior.
842 3422 1068 3495 Ingenti
1130 3439 1362 3494 quoque
1405 3423 1584 3479 vestri
1615 3441 1754 3480 cura

143 3504 393 3577 sollicitor,
413 3527 555 3567 cum
584 3527 686 3567 vos
715 3509 969 3567 inermes
998 3510 1228 3567 incaute
1251 3512 1311 3566 in
1332 3512 1526 3568 media
1546 3512 1753 3568 discri-

145 3593 269 3652 mina
293 3614 668 3672 prorumpere
681 3599 883 3656 solitos
906 3600 1179 3673 recogito,
1207 3601 1266 3655 in
1289 3618 1415 3672 quae
1430 3601 1753 3674 juvenilem

143 3682 409 3754 agilitatm
439 3688 716 3745 vincendi
742 3688 894 3761 rapit
923 3689 1189 3746 aviditas.
1226 3689 1471 3746 Proinde
1500 3691 1755 3765 benigna

142 3770 393 3833 devotione
422 3778 647 3835 suadeo
669 3781 753 3845 ut,
782 3777 908 3834 sola
930 3779 1313 3852 dispositione
1341 3782 1751 3853 contentique:

142 3862 496 3924 tantummodo
529 3873 726 3924 vestro
746 3868 1043 3940 proposito
1072 3869 1362 3943 congruit,
1387 3875 1644 3927 armatos
1664 3887 1756 3927 ex-

140 3953 271 4022 sequi
295 3958 648 4027 permittatis
679 3957 834 4029 quod
880 3958 1292 4016 instrumentis
1324 3959 1547 4016 bellicis
1576 3961 1751 4033 proﬁ-

138 4041 312 4099 tentur.
356 4046 625 4120 Denique
673 4046 925 4103 multum
958 4047 1187 4119 prolicit
1215 4048 1316 4120 qui
1366 4050 1753 4122 prudentibus

140 4131 356 4190 consiliis
402 4140 805 4209 competenter
849 4135 960 4193 sibi
992 4141 1051 4193 et
1082 4136 1212 4193 aliis
1234 4138 1533 4221 prospicit.
1566 4140 1753 4206 Quare

138 4226 318 4279 servate
358 4242 459 4283 vos
507 4229 705 4282 vestro
747 4225 893 4295 loco,
949 4231 1172 4283 servate
1214 4244 1317 4283 vos
1367 4226 1593 4296 amicis,
1626 4244 1752 4284 ser-

138 4311 236 4365 vate
260 4312 419 4370 bonis
449 4314 754 4386 omnibus,
787 4332 893 4372 nec
922 4314 1303 4372 committatis
1332 4317 1487 4388 quod
1521 4333 1752 4375 mecum

190 4452 250 4521 (α)
270 4455 340 4532 4d
362 4457 603 4532 Orionem
618 4458 884 4532 abbatem.
904 4458 1333 4532 Corbeiensem,
1354 4460 1454 4532 qui
1477 4477 1595 4516 una
1615 4478 1751 4517 cum

141 4516 265 4593 Lupo
290 4526 559 4585 interfuit
587 4530 806 4605 synodo
839 4530 1249 4605 suessionensi
1280 4516 1433 4605 anno
1463 4533 1589 4599 853,
1625 4516 1751 4605 epit-7-

1860 3329 2044 3385 tincto
2092 3330 2466 3403 perscriptas,
2518 3335 2824 3404 suspectas
2852 3336 2973 3388 tam
3004 3331 3391 3389 inverecunde
3417 3330 3506 3386 fe-

1862 3419 2054 3475 cisset.
2089 3420 2205 3490 Ego
2235 3420 2391 3475 enim
2445 3420 2591 3476 nihil
2632 3437 2895 3493 unquam
2926 3421 2999 3477 de
3026 3420 3305 3478 humanis
3331 3419 3507 3477 rebus

1861 3507 2085 3563 homini
2138 3508 2366 3565 locutus
2397 3526 2528 3565 sum
2561 3509 2775 3578 verius,
2836 3509 2984 3566 nihil
3032 3509 3221 3566 amico
3264 3508 3508 3566 revelavi

1862 3597 2089 3669 purius,
2124 3597 2270 3653 nihil
2294 3598 2534 3654 retineri
2563 3597 2789 3655 decrevi
2819 3598 3203 3656 constantius.
3234 3600 3300 3655 In
3332 3597 3507 3655 rebus
3536 3640 3543 3647 ς

1862 3687 1994 3743 aliis
2010 3687 2260 3743 libenter
2278 3688 2581 3743 exercendi
2604 3692 2705 3743 aut
2724 3687 3048 3744 delectandi
3059 3688 3248 3761 gratia
3262 3688 3508 3746 admitto

1862 3776 2129 3832 ridicula.
2164 3776 2339 3833 Porro
2371 3777 2429 3832 in
2452 3777 2811 3849 professione
2831 3777 3119 3847 amicitiae,
3152 3776 3511 3851 contempla-

1861 3867 2018 3922 tione
2046 3867 2192 3922 tanti
2223 3871 2462 3939 tamque
2493 3865 2672 3921 divini
2703 3866 2988 3935 muneris,
3016 3867 3169 3923 seria
3196 3867 3322 3924 sola
3350 3883 3511 3924 com-

1861 3956 2097 4029 plector.
2126 3956 2271 4012 Hinc
2291 3956 2574 4028 quiddam
2597 3959 2763 4012 acute
2791 3956 2864 4012 de
2886 3956 3249 4014 Persicorum
3266 3973 3511 4015 numero

1862 4047 2161 4102 inventum
2184 4046 2591 4119 approbarem,
2613 4044 2664 4102 si
2688 4048 2773 4102 sic
2794 4046 3305 4103 commendaretur
3324 4046 3393 4118 (ο)
3415 4063 3511 4103 su-

1862 4135 2124 4191 blimitas
2168 4133 2471 4207 virginalis
2520 4138 2585 4189 ut
2623 4151 2739 4190 non
2787 4138 3161 4207 sperneretur
3205 4134 3509 4191 humilitas

1861 4223 2208 4296 conjugalis.
2264 4222 2525 4295 Denique
2554 4222 2795 4294 virginis
2832 4222 2990 4279 ﬁlius
3040 4239 3157 4279 non
3186 4223 3359 4279 modo
3390 4238 3507 4278 non

1860 4314 2163 4371 damnavit
2208 4312 2570 4386 conjugium,
2618 4329 2821 4369 verum
2872 4311 3048 4369 etiam
3089 4312 3218 4384 ejus
3248 4311 3506 4381 initium,

1861 4458 2171 4541 quosdam,
2219 4457 2475 4541 quitum
2530 4457 2816 4541 docebant
2863 4455 3157 4541 neminem
3186 4454 3246 4512 in
3302 4454 3507 4540 matri-

1860 4527 2059 4588 monio
2074 4527 2459 4586 constitutum
2474 4600 2481 4602 ξ
2494 4546 2665 4602 posse
2678 4527 2896 4602 salvari
2913 4545 3078 4602 :_quaa_
3101 4528 3260 4602 fuere
3279 4528 3508 4602 semina

136 4606 421 4683 §copusque
452 4598 661 4673 postea
684 4600 796 4683 fuit
818 4601 1262 4683 Bell‘ovacepfi's.
1285 4603 1369 4683 Ad
1402 4619 1535 4658 eum
1558 4598 1754 4677 itaque
1782 4606 1830 4670 D
1861 4604 2147 4683 haereseos
2190 4598 2612 4683 Albigensi'um‘.
2665 4600 2877 4683 contra
2924 4598 3507 4683 Hlalvidiusmn'uptias

132 4669 581 4745 laqepiscopum
614 4676 770 4728 extat
799 4672 1045 4745 epistola
1077 4675 1177 4728 127
1210 4673 1377 4745 Lupi.

188 4686 227 4718 ru
249 4686 581 4794 episcopum
614 4686 770 4728 extat
799 4686 1045 4745 epistula
1077 4686 1173 4728 12]
1210 4686 1291 4727 ιλιι
1339 4691 1377 4727 ι.

188 4736 249 4808 (ὑ)
321 4742 571 4819 [qustum
592 4745 1162 4819 Faysgamﬁeiorum
1186 4691 1613 4817 Apollinarium
1637 4747 1752 4819 epi-

135 4812 426 4937 zgopuran
458 4814 723 4871 secunda
745 4813 1127 4885 Narbonensi,
1153 4819 1219 4871 ut
1237 4812 1397 4889 patet
1418 4834 1486 4872 ex
1507 4812 1753 4889 epistola

183 4895 313 4937 Quen
341 4901 376 4937 1.

136 4891 376 4949 sequenti.

187 4952 244 5031 (ις)
270 4952 593 5031 Sublimitas
637 4958 954 5031 virginalis.
1006 4958 1355 5031 Perstringit
1404 4976 1501 5015 eos
1550 4960 1649 5031 qui
1690 4960 1749 5015 in

134 5019 325 5105 tantum
364 5028 698 5105 _fastigium_
728 5019 984 5105 Evehunt
1029 5019 1444 5105 virginitatem,
1480 5019 1749 5105 utetiam

136 5098 334 5170 nuptias
348 5098 654 5157 damn'eut.
678 5102 1034 5156 Immodicas
1065 5098 1254 5157 inlice
1276 5107 1620 5184 argumento
1643 5103 1753 5159 fuit

135 5156 503 5241 Hleronymus,
537 5172 722 5228 durus
751 5172 927 5228 etiam
961 5173 1241 5229 adversus
1274 5186 1515 5229 unicum
1548 5175 1750 5230 matri-

133 5215 379 5325 monium.
410 5215 503 5325 Et,
518 5243 677 5300 fuere
706 5244 807 5325 qui
837 5243 1235 5325 legitimarum
1271 5245 1619 5325 damnarent
1648 5246 1750 5302 fm-

134 5300 667 5388 derannuptiarum;
720 5300 780 5370 in
829 5300 993 5388 quuos
1026 5319 1291 5371 secutum
1324 5320 1412 5372 est
1454 5300 1749 5373 decretum

132 5378 325 5469 Epncilii
341 5378 720 5469 Gangrensis,
735 5378 893 5469 quod
913 5386 996 5442 eti
1004 5403 1178 5469 psum
1202 5393 1536 5469 renovatum
1552 5394 1753 5469 postea

131 5449 175 5521 9t
198 5449 251 5503 in
278 5449 519 5525 synodi's
567 5449 957 5525 posteriorum
994 5449 1364 5513 saeculorum.
1397 5449 1672 5516 Callistus
1706 5461 1753 5516 II

134 5530 175 5603 in
202 5525 430 5603 concilio
465 5525 774 5603 Tolosano,
809 5530 1149 5603 quod_anno
1177 5530 1318 5603 l-l'l9
1347 5531 1615 5603 habitum
1643 5536 1751 5603 est,

127 5597 504 5675 fpshtanquam
537 5597 943 5675 haereticos—fab
972 5600 1249 5675 Ecclesia_
1270 5601 1408 5673 pelli
1433 5604 1627 5675 jussit,
1655 5602 1755 5675 qui

128 5653 501 5744 legitimarum
527 5653 1072 5728 diastema};
1085 5653 1163 5727 i113
1172 5653 1449 5744 sagas:
1464 5653 1752 5729 ᾖὲὸέεξεῖὶ

128 5744 251 5792 mum
279 5740 431 5795 enim
465 5746 594 5797 erat
620 5744 919 5801 decretum
963 5743 1108 5801 illud
1141 5740 1422 5803 adversus
1453 5745 1757 5805 haereticos

411 5867 679 5934 Pauor"
724 5870 933 5935 CXIX.

1861 4676 2131 4747 aequabat
2170 4668 2511 4747 virginitati.
2561 4673 2722 4738 Quod
2772 4672 2914 4747 adeo
2959 4686 3109 4747 aegre
3138 4668 3273 4747 tulit
3301 4668 3508 4747 Hiero-

1859 4742 2092 4830 nymus,
2118 4751 2183 4829 ut
2212 4742 2448 4830 propter
2474 4744 2624 4830 hanc
2653 4742 3214 4830 excandespentiam,
3238 4743 3378 4800 dum
3397 4745 3508 4801 vir-

1920 4814 2087 4873 nitati
2120 4814 2370 4872 nimium
2397 4816 2570 4882 favet,
2607 4814 2847 4889 nuptias
2880 4815 2953 4889 ad
2970 4818 3287 4889 peccatum
3317 4833 3507 4889 usque

1898 4890 2184 4962 eprimere
2204 4888 2489 4962 videatur,
2501 4885 2807 4962 mulierem
2819 4885 3025 4962 tamdiu
3046 4885 3356 4962 obnoxiam
3377 4885 3507 4945 esse

1859 4956 2252 5017 maledictioni
2291 4964 2347 5014 et
2403 4958 2728 5028 subjectum
2784 4957 2890 5012 viri
2936 4956 3195 5015 dominio
3254 4958 3506 5016 innuens

1857 5033 2119 5105 quandiu
2150 5031 2367 5111 coitum
2399 5028 2638 5111 appetit.
2674 5028 2784 5084 Sed
2815 5033 3013 5086 tamen
3043 5029 3319 5111 Erasmus
3342 5048 3417 5111 ex
3432 5047 3505 5111 eo

1859 5098 2135 5160 excusare
2192 5098 2495 5173 contendit
2537 5098 2960 5173 Hieronymum
3002 5100 3175 5173 quod
3220 5102 3281 5158 in
3339 5102 3504 5160 initio

1856 5175 1991 5231 libri
2022 5177 2301 5230 adversus
2329 5170 2656 5227 Helvidium
2686 5170 2935 5228 testatus
2966 5170 3056 5229 sit‘
3071 5189 3134 5229 se
3166 5190 3281 5230 non
3312 5174 3504 5231 detra-

1858 5247 1995 5303 here
2052 5246 2292 5318 nuptiis,
2342 5261 2478 5299 cum
2532 5242 2736 5318 laudat
2790 5243 3205 5318 virginitatem,
3264 5249 3331 5318 ut
3383 5245 3505 5318 haec

1860 5333 2092 5390 semper
2112 5313 2190 5390 ad
2205 5315 2364 5390 illam
2395 5313 2656 5390 regulam
2678 5314 2797 5371 sint
2817 5313 3155 5390 accipienda
3174 5332 3298 5388 qua:
3318 5316 3375 5370 in
3385 5315 3505 5390 _l_1ac

1859 5385 2855 5468 caus—aduriusdicta—videbuntur
2987 5385 3355 5468 Hieronymo.
3385 5385 3506 5467 Ego

1861 5460 2207 5516 crediderim
2230 5459 2668 5530 Hieronymum,
2694 5462 2758 5513 ut
2778 5463 2902 5515 erat
2919 5457 3121 5515 fervidi
3149 5457 3236 5530 vir
3263 5457 3506 5528 ingenii,

1861 5532 2168 5588 audaciam
2197 5530 2359 5587 illam
2392 5527 2638 5586 Helvidii
2666 5530 2830 5601 ferre
2859 5546 2975 5601 non
3005 5527 3285 5601 potuisse,
3334 5527 3511 5600 atque

1863 5604 2006 5659 adeo
2028 5620 2224 5681 amore
2245 5601 2529 5681 castitatis
2547 5599 2721 5674 paulo
2743 5599 3116 5681 longiusesse
3133 5614 3511 5671 progressum

1862 5691 2039 5753 quam
2058 5674 2336 5753 oportuit.
2362 5671 2566 5753 Quoin—
2578 5688 2787 5753 genere
2800 5671 3263 5753 disputationum
3282 5686 3516 5750 semper

1858 5743 2231 5805 vehementes
2263 5746 2501 5805 fuerunt
2528 5743 2731 5821 magni
2759 5743 2886 5801 viri.

3106 5869 3182 5938 19
