3982 6152
484 328 600 393 587

1496 326 1564 385 B.
1614 327 1679 387 S.
1728 322 1906 386 LUPI
1948 320 2285 384 ABBATIS
2331 321 2923 386 FERRARIENSIS.

3723 324 3821 389 588

483 462 722 537 nuptias
738 460 1121 532 videlicet,(a)
1140 459 1329 533 primo
1350 457 1631 515 miraculo
1653 456 1983 513 illustravit.
2005 455 2130 510 Pla-
2158 454 2215 523 Α
2242 454 2597 511 intolerabili
2626 473 2720 513 me
2750 455 3120 512 incommodo
3159 455 3347 511 divina
3377 454 3550 527 pietas
3576 455 3824 527 liberavit,

485 557 576 611 cet
603 552 757 609 160
788 552 987 624 itaque
1006 567 1071 607 ac
1099 546 1610 605 vehementissime
1640 546 1940 619 virginalis
1985 545 2133 601 inte-

485 643 700 716 gritas;
734 641 837 698 sed
864 658 977 697 non
1000 637 1336 711 despicitur,
1365 653 1438 693 ne
1469 637 1540 692 ab
1572 637 1697 709 ipso
1729 636 1964 708 quidem
1996 634 2131 701 Deo,

487 729 812 804 conjugalis
858 728 1124 785 societas.
1176 727 1307 783 Jam
1356 725 1501 781 illud
1548 742 1722 797 quam
1756 723 2014 797 lepidum
2048 727 2136 780 est

486 818 643 892 quod
676 816 851 889 recipi
904 830 1135 871 mecum
1167 814 1227 869 in
1287 828 1491 870 navem
1550 812 1916 886 imponendae
1972 811 2134 868 vobis

486 903 771 963 mercedis
797 903 1089 960 taxatione
1110 902 1416 975 refugitis'?
1440 902 1550 957 Sed
1581 901 1628 957 si
1652 919 1751 957 vos
1773 900 2136 957 necessitatis

487 991 790 1061 articulus,
841 993 997 1065 quod
1053 992 1319 1048 futurum
1376 990 1642 1058 arbitror,
1704 991 2132 1057 constrinxerit,

487 1098 663 1156 quem
696 1081 1032 1139 offerentem
1049 1086 1168 1137 tam
1201 1079 1521 1136 insolenter
1549 1078 1848 1152 repellitis,
1864 1081 2027 1152 juste
2047 1096 2133 1135 re-

486 1175 790 1228 cusantem
820 1170 1134 1243 prospicite
1156 1186 1227 1225 ne
1248 1169 1621 1241 impudenter
1641 1168 1952 1241 implorare
1973 1185 2137 1242 coga-

489 1260 655 1318 mini.
696 1260 910 1317 Verum
944 1263 1009 1315 ut
1039 1257 1379 1333 gravitatem
1412 1256 1599 1331 stylus
1631 1261 1869 1330 repetat,
1902 1262 2137 1315 strenue

488 1349 829 1424 profligatos
872 1348 1153 1404 barbaros
1199 1351 1255 1402 et
1312 1347 1384 1403 ad
1443 1346 1899 1403 internecionem
1958 1364 2136 1405 caesos

485 1442 683 1495 vestra
709 1436 829 1493 imo
859 1436 960 1492 Dei
999 1435 1212 1491 virtute
1242 1436 1489 1508 gaudeo,
1521 1452 1741 1508 vosque
1770 1435 1929 1508 ipsos
1955 1441 2013 1492 et
2043 1453 2135 1492 ve-

490 1531 644 1584 stros
675 1525 1048 1583 ineﬂ'abiliter
1078 1524 1303 1581 exsulto
1333 1524 1672 1581 discrimine
1702 1525 1998 1595 liberatos,
2032 1543 2137 1582 nec

491 1616 691 1673 minus
720 1613 933 1688 partim
966 1614 1550 1686 admonitos,partim
1582 1619 1868 1687 expertos,
1900 1616 2136 1672 tandem

489 1722 592 1761 vos
651 1704 885 1760 credere
917 1720 1033 1759 non
1087 1707 1305 1759 temere
1352 1704 1646 1758 fortunam
1677 1720 1781 1759 nec
1813 1720 1963 1776 saepe
2011 1708 2138 1760 ten-

489 1794 754 1892 tandam.
786 1797 897 1848 Pro
929 1793 994 1848 G.
1029 1791 1388 1892 reliquisquo
1421 1792 1478 1847 in
1510 1792 1907 1848 defensionem
1940 1794 2139 1866 patria:
2169 1831 2218 1896 B

492 1881 773 1939 sauciatis
803 1898 916 1937 non
950 1881 1313 1938 cessabimus
1342 1899 1541 1954 preces
1571 1883 1813 1937 fundere
1835 1899 2138 1955 quousque

492 1974 685 2028 vestra
742 1969 942 2027 relatio
1001 1970 1343 2043 parvitatem
1405 1975 1663 2026 nostram
1723 1972 1975 2028 sanitate
2023 1971 2141 2027 illis

493 2060 766 2116 restituta
793 2058 1061 2114 laetificet.
1088 2059 1166 2132 (b)
1201 2060 1479 2115 Faustum
1499 2059 1670 2133 dirigi
1694 2060 2000 2132 postulavi,
2024 2077 2139 2115 non

492 2150 563 2222 (ο)
594 2164 769 2221 quem
801 2147 1010 2204 refellit
1031 2149 1415 2220 Augustinus,
1448 2150 1546 2203 sed
1573 2166 1746 2221 quem
1772 2154 1934 2205 notat
1954 2150 2010 2204 in
2037 2156 2139 2206 De-

492 2238 667 2295 cretis
685 2237 761 2310 (ἁ)
782 2237 1071 2294 Gelasius.
1090 2237 1305 2294 Vinum
1324 2239 1487 2293 vobis
1506 2240 1801 2295 mercandi
1827 2256 2025 2295 curam
2052 2240 2145 2295 de-

493 2343 829 2401 posueram,
881 2330 1185 2400 propterea
1232 2329 1385 2400 quod
1420 2329 1816 2400 desperabatis
1864 2328 2141 2401 possibile

492 2416 657 2473 vobis
707 2416 971 2471 futurum
1028 2416 1098 2471 ad
1133 2433 1240 2472 nos
1280 2416 1592 2485 destinare,
1653 2422 1984 2473 nostrorum
2017 2418 2142 2474 dis-

492 2504 692 2562 cordia
733 2509 790 2561 et
836 2504 1220 2561 barbarorum
1266 2505 1617 2577 impediente
1674 2506 1938 2562 audacia.
1992 2510 2140 2573 Quo-

493 2593 654 2651 niam
701 2609 835 2650 vero
885 2593 1102 2649 recenti
1157 2610 1252 2650 me
1308 2593 1665 2651 sollicitastis
1725 2596 2141 2663 admonitione,

494 2698 835 2756 quanquam
890 2681 1195 2738 vindemiae
1250 2682 1405 2756 apud
1461 2700 1567 2739 nos
1598 2701 1713 2740 non
1745 2689 1835 2741 est
1885 2690 2143 2759 quantus

486 2771 822 2844 jactabatur
850 2774 1189 2845 proventus,
1235 2771 1466 2828 vincere
1497 2772 1862 2830 sterilitatem
1888 2776 2025 2831 anni
2061 2775 2144 2832 la-

493 2860 633 2917 bore
663 2861 1033 2926 contendam,
1069 2860 1115 2916 si
1151 2860 1461 2916 consilium
1512 2862 1666 2934 quod
1707 2863 1872 2920 vobis
1902 2865 2145 2922 nuntius

494 2964 663 3006 meus
686 2952 934 3021 exponet
954 2948 1258 3021 placuerit.
1284 2948 1430 3005 Illud
1453 2954 1648 3006 autem
1670 2953 1825 3023 quod
1851 2952 2145 3026 pollicitus

494 3054 626 3094 sum
668 3055 801 3094 cum
834 3038 1118 3107 direxere,
1152 3038 1513 3112 cognoscetis
1546 3044 1766 3112 quanta
1794 3042 2148 3115 proprietate

494 3125 819 3200 intelligam
853 3126 1278 3199 indulgentiam
1311 3128 1589 3199 Apostoli,
1623 3147 1740 3200 qua
1769 3147 1831 3187 se
1862 3131 2146 3189 avidiores

2246 562 2380 600 cum
2413 544 2658 602 molesta
2681 546 2858 602 nimis
2886 549 2945 601 et
2974 545 3249 601 diuturna
3269 544 3438 601 statio
3460 544 3827 617 imponeretur,

2242 635 2467 692 Vestris
2495 635 2692 708 itaque
2722 634 3050 692 innumeris
3096 638 3154 691 et
3183 633 3431 691 assiduis
3457 634 3729 690 beneﬁciis
3755 653 3831 693 me

2242 723 2529 798 imparem
2560 725 2802 780 credens
2834 729 2888 780 et
2920 724 3202 780 conﬁtens
3236 724 3575 795 respondere
3603 719 3835 798 Omnipo-

2243 818 2461 870 tentem
2496 812 2763 887 imploro,
2795 814 2965 885 cujus
2996 828 3235 868 munere
3258 816 3480 867 tantam
3525 817 3577 868 et
3606 812 3659 868 in
3685 830 3764 869 me
3789 821 3835 872 et

2242 903 2304 959 in
2322 919 2526 960 omnes
2541 903 2667 974 opis
2681 906 2914 976 egentes
2934 899 3540 959 estisbenevolentiam
3562 906 3834 963 consecuti.

2245 992 2526 1049 Caeterum
2559 991 2828 1048 homines
2858 991 2971 1047 mei
3005 989 3406 1063 frequentibus
3437 990 3685 1047 exhausti
3704 1009 3839 1066 expe-

2245 1081 2589 1149 ditionibus,
2622 1080 2822 1137 audita
2849 1079 3203 1153 profectione
3235 1078 3455 1134 domini
3485 1080 3629 1153 regis
3655 1080 3839 1137 Britan-

2245 1170 2405 1227 niam
2431 1187 2656 1237 versus,
2681 1174 2739 1226 et
2761 1169 3090 1226 denuntiati
3111 1167 3249 1224 olim
3270 1167 3467 1241 placiti
3489 1168 3726 1240 aliquam
3742 1187 3839 1242 spe-

2247 1264 2443 1315 rantes
2473 1258 2835 1322 dilationem,
2879 1261 3270 1330 poposcerunt
3300 1260 3366 1312 ut
3392 1273 3494 1312 vos
3523 1256 3837 1314 consulerem

2247 1350 2346 1406 ubi
2380 1353 2437 1405 et
2468 1348 2702 1420 quando
2723 1346 2886 1403 vobis
2906 1346 3078 1419 jungi
3101 1346 3397 1402 deberem.
3425 1345 3659 1401 Proinde
3683 1351 3839 1402 vestra

2246 1440 2344 1494 ind
2356 1437 2763 1511 ulgentissima
2779 1435 3098 1492 moderatio
3120 1440 3353 1491 nostras
3375 1435 3613 1491 metiens
3640 1434 3839 1491 difficul-

2246 1533 2395 1585 tates
2426 1527 2701 1600 dignetur
2720 1525 2891 1580 nobis
2913 1524 3122 1580 litteris
3140 1525 3463 1597 exprimere
3483 1524 3720 1596 quandiu
3739 1530 3840 1597 post

2248 1616 2643 1691 praestitutum
2674 1614 2873 1687 placiti
2904 1614 3058 1669 diem
3088 1617 3214 1669 tuto
3237 1612 3454 1669 morari
3478 1613 3763 1686 possimus,
3780 1612 3840 1668 ita

2249 1712 2315 1763 ut
2343 1722 2448 1762 nec
2479 1704 2741 1761 desimus
2771 1702 3006 1776 placito,
3037 1707 3096 1758 et
3115 1702 3336 1774 aliquid
3362 1701 3553 1775 spatii,
3577 1705 3743 1757 vestro
3760 1718 3839 1756 nos

2248 1796 2490 1853 consilio
2507 1799 2762 1867 regente,
2790 1793 3103 1849 lucremur.
3124 1792 3269 1847 Illud
3293 1792 3469 1847 etiam
3494 1808 3561 1847 ne
3581 1790 3838 1847 fastidiatis

2253 1887 2631 1957 subjungere,
2665 1883 2715 1938 si
2748 1884 2971 1954 absque
3001 1881 3258 1955 periculo
3290 1882 3360 1952 (ε)
3384 1881 3686 1953 piratarum
3714 1880 3837 1936 navis

2251 1980 2451 2032 nostra
2477 1990 2791 2045 expensam
2823 1970 3040 2027 vehens
3088 1970 3275 2042 possit
3303 1974 3499 2026 tenere
3528 1985 3740 2025 cursum
3765 1984 3838 2039 per

2250 2067 2604 2137 Sequanam,
2651 2066 2706 2116 et
2755 2061 2890 2115 inde
2942 2076 3046 2132 per
3101 2060 3499 2114 confluentem
3528 2058 3669 2114 168
3709 2057 3834 2112 Isara

2251 2170 2437 2226 usque
2468 2153 2539 2207 ad
2573 2151 2647 2227 (Γ)
2675 2149 2988 2205 Credilium
3021 2148 3312 2221 progredi.
3348 2148 3428 2203 De
3456 2152 3636 2202 vestra
3660 2150 3835 2217 exopta-

2250 2244 2348 2299 bili
2385 2242 2667 2314 sospitate
2696 2256 2874 2311 super
2920 2237 3118 2293 omnia
3156 2236 3499 2309 parvitatem
3530 2251 3701 2291 meam
3728 2233 3835 2289 lati-

2251 2336 2438 2398 ticate,
2472 2329 2704 2402 meique
2735 2328 2983 2401 benigne
3024 2342 3339 2394 memores,
3372 2327 3516 2381 bene
3544 2340 3746 2396 semper
3769 2339 3835 2378 va-

2251 2422 2382 2479 lete.
2490 2456 2497 2462 -

2792 2558 3134 2617 EPISTOLA
3172 2557 3363 2615 CXIV.

2880 2684 2954 2723 AD
3006 2682 3268 2723 EUMDEM.

2324 2866 2661 2925 Clarissimo
2693 2864 2973 2920 abbatum
3019 2862 3335 2931 Ludovico,
3368 2862 3559 2934 Lupus
3586 2857 3839 2932 plurimam

2254 2957 2550 3103 “litigas
2583 3041 2987 3116 frequentibus
3020 3041 3135 3097 imo
3157 3039 3424 3097 assiduis
3443 3037 3713 3097 beneﬁciis
3738 3033 3842 3091 obli-

2256 3142 2428 3213 gaius
2456 3133 2622 3191 doleo
2654 3133 2829 3189 rebus
2858 3147 2951 3186 me
2982 3147 3097 3186 non
3128 3146 3300 3202 posse
3337 3128 3636 3202 rependere
3654 3123 3839 3200 gratias.

494 3214 615 3271 vini
660 3218 934 3270 tuentur:
988 3216 1198 3273 Modico
1244 3218 1371 3271 vino
1418 3224 1565 3273 utere
1613 3220 1659 3289 (I
1710 3220 1842 3274 Tim.
1894 3222 1972 3293 v.)
2023 3222 2143 3277 Cir-
2176 3204 2218 3271 C
2257 3204 2566 3298 {Dropterea
2592 3222 2650 3278 id
2682 3221 2942 3295 proxime
2986 3224 3230 3275 conatus
3274 3235 3418 3275 sum
3449 3216 3645 3274 litteris
3685 3226 3839 3287 agere;

496 3303 786 3376 cumsepti
835 3303 991 3359 enim
1042 3304 1394 3360 conditionis
1445 3306 1807 3375 necessitate,
1840 3326 1955 3365 non
1988 3310 2146 3367 aliud

497 3407 677 3465 quam
709 3409 743 3447 a
764 3407 857 3447 me
875 3391 1122 3448 missum
1142 3392 1376 3448 bibendi
1394 3394 1635 3449 modum
1657 3395 1887 3453 dedisse
1912 3399 2147 3457 nomine

498 3482 647 3536 167
670 3481 898 3538 modici
932 3497 1024 3536 me
1063 3480 1281 3537 sentire
1310 3482 1805 3540 animadvertetis.
1842 3487 2001 3543 Licet
2031 3489 2146 3544 mi-

497 3568 718 3624 naciter
765 3569 1071 3642 epistolam
1120 3570 1578 3638 terminaverim,
1629 3573 1798 3645 cupio
1828 3592 1927 3630 vos
1957 3576 2146 3633 valere

493 3656 757 3712 feliciter.

1032 3773 1379 3830 EPISTOLA
1426 3774 1609 3831 CXIII.

954 3888 1028 3926 AD
1070 3888 1350 3929 LUDOVICU
1360 3891 1401 3928 Μ
1438 3891 1719 3930 ΑΒΒΑἸἙΜ.

561 4009 900 4068 Clarissimo
923 4012 1201 4069 abbatum
1230 4014 1540 4084 Ludovico,
1570 4016 1770 4090 Lupus
1801 4025 2145 4091 praesentem

490 4104 549 4157 et
578 4101 838 4157 futuram
871 4101 1141 4158 salutem.

562 4188 687 4246 Non
743 4189 947 4247 dubito
1000 4190 1265 4247 ubertate
1315 4193 1521 4248 divinae
1572 4194 1767 4265 gratiae
1819 4197 2037 4253 factum
2084 4204 2149 4254 ut

492 4281 687 4336 vestra
716 4278 1050 4336 sublimitas
1073 4296 1211 4336 meae
1237 4280 1559 4337 humilitati
1582 4283 1923 4357 dignaretur
1944 4288 2149 4343 conde-

493 4366 771 4424 scendere
824 4372 1003 4423 etme
1034 4369 1093 4424 in
1126 4368 1521 4442 qualicunque
1570 4372 1892 4429 amicorum
1946 4375 2147 4432 ordine

494 4472 823 4513 numerare.
858 4457 965 4513 Per
994 4476 1094 4513 vos
1141 4457 1296 4513 enim
1331 4465 1388 4514 et
1429 4477 1581 4533 saepe
1612 4460 1755 4517 alias
1787 4468 1843 4518 et
1887 4465 2147 4535 proxime

564 4598 640 4677 (ᾳ)
663 4599 859 4677 Ili-into
881 4601 1170 4677 miraculo.
1209 4600 1506 4677 Hoc_enim
1539 4602 1793 4677 primum
1838 4604 2140 4677 signorum
2174 4573 2220 4638 D

492 4668 629 4742 fecit
675 4668 941 4726 Christus
992 4672 1275 4727 Dominus
1324 4672 1382 4727 in
1427 4668 1647 4742 nuptiis
1690 4668 2044 4742 Chananeus,
2080 4684 2145 4733 ut

492 4691 628 4723 Ieclt
675 4691 941 4726 unnsws
992 4691 1275 4727 uomlnus
1324 4691 1382 4727 1n
1427 4691 1502 4727 nu
1550 4691 1647 4729 uls
1690 4691 2044 4742 unananaaaa,
2080 4691 2141 4733 ut

491 4740 781 4866 Scriptum
802 4746 891 4796 est
912 4742 969 4797 in
1003 4744 1191 4815 capite
1212 4745 1470 4800 secundo
1502 4691 1794 4817 Evangelii
1817 4750 2141 4804 secundum

529 4826 805 4865 oannem.

529 4826 805 4865 oanuem.

567 4880 643 4961 (.b)
672 4883 951 4961 Faustum.
987 4883 1186 4955 Itaque
1219 4902 1563 4961 persuasum
1598 4891 1719 4941 erat
1752 4887 1913 4961 Lupo
1938 4890 2143 4961 Fausti

493 4949 761 5033 Reiensis
794 4969 969 5033 opera
1000 4949 1110 5008 nou
1147 4949 1271 5011 esse
1316 4958 1635 5033 admodum
1681 4949 1861 5033 sana}
1892 4960 2143 5033 ideoque

493 5021 1091 5102 iii/aust‘tinLFuuStum
1110 5042 1240 5080 eum
1266 5028 1575 5098 appellavit
1602 5021 1946 5102 in‘epistola
1976 5021 2145 5102 supe-

491 5092 908 5174 riore1‘lilelius
940 5102 1191 5174 mentem
1222 5092 1388 5174 suam
1414 5092 2009 5174 apei-uitinfepistola
2040 5092 2146 5158 “2

492 5166 551 5244 et
579 5162 705 5244 l2_8,
739 5163 965 5244 inﬁqua
1016 5166 1261 5244 loquens
1295 5171 1365 5223 de
1416 5162 1609 5244 Fausti
1652 5162 1823 5244 istius
1870 5175 2145 5244 operibus

491 5233 1034 5313 CarolumCalvum
1066 5233 1340 5296 admonet
1371 5258 1440 5295 ne
1471 5242 1519 5295 ei
1548 5242 1881 5313 acquiescat
1903 5233 2141 5303 erranti.

491 5304 655 5383 Unde
685 5305 879 5377 colligi
929 5310 1109 5365 ferme
1141 5320 1330 5383 potest
1362 5313 1585 5382 Lupum
1623 5304 1891 5383 abbatem
1945 5316 2142 5372 Ferra-

492 5378 746 5458 riensem
777 5394 904 5458 esse
951 5378 1246 5458 auctorem
1296 5378 1634 5437 Collebtanei
1669 5384 1738 5437 de
1768 5385 1955 5458 tribus
1988 5404 2142 5458 qua:-

492 5448 802 5523 stionibus.
826 5450 959 5523 iNon
992 5452 1155 5508 video
1178 5460 1373 5508 autem
1398 5470 1651 5523 quonam
1679 5455 1848 5509 modo
1876 5448 2146 5514 Collécta—

488 5536 665 5595 neum
696 5520 840 5595 illud
872 5526 1239 5595 essehpossit
1268 5520 1499 5595 abbatis
1530 5523 1720 5585 istius,
1757 5524 1901 5580 liber
1919 5546 2049 5583 vero
2074 5532 2142 5585 de

489 5590 1141 5675 tribusgumstionibus
1172 5595 1261 5675 sit_
1270 5594 1508 5675 alterius
1530 5594 1879 5675 cuiuspiam,
1897 5603 2144 5675 presby-

487 5659 595 5724 teri
626 5659 846 5722 scilicet
870 5664 1217 5743 Moguntini.
1238 5664 1384 5725 Vide
1414 5659 1782 5745 etiamepist.
1811 5659 1991 5729 128‘et
2018 5659 2139 5732 Col-

2257 3333 2361 3372 nec
2392 3312 2621 3370 ruboris
2653 3311 2767 3366 mei
2808 3308 3110 3383 angustias
3141 3306 3554 3381 amplitudinis
3580 3308 3751 3361 vestra
3772 3298 3839 3353 di-

2254 3404 2454 3478 gnatio
2468 3400 2767 3459 fastidivit.
2788 3399 2971 3465 Unde,
2992 3398 3147 3470 quod
3165 3396 3366 3453 solum
3386 3412 3633 3470 possum,
3647 3394 3840 3465 ingenue

2256 3496 2440 3551 fateor
2470 3490 2701 3549 arctiori
2734 3488 3076 3562 parvitatem
3108 3504 3300 3543 meam
3342 3485 3516 3543 debiti
3550 3480 3747 3539 vinculo
3769 3478 3840 3533 de-

2252 3581 2541 3641 vinxistis.
2597 3580 2727 3635 Haec
2758 3583 2875 3634 tam
2909 3577 3119 3650 ingens
3147 3579 3351 3632 vestra
3407 3568 3764 3632 benevolentia
3803 3567 3842 3619 et

2255 3672 2315 3727 in
2366 3686 2458 3727 me
2506 3673 2562 3724 et
2593 3668 2651 3723 in
2682 3683 2906 3734 omnes,
2941 3682 2975 3722 a
3017 3681 3131 3737 quo
3158 3663 3280 3721 solo
3340 3663 3672 3727 infunditur,
3700 3657 3757 3713 ab
3795 3668 3841 3707 eo

2256 3761 2426 3817 credo
2484 3755 2975 3813 remunerabitur.
3025 3755 3161 3821 Nos,
3196 3752 3297 3825 qui
3337 3752 3511 3809 vestri
3553 3753 3672 3823 post
3707 3745 3840 3801 Deum

2254 3848 2609 3921 indigemus,
2644 3843 2937 3901 continuis
2969 3842 3360 3915 petitionibus
3387 3846 3601 3897 aeterna:
3630 3836 3765 3892 illius
3787 3844 3845 3884 re-

2255 3935 2595 3993 tributionis
2624 3937 2938 4007 augmenta
2968 3931 3317 4004 praebemus.
3359 3929 3585 3987 Positus
3614 3928 3665 3982 in
3688 3922 3843 3979 itinere

2256 4026 2514 4099 comperi
2564 4024 2871 4080 dominum
2905 4036 3099 4093 regem
3130 4036 3202 4075 ne
3231 4024 3382 4077 tunc
3413 4019 3636 4092 quidem
3665 4007 3843 4085 quando

2257 4114 2640 4172 constituerat
2668 4113 2738 4166 ad
2771 4127 2874 4166 vos
2904 4125 3223 4165 reversum.
3279 4108 3532 4165 Proinde
3573 4101 3843 4160 dilationem

2257 4202 2657 4277 ﬂagitantibus
2706 4198 3046 4256 hominibus
3092 4197 3261 4264 meis,
3295 4202 3368 4253 ut
3413 4195 3564 4254 soleo
3593 4192 3656 4249 ad
3696 4180 3843 4261 prasi-

2257 4294 2420 4350 dium
2451 4288 2681 4348 consilii
2708 4288 2882 4344 vestri
2913 4287 3184 4359 confugio
3213 4303 3226 4342 :
3263 4287 3421 4359 quod
3454 4285 3535 4341 sic
3563 4293 3733 4355 quaeso
3756 4287 3841 4328 mo-

2256 4380 2564 4445 deramini,
2599 4394 2726 4450 qua:
2759 4376 2902 4432 mihi
2941 4376 3166 4448 agenda
3196 4376 3318 4431 sint
3347 4371 3769 4448 praescribentes,
3794 4362 3840 4412 ιιι

2253 4474 2311 4527 et
2340 4470 2412 4526 ab
2445 4468 2667 4525 otfensa
2721 4468 2884 4521 tutus
2944 4481 3071 4521 esse
3126 4463 3348 4520 valeam
3378 4482 3390 4534 ;
3424 4468 3480 4519 et
3511 4462 3557 4517 si
3585 4460 3638 4514 in
3688 4456 3838 4509 retun-

2253 4614 2580 4669 lectaneum
2614 4608 2673 4664 in
2706 4609 2841 4663 fine.

2618 4661 2841 4755 '5jeféiiii
2870 4680 3233 4750 Augustinus.
3269 4678 3449 4755 IdAest
3474 4676 3725 4755 Faustum

2252 4740 2563 4820 nicbaaiim,
2597 4740 2875 4807 adversus
2907 4740 3082 4821 quem
3118 4755 3306 4805 exstat
3335 4748 3561 4821 insigne
3589 4740 3840 4813 Augustin!

2253 4843 2401 4898 opus
2433 4825 2492 4898 in
2518 4824 2705 4898 libros
2735 4820 3317 4898 xxxmgdistinctum.

2326 4897 2408 4969 (ά)
2440 4895 2704 4969 Gelasius.
2739 4893 2886 4969 Vide
2914 4891 3197 4969 Notasad
3226 4890 3534 4965 epistolam

2324 4956 2398 5038 (ei
2427 4963 2889 5038 Piraterum.uld
2922 4969 3012 5018 est
3066 4956 3554 5038 Normannorum,
3599 4958 3657 5038 ut
3697 4956 3840 5038 ,εξξξξ

2253 5021 2530 5093 diximus.
2584 5034 2730 5107 Nam
2779 5033 2819 5107 i_i
2843 5035 2969 5107 jam
2999 5035 3300 5107 navigare
3341 5021 3624 5107 asperant
3651 5021 3840 5107 adveﬁg

2254 5083 2530 5180 ἒέὶίόὲῖιέ
2548 5083 2746 5180 ηἰὶζέἷξῤ.
2780 5083 2979 5180 i'g'i't'u—g
2997 5083 3297 5180 ίᾶἶεὲὸῖιῖἱιῖ
3329 5083 3493 5159 iga;
3511 5099 3637 5180 85.1.
3652 5083 3841 5180 υιᾷρξξξί

2253 5159 2655 5235 Eib'hRBi’éb'
2686 5159 3154 5244 Fontanellensi;
3183 5175 3243 5230 in
3289 5159 3418 5248 quo
3475 5159 3837 5248 scriptum—ﬁl:

2253 5224 2621 5307 Korrmannos
2655 5247 2836 5319 fuisse
2862 5264 2929 5302 eo
2961 5264 3114 5302 anno
3234 5224 3487 5319 Sequana
3513 5260 3546 5296 a
3573 5224 3715 5319 tertio

2255 5302 2712 5378 65:58}??wa
2754 5302 2925 5373 Nonis
2970 5319 3128 5374 Junii
3170 5302 3285 5373 dies
3310 5302 3578 5372 ‘ducentos
3623 5302 3837 5378 00W"?

2251 5402 2470 5449 sentem.
2529 5380 2672 5445 Vide
2726 5389 3083 5447 Radbertum
3144 5388 3245 5444 lib.
3288 5407 3341 5445 1v
3387 5381 3745 5442 Commentar.
3791 5380 3832 5419 ιο

2253 5460 2516 5520 Threnns
2546 5460 2829 5517 Jeremiac.
3698 5515 3720 5520 _
3790 5504 3813 5515 ..

2323 5515 2804 5605 iiii—Creilgzium.‘
2847 5530 3256 5605 Oppidumuin
3309 5546 3415 5605 ora
3482 5526 3642 5605 Isara“.
3685 5515 3832 5605 ﬁgit:

2250 5576 2425 5736 ζιζἒὲ
2851 5576 3706 5677 ξθοῗῖωὶεο
3729 5576 3839 5642 Cm!

2297 5693 2445 5738 οαιθ.
