3982 6152
175 335 301 396 589

167 558 370 615 efﬁcax
400 555 628 613 molitio
656 556 957 626 statuitur,
973 574 1078 629 pro
1107 555 1333 613 viribus
1354 572 1495 611 mete
1517 555 1822 612 tenuitatis

169 647 406 719 adjutor
431 645 702 702 existam.
737 647 1031 712 Quantum
1064 644 1234 719 cupio
1267 645 1325 701 in
1358 649 1702 717 perpetuum
1732 661 1824 700 va-

166 734 353 792 leatis.

608 826 649 880 I
662 825 763 881 ου
803 823 1160 879 EPISTULA
1197 823 1363 878 CXV.

812 930 886 969 AD
924 929 1170 969 ERCANR.

563 1003 650 1058 Ex
678 1002 778 1060 ϐα.
811 1011 863 1059 et
887 1002 1129 1058 aliorum
1150 1004 1419 1074 personis.

232 1090 728 1148 Reverentissimo
756 1090 991 1164 praesuli
1022 1092 1173 1161 Erc.,
1199 1092 1265 1148 G.
1292 1092 1359 1146 H.
1384 1094 1441 1147 et
1468 1092 1571 1163 Ag.
1600 1090 1673 1163 (b)
1705 1088 1822 1162 epi-

164 1180 321 1254 scopi
349 1184 408 1237 et
440 1180 713 1238 universa
742 1182 1001 1253 synodus
1023 1182 1093 1254 (c)
1114 1182 1271 1253 apud
1294 1179 1605 1236 Murittum
1636 1178 1696 1234 in
1719 1178 1816 1234 Dei
1848 1184 1851 1189 '

167 1269 403 1326 nomine
432 1274 807 1344 congregata,
838 1274 1179 1343 perpetuam
1212 1269 1485 1327 salutem.

228 1359 545 1416 Sanctitati
566 1364 769 1417 vestra:
793 1360 1011 1434 gratias
1035 1360 1266 1434 agimus
1289 1359 1464 1432 quod,
1481 1373 1820 1431 quanquam

162 1448 546 1517 tardiuscule,
570 1452 766 1506 tamen
797 1454 1058 1506 vestrum
1088 1448 1373 1505 vicarium
1405 1447 1701 1505 direxistis
1720 1446 1821 1518 qui

164 1538 391 1611 pondus
425 1537 906 1595 deliberationem
963 1543 1299 1595 nostrarum
1330 1538 1638 1594 nobiscum
1671 1540 1820 1591 exci-

163 1631 342 1701 peret,
373 1627 843 1701 deﬁniendisque
884 1630 1060 1684 rebus
1111 1627 1506 1684 necessarium
1538 1641 1819 1682 conamen

164 1716 484 1773 adhiberet.
505 1717 618 1773 Sed
641 1733 892 1791 persona
912 1722 1106 1773 vestra
1137 1718 1292 1791 apud
1324 1715 1621 1788 simplices
1652 1730 1821 1786 quos-

164 1822 268 1879 que
294 1809 536 1861 tantum
567 1805 824 1880 amplius
854 1807 1201 1863 contulisset
1239 1804 1612 1904 auctoritatis.
1632 1820 1816 1875 quan-
1850 1848 1899 1914 B

166 1899 279 1951 tum
314 1893 593 1968 praecedit
613 1895 688 1967 (ά)
714 1896 877 1969 apice
903 1895 1494 1970 dignitatis.Proinde
1516 1894 1817 1965 quia,pec-

165 1984 300 2040 catis
339 1984 558 2041 nostris
580 1984 963 2053 merentibus,
984 1984 1565 2041 turbulentissimum
1588 1987 1820 2054 tempus

163 2077 264 2139 est,
286 2076 350 2128 et
379 2076 465 2129 tot
494 2074 605 2130 sibi
642 2074 1094 2131 succedentibus
1124 2074 1315 2143 annis,
1335 2074 1684 2130 exuberante
1716 2071 1821 2125 ini-

164 2162 409 2234 quitate,
444 2162 627 2218 defuit
679 2162 925 2219 facultas
972 2163 1301 2220 celebrandi
1351 2166 1720 2226 conventum,
1753 2178 1819 2216 ac

163 2250 308 2325 regis
345 2268 448 2306 cor
476 2252 632 2307 Deus
666 2252 747 2307 ita
778 2251 1028 2308 mollivit
1048 2257 1113 2308 ut
1133 2253 1302 2309 nobis
1323 2251 1580 2324 aliquam
1603 2267 1821 2307 correc-

160 2340 336 2395 tionis
354 2340 670 2415 largiretur
695 2341 1515 2414 opportunitatem,momenta
1538 2357 1669 2394 vero
1690 2338 1816 2393 vitae

162 2433 372 2484 nostrae
405 2428 629 2485 nullam
664 2431 754 2486 sui
786 2430 1073 2487 transitus
1116 2430 1455 2486 dilationem
1506 2428 1815 2501 recipiunt,

163 2533 399 2575 causam
421 2518 607 2592 ipsius
624 2519 854 2575 Domini
878 2519 1062 2575 nostri
1084 2519 1542 2592 haudquaquam
1562 2518 1819 2592 segniter

160 2606 444 2665 debemus
491 2624 716 2678 curare,
756 2626 860 2665 nec
918 2626 1026 2666 nos
1083 2610 1156 2665 ab
1201 2608 1568 2666 exsecutione
1616 2607 1815 2669 ofﬁcii,

161 2697 305 2768 quod
347 2696 573 2769 indigni
606 2697 1002 2770 suscepimus,
1036 2698 1155 2756 ulla
1187 2698 1297 2754 nisi
1332 2697 1399 2771 (ιτ)
1435 2695 1816 2769 impossibili-

159 2786 291 2842 tatis
324 2786 680 2842 necessitate
700 2786 1048 2843 subtrahere
1074 2806 1086 2843 :
1111 2787 1413 2861 quoniam,
1438 2791 1502 2842 ut
1531 2785 1813 2858 scriptum

160 2878 257 2943 est,
290 2875 457 2930 homo
488 2875 630 2931 videt
662 2877 721 2930 in
749 2878 910 2948 facie,
944 2881 1087 2932 Deus
1116 2886 1307 2933 autem
1336 2879 1392 2931 in
1425 2876 1582 2931 corde
1612 2877 1659 2947 (Ι
1683 2875 1811 2943 Reg.

158 2963 259 3035 xw)
288 2981 302 3030 ;
341 2966 443 3035 qui
472 2964 787 3020 redditurus
814 2973 910 3033 est,
963 2970 1029 3020 ut
1060 2966 1196 3021 alibi
1227 2965 1531 3022 verissime
1578 2963 1811 3029 dicitur,

158 3054 456 3126 umeuique
499 3054 801 3110 secundum
848 3071 1013 3128 opera
1059 3072 1160 3111 sua
1206 3055 1409 3127 (Matth.
1458 3056 1595 3123 xvi).
1628 3054 1814 3124 Atque

161 3142 385 3198 utinam
418 3159 973 3217 supererogaremus
1022 3144 1266 3217 aliquid,
1298 3147 1363 3198 ut
1410 3143 1534 3215 ipse
1585 3141 1814 3197 rediens

1659 332 2089 396 EPISTOLIE.

169 467 382 526 dendis
398 471 502 524 aut
519 468 922 541 opprimendis
942 467 1017 540 (ιι)
1037 466 1324 535 barbaris,
1345 466 1674 539 inspirante
1693 470 1825 534 Deo,
1859 476 1912 543 Α

3472 345 3591 406 590

2706 472 2835 495 ὺααὺίν

1929 559 2086 613 I10
2128 558 2313 613 nostri
2345 558 2717 625 detrimenta,
2754 559 2853 614 ubi
2887 559 3108 633 aliquot
3139 562 3411 635 discipuli
3447 565 3594 622 bene

1920 646 2049 717 jam
2076 646 2334 702 instituti
2358 647 2678 704 immatura
2699 653 2887 705 morte
2908 650 3307 722 decesserunt,
3325 669 3594 728 compen-

1930 750 2061 790 sare
2091 734 2327 792 illorum
2360 736 2687 794 eruditione
2717 738 2816 810 qui
2864 738 2953 793 vel
3002 740 3062 794 in
3106 741 3369 812 profectu
3416 744 3592 815 positi

1930 840 2050 879 suae
2083 825 2457 897 profectionis
2496 833 2814 901 augmenta
2860 828 3216 896 desiderant,
3249 831 3336 887 vel
3387 850 3588 892 eorum

1930 911 2030 984 qui
2078 911 2347 969 felicibus
2395 913 2629 971 indiciis
2678 933 2840 989 spem
2888 917 2981 973 sui
3037 919 3352 991 profectus,
3404 922 3588 993 pluri-

1929 1017 2094 1057 mum
2128 1002 2186 1057 id
2218 1003 2389 1059 nobis
2415 1004 2806 1076 cupientibus,
2815 1007 2941 1078 jam
2974 1008 3280 1077 dederunt,
3305 1008 3585 1069 nimirum

1930 1092 2226 1147 crederem
2260 1109 2352 1147 me
2384 1093 2564 1149 totius
2594 1095 2731 1150 boui
2765 1100 3059 1153 auctorem
3112 1103 3232 1153 tam
3286 1099 3585 1158 fructuoso

1927 1182 2246 1252 promereri
2285 1181 2501 1238 labore.
2536 1183 2608 1239 Ut
2638 1199 2774 1258 ergo
2825 1187 3115 1259 particeps
3164 1188 3452 1244 efficiatur
3482 1190 3584 1246 do-

1930 1269 2128 1325 ctrinae
2160 1275 2522 1328 memoratus
2574 1290 2739 1344 puer,
2789 1275 2881 1329 cui
2924 1275 3086 1346 juste
3131 1277 3459 1348 consulitis,
3508 1278 3583 1334 li-

1928 1360 2181 1416 centiam
2214 1364 2271 1415 et
2302 1360 2528 1416 litteras
2558 1362 2651 1417 sui
2694 1362 2871 1419 habet
2919 1364 3198 1438 episcopi,
3231 1367 3587 1438 perducatur

1928 1448 2001 1503 ad
2035 1465 2142 1505 nos
2170 1449 2556 1506 dilectissimo
2586 1451 2850 1525 Remigio
2881 1470 2936 1508 ιν
2967 1454 3090 1509 Kal.
3114 1454 3257 1526 Jul.,
3288 1460 3362 1524 et,
3396 1457 3588 1530 gratia

1928 1535 2031 1592 Dei
2079 1536 2424 1610 opitulante,
2467 1540 2813 1596 conabimur
2860 1558 2992 1597 cum
3043 1542 3175 1600 aliis
3219 1544 3304 1599 illi
3354 1561 3588 1619 quoque

1933 1627 2230 1697 prodesse.

2471 1744 2812 1801 EPISTULA
2852 1747 3034 1803 CXVI.

2055 1856 2372 1896 FRATRIBUS
2412 1858 2481 1896 ex
2520 1859 2791 1899 COENOBIO
2829 1848 2904 1915 (g)
2935 1861 3131 1900 SANCTI
3171 1863 3450 1903 GERMANI.

2000 1983 2230 2039 Sanctis
2271 1984 2537 2057 patribus
2587 1986 2645 2041 in
2702 1989 3057 2045 monasterio
3107 1988 3262 2045 beati
3313 1988 3588 2047 Germani

1928 2070 2045 2127 Deo
2077 2071 2424 2130 excellenter
2454 2074 2865 2144 militantibus,
2901 2077 3118 2149 Lupus,
3153 2077 3310 2133 socia
3339 2095 3584 2152 congre-

1928 2159 2161 2231 gatione
2197 2162 2568 2232 Ferrariensi,
2611 2164 2904 2236 copiosam
2938 2165 2997 2220 in
3030 2166 3277 2222 Domino
3310 2167 3585 2223 silutem.

2000 2249 2244 2322 Semper
2272 2251 2510 2323 quidem
2558 2253 2617 2307 in
2667 2254 3064 2309 cmnobiorum
3111 2259 3445 2311 nostrorum
3476 2255 3585 2312 ha-

1927 2336 2275 2395 bitatoribus
2307 2357 2439 2396 vera
2470 2341 2728 2397 cbaritas
2752 2342 2956 2415 viguit,
2992 2344 3092 2399 sed
3124 2361 3429 2416 nunquam
3462 2350 3581 2401 tam

1927 2428 2100 2484 certis
2133 2428 2364 2484 indiciis
2399 2434 2462 2485 ut
2493 2436 2693 2487 nostro
2718 2435 2979 2504 tempore
3000 2433 3090 2489 sui
3113 2434 3589 2507 magnitudinem

1927 2516 2276 2587 declaravit;
2329 2536 2395 2573 ac
2444 2520 2503 2574 in
2554 2520 2744 2585 nobis,
2806 2521 2853 2576 si
2905 2521 3045 2593 quid
3090 2530 3299 2595 praeter
3348 2523 3585 2579 solitum

1926 2606 2301 2678 exercuisset,
2354 2610 2842 2681 supprimendum
2890 2611 3205 2683 videretur,
3257 2630 3327 2668 ne
3377 2612 3585 2667 imme-

1926 2695 2108 2750 moris
2138 2695 2399 2750 beneficii
2432 2700 2937 2770 exprobrationem
2962 2717 3068 2755 nos
3092 2702 3344 2757 formare
3368 2701 3584 2772 aliquis

1925 2780 2260 2837 aestimaret.
2295 2784 2375 2838 De
2403 2786 2566 2840 vobis
2596 2785 2843 2841 liberum
2897 2788 3066 2843 nobis
3116 2793 3204 2843 est
3256 2790 3579 2860 praesertim

1923 2888 2057 2926 vera
2089 2889 2324 2927 narrare
2355 2874 2425 2926 ad
2459 2873 2665 2929 divina:
2692 2875 2885 2930 laudis
2907 2883 3313 2948 augmentum.
3341 2878 3407 2932 Et
3437 2895 3580 2949 quo-

1926 2960 2081 3014 niam
2101 2961 2491 3016 conﬁdentius
2512 2963 2589 3033 (li)
2611 2969 2845 3035 experta
2869 2964 3191 3021 asserimus
3218 2982 3396 3038 quam
3420 2967 3579 3021 audi-

1923 3052 2004 3116 ta,
2027 3066 2061 3103 a
2090 3048 2437 3122 memetipso
2469 3049 2862 3108 inchoandum
2896 3054 3142 3123 decrevi,
3164 3055 3340 3111 fidem
3372 3072 3579 3128 prepo-

1924 3135 2121 3193 sitioni
2166 3137 2446 3194 facturus.
2481 3139 2624 3195 Cum
2674 3141 2939 3213 proximo
2988 3147 3272 3200 autumno
3322 3143 3574 3217 insignis

157 3234 351 3303 optata
382 3232 649 3289 mercede
677 3231 1024 3290 cumularet.
1060 3235 1137 3307 (Ῑ)
1173 3233 1486 3290 Charitatis
1515 3232 1807 3305 igitur.....
1842 3218 1885 3286 C
1925 3229 1963 3282 1
1981 3229 2072 3282 71
2101 3244 2199 3283 rex
2221 3231 2419 3283 noster
2439 3227 2680 3284 Carolus
2702 3230 2766 3302 (ί)
2786 3231 3228 3289 Autisiodorum
3246 3232 3583 3303 venisset,et

159 3319 366 3377 Caetera
394 3320 608 3377 desunt.

221 3446 291 3517 (α)
316 3447 607 3503 Barbaris.
634 3448 695 3504 Id
718 3452 826 3517 est,
851 3448 1148 3504 Britannis
1173 3466 1185 3504 :
1212 3449 1491 3505 adversus
1522 3447 1630 3503 hos
1651 3447 1808 3503 enim

156 3518 589 3598 expeditionem
615 3518 1095 3598 moliebaturrex
1141 3519 1515 3598 Car_olus,_d_e_
1553 3536 1680 3598 qua
1718 3518 1809 3598 hic

157 3590 378 3715 tingitué'é
401 3594 470 3646 ut
496 3594 657 3663 patet
684 3605 753 3645 ex
781 3590 1027 3664 epistola
1058 3593 1377 3665 superiore.
1412 3591 1554 3646 Vide
1576 3590 1809 3663 episto-

178 3676 268 3714 am
383 3703 397 3715 .
1387 3700 1395 3707 .

178 3676 268 3714 am
298 3676 397 3716 δῦ.
1387 3700 1395 3707 -

220 3733 297 3803 (ὁ)
328 3733 605 3803 Episcopi.
621 3732 728 3796 Qui
761 3731 855 3788 hic
885 3733 1281 3800 nominantur,
1306 3734 1366 3789 hi
1397 3739 1536 3790 sunt
1564 3748 1576 3786 :
1605 3735 1812 3789 Ercan-

157 3802 340 3876 radus
384 3802 755 3876 Parisienisis,
806 3804 1051 3860 Guenilo
1100 3806 1474 3873 Senonensis,
1520 3809 1579 3861 et
1627 3805 1810 3876 Agius

158 3872 612 3948 Aurelianensis.
638 3875 719 3931 De
747 3891 812 3931 eo
835 3880 1027 3948 autem
1054 3877 1152 3948 qui
1175 3877 1369 3933 littera
1388 3878 1433 3931 ll
1454 3872 1810 3948 praenotatus

161 3947 416 4019 est,__non
448 3946 637 4019 audeo
669 3946 1088 4019 pronuntiare.‘
1119 3948 1408 4019 Audacior
1454 3946 1567 4002 l'uit
1615 3947 1664 4002 is
1708 3947 1807 4019 qui

158 4014 781 4089 ediditsuppleme—nta
810 4016 1201 4089 Conciliorum
1233 4018 1452 4074 Galliae.

224 4087 809 4161 (c)_Apud‘Murittzim.
846 4088 979 4144 Loci
1012 4105 1246 4161 nomen,
1280 4090 1339 4145 in
1372 4106 1487 4161 quo
1519 4088 1813 4161 celebrata

157 4163 237 4233 est
293 4158 504 4233 isthiec
560 4160 841 4232 synodus,
894 4160 1151 4233 prodidit
1198 4158 1440 4233 quoque
1476 4160 1650 4216 editio
1690 4160 1809 4233 Du7

157 4227 375 4284 chesnii
411 4246 426 4284 :
462 4227 618 4285 nunc
648 4247 780 4287 vero
810 4227 1192 4287 confirmatur
1216 4227 1566 4288 auctoritate
1596 4231 1810 4287 vetusti

158 4299 394 4365 codicis,
428 4317 568 4355 nam
599 4302 708 4357 hoc
738 4301 863 4357 loco
892 4302 1005 4357 fuit
1032 4302 1241 4358 lacuna
1271 4304 1328 4357 in
1368 4303 1619 4359 editione
1652 4302 1813 4358 Mas-

158 4371 299 4425 soni.
334 4372 517 4427 Recte
548 4376 745 4427 autem
776 4373 1072 4429 existimat
1109 4375 1374 4430 Labbeus
1405 4374 1598 4430 locum
1644 4373 1809 4429 illum

160 4440 335 4517 fuisse
368 4442 433 4497 in
484 4441 720 4517 dioecesi
768 4443 1413 4517 Senonensikeumque
1458 4462 1812 4517 essequam

160 4509 471 4589 Morettutn
514 4512 963 4589 hodie__voeant.
997 4509 1154 4571 Nihil
1203 4509 1359 4589 enim
1406 4509 1703 4589 vulgatius
1751 4517 1809 4571 in

1920 3316 2234 3372 comitatus
2258 3318 2385 3388 eius
2403 3319 2667 3389 proxima
2685 3318 2812 3375 loca
2831 3337 2978 3393 pene
3000 3322 3198 3378 omnia
3216 3326 3579 3420 occupasset,

1920 3439 2297 3521 conveniendi
2326 3442 2397 3495 ad
2431 3442 2719 3521 synodum
2754 3443 3087 3521 facultatem
3122 3464 3237 3502 non
3270 3448 3582 3521 denegaret

1920 3512 2212 3584 princeps,
2246 3511 2622 3637 impudentia:
2654 3531 2721 3570 ac
2753 3514 3120 3588 negligentia:
3152 3522 3349 3573 notam
3382 3511 3578 3574 incur-

1921 3583 2115 3637 rissct.
2148 3582 2260 3637 nisi
2295 3601 2327 3637 a
2400 3585 2687 3637 svnodum
2721 3587 3083 3637 accessisset-
3110 3590 3217 3637 Sed
3254 3589 3347 3637 hic
3378 3595 3573 3637 tamen

1921 3583 2260 3656 risset,nisi
2295 3583 2367 3637 ad
2400 3585 2687 3656 synodum
2721 3583 3083 3643 accessisset.
3110 3590 3219 3645 Sed
3254 3589 3347 3645 hic
3378 3595 3577 3646 tamen

1919 3654 2322 3710 annotandum
2354 3654 2446 3732 est
2471 3656 2743 3732 episcopo
2774 3659 2845 3713 de
2875 3675 2937 3714 se
2970 3661 3249 3716 asserenti
3282 3662 3439 3732 quod
3471 3662 3576 3717 ad-

1919 3675 2322 3710 annonauuum
2354 3675 2440 3709 BSt
2471 3675 2743 3783 PplSCOCFO
2774 3675 2845 3713 ae
2875 3675 2937 3714 se
2970 3675 3249 3716 RSSCI‘GDLI
3282 3675 3439 3732 quoa
3471 3675 3575 3717 ad-

1919 3743 2046 3801 esse
2076 3725 2603 3801 non_possitg_credi
2694 3730 2899 3798 ebore;
2933 3731 3090 3801 quod
3144 3732 3405 3787 indicant
3452 3732 3575 3789 hac

1917 3798 2094 3853 verba
2127 3813 2140 3850 :
2175 3797 2339 3871 Homo
2368 3797 2510 3853 videt
2538 3800 2611 3871 in,
2642 3802 2802 3871 facie,
2838 3797 2979 3856 Deus
3006 3810 3188 3857 autem
3214 3804 3273 3857 in
3302 3803 3483 3870 corde,
3513 3802 3574 3860 id

1921 3872 2008 3924 est
2039 3867 2273 3942 mentiri
2306 3867 2854 3942 potest_episcopus,
2881 3873 3021 3928 dum
3054 3872 3134 3928 ait
3161 3867 3474 3930 inevitabili
3510 3891 3574 3930 se

1921 3938 2270 4021 necessitate
2288 3938 2623 4024 ‘constringi
2657 3938 2742 4024 ne'
2759 3943 2835 4023 ad
2864 3944 3441 4024 synodumpccedat.
3465 3944 3581 4024 Im:

1920 4027 2136 4136 ponere
2167 4010 2402 4081 quidem
2440 4010 2631 4082 potest
2680 4010 3041 4078 hominibus,
3076 4015 3292 4086 quibus
3322 4016 3447 4071 sola
3472 4015 3581 4071 viri

1944 4082 2099 4136 acies
2130 4086 2267 4136 nota
2295 4089 2416 4136 est:
2442 4087 2501 4136 at
2528 4100 2641 4136 non
2675 4084 2812 4136 item
2844 4086 3096 4136 Deo.aui
3128 4086 3391 4136 cordium
3424 4102 3581 4136 scru-

1944 4082 2099 4138 ‘acies
2130 4086 2267 4155 nota
2295 4089 2416 4148 est;
2442 4087 2501 4137 at
2528 4100 2641 4137 non
2666 4084 2812 4155 item
2844 4082 3391 4155 Deo,qui_cordium
3424 4102 3584 4142 scru-

1920 4157 2074 4208 tator
2089 4157 2197 4207 est.
2218 4154 2498 4208 Cmterum
2520 4153 2799 4209 mendacio
2818 4172 2926 4215 non
2959 4153 3208 4211 convenit
3239 4158 3389 4212 labia
3406 4157 3584 4215 pollui

1918 4223 2215 4295 sacerdotis
2237 4227 2340 4295 ;_ut
2368 4223 2425 4295 in
2457 4223 2703 4295 epistola
2734 4227 2794 4279 11
2829 4226 2901 4280 ad
2932 4225 3325 4283 Alexandrum
3344 4223 3416 4283 ΙΙΙ
3445 4227 3585 4283 scri-

1921 4295 2007 4350 bit
2038 4293 2379 4365 Arnulphus
2408 4293 2791 4351 Lexoviensis.

1991 4368 2062 4437 (Γ)
2086 4366 2381 4437 Charitatis
2404 4367 2595 4437 igitur.
2612 4366 2747 4422 Post
2767 4366 2889 4422 haec
2913 4368 3088 4422 verba
3110 4368 3361 4425 arbitror
3379 4369 3584 4425 deesse

1922 4435 2107 4493 unum
2157 4435 2361 4491 folium
2411 4435 2472 4491 in
2518 4437 2694 4493 veteri
2741 4438 2957 4494 codice.
3006 4440 3223 4495 Caetera
3272 4440 3428 4495 enim
3464 4456 3583 4496 non

1924 4509 2441 4582 cohzerent,_neque
2473 4509 2730 4582 profecto
2764 4510 3059 4582 pertinent
3088 4511 3158 4582 ad
3191 4510 3344 4582 hanc
3374 4512 3586 4582 episto-

162 4583 582 4655 manuscriptis
611 4585 1130 4659 codicibus,qu_am
1163 4593 1227 4642 ut
1254 4587 1457 4659 littera:
1484 4578 1602 4643 ovet
1626 4604 1661 4642 u
1694 4604 1815 4659 per-
1846 4580 1897 4648 D
1928 4578 2435 4659 lamsynodicam.
2471 4578 2868 4659 Scribiteﬁim
2915 4580 3053 4659 dein
3084 4581 3279 4659 Lupus
3309 4578 3585 4659 faniiliari

160 4659 500 4723 mutentur;
535 4657 701 4713 utad
762 4656 1176 4723 Pseudoplauti
1233 4658 1547 4723 Querulum
1599 4656 1821 4714 notavit

161 4675 500 4723 mutentur;
535 4675 701 4713 utan
762 4675 985 4713 rseuao
1032 4675 1176 4713 lauti
1233 4675 1547 4723 UUCPOlum
1599 4675 1818 4714 novavit

161 4721 361 4801 [etrus
393 4725 619 4801 Daniel,
652 4730 729 4801 et
776 4744 883 4784 nos
913 4675 1051 4784 aligi
1088 4730 1447 4785 monuimus.
1484 4730 1686 4801 Itaque
1715 4746 1818 4801 pro

159 4795 453 4873 Morinum,
487 4798 664 4873 scribi
697 4811 929 4873 quoque
961 4801 1149 4871 potuit
1179 4800 1483 4856 Murittum.
1517 4795 1817 4873 Synodum

196 4883 327 4993 υἷι-ἑ)
350 4867 518 4923 illam
543 4867 732 4926 fuisse
746 4867 1008 4926 habitam
1031 4889 1184 4927 anno
1206 4874 1312 4927 850
1333 4867 1642 4928 admonuit
1664 4873 1817 4928 idem

196 4954 231 4992 a
313 4954 445 4993 eus.

313 4954 445 4995 8118.

228 5008 302 5080 (ἀ)
332 5010 496 5081 Apice
523 5010 833 5086 dignitatis.
858 5012 942 5086 0b
964 5011 1072 5068 hoc
1104 5013 1383 5086 nimirum
1418 5016 1570 5085 quod
1605 5015 1819 5086 episco-

163 5094 267 5149 pus
297 5086 458 5137 esset
489 5082 654 5138 urbis
684 5082 877 5154 regice.
907 5083 1309 5139 Reverentiam
1341 5082 1499 5141 enim
1531 5082 1727 5157 episco
1772 5086 1821 5142 is

163 5149 283 5206 suis
316 5151 637 5209 conciliant
656 5152 1038 5211 amplissimae
1060 5154 1345 5211 civitates.
1366 5157 1690 5211 praesertim
1711 5104 1819 5211 iiiis

162 5149 283 5206 suis
316 5151 637 5228 conciliant
656 5149 1038 5226 amplissimae
1060 5154 1345 5228 civitates,
1366 5149 1690 5228 praesertim
1711 5149 1819 5212 illa:

163 5236 287 5296 quae.
320 5224 516 5296 capita
546 5224 861 5296 regnorum
893 5241 1023 5282 esse
1052 5224 1397 5282 meruerint.

230 5294 799 5369 (e)1rripo_ssibilitati§
842 5299 1175 5353 necessitate.
1210 5297 1433 5369 Quippe
1482 5299 1725 5355 vetustis
1755 5316 1822 5355 ac

162 5366 589 5442 recentiOribus
620 5367 837 5442 regulis
868 5369 1258 5424 constitutum
1294 5366 1430 5442 erat
1478 5376 1543 5424 ut
1588 5388 1658 5442 ne
1690 5371 1823 5442 quis

163 5435 478 5515 episcopus
510 5438 582 5493 ad
614 5435 905 5515 synodum
946 5435 1821 5515 vocatus“adessemeglige'ret,

164 5506 275 5584 nisi
301 5506 967 5584 propter‘necessitatem
992 5510 1430 5584 imbecillitatis.
1448 5506 1717 5584 Synodiis
1736 5506 1826 5567 ve-

161 5578 593 5659 ro‘Agathensis
607 5580 784 5659 etiam
795 5582 1196 5659 praeceptionis
1209 5578 1824 5659 regizeexciisationem

168 5646 401 5705 admitti
435 5646 1346 5727 prmcepit._Qiiare,nisimorbus
1378 5654 1584 5727 ingens
1613 5653 1829 5727 episcoj

160 5733 307 5796 pum
339 5735 579 5800 peregre
609 5723 897 5800 proﬁcisci
927 5723 1279 5805 prohiberet,
1306 5729 1364 5785 et
1394 5723 1719 5791 si'libera'm
1742 5724 1828 5786 illi

1931 4651 2167 4725 cuidam
2192 4666 2327 4725 _suo_,
2346 4655 2410 4704 ut
2436 4651 2811 4725 manifestum
2825 4656 2949 4725 _est_.
2966 4651 3583 4725 Itaque—fragmentum

1931 4722 2094 4777 istud
2117 4719 2370 4797 epistola:
2393 4721 2677 4797 synodica:
2702 4719 3131 4797 distinximus'a
3148 4719 3413 4796 sequenti
3430 4725 3586 4797 frag-

1928 4790 2306 4848 mento.lllud
2333 4790 2565 4868 interim
2588 4794 2994 4868 admonemus,
3012 4790 3404 4868 fragmentum
3425 4790 3583 4852 istu'd

1928 4868 2291 4938 postremum
2353 4862 2580 4938 diverso
2634 4862 3205 4938 c_haractere,_eoque
3256 4867 3581 4938 minutiori,

1929 4933 2215 5017 scriptum
2247 4933 2465 5017 esscin
2496 4934 2674 5017 veteri
2702 4934 2938 5017 codice;
2972 4933 3193 5017 licet-is-
3218 4953 3452 5017 quoque
3479 4933 3587 5017 an;

1927 5005 2432 5092 tiquissimusnsit,
2466 5010 2523 5092 et
2553 5006 2815 5086 ejusdem
2865 5006 3021 5092 haud
3055 5005 3253 5063 dubie‘
3279 5005 3583 5092 temporis.

1930 5075 2065 5142 Quae
2097 5093 2275 5148 causa
2292 5075 2413 5148 fuit
2438 5080 2500 5130 ut
2530 5075 2859 5148 superiores
2890 5077 3144 5135 editores
3176 5096 3293 5136 non
3324 5075 3590 5139 animad-

1928 5151 2219 5220 verterent
2244 5146 2340 5201 hic
2369 5146 2566 5202 delieri
2599 5146 2843 5220 aliquid.

1932 5219 2076 5345 M(g)
2108 5218 3107 5299 S..Germani.Autissiodorensis,ut
3135 5221 3389 5279 habebat
3409 5220 3585 5277 editio

1993 5306 2210 5345 assoni.

1993 5306 2210 5345 8580111.

2004 5362 2083 5433 (h)
2115 5362 2355 5433 Experto
2390 5377 2555 5433 quam
2584 5362 2793 5419 audita.
2825 5363 3000 5420 Juxta
3028 5363 3173 5420 illud
3207 5362 3540 5420 Plautinum
3572 5378 3587 5417 :

1997 5474 2117 5542 Plus
2145 5474 2288 5542 valet
2317 5474 2560 5542 oculatus
2590 5478 2740 5542 testis
2770 5491 2911 5527 unus
2940 5492 3097 5542 quam
3129 5477 3288 5542 auriti
3318 5475 3529 5542 decem.

1996 5537 2095 5595 Qui
2131 5536 2376 5598 audiunt,
2412 5538 2592 5587 audita
2623 5541 2814 5589 sciunt.
2846 5536 3173 5599 Qui'vident,
3206 5539 3363 5602 plane
3394 5540 3592 5592 sciunt.

2090 5660 2716 5749 Aytigiodorumﬁaroli
2726 5662 2882 5749 galvi
2901 5663 2971 5717 ad
2981 5664 3188 5717 ventus
3207 5662 3593 5749 ad'civitatem

1934 5733 2505 5797 Autissiodorensem
2524 5734 2767 5813 contigit
2779 5749 2845 5792 eo
2862 5738 2977 5791 tem
2983 5748 3121 5809 pore
3140 5750 3253 5812 quo
3269 5735 3594 5803 Ludovicus
