3956 6160
469 318 587 379 591

1466 316 1536 376 Β.
1585 318 1649 377 S.
1701 315 1951 377 LUPUS
1997 316 2571 377 FERRARIENSIS
2615 314 2885 376 ABBAS.

3683 318 3778 377 592

474 452 713 524 egentes
740 446 978 522 hospitii
1010 464 1111 503 vos
1142 445 1514 519 potissimum
1545 447 1848 504 adeundos
1873 447 2127 503 credidi-
2155 449 2211 516 Α
2238 453 2297 505 et
2324 447 2732 505 universaliter
2759 444 2924 504 utilis
2942 445 3350 518 estjudieatus.
3365 446 3611 503 Praeterea
3625 454 3783 505 vestra

475 557 630 597 mus.
654 540 770 595 Nec
801 554 903 611 spe
932 542 1134 595 nostra
1161 536 1312 605 falsi,
1336 538 1594 594 ofﬁciose
1625 555 1833 594 sumus
1863 537 2121 610 excepti;

475 634 533 686 et
564 627 866 702 publicum
894 631 1154 683 vestrum
1182 626 1511 682 convictum
1533 626 1688 699 regio
1722 627 2008 683 famulatu
2027 644 2126 683 no-

479 718 570 775 bis
601 718 835 792 penitus
865 716 1181 783 adimente,
1209 732 1559 788 quacunquc
1590 716 1733 773 hora
1758 715 1909 772 elabi
1941 716 2127 788 potui-

480 820 1011 879 mus,nequaquam
1029 804 1326 861 sensimus
1340 803 1845 877 importunitatem
1866 809 2125 861 nostram

477 896 644 954 vobis
676 895 835 952 oneri
868 893 1182 952 exstitisse.
1217 894 1530 967 Postquam
1563 910 1665 967 per
1712 893 2127 950 cbarissimum

478 984 875 1059 propinquum
906 983 1237 1056 Remigium
1270 988 1328 1040 et
1364 983 1767 1057 gratissimum
1799 983 2127 1039 auditorem

479 1090 679 1130 meum
704 1072 1057 1129 Fridilonem
1078 1073 1373 1129 sanctitati
1395 1077 1599 1128 vestra:
1621 1072 2132 1141 satisfecimus,os-

476 1163 778 1219 tendentes
807 1165 1007 1217 votum
1038 1165 1326 1228 nostrum,
1342 1162 1557 1234 quibus
1580 1161 1748 1217 reniti
1770 1178 1886 1217 non
1907 1161 2141 1219 valeba.

478 1268 633 1320 mus,
667 1252 944 1307 mandata
973 1250 1125 1323 regis
1157 1250 1269 1305 alio
1313 1267 1492 1323 quam
1522 1250 1803 1307 vellemus
1849 1256 2127 1311 avertere.

478 1340 827 1409 Discessuri,
848 1354 920 1396 ne
940 1340 1159 1413 gratias
1181 1339 1418 1411 quidem
1442 1339 1501 1394 in
1525 1343 1812 1396 conventu
1844 1341 2132 1397 referendi

480 1430 709 1504 copiam
724 1428 1350 1501 habuimus,quoniam
1366 1445 1560 1485 moras
1578 1446 1782 1486 omnes
1804 1430 2130 1487 deferenda:

482 1520 556 1592 (a)
588 1518 897 1592 legationis
927 1517 1372 1591 impossibilitas
1401 1518 1720 1574 auferebat.
1744 1519 1901 1576 Unde
1933 1520 1993 1576 in
2025 1521 2135 1576 hac

483 1612 647 1681 parte
678 1611 1030 1663 memoratos
1075 1606 1515 1663 amantissimos
1547 1608 1753 1663 fratres
1784 1608 1968 1665 vicem
2000 1626 2136 1665 nos-

483 1701 635 1753 tram
659 1696 900 1768 implere
920 1696 1354 1752 obsecravimus
1383 1698 1568 1751 donec
1596 1714 1697 1768 per
1726 1715 1831 1752 nos
1859 1698 1914 1753 id
1940 1699 2134 1771 ipsum

2233 537 2526 595 sanctitati
2577 536 2896 609 plurimum
2949 535 3174 603 confisi,
3215 535 3334 591 ausi
3375 552 3561 592 sumus
3602 538 3788 594 fratrem

2234 616 2915 701 Bernegaudum,rudem
2932 620 3124 681 adhuc
3142 625 3791 698 monachum,rogantives-

2235 720 2335 771 traa
2366 715 2699 789 paternitati
2730 714 2999 787 dirigere,
3031 717 3231 769 vestrae
3260 713 3521 769 voluntati
3549 715 3793 771 obsecutu-

2236 821 2389 869 rum,
2403 806 2532 861 etin
2552 822 2657 861 suo
2675 803 2973 876 proposito
2987 802 3387 875 perfectiorum
3400 803 3646 874 exemplis
3663 808 3792 876 atque
3880 798 3881 809 “

2237 893 2502 950 doctrina
2532 891 2853 949 studiosius
2874 891 3356 948 confirmandum.
3370 890 3675 963 Exiguitatis
3695 908 3794 947 nos-

2235 986 2339 1039 tra:
2369 982 2619 1056 benigne
2650 997 2940 1038 memores
2971 985 3241 1053 optamus
3269 996 3365 1036 vos
3391 979 3563 1035 valere
3589 979 3795 1035 feliciter.

2763 1096 3111 1153 EPISTOLA
3146 1095 3349 1154 CXVII.

2770 1188 2843 1255 (ε)
2880 1203 2952 1241 ΑΒ
2989 1202 3350 1242 ANSBOLDUM.

2312 1291 2800 1349 Reverentissimo
2830 1293 2895 1347 A.
2930 1291 3125 1348 abbati
3175 1296 3229 1347 et
3272 1291 3541 1350 universis
3584 1294 3798 1352 fratribus

2242 1382 2390 1454 ejus,
2421 1382 2619 1455 Lupus
2648 1384 2704 1437 et
2728 1381 2919 1437 omnis
2951 1380 3337 1438 Ferrariensis
3367 1381 3589 1438 coenobii
3616 1385 3801 1441 societas

2244 1471 2302 1527 in
2334 1471 2582 1527 Domino
2613 1470 2885 1526 salutem.

2314 1559 2661 1633 Asperrimis
2690 1558 3139 1616 difficultatibus
3170 1559 3389 1629 evictis,
3434 1560 3717 1634 gaudemus
3737 1579 3804 1617 vos

2243 1649 2478 1704 tandem
2510 1647 2825 1721 aliquando
2856 1648 3045 1722 gratia
3074 1648 3271 1704 divina
3298 1648 3420 1705 loco
3450 1648 3657 1722 proprio
3682 1649 3805 1707 resti-

2244 1742 2423 1793 tutos.
2458 1737 2571 1793 Nec
2602 1736 2745 1793 illud
2780 1755 2896 1793 non
2928 1736 3175 1793 libenter
3205 1737 3534 1810 accipimus,
3558 1738 3688 1810 quod
3713 1756 3805 1794 nos-

484 1784 722 1857 exsequi
752 1783 1036 1841 Divinitas
1064 1783 1393 1857 largiretur.
1425 1786 1509 1840 Ad
1541 1785 1661 1841 haec
1687 1802 1813 1857 qua“:
1844 1804 2025 1860 supra
2055 1804 2135 1843 re-
2164 1819 2210 1884 Β
2512 1783 2619 1882 an;
2925 1783 3805 1900 ε’ξςᾱὲεὶῖιῖυ

486 1872 731 1900 tuli...“—
786 1876 1033 1900 ιιι-...Ληιη
1067 1873 1137 1900 ΗΑ
1171 1873 1505 1900 n_MA.-n....m
1542 1873 1910 1900 :.~.......L2t-t-
1961 1892 2094 1900 Α---

486 1872 753 1942 tulimus,
786 1876 1034 1930 terrente
1067 1873 1137 1945 (b)
1171 1873 1509 1945 praedonum
1542 1873 1932 1947 improbitate,
1957 1892 2132 1932 orna-

486 1965 683 2017 menta
702 1960 963 2017 ecclesiae
983 1965 1191 2017 nostrae
1208 1960 1553 2018 occultanda
1574 1963 1846 2031 curastis,
1864 1980 1967 2020 nec
1988 1964 2060 2020 ad
2078 1963 2135 2019 id

486 2051 882 2124 praestandum
905 2049 1122 2105 inventi
1143 2050 1284 2107 estis
1306 2050 1734 2118 difﬁciles.Quze
1757 2068 1956 2108 secum
1976 2070 2141 2125 repu-

486 2144 619 2196 tans
648 2138 1066 2195 dilectissimus
1098 2138 1273 2195 frater
1302 2144 1499 2195 noster
1528 2141 1587 2196 S.
1622 2145 1680 2197 et
1710 2157 1845 2197 cum
1876 2142 1988 2198 sibi
2013 2147 2139 2199 tum

486 2229 661 2286 etiam
691 2227 959 2301 pluribus
990 2227 1121 2284 aliis
1151 2232 1417 2284 nostrum
1451 2228 1637 2285 multa
1662 2230 1909 2303 benigne
1930 2231 2140 2287 collata

489 2333 818 2385 recensens,
834 2316 1227 2389 impendente,
1243 2321 1309 2372 ut
1324 2318 1753 2384 metuebamus,
1770 2319 1939 2375 ruina
1955 2321 2139 2377 nostri

490 2406 622 2473 loci,
654 2423 832 2479 quam
861 2410 917 2462 et
947 2409 1147 2462 nostra
1177 2411 1412 2478 peccata
1455 2410 1511 2462 ct
1560 2406 1882 2479 piratarum
1931 2408 2143 2465 vicinia

492 2494 1004 2561 minabantur,vos
1032 2493 1226 2566 elegit,
1248 2512 1361 2549 non
1393 2495 1547 2566 apud
1578 2511 1725 2566 quos
1752 2497 2142 2569 peregrinare-

492 2588 608 2653 tur,
622 2584 723 2640 sed
751 2583 907 2640 intra
927 2599 1178 2655 quorum
1199 2582 1510 2656 collegium
1533 2584 2140 2650 admissus,vicarium

492 2673 676 2730 nostri
695 2672 804 2729 loci
827 2672 1274 2728 contubernium
1300 2671 1863 2745 possideret.\'erum
1884 2673 1942 2729 id
1965 2674 2141 2731 etiam

491 2762 591 2819 alii
622 2760 1079 2835 postulaverunt,
1102 2765 1390 2833 optantes,
1418 2760 1554 2817 licet
1583 2762 1814 2827 diversi,
1848 2762 1908 2818 in
1940 2780 2141 2819 mona-

490 2850 686 2908 steriis
716 2852 1035 2907 consistere
1063 2867 1241 2923 quam
1274 2868 1410 2907 cum
1458 2850 1678 2922 majore
1707 2868 1950 2908 suorum
1980 2857 2144 2925 parte

491 2941 553 2997 in
582 2940 720 2999 villa
747 2940 985 2999 versari.
1030 2942 1375 3013 Quanquam
1425 2940 1605 3013 igitur
1650 2941 1807 2998 Deus
1853 2941 2142 2999 incertum

492 3034 692 3088 utrum
714 3047 824 3088 sua
841 3030 1056 3105 pietate
1074 3030 1135 3086 in
1156 3034 1502 3103 perpetuum
1528 3032 1569 3086 ’l
1585 3032 1622 3086 7
1635 3031 1681 3087 2
1704 3031 2143 3088 subversionem

493 3120 678 3178 nostri
709 3120 1047 3177 monasterii
1080 3119 1492 3185 removerit,an
1516 3118 1713 3191 aliqua
1731 3118 1946 3177 latente
1965 3137 2146 3177 causa

2248 1915 2454 1989 disque
2484 1916 2857 1972 sermonibus
2886 1916 3333 1989 prosequimini,
3359 1933 3666 1989 quanquam
3691 1916 3806 1987 longe

2249 2005 2418 2079 plura
2444 2009 2616 2077 atque
2646 2005 2869 2077 majora
2898 2003 3061 2060 vobis
3093 2005 3352 2077 praestita
3379 2002 3806 2077 cuperemus.Tri-

2248 2094 2576 2151 bulationes
2608 2098 2839 2150 nostras
2870 2094 3083 2167 partim
3116 2094 3380 2150 dolenter
3399 2093 3805 2166 audistis,partim

2249 2184 2403 2240 anxii
2436 2183 2784 2256 aspexistis;
2821 2183 2919 2238 sed
2971 2198 3091 2251 eas,
3124 2186 3482 2255 temperante
3525 2183 3603 2237 vel
3642 2182 3809 2254 penitus

2250 2273 2548 2329 auferente
2596 2264 2749 2329 I78
2803 2271 3045 2327 Domino
3097 2272 3216 2328 Deo
3268 2277 3482 2341 nostro,
3521 2289 3640 2327 cum
3678 2276 3812 2326 vestro

2249 2363 2555 2419 commodo
2604 2359 2769 2417 vobis
2818 2360 3145 2433 vestrisque
3200 2360 3302 2434 qui
3333 2378 3436 2417 nos
3467 2360 3687 2416 adierint
3708 2357 3815 2415 desi-

2250 2453 2526 2508 deramus
2556 2450 2690 2506 usui
2744 2467 2872 2506 esse
2921 2467 2989 2507 ac
3037 2449 3448 2507 sincerissimae
3493 2448 3746 2522 voluptati.
3770 2447 3817 2502 Ut

2250 2541 2430 2614 igitur
2458 2539 2825 2595 familiaritas
2857 2538 2996 2595 olim
3040 2538 3189 2595 inita
3236 2539 3483 2596 uberiori
3515 2538 3735 2611 proﬁciat
3757 2537 3817 2590 in-

2251 2634 2565 2694 cremento,
2615 2629 2673 2683 in
2721 2627 2963 2684 occidua
2994 2627 3168 2701 plaga
3200 2632 3542 2702 recuperatae
3585 2626 3819 2683 facultates

2251 2718 2468 2775 fuerint
2497 2719 2835 2789 adjumento
2866 2716 3007 2772 dum
3052 2734 3337 2775 excursus
3382 2722 3437 2774 et
3483 2734 3717 2773 recursus
3751 2730 3821 2786 per

2251 2825 2357 2865 nos
2387 2825 2514 2880 qua:
2545 2806 2822 2878 utrinque
2872 2810 3151 2879 gerantur
3202 2807 3440 2880 aperiet.
3489 2806 3820 2878 Cupimusvos

2251 2896 2435 2954 nostri
2466 2895 2714 2968 benigne
2747 2911 3036 2951 memores
3068 2911 3306 2969 semper
3334 2896 3515 2952 valere
3543 2893 3758 2951 feliciter.

2765 3012 3109 3068 EPISTULA
3146 3012 3387 3070 CXVIII.

2667 3118 2741 3158 AD
2782 3119 3101 3158 HERARDUM
3140 3118 3485 3160 EPISCOPUM.

494 3210 567 3266 ad
599 3213 833 3282 tempus
864 3208 1174 3275 distulerit,
1210 3182 1403 3265 tamen
1434 3182 1746 3281 praedictus
1776 3209 1955 3265 frater
1984 3210 2140 3282 quod
2173 3182 2215 3248 C
2324 3206 2812 3264 Reverentissimo
2856 3207 3157 3264 Turonicae
3203 3208 3469 3266 Ecclesia:
3514 3204 3723 3264 antistiti
3746 3203 3823 3258 ile-

491 3298 877 3364 obtinendum
898 3301 1240 3371 conceperat
1260 3298 1644 3369 perseveravit
1664 3298 1925 3371 ﬂagitare
1948 3315 1962 3353 :
1988 3299 2143 3371 quod

493 3386 723 3442 utinam
751 3385 914 3443 vobis
956 3385 1351 3443 annuentibus
1398 3390 1810 3458 consequatur,
1864 3404 1936 3443 ne
1965 3386 2143 3443 simili

492 3492 632 3532 casu
664 3478 919 3545 coactus,
936 3473 1211 3531 ulteriora
1238 3474 1624 3548 compellatur
1651 3475 1886 3532 sectari!
1909 3476 2144 3549 Suppli-

490 3581 812 3636 camusque
836 3568 901 3620 ut
931 3581 1065 3620 eum
1098 3564 1252 3636 apud
1284 3580 1386 3619 vos
1407 3564 1824 3620 consistentem
1847 3565 1941 3637 pie
1964 3565 2146 3621 fovea-

491 3652 603 3708 tis:
629 3652 769 3724 quia
799 3668 1062 3708 meorum
1092 3651 1362 3707 laborum
1384 3653 1485 3707 diu
1508 3652 1798 3725 particeps
1830 3652 2020 3721 fuit,et
2039 3671 2143 3725 pro

493 3734 602 3796 sua
623 3739 909 3813 probitate
932 3756 997 3795 ac
1020 3739 1366 3796 strenuitate
1390 3757 1623 3812 semper
1644 3746 1848 3813 gratus
1870 3742 2144 3799 omnibus

495 3879 595 3937 rex
626 3863 950 3937 Germania
980 3863 1283 3937 ingressus
1303 3868 1400 3937 est
1429 3865 1489 3919 in
1519 3881 1766 3936 regnum
1797 3865 2006 3937 Caroli,
2028 3884 2143 3923 non

492 3934 652 4008 velut
683 3933 1132 4008 hospes,sed”ut
1162 3934 1382 4008 hostis;
1407 3940 1481 4008 ut
1510 3933 1763 4008 patetex
1794 3933 2000 3993 Herico
2024 3955 2145 3994 mo-

496 4007 682 4063 nacho
711 4006 771 4061 in
798 4006 949 4063 libro
981 4024 1018 4061 u
1068 4007 1140 4063 de
1174 4007 1475 4062 miraculis
1507 4006 1694 4063 sancti
1725 4008 1996 4064 Germani
2028 4013 2143 4066 Au-

493 4078 934 4151 tissiodorensis
964 4095 1089 4151 cap.
1116 4080 1170 4147 8,
1202 4080 1255 4146 9,
1291 4079 1374 4133 10.
1410 4078 1569 4133 Istud
1603 4095 1773 4150 porro
1804 4080 2014 4136 accidit
2044 4082 2142 4137 de-

494 4150 722 4207 sinente
752 4166 905 4207 anno
932 4150 1055 4215 858,
1091 4155 1155 4206 ut
1205 4151 1371 4205 docet
1417 4154 1621 4206 auctor
1664 4151 1977 4207 Annalium
2012 4152 2142 4209 Ful-

493 4221 807 4298 densium._
838 4222 981 4298 Vide
1039 4221 1417 4298 Sirmondum
1468 4221 1526 4276 in
1566 4221 1718 4278 notis
1758 4224 1830 4279 ad
1878 4223 2145 4298 Capitula

493 4293 681 4351 Caroli
713 4293 888 4363 Calvi,
922 4295 1010 4349 tit.
1044 4295 1134 4349 23.

560 4369 642 4436 (α)
671 4366 998 4438 Legatiom's.
1016 4366 1161 4420 Cum
1191 4369 1448 4438 anno,ut
1476 4365 1874 4438 di_ximus,_858
1904 4366 2147 4422 Ludovi-

489 4435 593 4492 cus
625 4454 723 4493 rex
743 4435 1073 4509 Germaniae
1094 4452 1351 4509 regnum
1364 4435 1552 4509 Caroli
1583 4436 2141 4504 invasisset,afflictae

488 4524 555 4563 ex
586 4524 654 4564 eo
682 4508 848 4565 valde
879 4509 1038 4565 fuere
1070 4506 1399 4575 res'Caroli,
1433 4507 1573 4561 adeo
1608 4512 1671 4562 ut
1700 4513 1935 4564 coactus
1967 4510 2142 4565 fuerit

487 4579 637 4703 fuga:
668 4596 730 4635 se
755 4582 981 4648 dedere,
1012 4584 1069 4636 et
1094 4579 1153 4634 in
1186 4554 1585 4660 Burgubdiam
1620 4578 1907 4635 secedere.
1937 4580 2000 4635 In
2033 4580 2141 4636 hac
2173 4554 2217 4619 ί)

488 4666 556 4705 ca
582 4652 819 4705 amitate
852 4668 996 4705 uene
1043 4651 1113 4705 de
1145 4651 1405 4705 nrincme
1444 4648 1631 4704 factus
1660 4648 1846 4705 exsul.
1880 4650 2137 4705 legatum

582 4652 819 4723 amitate
852 4668 996 4723 pene
1043 4651 1113 4707 de
1145 4648 1416 4723 principe
1444 4648 1631 4723 factus
1660 4648 1846 4723 exsul,
1880 4650 2137 4723 legatum

490 4719 871 4795 aliquornisit
890 4719 1382 4795 Lupumfforteah
1403 4720 1462 4795 in
1490 4719 2139 4795 Germa_niam;1itquo~

489 4789 650 4864 niam
680 4790 799 4864 illic
828 4810 930 4864 per
960 4789 1176 4849 multos
1208 4809 1394 4848 annos
1416 4792 1621 4858 fuerat,
1637 4793 1898 4864 adeoque
1919 4797 1976 4864 et
2007 4789 2139 4849 Ger-

489 4860 1223 4936 maniczeliiiguaeignarus
1254 4868 1395 4929 erat,
1432 4864 1501 4919 de
1533 4863 1750 4936 injuria
1774 4860 1961 4919 Caroli
1995 4881 2134 4936 que-

489 4936 653 4986 retur
679 4933 958 5007 adversus
989 4933 1447 5007 LudovicumEt
1469 4933 1745 5007 quoniam
1779 4950 1851 5007 ea
1874 4933 2138 5007 tempora

490 5004 780 5129 promptis
812 5006 1085 5059 remediis
1114 5004 1678 5075 indigebantfabirc
1721 5006 1920 5062 statim
1955 5004 2138 5078 jussit

539 5090 743 5129 unum.
759 5090 830 5127 ne
852 5076 987 5129 data
1008 5076 1242 5129 quidem
1268 5077 1500 5129 licentia
1518 5077 1907 5129 amplectendi
1933 5094 2133 5129 mona-

539 5076 987 5149 upum,ne_data
1008 5076 1242 5149 quidem
1268 5077 1500 5132 licentia
1518 5077 1907 5149 amplectendi
1933 5076 2133 5134 mona-

488 5144 846 5219 chossancti
880 5144 1342 5219 Germani.Adeo
1365 5148 1581 5219 quippe
1604 5144 1829 5203 afflictae
1860 5153 2025 5204 erant
2043 5167 2135 5206 res

485 5215 675 5273 Caroli
700 5219 763 5291 ut
789 5232 901 5271 non
925 5216 1054 5291 aliis
1077 5218 1300 5291 artibus
1324 5215 1600 5291 reparata:
1629 5219 1936 5275 videantur
1955 5236 2133 5291 quam

523 5293 718 5362 ropter
745 5287 1200 5362 imprudentiam
1236 5287 1522 5362 Ludovici,
1558 5295 1622 5343 ut
1654 5295 1812 5362 patet
1841 5308 1909 5345 ex
1938 5287 2133 5347 A'nna-

523 5306 718 5361 ropter
745 5306 1200 5359 Imprudentium
1236 5306 1522 5355 nuuovm,
1558 5306 1622 5343 ut
1654 5306 1812 5362 patet
1841 5308 1909 5345 ex
1938 5306 2130 5347 Anna-

479 5306 635 5416 Iibus
669 5358 1078 5431 Fuldensibus.
1106 5359 1308 5431 Neque
1348 5359 1503 5431 enim
1536 5362 1822 5417 assentior
1871 5362 2130 5431 Cellotio,

479 5433 578 5504 qui
611 5431 965 5487 Ludovicum
992 5430 1070 5504 ab
1101 5429 1321 5499 injusto
1352 5430 1501 5504 bello
1534 5448 1775 5504 manum
1825 5429 2133 5491 retraxisse

479 5500 646 5575 putat
662 5507 900 5575 propter
914 5500 1764 5575 episcoporumadmouitiones
1779 5520 1791 5557 :
1809 5506 1964 5573 quod
1978 5505 2135 5560 colli-

520 5589 615 5629 ere
635 5571 696 5647 se
714 5571 881 5647 putat
895 5571 964 5630 ex
978 5571 1301 5647 Annalibus
1318 5572 1684 5647 Bertinianis.
1701 5571 1847 5627 Eoru
1858 5592 1912 5647 m
1935 5580 2132 5632 tamen

479 5590 615 5701 gere
635 5591 696 5630 se
714 5590 881 5647 putat
895 5590 963 5630 ex
978 5590 1301 5628 annalibus
1318 5590 1684 5628 nemmnms.
1701 5590 1847 5627 LOI‘U
1858 5592 1912 5628 m
1935 5590 2132 5632 tamen

500 5717 515 5728 Δ
533 5644 798 5728 nnaliurp
815 5651 1110 5728 auctorem
1125 5644 1295 5728 paria
1308 5642 1522 5700 sentire
1540 5660 1672 5700 cum
1694 5645 1873 5728 coqui
1898 5647 2133 5720 scripsit

485 5713 741 5781 annales
757 5716 1072 5779 Fuldenses
1089 5713 1541 5788 siaffirmavcro,
1555 5733 1670 5775 non
1694 5713 1962 5776 existimo
1984 5713 2077 5777 me
2096 5736 2133 5778 ο,

2251 3297 2441 3364 rardo,
2466 3297 2662 3369 Lupus
2690 3301 2746 3353 et
2776 3296 3241 3353 Bethlehemitici
3272 3297 3512 3355 coenobii
3541 3293 3822 3353 unanimitas

2251 3385 2566 3460 plurimam
2599 3386 2657 3441 in
2689 3385 2933 3442 Domino
2966 3385 3245 3443 salutem.

2320 3475 2826 3539 Quemadmodum
2874 3474 3126 3532 scribere
3175 3476 3403 3550 dignati
3434 3476 3585 3543 estis,
3614 3469 3825 3529 divinitus

2251 3580 2385 3620 cum
2416 3563 2729 3636 exiguitate
2761 3567 2962 3620 nostra
2994 3564 3415 3622 familiaritatis
3446 3565 3639 3621 {cedem
3663 3559 3824 3617 socias-

2251 3652 2345 3709 tis.
2385 3652 2647 3709 Charitas
2689 3652 2868 3719 enim,
2903 3656 2968 3708 ut
3017 3653 3224 3709 scribit
3268 3653 3591 3727 Apostolus,
3619 3670 3648 3705 (ι
3672 3651 3826 3705 Deos!

2250 3742 2301 3813 (ι
2315 3743 2477 3798 Jaan.
2499 3745 2623 3811 vn),
2650 3756 2775 3813 quae
2808 3741 3059 3799 maxime
3088 3741 3149 3798 in
3181 3742 3278 3801 his
3310 3743 3523 3800 eminet
3550 3740 3639 3815 qui
3660 3739 3827 3795 sincera

2249 3883 2384 3922 vero
2414 3882 2783 3922 recessurum
2796 3909 2806 3920 .

2324 3937 2396 4009 (b)
2428 3938 2778 3994 Praedonum.
2822 3937 2990 4009 Haud
3038 3938 3215 3994 dubie
3268 3939 3724 4009 Ncrmannorum,
3757 3927 3825 4003 qui

2251 4005 2386 4086 tum
2408 4014 2789 4086 pervenerant
2816 4008 2876 4064 in
2907 4009 3203 4086 diwcesim
3233 4012 3639 4086 §enonensem.
3682 4005 3826 4086 Ιξδίίυῗ

2252 4074 2449 4153 Ιλῃριιέ
2478 4084 2833 4153 ornamenta,
2851 4080 3195 4137 monasterii
3232 4082 3607 4153 Ferrariensis
3648 4074 3826 4153 miserat

2252 4152 2324 4207 ad
2338 4148 2675 4209 'monacbos
2704 4152 3267 4223 Autissiodorenses,
3302 4154 3459 4211 velut
3486 4153 3553 4210 ad
3581 4150 3742 4207 locum
3766 4148 3828 4198 tu-

2251 4224 2481 4293 tiorem,
2515 4223 2631 4279 illic
2663 4224 3028 4281 occultanda.

2323 4299 2393 4364 (ε)
2423 4282 2500 4350 Ad
2529 4296 2876 4351 Ansboldum.
2912 4296 3100 4351 Codex
3128 4300 3297 4353 vetus
3328 4297 3593 4362 habebat,
3620 4290 3686 4347 Ad
3709 4282 3827 4364 itast.

2250 4362 2503 4423 tantum.
2527 4368 2715 4422 Editio
2748 4372 2941 4422 autem
2976 4367 3255 4435 Massoni,
3279 4368 3360 4424 Ad
3382 4365 3703 4435 Ansboldum.
3720 4362 3829 4435 Quoj

2251 4440 2410 4520 niam
2427 4455 2574 4520 vero
2633 4438 2683 4492 is
2733 4439 2817 4520 in_
2838 4437 3084 4520 epistola
3109 4439 3182 4493 69
3221 4430 3467 4495 vocatur
3492 4430 3831 4520 Αῃξᾲαιάητξνξῑ

2251 4511 2404 4583 apud
2427 4510 2765 4592 Massonum
2790 4500 2945 4591 facili
2964 4509 3291 4593 litterarum
3313 4506 3716 4637 permutatione
3734 4500 3829 4555 Aus-

2250 4582 2458 4637 baldus.
2481 4597 2718 4635 rursum
2736 4597 2796 4635 1n
2829 4579 3074 4637 epistola
3104 4582 3172 4636 10
3199 4586 3313 4637 Ana
3351 4583 3524 4637 aldus.
3557 4576 3692 4637 apud
3718 4571 3829 4627 Mas-

2282 4595 2458 4647 amus,
2481 4597 2718 4635 rursum
2736 4597 2796 4635 1n
2829 4595 3074 4649 epistola
3104 4595 3172 4636 w
3199 4595 3524 4649 Ansooutus,
3557 4595 3692 4649 apua
3718 4595 3831 4627 mua-

2250 4596 2458 4647 oamus,
2481 4597 2718 4635 rursum
2736 4597 2796 4635 1n
2829 4596 3074 4653 epistola
3104 4596 3172 4636 ιυ
3199 4596 3524 4649 Ansoomus,
3557 4596 3692 4651 apud
3718 4596 3831 4627 ma:-

2249 4669 2458 4726 sonum
2491 4650 2742 4726 denique
2789 4652 3115 4726 Ausbgldus,
3148 4656 3205 4707 et
3249 4669 3323 4726 ex
3361 4652 3443 4726 iis
3492 4650 3831 4726 capstateutll

2250 4723 2430 4779 fuisse
2443 4722 2796 4828 monacb'um
2810 4724 2921 4828 21:11)
2940 4722 3304 4828 Marcvvardg
3322 4724 3530 4780 abbate
3545 4722 3830 4828 Prumiettlﬁii

2250 4811 2460 4828 nnnnnn
2489 4811 2551 4828 ore
2604 4810 2687 4828 nni
2718 4811 2746 4828 Δ
2778 4810 2805 4828 n
2899 4810 3038 4828 ιιηηκ
3073 4812 3107 4828 n
3171 4811 3262 4828 nm
3312 4812 3402 4828 nm
3455 4811 3579 4828 alim
3627 4802 3734 4828 οεερ

2247 4793 2748 4876 eapropterfacile
2777 4794 3038 4876 adducor
3073 4798 3139 4849 ut
3170 4796 3405 4851 credam
3455 4811 3579 4850 eum
3626 4802 3734 4868 esst}
3757 4794 3829 4852 ‘lu‘

2248 4866 2609 4921 Prumiensis
2631 4866 2813 4921 abbas
2836 4867 2944 4921 fuit
2959 4871 3090 4937 post
3107 4865 3538 4921 Marcwardum
3555 4854 3829 4937 etEigllpfn-

2247 4936 2464 5008 Regina
2492 4953 2504 4990 :
2531 4942 2685 4992 Anno
2707 4926 3009 4994 Dominira?
3028 4940 3438 4994 Incarnationis
3456 4938 3559 4992 860
3577 4926 3834 5008 Egil'alftgaf

2246 4994 2383 5081 ῑξαῗη
2412 5009 2791 5081 Pramiensem
2827 5025 2929 5065 sua
2972 5016 3160 5081 sponte
3202 5009 3456 5081 dimisit,-
3482 5015 3531 5081 et
3575 4994 3832 5081 Λίξεραῖλζβξ

2244 5078 2579 5205 uegendum
2636 5080 2939 5136 Ambaldus
2996 5073 3065 5136 ex
3121 5073 3443 5136 Tritbemio
3498 5079 3555 5133 in
3608 5073 3833 5144 Chromth

2298 5150 2644 5205 irsaugiensi
2677 5151 2750 5205 ad
2798 5168 3021 5205 annum
3051 5153 3177 5205 8601
3209 5154 3265 5205 in
3297 5152 3584 5205 reaimine.
3614 5140 3831 5201 summ".

2298 5140 2644 5223 iFsaugiensi
2677 5151 2750 5224 ad
2798 5168 3021 5206 annum
3051 5153 3177 5224 860]
3209 5154 3265 5208 in
3297 5140 3831 5224 νθρὶτηίηιτνὲίατεδδξέ

2242 5224 2330 5295 ςνίν
2357 5217 2510 5295 ογηῖῖἱ
2534 5223 2819 5295 sanctitate
2847 5231 2897 5278 et
2928 5217 3175 5279 bonitate
3207 5217 3546 5295 conspicuus.
3590 5217 3761 5295 ῘίειίῘΡΞ
3784 5218 3835 5295 cf

2244 5291 2353 5347 hoc
2384 5294 2559 5367 etiam
2590 5293 2715 5348 loco
2760 5294 3044 5367 habemus
3070 5285 3348 5367 iLupum'
3368 5292 3619 5367 nondum
3667 5285 3835 5367 ob???

2243 5379 2403 5438 anno
2425 5365 2531 5419 860
2560 5380 2694 5419 cum
2728 5365 2799 5419 ad
2831 5351 3195 5422 Ansbalduni
3211 5367 3337 5438 jam
3362 5366 3620 5438 abbatem
3640 5351 3831 5438 βϐςίρἒξ

2242 5435 2322 5489 Ex
2369 5436 2440 5489 iis
2491 5451 2661 5510 porro
2692 5451 2819 5510 qua:
2871 5422 3482 5510 sequuntur-apparet
3525 5422 3833 5510 Ansboldtl-u’1

2243 5485 2595 5578 monasterio
2626 5485 2886 5578 pulsum,
2906 5485 3692 5578 tandemwveroqre-stitutum:
3713 5485 3834 5578 qugd

2243 5577 2459 5631 indicat
2477 5570 2735 5649 hanc-cpi
2745 5570 2956 5652 stolam
2980 5579 3257 5652 scriptam
3279 5595 3408 5635 esse
3428 5574 3706 5652 aliquantg

2242 5665 2379 5732 130.1"3
2410 5635 2720 5732 Ρρδῐίίυίιῐῆ
2742 5650 3077 5732 Ansbaldus
3098 5635 3364 5727 regimen
3386 5635 3705 5708 monasterii
3725 5635 3833 5693 Pru-

2243 5726 2488 5781 miensis
2518 5726 2873 5797 susceperat.
