  <div class='ocr_page' id='page_1' title='image "/cluster/home/n/w/nwhite01/storage/ocr_20150623/119/hvd.32044052820040/307.png"; bbox 0 0 3956 6160; ppageno 0'>
   <div class='ocr_carea' id='block_1_1' title="bbox 379 420 501 485">
    <p class='ocr_par' dir='ltr' id='par_1_1' title="bbox 379 420 501 485">
     <span class='ocr_line' id='line_1_1' title="bbox 379 420 501 485; baseline -0.008 0"><span class='ocrx_word' id='word_1_1' title='bbox 379 420 501 485; x_wconf 76' lang='grc'>603</span> 
     </span>
    </p>
   </div>
   <div class='ocr_carea' id='block_1_2' title="bbox 1372 421 2796 491">
    <p class='ocr_par' dir='ltr' id='par_1_2' title="bbox 1372 421 2796 491">
     <span class='ocr_line' id='line_1_2' title="bbox 1372 421 2796 491; baseline 0.001 -3"><span class='ocrx_word' id='word_1_2' title='bbox 1372 424 1443 488; x_wconf 86' lang='grc' dir='ltr'>Β.</span> <span class='ocrx_word' id='word_1_3' title='bbox 1492 425 1556 489; x_wconf 93' lang='lat' dir='ltr'>S.</span> <span class='ocrx_word' id='word_1_4' title='bbox 1604 423 1784 490; x_wconf 91' lang='lat' dir='ltr'>LUPI</span> <span class='ocrx_word' id='word_1_5' title='bbox 1828 421 2160 488; x_wconf 81' lang='lat' dir='ltr'>ABBATIS</span> <span class='ocrx_word' id='word_1_6' title='bbox 2204 424 2796 491; x_wconf 81' lang='lat' dir='ltr'>FERRARIENSIS.</span> 
     </span>
    </p>
   </div>
   <div class='ocr_carea' id='block_1_3' title="bbox 3620 431 3717 496">
    <p class='ocr_par' dir='ltr' id='par_1_3' title="bbox 3620 431 3717 496">
     <span class='ocr_line' id='line_1_3' title="bbox 3620 431 3717 496; baseline 0 0"><span class='ocrx_word' id='word_1_7' title='bbox 3620 431 3717 496; x_wconf 66' lang='lat'>601</span> 
     </span>
    </p>
   </div>
   <div class='ocr_carea' id='block_1_4' title="bbox 380 557 3720 636">
    <p class='ocr_par' dir='ltr' id='par_1_4' title="bbox 380 557 3720 636">
     <span class='ocr_line' id='line_1_4' title="bbox 380 557 3720 636; baseline 0.003 -22"><span class='ocrx_word' id='word_1_8' title='bbox 380 558 532 615; x_wconf 88' lang='lat' dir='ltr'>hanc</span> <span class='ocrx_word' id='word_1_9' title='bbox 561 557 812 632; x_wconf 80' lang='lat' dir='ltr'>gratiam</span> <span class='ocrx_word' id='word_1_10' title='bbox 833 557 1233 616; x_wconf 83' lang='lat' dir='ltr'>misericordia</span> <span class='ocrx_word' id='word_1_11' title='bbox 1259 558 1630 633; x_wconf 88' lang='lat' dir='ltr'>impendit,in</span> <span class='ocrx_word' id='word_1_12' title='bbox 1653 560 2026 617; x_wconf 80' lang='lat' dir='ltr'>damnatione</span> <span class='ocrx_word' id='word_1_13' title='bbox 2053 563 2108 626; x_wconf 81' lang='grc' dir='ltr'><strong>Α</strong></span> <span class='ocrx_word' id='word_1_14' title='bbox 2139 577 2291 629; x_wconf 85' lang='lat' dir='ltr'>Inus,</span> <span class='ocrx_word' id='word_1_15' title='bbox 2327 560 2473 617; x_wconf 92' lang='lat' dir='ltr'>bene</span> <span class='ocrx_word' id='word_1_16' title='bbox 2501 562 2833 634; x_wconf 80' lang='lat' dir='ltr'>expendeus</span> <span class='ocrx_word' id='word_1_17' title='bbox 2874 561 3050 620; x_wconf 89' lang='lat' dir='ltr'>verba</span> <span class='ocrx_word' id='word_1_18' title='bbox 3093 561 3344 636; x_wconf 83' lang='lat' dir='ltr'>Apostoli</span> <span class='ocrx_word' id='word_1_19' title='bbox 3375 579 3389 622; x_wconf 87' lang='lat'><strong>:</strong></span> <span class='ocrx_word' id='word_1_20' title='bbox 3422 565 3553 635; x_wconf 85' lang='lat' dir='ltr'>Quid</span> <span class='ocrx_word' id='word_1_21' title='bbox 3588 564 3720 624; x_wconf 85' lang='lat' dir='ltr'>habes</span> 
     </span>
    </p>
   </div>
   <div class='ocr_carea' id='block_1_5' title="bbox 381 646 2028 723">
    <p class='ocr_par' dir='ltr' id='par_1_5' title="bbox 381 646 2028 723">
     <span class='ocr_line' id='line_1_5' title="bbox 381 646 2028 723; baseline 0.001 -19"><span class='ocrx_word' id='word_1_22' title='bbox 381 665 558 721; x_wconf 90' lang='lat' dir='ltr'>quam</span> <span class='ocrx_word' id='word_1_23' title='bbox 592 646 703 720; x_wconf 87' lang='lat' dir='ltr'>ipsi</span> <span class='ocrx_word' id='word_1_24' title='bbox 735 648 1027 720; x_wconf 83' lang='lat' dir='ltr'>peccando</span> <span class='ocrx_word' id='word_1_25' title='bbox 1059 650 1804 723; x_wconf 85' lang='lat' dir='ltr'>meruerantjustojudicio</span> <span class='ocrx_word' id='word_1_26' title='bbox 1825 650 2028 706; x_wconf 90' lang='lat' dir='ltr'>dereli-</span> 
     </span>
    </p>
   </div>
   <div class='ocr_carea' id='block_1_6' title="bbox 380 736 2027 812">
    <p class='ocr_par' dir='ltr' id='par_1_6' title="bbox 380 736 2027 812">
     <span class='ocr_line' id='line_1_6' title="bbox 380 736 2027 812; baseline 0.002 -19"><span class='ocrx_word' id='word_1_27' title='bbox 380 738 509 810; x_wconf 84' lang='lat' dir='ltr'>quit</span> <span class='ocrx_word' id='word_1_28' title='bbox 542 755 553 793; x_wconf 93' lang='lat'>:</span> <span class='ocrx_word' id='word_1_29' title='bbox 588 742 645 793; x_wconf 93' lang='lat' dir='ltr'>et</span> <span class='ocrx_word' id='word_1_30' title='bbox 673 736 781 793; x_wconf 90' lang='lat' dir='ltr'>hoc</span> <span class='ocrx_word' id='word_1_31' title='bbox 815 738 1008 806; x_wconf 90' lang='lat' dir='ltr'>modo,</span> <span class='ocrx_word' id='word_1_32' title='bbox 1042 743 1106 793; x_wconf 90' lang='lat' dir='ltr'>ut</span> <span class='ocrx_word' id='word_1_33' title='bbox 1137 740 1303 794; x_wconf 82' lang='lat' dir='ltr'>docet</span> <span class='ocrx_word' id='word_1_34' title='bbox 1335 739 1649 812; x_wconf 82' lang='lat' dir='ltr'>Apostolus</span> <span class='ocrx_word' id='word_1_35' title='bbox 1674 758 1687 795; x_wconf 91' lang='lat'>:</span> <span class='ocrx_word' id='word_1_36' title='bbox 1712 741 1881 812; x_wconf 83' lang='lat' dir='ltr'>Cujus</span> <span class='ocrx_word' id='word_1_37' title='bbox 1909 742 2027 796; x_wconf 86' lang='lat' dir='ltr'>vult</span> 
     </span>
    </p>
   </div>
   <div class='ocr_carea' id='block_1_7' title="bbox 377 828 2027 898">
    <p class='ocr_par' dir='ltr' id='par_1_7' title="bbox 377 828 2027 898">
     <span class='ocr_line' id='line_1_7' title="bbox 377 828 2027 898; baseline 0.001 -15"><span class='ocrx_word' id='word_1_38' title='bbox 377 829 681 894; x_wconf 88' lang='lat' dir='ltr'>miseretur,</span> <span class='ocrx_word' id='word_1_39' title='bbox 714 834 766 882; x_wconf 87' lang='lat' dir='ltr'>et</span> <span class='ocrx_word' id='word_1_40' title='bbox 786 843 943 898; x_wconf 88' lang='lat' dir='ltr'>quem</span> <span class='ocrx_word' id='word_1_41' title='bbox 974 829 1087 883; x_wconf 88' lang='lat' dir='ltr'>vult</span> <span class='ocrx_word' id='word_1_42' title='bbox 1117 828 1341 884; x_wconf 82' lang='lat' dir='ltr'>indurat</span> <span class='ocrx_word' id='word_1_43' title='bbox 1381 830 1549 897; x_wconf 82' lang='lat' dir='ltr'>(Rom.</span> <span class='ocrx_word' id='word_1_44' title='bbox 1587 832 1681 897; x_wconf 78' lang='lat' dir='ltr'>Ix).</span> <span class='ocrx_word' id='word_1_45' title='bbox 1718 829 2027 884; x_wconf 85' lang='lat' dir='ltr'>Miseretur</span> 
     </span>
    </p>
   </div>
   <div class='ocr_carea' id='block_1_8' title="bbox 379 916 2024 990">
    <p class='ocr_par' dir='ltr' id='par_1_8' title="bbox 379 916 2024 990">
     <span class='ocr_line' id='line_1_8' title="bbox 379 916 2024 990; baseline 0.002 -19"><span class='ocrx_word' id='word_1_46' title='bbox 379 933 580 972; x_wconf 91' lang='lat' dir='ltr'>eorum</span> <span class='ocrx_word' id='word_1_47' title='bbox 613 933 760 988; x_wconf 92' lang='lat' dir='ltr'>quos</span> <span class='ocrx_word' id='word_1_48' title='bbox 783 916 1034 972; x_wconf 87' lang='lat' dir='ltr'>assumit</span> <span class='ocrx_word' id='word_1_49' title='bbox 1057 934 1158 989; x_wconf 89' lang='lat' dir='ltr'>per</span> <span class='ocrx_word' id='word_1_50' title='bbox 1185 917 1703 989; x_wconf 87' lang='lat' dir='ltr'>gratiam,indurat</span> <span class='ocrx_word' id='word_1_51' title='bbox 1724 917 1854 974; x_wconf 85' lang='lat' dir='ltr'>illos</span> <span class='ocrx_word' id='word_1_52' title='bbox 1877 936 2024 990; x_wconf 90' lang='lat' dir='ltr'>quos</span> 
     </span>
    </p>
   </div>
   <div class='ocr_carea' id='block_1_9' title="bbox 377 1005 2018 1079">
    <p class='ocr_par' dir='ltr' id='par_1_9' title="bbox 377 1005 2018 1079">
     <span class='ocr_line' id='line_1_9' title="bbox 377 1005 2018 1079; baseline 0.002 -19"><span class='ocrx_word' id='word_1_53' title='bbox 377 1022 481 1077; x_wconf 91' lang='lat' dir='ltr'>per</span> <span class='ocrx_word' id='word_1_54' title='bbox 509 1005 775 1061; x_wconf 87' lang='lat' dir='ltr'><strong>eamdem</strong></span> <span class='ocrx_word' id='word_1_55' title='bbox 806 1006 1055 1078; x_wconf 81' lang='lat' dir='ltr'><strong>gratiam</strong></span> <span class='ocrx_word' id='word_1_56' title='bbox 1090 1024 1206 1061; x_wconf 90' lang='lat' dir='ltr'>non</span> <span class='ocrx_word' id='word_1_57' title='bbox 1227 1005 1470 1074; x_wconf 82' lang='lat' dir='ltr'>emollit,</span> <span class='ocrx_word' id='word_1_58' title='bbox 1505 1008 1604 1063; x_wconf 90' lang='lat' dir='ltr'>sed</span> <span class='ocrx_word' id='word_1_59' title='bbox 1638 1008 1905 1079; x_wconf 85' lang='lat' dir='ltr'>quamvis</span> <span class='ocrx_word' id='word_1_60' title='bbox 1935 1025 2018 1064; x_wconf 90' lang='lat' dir='ltr'>oc-</span> 
     </span>
    </p>
   </div>
   <div class='ocr_carea' id='block_1_10' title="bbox 376 1093 2025 1169">
    <p class='ocr_par' dir='ltr' id='par_1_10' title="bbox 376 1093 2025 1169">
     <span class='ocr_line' id='line_1_10' title="bbox 376 1093 2025 1169; baseline 0.002 -20"><span class='ocrx_word' id='word_1_61' title='bbox 376 1093 723 1166; x_wconf 86' lang='lat' dir='ltr'>culto,justo</span> <span class='ocrx_word' id='word_1_62' title='bbox 754 1098 949 1149; x_wconf 86' lang='lat' dir='ltr'>tamen</span> <span class='ocrx_word' id='word_1_63' title='bbox 974 1095 1196 1166; x_wconf 84' lang='lat' dir='ltr'>judicio</span> <span class='ocrx_word' id='word_1_64' title='bbox 1230 1094 1603 1167; x_wconf 87' lang='lat' dir='ltr'>derelinquit.</span> <span class='ocrx_word' id='word_1_65' title='bbox 1629 1096 1693 1151; x_wconf 89' lang='lat' dir='ltr'>Hi</span> <span class='ocrx_word' id='word_1_66' title='bbox 1730 1113 1863 1168; x_wconf 82' lang='lat' dir='ltr'>ergo</span> <span class='ocrx_word' id='word_1_67' title='bbox 1888 1114 2025 1169; x_wconf 85' lang='lat' dir='ltr'>quo-</span> 
     </span>
    </p>
   </div>
   <div class='ocr_carea' id='block_1_11' title="bbox 372 1182 2023 1256">
    <p class='ocr_par' dir='ltr' id='par_1_11' title="bbox 372 1182 2023 1256">
     <span class='ocr_line' id='line_1_11' title="bbox 372 1182 2023 1256; baseline 0.001 -18"><span class='ocrx_word' id='word_1_68' title='bbox 372 1200 505 1239; x_wconf 89' lang='lat' dir='ltr'>rum</span> <span class='ocrx_word' id='word_1_69' title='bbox 538 1182 847 1239; x_wconf 83' lang='lat' dir='ltr'>miseretur</span> <span class='ocrx_word' id='word_1_70' title='bbox 876 1184 1270 1255; x_wconf 70' lang='lat' dir='ltr'>praedestinati</span> <span class='ocrx_word' id='word_1_71' title='bbox 1295 1189 1435 1240; x_wconf 88' lang='lat' dir='ltr'>sunt</span> <span class='ocrx_word' id='word_1_72' title='bbox 1464 1185 1535 1239; x_wconf 90' lang='lat' dir='ltr'>ad</span> <span class='ocrx_word' id='word_1_73' title='bbox 1558 1184 1801 1256; x_wconf 80' lang='lat' dir='ltr'>gloriam</span> <span class='ocrx_word' id='word_1_74' title='bbox 1822 1203 2023 1241; x_wconf 90' lang='lat' dir='ltr'>secun-</span> 
     </span>
    </p>
   </div>
   <div class='ocr_carea' id='block_1_12' title="bbox 374 1271 2024 1346">
    <p class='ocr_par' dir='ltr' id='par_1_12' title="bbox 374 1271 2024 1346">
     <span class='ocr_line' id='line_1_12' title="bbox 374 1271 2024 1346; baseline 0.002 -19"><span class='ocrx_word' id='word_1_75' title='bbox 374 1272 513 1328; x_wconf 90' lang='lat' dir='ltr'>dum</span> <span class='ocrx_word' id='word_1_76' title='bbox 546 1271 688 1327; x_wconf 91' lang='lat' dir='ltr'>illud</span> <span class='ocrx_word' id='word_1_77' title='bbox 719 1271 976 1345; x_wconf 83' lang='lat' dir='ltr'>Apostoli</span> <span class='ocrx_word' id='word_1_78' title='bbox 1013 1289 1025 1326; x_wconf 90' lang='lat'><strong>:</strong></span> <span class='ocrx_word' id='word_1_79' title='bbox 1059 1278 1202 1343; x_wconf 77' lang='lat' dir='ltr'>Quos</span> <span class='ocrx_word' id='word_1_80' title='bbox 1225 1275 1508 1345; x_wconf 63' lang='lat' dir='ltr'>praesciuit</span> <span class='ocrx_word' id='word_1_81' title='bbox 1538 1283 1588 1329; x_wconf 87' lang='lat' dir='ltr'>et</span> <span class='ocrx_word' id='word_1_82' title='bbox 1611 1275 2024 1346; x_wconf 71' lang='lat' dir='ltr'>przrdcstinavit</span> 
     </span>
    </p>
   </div>
   <div class='ocr_carea' id='block_1_13' title="bbox 373 1360 2021 1435">
    <p class='ocr_par' dir='ltr' id='par_1_13' title="bbox 373 1360 2021 1435">
     <span class='ocr_line' id='line_1_13' title="bbox 373 1360 2021 1435; baseline 0.002 -18"><span class='ocrx_word' id='word_1_83' title='bbox 373 1362 542 1435; x_wconf 84' lang='lat' dir='ltr'>(Rom.</span> <span class='ocrx_word' id='word_1_84' title='bbox 577 1365 709 1430; x_wconf 89' lang='lat' dir='ltr'>I),et</span> <span class='ocrx_word' id='word_1_85' title='bbox 740 1360 1111 1433; x_wconf 84' lang='lat' dir='ltr'>appellantur</span> <span class='ocrx_word' id='word_1_86' title='bbox 1137 1380 1276 1417; x_wconf 85' lang='lat' dir='ltr'>vasa</span> <span class='ocrx_word' id='word_1_87' title='bbox 1304 1362 1364 1417; x_wconf 91' lang='lat' dir='ltr'>in</span> <span class='ocrx_word' id='word_1_88' title='bbox 1397 1363 1694 1419; x_wconf 76' lang='lat' dir='ltr'>honorem.</span> <span class='ocrx_word' id='word_1_89' title='bbox 1716 1364 1784 1419; x_wconf 88' lang='lat' dir='ltr'>Hi</span> <span class='ocrx_word' id='word_1_90' title='bbox 1810 1365 2021 1420; x_wconf 90' lang='lat' dir='ltr'>debent</span> 
     </span>
    </p>
   </div>
   <div class='ocr_carea' id='block_1_14' title="bbox 371 1451 2016 1524">
    <p class='ocr_par' dir='ltr' id='par_1_14' title="bbox 371 1451 2016 1524">
     <span class='ocr_line' id='line_1_14' title="bbox 371 1451 2016 1524; baseline 0.001 -18"><span class='ocrx_word' id='word_1_91' title='bbox 371 1456 484 1506; x_wconf 92' lang='lat' dir='ltr'>Deo</span> <span class='ocrx_word' id='word_1_92' title='bbox 516 1455 703 1507; x_wconf 90' lang='lat' dir='ltr'>totum</span> <span class='ocrx_word' id='word_1_93' title='bbox 748 1451 905 1523; x_wconf 90' lang='lat' dir='ltr'>quod</span> <span class='ocrx_word' id='word_1_94' title='bbox 952 1455 1089 1505; x_wconf 90' lang='lat' dir='ltr'>sunt</span> <span class='ocrx_word' id='word_1_95' title='bbox 1127 1454 1183 1505; x_wconf 92' lang='lat' dir='ltr'>ct</span> <span class='ocrx_word' id='word_1_96' title='bbox 1233 1452 1387 1523; x_wconf 90' lang='lat' dir='ltr'>quod</span> <span class='ocrx_word' id='word_1_97' title='bbox 1436 1452 1681 1521; x_wconf 89' lang='lat' dir='ltr'>habent;</span> <span class='ocrx_word' id='word_1_98' title='bbox 1726 1453 2016 1524; x_wconf 82' lang='lat' dir='ltr'>siquidem</span> 
     </span>
    </p>
   </div>
   <div class='ocr_carea' id='block_1_15' title="bbox 370 1540 2017 1613">
    <p class='ocr_par' dir='ltr' id='par_1_15' title="bbox 370 1540 2017 1613">
     <span class='ocr_line' id='line_1_15' title="bbox 370 1540 2017 1613; baseline 0 -16"><span class='ocrx_word' id='word_1_99' title='bbox 370 1542 500 1612; x_wconf 76' lang='lat' dir='ltr'>ejus</span> <span class='ocrx_word' id='word_1_100' title='bbox 521 1541 780 1596; x_wconf 80' lang='lat' dir='ltr'>bonitate</span> <span class='ocrx_word' id='word_1_101' title='bbox 802 1540 937 1595; x_wconf 89' lang='lat' dir='ltr'>facti</span> <span class='ocrx_word' id='word_1_102' title='bbox 968 1546 1125 1607; x_wconf 88' lang='lat' dir='ltr'>sunt,</span> <span class='ocrx_word' id='word_1_103' title='bbox 1146 1557 1279 1595; x_wconf 91' lang='lat' dir='ltr'>cum</span> <span class='ocrx_word' id='word_1_104' title='bbox 1312 1559 1427 1597; x_wconf 89' lang='lat' dir='ltr'>non</span> <span class='ocrx_word' id='word_1_105' title='bbox 1460 1548 1684 1610; x_wconf 87' lang='lat' dir='ltr'>essent;</span> <span class='ocrx_word' id='word_1_106' title='bbox 1710 1544 1836 1613; x_wconf 80' lang='lat' dir='ltr'>ejus</span> <span class='ocrx_word' id='word_1_107' title='bbox 1857 1542 2017 1599; x_wconf 88' lang='lat' dir='ltr'>beni-</span> 
     </span>
    </p>
   </div>
   <div class='ocr_carea' id='block_1_16' title="bbox 367 1629 2014 1702">
    <p class='ocr_par' dir='ltr' id='par_1_16' title="bbox 367 1629 2014 1702">
     <span class='ocr_line' id='line_1_16' title="bbox 367 1629 2014 1702; baseline 0.002 -17"><span class='ocrx_word' id='word_1_108' title='bbox 367 1629 589 1702; x_wconf 83' lang='lat' dir='ltr'>gnitate</span> <span class='ocrx_word' id='word_1_109' title='bbox 625 1629 825 1684; x_wconf 80' lang='lat' dir='ltr'>salvati</span> <span class='ocrx_word' id='word_1_110' title='bbox 860 1634 1019 1695; x_wconf 76' lang='lat' dir='ltr'>sunt,</span> <span class='ocrx_word' id='word_1_111' title='bbox 1048 1646 1180 1684; x_wconf 90' lang='lat' dir='ltr'>cum</span> <span class='ocrx_word' id='word_1_112' title='bbox 1231 1631 1441 1702; x_wconf 84' lang='lat' dir='ltr'>perditi</span> <span class='ocrx_word' id='word_1_113' title='bbox 1488 1637 1702 1689; x_wconf 88' lang='lat' dir='ltr'>essent.</span> <span class='ocrx_word' id='word_1_114' title='bbox 1747 1632 1833 1686; x_wconf 87' lang='lat' dir='ltr'>Illi</span> <span class='ocrx_word' id='word_1_115' title='bbox 1882 1650 2014 1689; x_wconf 86' lang='lat' dir='ltr'>vero</span> 
     </span>
    </p>
   </div>
   <div class='ocr_carea' id='block_1_17' title="bbox 367 1718 2015 1791">
    <p class='ocr_par' dir='ltr' id='par_1_17' title="bbox 367 1718 2015 1791">
     <span class='ocr_line' id='line_1_17' title="bbox 367 1718 2015 1791; baseline 0.003 -19"><span class='ocrx_word' id='word_1_116' title='bbox 367 1734 516 1790; x_wconf 92' lang='lat' dir='ltr'>quos</span> <span class='ocrx_word' id='word_1_117' title='bbox 538 1718 908 1783; x_wconf 89' lang='lat' dir='ltr'>indurat,boc</span> <span class='ocrx_word' id='word_1_118' title='bbox 929 1723 1018 1773; x_wconf 88' lang='lat' dir='ltr'>est</span> <span class='ocrx_word' id='word_1_119' title='bbox 1049 1735 1163 1773; x_wconf 90' lang='lat' dir='ltr'>non</span> <span class='ocrx_word' id='word_1_120' title='bbox 1186 1718 1529 1791; x_wconf 89' lang='lat' dir='ltr'>emollit,qui</span> <span class='ocrx_word' id='word_1_121' title='bbox 1557 1721 1615 1775; x_wconf 92' lang='lat' dir='ltr'>in</span> <span class='ocrx_word' id='word_1_122' title='bbox 1643 1722 2015 1777; x_wconf 88' lang='lat' dir='ltr'>damnatione</span> 
     </span>
    </p>
   </div>
   <div class='ocr_carea' id='block_1_18' title="bbox 367 1805 2014 1881">
    <p class='ocr_par' dir='ltr' id='par_1_18' title="bbox 367 1805 2014 1881">
     <span class='ocr_line' id='line_1_18' title="bbox 367 1805 2014 1881; baseline 0.003 -19"><span class='ocrx_word' id='word_1_123' title='bbox 367 1805 800 1878; x_wconf 88' lang='lat' dir='ltr'>relinquuntur,</span> <span class='ocrx_word' id='word_1_124' title='bbox 835 1825 1013 1878; x_wconf 86' lang='lat' dir='ltr'>quam</span> <span class='ocrx_word' id='word_1_125' title='bbox 1045 1806 1405 1881; x_wconf 86' lang='lat' dir='ltr'>originaliter</span> <span class='ocrx_word' id='word_1_126' title='bbox 1433 1809 1518 1865; x_wconf 86' lang='lat' dir='ltr'>vel</span> <span class='ocrx_word' id='word_1_127' title='bbox 1552 1810 1859 1866; x_wconf 87' lang='lat' dir='ltr'>actualiter</span> <span class='ocrx_word' id='word_1_128' title='bbox 1888 1829 2014 1867; x_wconf 90' lang='lat' dir='ltr'>me-</span> 
     </span>
    </p>
   </div>
   <div class='ocr_carea' id='block_1_19' title="bbox 2136 650 3721 728">
    <p class='ocr_par' dir='ltr' id='par_1_19' title="bbox 2136 650 3721 728">
     <span class='ocr_line' id='line_1_19' title="bbox 2136 650 3721 728; baseline 0.005 -25"><span class='ocrx_word' id='word_1_129' title='bbox 2136 650 2274 720; x_wconf 87' lang='lat' dir='ltr'>quod</span> <span class='ocrx_word' id='word_1_130' title='bbox 2304 666 2409 705; x_wconf 88' lang='lat' dir='ltr'>non</span> <span class='ocrx_word' id='word_1_131' title='bbox 2442 650 2736 724; x_wconf 84' lang='lat' dir='ltr'>accepisti?</span> <span class='ocrx_word' id='word_1_132' title='bbox 2765 652 2897 724; x_wconf 89' lang='lat' dir='ltr'>quid</span> <span class='ocrx_word' id='word_1_133' title='bbox 2923 652 3189 724; x_wconf 88' lang='lat' dir='ltr'>gloriaris</span> <span class='ocrx_word' id='word_1_134' title='bbox 3218 655 3371 727; x_wconf 85' lang='lat' dir='ltr'>quasi</span> <span class='ocrx_word' id='word_1_135' title='bbox 3412 671 3513 710; x_wconf 85' lang='lat' dir='ltr'>non</span> <span class='ocrx_word' id='word_1_136' title='bbox 3536 671 3721 728; x_wconf 80' lang='lat' dir='ltr'>accepe-</span> 
     </span>
    </p>
   </div>
   <div class='ocr_carea' id='block_1_20' title="bbox 2136 740 3725 815">
    <p class='ocr_par' dir='ltr' id='par_1_20' title="bbox 2136 740 3725 815">
     <span class='ocr_line' id='line_1_20' title="bbox 2136 740 3725 815; baseline 0.006 -23"><span class='ocrx_word' id='word_1_137' title='bbox 2136 741 2213 793; x_wconf 97' lang='lat' dir='ltr'>ris</span> <span class='ocrx_word' id='word_1_138' title='bbox 2226 742 2253 793; x_wconf 91' lang='lat'><strong><em>?</em></strong></span> <span class='ocrx_word' id='word_1_139' title='bbox 2266 740 2310 809; x_wconf 88' lang='lat' dir='ltr'>(I</span> <span class='ocrx_word' id='word_1_140' title='bbox 2327 742 2449 796; x_wconf 88' lang='lat' dir='ltr'>Cor.</span> <span class='ocrx_word' id='word_1_141' title='bbox 2469 746 2546 809; x_wconf 89' lang='lat' dir='ltr'>Iv)</span> <span class='ocrx_word' id='word_1_142' title='bbox 2559 740 2765 796; x_wconf 87' lang='lat' dir='ltr'>statuit</span> <span class='ocrx_word' id='word_1_143' title='bbox 2782 742 2840 797; x_wconf 92' lang='lat' dir='ltr'>in</span> <span class='ocrx_word' id='word_1_144' title='bbox 2860 741 3019 798; x_wconf 91' lang='lat' dir='ltr'>nullo</span> <span class='ocrx_word' id='word_1_145' title='bbox 3036 741 3633 815; x_wconf 88' lang='lat' dir='ltr'>gloriandum,quando</span> <span class='ocrx_word' id='word_1_146' title='bbox 3645 762 3725 802; x_wconf 86' lang='lat' dir='ltr'>no-</span> 
     </span>
    </p>
   </div>
   <div class='ocr_carea' id='block_1_21' title="bbox 2135 828 3728 905">
    <p class='ocr_par' dir='ltr' id='par_1_21' title="bbox 2135 828 3728 905">
     <span class='ocr_line' id='line_1_21' title="bbox 2135 828 3728 905; baseline 0.004 -23"><span class='ocrx_word' id='word_1_147' title='bbox 2135 832 2323 883; x_wconf 87' lang='lat' dir='ltr'>strum</span> <span class='ocrx_word' id='word_1_148' title='bbox 2348 828 2491 884; x_wconf 89' lang='lat' dir='ltr'>nihil</span> <span class='ocrx_word' id='word_1_149' title='bbox 2525 830 2601 885; x_wconf 87' lang='lat' dir='ltr'>sit</span> <span class='ocrx_word' id='word_1_150' title='bbox 2625 830 2721 901; x_wconf 83' lang='lat' dir='ltr'>(a).</span> <span class='ocrx_word' id='word_1_151' title='bbox 2742 829 2906 886; x_wconf 92' lang='lat' dir='ltr'>Unde</span> <span class='ocrx_word' id='word_1_152' title='bbox 2926 831 3081 887; x_wconf 90' lang='lat' dir='ltr'>bona</span> <span class='ocrx_word' id='word_1_153' title='bbox 3103 848 3331 904; x_wconf 90' lang='lat' dir='ltr'>quoque</span> <span class='ocrx_word' id='word_1_154' title='bbox 3348 831 3594 889; x_wconf 78' lang='lat' dir='ltr'>voluntas</span> <span class='ocrx_word' id='word_1_155' title='bbox 3610 850 3728 905; x_wconf 71' lang='lat' dir='ltr'>pre-</span> 
     </span>
    </p>
   </div>
   <div class='ocr_carea' id='block_1_22' title="bbox 2133 918 3724 992">
    <p class='ocr_par' dir='ltr' id='par_1_22' title="bbox 2133 918 3724 992">
     <span class='ocr_line' id='line_1_22' title="bbox 2133 918 3724 992; baseline 0.004 -21"><span class='ocrx_word' id='word_1_156' title='bbox 2133 921 2372 987; x_wconf 90' lang='lat' dir='ltr'>paratur</span> <span class='ocrx_word' id='word_1_157' title='bbox 2396 935 2430 973; x_wconf 92' lang='lat' dir='ltr'>a</span> <span class='ocrx_word' id='word_1_158' title='bbox 2463 918 2725 985; x_wconf 90' lang='lat' dir='ltr'>Domino,</span> <span class='ocrx_word' id='word_1_159' title='bbox 2746 923 2809 973; x_wconf 92' lang='lat' dir='ltr'>ut</span> <span class='ocrx_word' id='word_1_160' title='bbox 2857 925 3218 976; x_wconf 91' lang='lat' dir='ltr'>memoratus</span> <span class='ocrx_word' id='word_1_161' title='bbox 3247 920 3541 992; x_wconf 84' lang='lat' dir='ltr'>Apostolus</span> <span class='ocrx_word' id='word_1_162' title='bbox 3568 923 3724 978; x_wconf 90' lang='lat' dir='ltr'>docet.</span> 
     </span>
    </p>
   </div>
   <div class='ocr_carea' id='block_1_23' title="bbox 2132 1005 3728 1082">
    <p class='ocr_par' dir='ltr' id='par_1_23' title="bbox 2132 1005 3728 1082">
     <span class='ocr_line' id='line_1_23' title="bbox 2132 1005 3728 1082; baseline 0.004 -21"><span class='ocrx_word' id='word_1_163' title='bbox 2132 1005 2285 1061; x_wconf 91' lang='lat' dir='ltr'>Deus</span> <span class='ocrx_word' id='word_1_164' title='bbox 2316 1011 2402 1062; x_wconf 91' lang='lat' dir='ltr'>est</span> <span class='ocrx_word' id='word_1_165' title='bbox 2433 1007 2532 1078; x_wconf 90' lang='lat' dir='ltr'>qui</span> <span class='ocrx_word' id='word_1_166' title='bbox 2557 1012 2831 1079; x_wconf 85' lang='lat' dir='ltr'>operatur</span> <span class='ocrx_word' id='word_1_167' title='bbox 2859 1009 2919 1063; x_wconf 91' lang='lat' dir='ltr'>in</span> <span class='ocrx_word' id='word_1_168' title='bbox 2952 1008 3121 1065; x_wconf 90' lang='lat' dir='ltr'>nobis</span> <span class='ocrx_word' id='word_1_169' title='bbox 3152 1014 3206 1065; x_wconf 90' lang='lat' dir='ltr'>et</span> <span class='ocrx_word' id='word_1_170' title='bbox 3235 1007 3376 1065; x_wconf 85' lang='lat' dir='ltr'>velle</span> <span class='ocrx_word' id='word_1_171' title='bbox 3405 1015 3458 1066; x_wconf 90' lang='lat' dir='ltr'>et</span> <span class='ocrx_word' id='word_1_172' title='bbox 3494 1010 3728 1082; x_wconf 85' lang='lat' dir='ltr'>perﬁcere</span> 
     </span>
    </p>
   </div>
   <div class='ocr_carea' id='block_1_24' title="bbox 2132 1095 3727 1170">
    <p class='ocr_par' dir='ltr' id='par_1_24' title="bbox 2132 1095 3727 1170">
     <span class='ocr_line' id='line_1_24' title="bbox 2132 1095 3727 1170; baseline 0.003 -21"><span class='ocrx_word' id='word_1_173' title='bbox 2132 1111 2280 1166; x_wconf 86' lang='lat' dir='ltr'>opus</span> <span class='ocrx_word' id='word_1_174' title='bbox 2311 1095 2472 1151; x_wconf 66' lang='lat' dir='ltr'>bona:</span> <span class='ocrx_word' id='word_1_175' title='bbox 2506 1098 2658 1153; x_wconf 74' lang='grc'>188</span> <span class='ocrx_word' id='word_1_176' title='bbox 2691 1095 3044 1166; x_wconf 86' lang='lat' dir='ltr'>voluntatis;</span> <span class='ocrx_word' id='word_1_177' title='bbox 3074 1103 3309 1170; x_wconf 86' lang='lat' dir='ltr'>propter</span> <span class='ocrx_word' id='word_1_178' title='bbox 3328 1098 3474 1170; x_wconf 91' lang='lat' dir='ltr'>quod</span> <span class='ocrx_word' id='word_1_179' title='bbox 3519 1098 3727 1170; x_wconf 86' lang='lat' dir='ltr'>subjun-</span> 
     </span>
    </p>
   </div>
   <div class='ocr_carea' id='block_1_25' title="bbox 2130 1184 3728 1259">
    <p class='ocr_par' dir='ltr' id='par_1_25' title="bbox 2130 1184 3728 1259">
     <span class='ocr_line' id='line_1_25' title="bbox 2130 1184 3728 1259; baseline 0.004 -22"><span class='ocrx_word' id='word_1_180' title='bbox 2130 1184 2233 1255; x_wconf 90' lang='lat' dir='ltr'>git,</span> <span class='ocrx_word' id='word_1_181' title='bbox 2248 1193 2299 1240; x_wconf 91' lang='lat' dir='ltr'>et</span> <span class='ocrx_word' id='word_1_182' title='bbox 2324 1186 2581 1256; x_wconf 82' lang='lat' dir='ltr'>per/icere</span> <span class='ocrx_word' id='word_1_183' title='bbox 2606 1202 2705 1257; x_wconf 88' lang='lat' dir='ltr'>pro</span> <span class='ocrx_word' id='word_1_184' title='bbox 2729 1185 2869 1241; x_wconf 82' lang='lat' dir='ltr'>bona</span> <span class='ocrx_word' id='word_1_185' title='bbox 2896 1188 3171 1245; x_wconf 79' lang='lat' dir='ltr'>voluntate</span> <span class='ocrx_word' id='word_1_186' title='bbox 3204 1187 3425 1259; x_wconf 79' lang='lat' dir='ltr'>(Philip.</span> <span class='ocrx_word' id='word_1_187' title='bbox 3458 1186 3534 1258; x_wconf 90' lang='lat' dir='ltr'>II).</span> <span class='ocrx_word' id='word_1_188' title='bbox 3569 1188 3728 1259; x_wconf 84' lang='lat' dir='ltr'>Ipsam</span> 
     </span>
    </p>
   </div>
   <div class='ocr_carea' id='block_1_26' title="bbox 2129 1272 3731 1347">
    <p class='ocr_par' dir='ltr' id='par_1_26' title="bbox 2129 1272 3731 1347">
     <span class='ocr_line' id='line_1_26' title="bbox 2129 1272 3731 1347; baseline 0.004 -20"><span class='ocrx_word' id='word_1_189' title='bbox 2129 1272 2301 1328; x_wconf 89' lang='lat' dir='ltr'>etiam</span> <span class='ocrx_word' id='word_1_190' title='bbox 2336 1275 2549 1330; x_wconf 88' lang='lat' dir='ltr'>bonam</span> <span class='ocrx_word' id='word_1_191' title='bbox 2582 1275 2995 1347; x_wconf 88' lang='lat' dir='ltr'>cogitationem</span> <span class='ocrx_word' id='word_1_192' title='bbox 3027 1276 3193 1332; x_wconf 88' lang='lat' dir='ltr'>aDeo</span> <span class='ocrx_word' id='word_1_193' title='bbox 3224 1276 3392 1332; x_wconf 91' lang='lat' dir='ltr'>nobis</span> <span class='ocrx_word' id='word_1_194' title='bbox 3418 1291 3537 1331; x_wconf 89' lang='lat' dir='ltr'>esse</span> <span class='ocrx_word' id='word_1_195' title='bbox 3564 1275 3731 1333; x_wconf 87' lang='lat' dir='ltr'>doctor</span> 
     </span>
    </p>
   </div>
   <div class='ocr_carea' id='block_1_27' title="bbox 2128 1361 3729 1437">
    <p class='ocr_par' dir='ltr' id='par_1_27' title="bbox 2128 1361 3729 1437">
     <span class='ocr_line' id='line_1_27' title="bbox 2128 1361 3729 1437; baseline 0.002 -21"><span class='ocrx_word' id='word_1_196' title='bbox 2128 1361 2390 1433; x_wconf 87' lang='lat' dir='ltr'>gentium</span> <span class='ocrx_word' id='word_1_197' title='bbox 2424 1364 2828 1431; x_wconf 80' lang='lat' dir='ltr'>manifestans,</span> <span class='ocrx_word' id='word_1_198' title='bbox 2869 1366 2987 1420; x_wconf 70' lang='lat' dir='ltr'>Non</span> <span class='ocrx_word' id='word_1_199' title='bbox 3016 1367 3177 1437; x_wconf 87' lang='lat' dir='ltr'>quasi</span> <span class='ocrx_word' id='word_1_200' title='bbox 3217 1366 3537 1436; x_wconf 80' lang='lat' dir='ltr'>sufﬁcientes</span> <span class='ocrx_word' id='word_1_201' title='bbox 3570 1366 3729 1435; x_wconf 83' lang='lat' dir='ltr'>simus,</span> 
     </span>
    </p>
   </div>
   <div class='ocr_carea' id='block_1_28' title="bbox 2126 1450 3730 1526">
    <p class='ocr_par' dir='ltr' id='par_1_28' title="bbox 2126 1450 3730 1526">
     <span class='ocr_line' id='line_1_28' title="bbox 2126 1450 3730 1526; baseline 0.002 -22"><span class='ocrx_word' id='word_1_202' title='bbox 2126 1450 2337 1522; x_wconf 79' lang='lat' dir='ltr'>inquit,</span> <span class='ocrx_word' id='word_1_203' title='bbox 2370 1455 2604 1523; x_wconf 79' lang='lat' dir='ltr'>cogitare</span> <span class='ocrx_word' id='word_1_204' title='bbox 2635 1452 2849 1525; x_wconf 87' lang='lat' dir='ltr'>aliquid</span> <span class='ocrx_word' id='word_1_205' title='bbox 2878 1471 2912 1508; x_wconf 95' lang='lat' dir='ltr'>a</span> <span class='ocrx_word' id='word_1_206' title='bbox 2940 1456 3116 1522; x_wconf 87' lang='lat' dir='ltr'>nobis,</span> <span class='ocrx_word' id='word_1_207' title='bbox 3149 1456 3310 1526; x_wconf 86' lang='lat' dir='ltr'>quasi</span> <span class='ocrx_word' id='word_1_208' title='bbox 3355 1470 3422 1509; x_wconf 72' lang='lat' dir='ltr'>ea:</span> <span class='ocrx_word' id='word_1_209' title='bbox 3466 1452 3622 1517; x_wconf 83' lang='lat' dir='ltr'>nobis,</span> <span class='ocrx_word' id='word_1_210' title='bbox 3660 1453 3730 1508; x_wconf 81' lang='lat' dir='ltr'>sed</span> 
     </span>
    </p>
   </div>
   <div class='ocr_carea' id='block_1_29' title="bbox 2124 1540 3730 1613">
    <p class='ocr_par' dir='ltr' id='par_1_29' title="bbox 2124 1540 3730 1613">
     <span class='ocr_line' id='line_1_29' title="bbox 2124 1540 3730 1613; baseline 0.001 -18"><span class='ocrx_word' id='word_1_211' title='bbox 2124 1542 2461 1612; x_wconf 77' lang='lat' dir='ltr'>sufﬁcientia</span> <span class='ocrx_word' id='word_1_212' title='bbox 2490 1551 2672 1597; x_wconf 90' lang='lat' dir='ltr'>nostra</span> <span class='ocrx_word' id='word_1_213' title='bbox 2700 1560 2769 1597; x_wconf 73' lang='lat' dir='ltr'>ea:</span> <span class='ocrx_word' id='word_1_214' title='bbox 2798 1546 2908 1597; x_wconf 86' lang='lat' dir='ltr'>Deo</span> <span class='ocrx_word' id='word_1_215' title='bbox 2936 1550 3014 1598; x_wconf 90' lang='lat' dir='ltr'>est</span> <span class='ocrx_word' id='word_1_216' title='bbox 3043 1543 3117 1612; x_wconf 90' lang='lat' dir='ltr'>(Il</span> <span class='ocrx_word' id='word_1_217' title='bbox 3146 1544 3267 1599; x_wconf 86' lang='lat' dir='ltr'>Cor.</span> <span class='ocrx_word' id='word_1_218' title='bbox 3294 1542 3398 1613; x_wconf 91' lang='lat' dir='ltr'><strong>III).</strong></span> <span class='ocrx_word' id='word_1_219' title='bbox 3439 1541 3532 1597; x_wconf 91' lang='lat' dir='ltr'>Dei</span> <span class='ocrx_word' id='word_1_220' title='bbox 3578 1540 3730 1612; x_wconf 82' lang='lat' dir='ltr'>gratia</span> 
     </span>
    </p>
   </div>
   <div class='ocr_carea' id='block_1_30' title="bbox 2126 1631 3727 1704">
    <p class='ocr_par' dir='ltr' id='par_1_30' title="bbox 2126 1631 3727 1704">
     <span class='ocr_line' id='line_1_30' title="bbox 2126 1631 3727 1704; baseline 0.001 -20"><span class='ocrx_word' id='word_1_221' title='bbox 2126 1645 2232 1684; x_wconf 90' lang='lat' dir='ltr'>nos</span> <span class='ocrx_word' id='word_1_222' title='bbox 2246 1631 2541 1701; x_wconf 60' lang='lat' dir='ltr'>praevenit,</span> <span class='ocrx_word' id='word_1_223' title='bbox 2549 1634 2785 1703; x_wconf 88' lang='lat' dir='ltr'>propter</span> <span class='ocrx_word' id='word_1_224' title='bbox 2806 1631 2960 1702; x_wconf 91' lang='lat' dir='ltr'>quod</span> <span class='ocrx_word' id='word_1_225' title='bbox 2984 1632 3274 1704; x_wconf 91' lang='lat' dir='ltr'>scriptum</span> <span class='ocrx_word' id='word_1_226' title='bbox 3292 1636 3381 1687; x_wconf 89' lang='lat' dir='ltr'>est</span> <span class='ocrx_word' id='word_1_227' title='bbox 3403 1648 3416 1685; x_wconf 90' lang='lat'><strong>:</strong></span> <span class='ocrx_word' id='word_1_228' title='bbox 3441 1632 3569 1685; x_wconf 85' lang='lat' dir='ltr'>Deus</span> <span class='ocrx_word' id='word_1_229' title='bbox 3591 1646 3727 1698; x_wconf 85' lang='lat' dir='ltr'>meus,</span> 
     </span>
    </p>
   </div>
   <div class='ocr_carea' id='block_1_31' title="bbox 2123 1719 3733 1791">
    <p class='ocr_par' dir='ltr' id='par_1_31' title="bbox 2123 1719 3733 1791">
     <span class='ocr_line' id='line_1_31' title="bbox 2123 1719 3733 1791; baseline 0.001 -20"><span class='ocrx_word' id='word_1_230' title='bbox 2123 1720 2503 1775; x_wconf 74' lang='lat' dir='ltr'>misericordia</span> <span class='ocrx_word' id='word_1_231' title='bbox 2531 1720 2652 1790; x_wconf 83' lang='lat' dir='ltr'>ejus</span> <span class='ocrx_word' id='word_1_232' title='bbox 2674 1722 2976 1791; x_wconf 60' lang='lat' dir='ltr'>prwveniet</span> <span class='ocrx_word' id='word_1_233' title='bbox 3002 1737 3087 1776; x_wconf 90' lang='lat' dir='ltr'>me</span> <span class='ocrx_word' id='word_1_234' title='bbox 3115 1720 3294 1789; x_wconf 89' lang='lat' dir='ltr'>(Psal.</span> <span class='ocrx_word' id='word_1_235' title='bbox 3332 1734 3483 1787; x_wconf 82' lang='lat' dir='ltr'><strong>LVIII,</strong></span> <span class='ocrx_word' id='word_1_236' title='bbox 3517 1724 3577 1774; x_wconf 93' lang='lat' dir='ltr'>ut</span> <span class='ocrx_word' id='word_1_237' title='bbox 3610 1719 3733 1774; x_wconf 84' lang='lat' dir='ltr'>bona</span> 
     </span>
    </p>
   </div>
   <div class='ocr_carea' id='block_1_32' title="bbox 2121 1807 3728 1882">
    <p class='ocr_par' dir='ltr' id='par_1_32' title="bbox 2121 1807 3728 1882">
     <span class='ocr_line' id='line_1_32' title="bbox 2121 1807 3728 1882; baseline -0.001 -20"><span class='ocrx_word' id='word_1_238' title='bbox 2121 1807 2370 1863; x_wconf 89' lang='lat' dir='ltr'>velimus</span> <span class='ocrx_word' id='word_1_239' title='bbox 2399 1813 2457 1864; x_wconf 92' lang='lat' dir='ltr'>et</span> <span class='ocrx_word' id='word_1_240' title='bbox 2485 1808 2848 1865; x_wconf 90' lang='lat' dir='ltr'>inchoemus.</span> <span class='ocrx_word' id='word_1_241' title='bbox 2884 1809 2986 1865; x_wconf 91' lang='lat' dir='ltr'>Dei</span> <span class='ocrx_word' id='word_1_242' title='bbox 3012 1809 3204 1882; x_wconf 88' lang='lat' dir='ltr'>gratia</span> <span class='ocrx_word' id='word_1_243' title='bbox 3236 1825 3343 1865; x_wconf 89' lang='lat' dir='ltr'>nos</span> <span class='ocrx_word' id='word_1_244' title='bbox 3375 1807 3728 1880; x_wconf 81' lang='lat' dir='ltr'>subsequitur,</span> 
     </span>
    </p>
   </div>
   <div class='ocr_carea' id='block_1_33' title="bbox 364 1894 3733 1999">
    <p class='ocr_par' dir='ltr' id='par_1_33' title="bbox 364 1894 3733 1999">
     <span class='ocr_line' id='line_1_33' title="bbox 364 1894 3733 1999; baseline 0 -49"><span class='ocrx_word' id='word_1_245' title='bbox 364 1894 910 1962; x_wconf 90' lang='lat' dir='ltr'>ruerunt,dicuntur</span> <span class='ocrx_word' id='word_1_246' title='bbox 940 1913 1078 1952; x_wconf 86' lang='lat' dir='ltr'>vasa</span> <span class='ocrx_word' id='word_1_247' title='bbox 1108 1897 1167 1951; x_wconf 90' lang='lat' dir='ltr'>in</span> <span class='ocrx_word' id='word_1_248' title='bbox 1199 1899 1903 1971; x_wconf 88' lang='lat' dir='ltr'>contumeliam,perfccta</span> <span class='ocrx_word' id='word_1_249' title='bbox 1924 1899 2010 1955; x_wconf 81' lang='lat' dir='ltr'>vel</span> <span class='ocrx_word' id='word_1_250' title='bbox 2045 1931 2093 1999; x_wconf 83' lang='lat' dir='ltr'><strong>B</strong></span> <span class='ocrx_word' id='word_1_251' title='bbox 2125 1901 2189 1951; x_wconf 92' lang='lat' dir='ltr'>ut</span> <span class='ocrx_word' id='word_1_252' title='bbox 2218 1897 2501 1968; x_wconf 90' lang='lat' dir='ltr'>scriptum</span> <span class='ocrx_word' id='word_1_253' title='bbox 2534 1902 2640 1965; x_wconf 90' lang='lat' dir='ltr'>est,</span> <span class='ocrx_word' id='word_1_254' title='bbox 2672 1906 2723 1953; x_wconf 87' lang='lat' dir='ltr'>et</span> <span class='ocrx_word' id='word_1_255' title='bbox 2754 1899 3135 1954; x_wconf 78' lang='lat' dir='ltr'>misericordia</span> <span class='ocrx_word' id='word_1_256' title='bbox 3167 1906 3266 1954; x_wconf 87' lang='lat' dir='ltr'>tua</span> <span class='ocrx_word' id='word_1_257' title='bbox 3303 1900 3636 1970; x_wconf 71' lang='lat' dir='ltr'>subsequatur</span> <span class='ocrx_word' id='word_1_258' title='bbox 3667 1911 3733 1951; x_wconf 81' lang='lat' dir='ltr'>me</span> 
     </span>
    </p>
   </div>
   <div class='ocr_carea' id='block_1_34' title="bbox 364 1983 2008 2058">
    <p class='ocr_par' dir='ltr' id='par_1_34' title="bbox 364 1983 2008 2058">
     <span class='ocr_line' id='line_1_34' title="bbox 364 1983 2008 2058; baseline 0.002 -18"><span class='ocrx_word' id='word_1_259' title='bbox 364 1988 503 2055; x_wconf 86' lang='lat' dir='ltr'>apta</span> <span class='ocrx_word' id='word_1_260' title='bbox 528 1983 587 2039; x_wconf 92' lang='lat' dir='ltr'>in</span> <span class='ocrx_word' id='word_1_261' title='bbox 620 1983 941 2039; x_wconf 88' lang='lat' dir='ltr'>interitum.</span> <span class='ocrx_word' id='word_1_262' title='bbox 957 1984 1024 2040; x_wconf 91' lang='lat' dir='ltr'>Hi</span> <span class='ocrx_word' id='word_1_263' title='bbox 1047 1987 1201 2058; x_wconf 92' lang='lat' dir='ltr'>quod</span> <span class='ocrx_word' id='word_1_264' title='bbox 1224 1988 1620 2056; x_wconf 88' lang='lat' dir='ltr'>creantur,Dei</span> <span class='ocrx_word' id='word_1_265' title='bbox 1643 1989 1860 2044; x_wconf 89' lang='lat' dir='ltr'>donum</span> <span class='ocrx_word' id='word_1_266' title='bbox 1884 1993 1971 2044; x_wconf 83' lang='lat' dir='ltr'>est</span> <span class='ocrx_word' id='word_1_267' title='bbox 1996 2006 2008 2043; x_wconf 92' lang='lat'>:</span> 
     </span>
    </p>
   </div>
   <div class='ocr_carea' id='block_1_35' title="bbox 365 2072 2013 2151">
    <p class='ocr_par' dir='ltr' id='par_1_35' title="bbox 365 2072 2013 2151">
     <span class='ocr_line' id='line_1_35' title="bbox 365 2072 2013 2151; baseline 0.004 -24"><span class='ocrx_word' id='word_1_268' title='bbox 365 2074 516 2145; x_wconf 93' lang='lat' dir='ltr'>quod</span> <span class='ocrx_word' id='word_1_269' title='bbox 548 2072 892 2145; x_wconf 90' lang='lat' dir='ltr'>puniuntur,</span> <span class='ocrx_word' id='word_1_270' title='bbox 913 2074 1135 2130; x_wconf 90' lang='lat' dir='ltr'>malum</span> <span class='ocrx_word' id='word_1_271' title='bbox 1159 2076 1440 2147; x_wconf 90' lang='lat' dir='ltr'>ipsorum.</span> <span class='ocrx_word' id='word_1_272' title='bbox 1463 2076 1578 2132; x_wconf 85' lang='lat' dir='ltr'>Hos</span> <span class='ocrx_word' id='word_1_273' title='bbox 1602 2077 1804 2133; x_wconf 90' lang='lat' dir='ltr'>beatus</span> <span class='ocrx_word' id='word_1_274' title='bbox 1820 2081 2013 2151; x_wconf 85' lang='lat' dir='ltr'>Augu-</span> 
     </span>
    </p>
   </div>
   <div class='ocr_carea' id='block_1_36' title="bbox 362 2161 2009 2237">
    <p class='ocr_par' dir='ltr' id='par_1_36' title="bbox 362 2161 2009 2237">
     <span class='ocr_line' id='line_1_36' title="bbox 362 2161 2009 2237; baseline 0.003 -20"><span class='ocrx_word' id='word_1_275' title='bbox 362 2162 554 2218; x_wconf 91' lang='lat' dir='ltr'>stinus</span> <span class='ocrx_word' id='word_1_276' title='bbox 584 2162 642 2216; x_wconf 90' lang='lat' dir='ltr'>in</span> <span class='ocrx_word' id='word_1_277' title='bbox 676 2161 877 2218; x_wconf 89' lang='lat' dir='ltr'>multis</span> <span class='ocrx_word' id='word_1_278' title='bbox 908 2162 1074 2219; x_wconf 89' lang='lat' dir='ltr'>libris</span> <span class='ocrx_word' id='word_1_279' title='bbox 1103 2168 1161 2219; x_wconf 89' lang='lat' dir='ltr'>et</span> <span class='ocrx_word' id='word_1_280' title='bbox 1188 2163 1245 2218; x_wconf 91' lang='lat' dir='ltr'>in</span> <span class='ocrx_word' id='word_1_281' title='bbox 1279 2182 1344 2221; x_wconf 90' lang='lat' dir='ltr'>eo</span> <span class='ocrx_word' id='word_1_282' title='bbox 1377 2182 1552 2237; x_wconf 85' lang='lat' dir='ltr'>quem</span> <span class='ocrx_word' id='word_1_283' title='bbox 1576 2165 1711 2221; x_wconf 90' lang='lat' dir='ltr'>fecit</span> <span class='ocrx_word' id='word_1_284' title='bbox 1732 2167 2009 2222; x_wconf 91' lang='lat' dir='ltr'>ultimum</span> 
     </span>
    </p>
   </div>
   <div class='ocr_carea' id='block_1_37' title="bbox 362 2250 2008 2327">
    <p class='ocr_par' dir='ltr' id='par_1_37' title="bbox 362 2250 2008 2327">
     <span class='ocr_line' id='line_1_37' title="bbox 362 2250 2008 2327; baseline 0.002 -21"><span class='ocrx_word' id='word_1_285' title='bbox 362 2267 477 2306; x_wconf 93' lang='lat' dir='ltr'>non</span> <span class='ocrx_word' id='word_1_286' title='bbox 508 2250 739 2307; x_wconf 88' lang='lat' dir='ltr'>dubitat</span> <span class='ocrx_word' id='word_1_287' title='bbox 769 2252 959 2306; x_wconf 90' lang='lat' dir='ltr'>dicere</span> <span class='ocrx_word' id='word_1_288' title='bbox 990 2253 1432 2325; x_wconf 65' lang='lat' dir='ltr'>praedestinatos</span> <span class='ocrx_word' id='word_1_289' title='bbox 1481 2255 1553 2310; x_wconf 90' lang='lat' dir='ltr'>ad</span> <span class='ocrx_word' id='word_1_290' title='bbox 1603 2272 1856 2327; x_wconf 67' lang='lat' dir='ltr'>poenam,</span> <span class='ocrx_word' id='word_1_291' title='bbox 1893 2272 2008 2310; x_wconf 89' lang='lat' dir='ltr'>non</span> 
     </span>
    </p>
   </div>
   <div class='ocr_carea' id='block_1_38' title="bbox 361 2338 2010 2412">
    <p class='ocr_par' dir='ltr' id='par_1_38' title="bbox 361 2338 2010 2412">
     <span class='ocr_line' id='line_1_38' title="bbox 361 2338 2010 2412; baseline 0.004 -19"><span class='ocrx_word' id='word_1_292' title='bbox 361 2338 694 2412; x_wconf 86' lang='lat' dir='ltr'>intelligens</span> <span class='ocrx_word' id='word_1_293' title='bbox 711 2339 949 2395; x_wconf 83' lang='lat' dir='ltr'>fatalem‘</span> <span class='ocrx_word' id='word_1_294' title='bbox 966 2341 1327 2412; x_wconf 89' lang='lat' dir='ltr'>perditorum</span> <span class='ocrx_word' id='word_1_295' title='bbox 1348 2344 1883 2411; x_wconf 89' lang='lat' dir='ltr'>necessitatem,sed</span> <span class='ocrx_word' id='word_1_296' title='bbox 1905 2344 2010 2399; x_wconf 90' lang='lat' dir='ltr'>im-</span> 
     </span>
    </p>
   </div>
   <div class='ocr_carea' id='block_1_39' title="bbox 362 2427 2009 2504">
    <p class='ocr_par' dir='ltr' id='par_1_39' title="bbox 362 2427 2009 2504">
     <span class='ocr_line' id='line_1_39' title="bbox 362 2427 2009 2504; baseline 0.004 -21"><span class='ocrx_word' id='word_1_297' title='bbox 362 2427 705 2483; x_wconf 88' lang='lat' dir='ltr'>mutabilem</span> <span class='ocrx_word' id='word_1_298' title='bbox 720 2427 1055 2483; x_wconf 89' lang='lat' dir='ltr'>relictorum</span> <span class='ocrx_word' id='word_1_299' title='bbox 1079 2430 1488 2487; x_wconf 87' lang='lat' dir='ltr'>desertioncm.</span> <span class='ocrx_word' id='word_1_300' title='bbox 1505 2433 1752 2504; x_wconf 83' lang='lat' dir='ltr'>Legebat</span> <span class='ocrx_word' id='word_1_301' title='bbox 1764 2433 1920 2488; x_wconf 90' lang='lat' dir='ltr'>enim</span> <span class='ocrx_word' id='word_1_302' title='bbox 1938 2435 2009 2489; x_wconf 91' lang='lat' dir='ltr'>de</span> 
     </span>
    </p>
   </div>
   <div class='ocr_carea' id='block_1_40' title="bbox 360 2516 2010 2595">
    <p class='ocr_par' dir='ltr' id='par_1_40' title="bbox 360 2516 2010 2595">
     <span class='ocr_line' id='line_1_40' title="bbox 360 2516 2010 2595; baseline 0.004 -24"><span class='ocrx_word' id='word_1_303' title='bbox 360 2516 477 2572; x_wconf 89' lang='lat' dir='ltr'>Deo</span> <span class='ocrx_word' id='word_1_304' title='bbox 512 2533 525 2571; x_wconf 77' lang='grc' dir='ltr'>ε</span> <span class='ocrx_word' id='word_1_305' title='bbox 556 2517 621 2572; x_wconf 86' lang='lat' dir='ltr'>Si</span> <span class='ocrx_word' id='word_1_306' title='bbox 646 2518 977 2572; x_wconf 77' lang='lat' dir='ltr'>concluserit</span> <span class='ocrx_word' id='word_1_307' title='bbox 1005 2519 1300 2586; x_wconf 78' lang='lat' dir='ltr'>hominem,</span> <span class='ocrx_word' id='word_1_308' title='bbox 1334 2523 1522 2575; x_wconf 87' lang='lat' dir='ltr'>nullus</span> <span class='ocrx_word' id='word_1_309' title='bbox 1552 2530 1630 2577; x_wconf 89' lang='lat' dir='ltr'>est</span> <span class='ocrx_word' id='word_1_310' title='bbox 1669 2525 1767 2593; x_wconf 88' lang='lat' dir='ltr'>qui</span> <span class='ocrx_word' id='word_1_311' title='bbox 1796 2526 2010 2595; x_wconf 87' lang='lat' dir='ltr'>aperiat</span> 
     </span>
    </p>
   </div>
   <div class='ocr_carea' id='block_1_41' title="bbox 363 2605 2008 2684">
    <p class='ocr_par' dir='ltr' id='par_1_41' title="bbox 363 2605 2008 2684">
     <span class='ocr_line' id='line_1_41' title="bbox 363 2605 2008 2684; baseline 0.005 -24"><span class='ocrx_word' id='word_1_312' title='bbox 363 2605 497 2677; x_wconf 80' lang='lat' dir='ltr'>(Job.</span> <span class='ocrx_word' id='word_1_313' title='bbox 529 2606 665 2675; x_wconf 84' lang='lat' dir='ltr'>xu);</span> <span class='ocrx_word' id='word_1_314' title='bbox 700 2606 959 2678; x_wconf 89' lang='lat' dir='ltr'>itemque</span> <span class='ocrx_word' id='word_1_315' title='bbox 992 2624 1005 2662; x_wconf 91' lang='lat'>:</span> <span class='ocrx_word' id='word_1_316' title='bbox 1043 2609 1338 2664; x_wconf 85' lang='lat' dir='ltr'>Considera</span> <span class='ocrx_word' id='word_1_317' title='bbox 1367 2626 1531 2681; x_wconf 80' lang='lat' dir='ltr'>opera</span> <span class='ocrx_word' id='word_1_318' title='bbox 1566 2612 1834 2684; x_wconf 86' lang='lat' dir='ltr'>Dei,quod</span> <span class='ocrx_word' id='word_1_319' title='bbox 1853 2629 2008 2668; x_wconf 86' lang='lat' dir='ltr'>nemo</span> 
     </span>
    </p>
   </div>
   <div class='ocr_carea' id='block_1_42' title="bbox 355 2695 2007 2772">
    <p class='ocr_par' dir='ltr' id='par_1_42' title="bbox 355 2695 2007 2772">
     <span class='ocr_line' id='line_1_42' title="bbox 355 2695 2007 2772; baseline 0.004 -23"><span class='ocrx_word' id='word_1_320' title='bbox 355 2695 527 2765; x_wconf 83' lang='lat' dir='ltr'>possit</span> <span class='ocrx_word' id='word_1_321' title='bbox 551 2697 825 2763; x_wconf 84' lang='lat' dir='ltr'>corrigere</span> <span class='ocrx_word' id='word_1_322' title='bbox 852 2712 1013 2766; x_wconf 84' lang='lat' dir='ltr'>quem</span> <span class='ocrx_word' id='word_1_323' title='bbox 1042 2697 1137 2751; x_wconf 89' lang='lat' dir='ltr'>ille</span> <span class='ocrx_word' id='word_1_324' title='bbox 1183 2698 1485 2769; x_wconf 64' lang='lat' dir='ltr'>despexerit</span> <span class='ocrx_word' id='word_1_325' title='bbox 1527 2701 1711 2767; x_wconf 83' lang='lat' dir='ltr'>(Eecli.</span> <span class='ocrx_word' id='word_1_326' title='bbox 1746 2702 1827 2772; x_wconf 87' lang='lat' dir='ltr'><strong>II),</strong></span> <span class='ocrx_word' id='word_1_327' title='bbox 1862 2700 2007 2755; x_wconf 91' lang='lat' dir='ltr'>illud</span> 
     </span>
    </p>
   </div>
   <div class='ocr_carea' id='block_1_43' title="bbox 358 2783 2006 2856">
    <p class='ocr_par' dir='ltr' id='par_1_43' title="bbox 358 2783 2006 2856">
     <span class='ocr_line' id='line_1_43' title="bbox 358 2783 2006 2856; baseline 0.004 -19"><span class='ocrx_word' id='word_1_328' title='bbox 358 2783 535 2837; x_wconf 89' lang='lat' dir='ltr'>etiam</span> <span class='ocrx_word' id='word_1_329' title='bbox 570 2799 582 2838; x_wconf 90' lang='lat'>:</span> <span class='ocrx_word' id='word_1_330' title='bbox 616 2784 817 2839; x_wconf 86' lang='lat' dir='ltr'>Dimisi</span> <span class='ocrx_word' id='word_1_331' title='bbox 844 2801 931 2839; x_wconf 85' lang='lat' dir='ltr'>eos</span> <span class='ocrx_word' id='word_1_332' title='bbox 958 2786 1255 2840; x_wconf 86' lang='lat' dir='ltr'>secundum</span> <span class='ocrx_word' id='word_1_333' title='bbox 1282 2787 1554 2843; x_wconf 86' lang='lat' dir='ltr'>desideria</span> <span class='ocrx_word' id='word_1_334' title='bbox 1594 2790 1769 2845; x_wconf 85' lang='lat' dir='ltr'>cordis</span> <span class='ocrx_word' id='word_1_335' title='bbox 1798 2807 2006 2856; x_wconf 87' lang='lat' dir='ltr'>eorum,</span> 
     </span>
    </p>
   </div>
   <div class='ocr_carea' id='block_1_44' title="bbox 360 2873 2009 2949">
    <p class='ocr_par' dir='ltr' id='par_1_44' title="bbox 360 2873 2009 2949">
     <span class='ocr_line' id='line_1_44' title="bbox 360 2873 2009 2949; baseline 0.005 -23"><span class='ocrx_word' id='word_1_336' title='bbox 360 2873 517 2927; x_wconf 89' lang='lat' dir='ltr'>ibunt</span> <span class='ocrx_word' id='word_1_337' title='bbox 572 2874 633 2927; x_wconf 90' lang='lat' dir='ltr'>in</span> <span class='ocrx_word' id='word_1_338' title='bbox 678 2873 1161 2930; x_wconf 87' lang='lat' dir='ltr'>adinventionibus</span> <span class='ocrx_word' id='word_1_339' title='bbox 1210 2878 1327 2932; x_wconf 90' lang='lat' dir='ltr'>suis</span> <span class='ocrx_word' id='word_1_340' title='bbox 1375 2878 1545 2949; x_wconf 87' lang='lat' dir='ltr'>(Psal.</span> <span class='ocrx_word' id='word_1_341' title='bbox 1599 2880 1782 2949; x_wconf 80' lang='lat' dir='ltr'>Lxxx).</span> <span class='ocrx_word' id='word_1_342' title='bbox 1817 2881 1904 2945; x_wconf 90' lang='lat' dir='ltr'>Et,</span> <span class='ocrx_word' id='word_1_343' title='bbox 1945 2884 2009 2934; x_wconf 90' lang='lat' dir='ltr'>ut</span> 
     </span>
    </p>
   </div>
   <div class='ocr_carea' id='block_1_45' title="bbox 358 2960 2008 3035">
    <p class='ocr_par' dir='ltr' id='par_1_45' title="bbox 358 2960 2008 3035">
     <span class='ocr_line' id='line_1_45' title="bbox 358 2960 2008 3035; baseline 0.005 -20"><span class='ocrx_word' id='word_1_344' title='bbox 358 2960 882 3035; x_wconf 87' lang='lat' dir='ltr'>opinor,dirigebat</span> <span class='ocrx_word' id='word_1_345' title='bbox 902 2979 1036 3018; x_wconf 91' lang='lat' dir='ltr'>eum</span> <span class='ocrx_word' id='word_1_346' title='bbox 1060 2963 1117 3017; x_wconf 92' lang='lat' dir='ltr'>in</span> <span class='ocrx_word' id='word_1_347' title='bbox 1142 2963 1297 3019; x_wconf 90' lang='lat' dir='ltr'>hunc</span> <span class='ocrx_word' id='word_1_348' title='bbox 1318 2982 1557 3022; x_wconf 89' lang='lat' dir='ltr'>sensum</span> <span class='ocrx_word' id='word_1_349' title='bbox 1590 2966 1729 3021; x_wconf 88' lang='lat' dir='ltr'>illud</span> <span class='ocrx_word' id='word_1_350' title='bbox 1757 2967 2008 3023; x_wconf 80' lang='lat' dir='ltr'>maxime</span> 
     </span>
    </p>
   </div>
   <div class='ocr_carea' id='block_1_46' title="bbox 357 3048 2006 3135">
    <p class='ocr_par' dir='ltr' id='par_1_46' title="bbox 357 3048 2006 3135">
     <span class='ocr_line' id='line_1_46' title="bbox 357 3048 2006 3135; baseline 0.004 -31"><span class='ocrx_word' id='word_1_351' title='bbox 357 3048 760 3105; x_wconf 89' lang='lat' dir='ltr'>testimonium</span> <span class='ocrx_word' id='word_1_352' title='bbox 791 3051 862 3106; x_wconf 91' lang='lat' dir='ltr'>de</span> <span class='ocrx_word' id='word_1_353' title='bbox 894 3051 1008 3107; x_wconf 92' lang='lat' dir='ltr'>Deo</span> <span class='ocrx_word' id='word_1_354' title='bbox 1041 3051 1141 3123; x_wconf 89' lang='lat' dir='ltr'>qui</span> <span class='ocrx_word' id='word_1_355' title='bbox 1174 3053 1309 3109; x_wconf 89' lang='lat' dir='ltr'>fecit</span> <span class='ocrx_word' id='word_1_356' title='bbox 1340 3072 1466 3126; x_wconf 68' lang='lat' dir='ltr'>quae</span> <span class='ocrx_word' id='word_1_357' title='bbox 1499 3056 1697 3111; x_wconf 88' lang='lat' dir='ltr'>futura</span> <span class='ocrx_word' id='word_1_358' title='bbox 1723 3056 2006 3135; x_wconf 31' lang='lat' dir='ltr'>sunt.‘Cui</span> 
     </span>
    </p>
   </div>
   <div class='ocr_carea' id='block_1_47' title="bbox 355 3138 2007 3216">
    <p class='ocr_par' dir='ltr' id='par_1_47' title="bbox 355 3138 2007 3216">
     <span class='ocr_line' id='line_1_47' title="bbox 355 3138 2007 3216; baseline 0.005 -23"><span class='ocrx_word' id='word_1_359' title='bbox 355 3140 413 3194; x_wconf 90' lang='lat' dir='ltr'>et</span> <span class='ocrx_word' id='word_1_360' title='bbox 442 3138 659 3194; x_wconf 90' lang='lat' dir='ltr'>dicitur</span> <span class='ocrx_word' id='word_1_361' title='bbox 689 3155 704 3193; x_wconf 90' lang='lat'><strong>:</strong></span> <span class='ocrx_word' id='word_1_362' title='bbox 739 3139 938 3195; x_wconf 72' lang='lat' dir='ltr'>Reddas</span> <span class='ocrx_word' id='word_1_363' title='bbox 994 3143 1292 3213; x_wconf 88' lang='lat' dir='ltr'>unicuique</span> <span class='ocrx_word' id='word_1_364' title='bbox 1344 3145 1641 3199; x_wconf 88' lang='lat' dir='ltr'>secundum</span> <span class='ocrx_word' id='word_1_365' title='bbox 1687 3162 1847 3216; x_wconf 85' lang='lat' dir='ltr'>opera</span> <span class='ocrx_word' id='word_1_366' title='bbox 1903 3163 2007 3201; x_wconf 89' lang='lat' dir='ltr'>sua</span> 
     </span>
    </p>
   </div>
   <div class='ocr_carea' id='block_1_48' title="bbox 355 3228 2002 3300">
    <p class='ocr_par' dir='ltr' id='par_1_48' title="bbox 355 3228 2002 3300">
     <span class='ocr_line' id='line_1_48' title="bbox 355 3228 2002 3300; baseline 0.005 -19"><span class='ocrx_word' id='word_1_367' title='bbox 355 3228 527 3296; x_wconf 89' lang='lat' dir='ltr'>(Psal.</span> <span class='ocrx_word' id='word_1_368' title='bbox 545 3234 675 3291; x_wconf 79' lang='lat' dir='ltr'>LXI).</span> <span class='ocrx_word' id='word_1_369' title='bbox 691 3228 853 3291; x_wconf 92' lang='lat' dir='ltr'>Quod</span> <span class='ocrx_word' id='word_1_370' title='bbox 877 3228 1157 3285; x_wconf 90' lang='lat' dir='ltr'>nimirum</span> <span class='ocrx_word' id='word_1_371' title='bbox 1192 3231 1452 3287; x_wconf 88' lang='lat' dir='ltr'>facturus</span> <span class='ocrx_word' id='word_1_372' title='bbox 1475 3236 1563 3287; x_wconf 91' lang='lat' dir='ltr'>est</span> <span class='ocrx_word' id='word_1_373' title='bbox 1584 3234 2002 3300; x_wconf 90' lang='lat' dir='ltr'>omnibus,nisi</span> 
     </span>
    </p>
   </div>
   <div class='ocr_carea' id='block_1_49' title="bbox 2121 1984 3732 2060">
    <p class='ocr_par' dir='ltr' id='par_1_49' title="bbox 2121 1984 3732 2060">
     <span class='ocr_line' id='line_1_49' title="bbox 2121 1984 3732 2060; baseline -0.001 -20"><span class='ocrx_word' id='word_1_374' title='bbox 2121 1987 2293 2054; x_wconf 87' lang='lat' dir='ltr'>(Psal.</span> <span class='ocrx_word' id='word_1_375' title='bbox 2327 1988 2489 2056; x_wconf 85' lang='lat' dir='ltr'>xxn),</span> <span class='ocrx_word' id='word_1_376' title='bbox 2525 2003 2596 2042; x_wconf 91' lang='lat' dir='ltr'>ne</span> <span class='ocrx_word' id='word_1_377' title='bbox 2621 1987 2839 2041; x_wconf 83' lang='lat' dir='ltr'>frustra</span> <span class='ocrx_word' id='word_1_378' title='bbox 2869 1986 3121 2042; x_wconf 89' lang='lat' dir='ltr'>velimus</span> <span class='ocrx_word' id='word_1_379' title='bbox 3153 1990 3210 2041; x_wconf 92' lang='lat' dir='ltr'>et</span> <span class='ocrx_word' id='word_1_380' title='bbox 3247 1985 3602 2060; x_wconf 63' lang='lat' dir='ltr'>ceperimus.</span> <span class='ocrx_word' id='word_1_381' title='bbox 3630 1984 3732 2039; x_wconf 62' lang='lat' dir='ltr'>Haec</span> 
     </span>
    </p>
   </div>
   <div class='ocr_carea' id='block_1_50' title="bbox 2120 2070 3733 2147">
    <p class='ocr_par' dir='ltr' id='par_1_50' title="bbox 2120 2070 3733 2147">
     <span class='ocr_line' id='line_1_50' title="bbox 2120 2070 3733 2147; baseline -0.002 -18"><span class='ocrx_word' id='word_1_382' title='bbox 2120 2074 2520 2147; x_wconf 87' lang='lat' dir='ltr'>principaliter</span> <span class='ocrx_word' id='word_1_383' title='bbox 2548 2074 2649 2130; x_wconf 91' lang='lat' dir='ltr'>Dei</span> <span class='ocrx_word' id='word_1_384' title='bbox 2679 2078 2911 2141; x_wconf 89' lang='lat' dir='ltr'>sunt,ut</span> <span class='ocrx_word' id='word_1_385' title='bbox 2932 2074 3256 2146; x_wconf 70' lang='lat' dir='ltr'>praemissis</span> <span class='ocrx_word' id='word_1_386' title='bbox 3281 2073 3620 2131; x_wconf 88' lang='lat' dir='ltr'>testimoniis</span> <span class='ocrx_word' id='word_1_387' title='bbox 3638 2070 3733 2127; x_wconf 87' lang='lat' dir='ltr'>cla-</span> 
     </span>
    </p>
   </div>
   <div class='ocr_carea' id='block_1_51' title="bbox 2119 2160 3733 2235">
    <p class='ocr_par' dir='ltr' id='par_1_51' title="bbox 2119 2160 3733 2235">
     <span class='ocr_line' id='line_1_51' title="bbox 2119 2160 3733 2235; baseline -0.002 -17"><span class='ocrx_word' id='word_1_388' title='bbox 2119 2163 2255 2230; x_wconf 89' lang='lat' dir='ltr'>ruit,</span> <span class='ocrx_word' id='word_1_389' title='bbox 2283 2167 2338 2218; x_wconf 91' lang='lat' dir='ltr'>et</span> <span class='ocrx_word' id='word_1_390' title='bbox 2368 2169 2791 2235; x_wconf 88' lang='lat' dir='ltr'>consequenter</span> <span class='ocrx_word' id='word_1_391' title='bbox 2812 2166 3034 2230; x_wconf 91' lang='lat' dir='ltr'>nostro,</span> <span class='ocrx_word' id='word_1_392' title='bbox 3062 2163 3201 2235; x_wconf 89' lang='lat' dir='ltr'>quia</span> <span class='ocrx_word' id='word_1_393' title='bbox 3230 2163 3524 2220; x_wconf 83' lang='lat' dir='ltr'>voluntate</span> <span class='ocrx_word' id='word_1_394' title='bbox 3548 2160 3733 2217; x_wconf 87' lang='lat' dir='ltr'>anobis</span> 
     </span>
    </p>
   </div>
   <div class='ocr_carea' id='block_1_52' title="bbox 2118 2249 3735 2323">
    <p class='ocr_par' dir='ltr' id='par_1_52' title="bbox 2118 2249 3735 2323">
     <span class='ocr_line' id='line_1_52' title="bbox 2118 2249 3735 2323; baseline 0 -18"><span class='ocrx_word' id='word_1_395' title='bbox 2118 2252 2284 2307; x_wconf 83' lang='lat' dir='ltr'>fiunt.</span> <span class='ocrx_word' id='word_1_396' title='bbox 2302 2252 2371 2307; x_wconf 85' lang='lat' dir='ltr'>Et</span> <span class='ocrx_word' id='word_1_397' title='bbox 2391 2251 2675 2323; x_wconf 88' lang='lat' dir='ltr'>scriptum</span> <span class='ocrx_word' id='word_1_398' title='bbox 2693 2257 2781 2307; x_wconf 89' lang='lat' dir='ltr'>est</span> <span class='ocrx_word' id='word_1_399' title='bbox 2805 2268 2817 2307; x_wconf 75' lang='grc' dir='ltr'>ε</span> <span class='ocrx_word' id='word_1_400' title='bbox 2846 2254 3289 2323; x_wconf 87' lang='lat' dir='ltr'>Domine,pacem</span> <span class='ocrx_word' id='word_1_401' title='bbox 3311 2252 3383 2307; x_wconf 88' lang='lat' dir='ltr'>da</span> <span class='ocrx_word' id='word_1_402' title='bbox 3410 2249 3735 2317; x_wconf 84' lang='lat' dir='ltr'>nobis,omnia</span> 
     </span>
    </p>
   </div>
   <div class='ocr_carea' id='block_1_53' title="bbox 2117 2340 3734 2413">
    <p class='ocr_par' dir='ltr' id='par_1_53' title="bbox 2117 2340 3734 2413">
     <span class='ocr_line' id='line_1_53' title="bbox 2117 2340 3734 2413; baseline -0.001 -18"><span class='ocrx_word' id='word_1_403' title='bbox 2117 2342 2265 2396; x_wconf 88' lang='lat' dir='ltr'>enim</span> <span class='ocrx_word' id='word_1_404' title='bbox 2294 2357 2457 2412; x_wconf 89' lang='lat' dir='ltr'>opera</span> <span class='ocrx_word' id='word_1_405' title='bbox 2486 2350 2672 2396; x_wconf 87' lang='lat' dir='ltr'>nostra</span> <span class='ocrx_word' id='word_1_406' title='bbox 2700 2349 2953 2413; x_wconf 89' lang='lat' dir='ltr'>operatus</span> <span class='ocrx_word' id='word_1_407' title='bbox 2983 2358 3035 2397; x_wconf 87' lang='lat' dir='ltr'>es</span> <span class='ocrx_word' id='word_1_408' title='bbox 3066 2343 3222 2397; x_wconf 88' lang='lat' dir='ltr'>nobis</span> <span class='ocrx_word' id='word_1_409' title='bbox 3258 2344 3393 2413; x_wconf 82' lang='lat' dir='ltr'>(Isa.</span> <span class='ocrx_word' id='word_1_410' title='bbox 3425 2342 3590 2408; x_wconf 75' lang='lat' dir='ltr'>xxw).</span> <span class='ocrx_word' id='word_1_411' title='bbox 3620 2340 3734 2393; x_wconf 80' lang='lat' dir='ltr'>Rea-</span> 
     </span>
    </p>
   </div>
   <div class='ocr_carea' id='block_1_54' title="bbox 2121 2428 3731 2502">
    <p class='ocr_par' dir='ltr' id='par_1_54' title="bbox 2121 2428 3731 2502">
     <span class='ocr_line' id='line_1_54' title="bbox 2121 2428 3731 2502; baseline -0.002 -18"><span class='ocrx_word' id='word_1_412' title='bbox 2121 2434 2214 2485; x_wconf 90' lang='lat' dir='ltr'>tus</span> <span class='ocrx_word' id='word_1_413' title='bbox 2246 2430 2485 2501; x_wconf 89' lang='lat' dir='ltr'>quidem</span> <span class='ocrx_word' id='word_1_414' title='bbox 2517 2430 2737 2501; x_wconf 89' lang='lat' dir='ltr'>peccati</span> <span class='ocrx_word' id='word_1_415' title='bbox 2769 2431 2828 2486; x_wconf 92' lang='lat' dir='ltr'>in</span> <span class='ocrx_word' id='word_1_416' title='bbox 2852 2431 3205 2502; x_wconf 86' lang='lat' dir='ltr'>baptismate</span> <span class='ocrx_word' id='word_1_417' title='bbox 3230 2430 3490 2497; x_wconf 87' lang='lat' dir='ltr'>solvitur,</span> <span class='ocrx_word' id='word_1_418' title='bbox 3513 2428 3607 2485; x_wconf 89' lang='lat' dir='ltr'>sed</span> <span class='ocrx_word' id='word_1_419' title='bbox 3626 2443 3731 2482; x_wconf 86' lang='lat' dir='ltr'>con-</span> 
     </span>
    </p>
   </div>
   <div class='ocr_carea' id='block_1_55' title="bbox 2119 2515 3731 2590">
    <p class='ocr_par' dir='ltr' id='par_1_55' title="bbox 2119 2515 3731 2590">
     <span class='ocr_line' id='line_1_55' title="bbox 2119 2515 3731 2590; baseline -0.001 -19"><span class='ocrx_word' id='word_1_420' title='bbox 2119 2517 2311 2572; x_wconf 85' lang='lat' dir='ltr'>ﬂictus</span> <span class='ocrx_word' id='word_1_421' title='bbox 2332 2518 2461 2588; x_wconf 85' lang='lat' dir='ltr'>ejus</span> <span class='ocrx_word' id='word_1_422' title='bbox 2493 2521 2731 2590; x_wconf 92' lang='lat' dir='ltr'>propter</span> <span class='ocrx_word' id='word_1_423' title='bbox 2760 2518 3141 2574; x_wconf 79' lang='lat' dir='ltr'>exercendam</span> <span class='ocrx_word' id='word_1_424' title='bbox 3172 2519 3356 2574; x_wconf 78' lang='lat' dir='ltr'>fidem</span> <span class='ocrx_word' id='word_1_425' title='bbox 3387 2521 3648 2583; x_wconf 88' lang='lat' dir='ltr'>servatur,</span> <span class='ocrx_word' id='word_1_426' title='bbox 3667 2515 3731 2569; x_wconf 82' lang='lat' dir='ltr'>ita</span> 
     </span>
    </p>
   </div>
   <div class='ocr_carea' id='block_1_56' title="bbox 2119 2604 3734 2680">
    <p class='ocr_par' dir='ltr' id='par_1_56' title="bbox 2119 2604 3734 2680">
     <span class='ocr_line' id='line_1_56' title="bbox 2119 2604 3734 2680; baseline -0.002 -19"><span class='ocrx_word' id='word_1_427' title='bbox 2119 2612 2184 2661; x_wconf 90' lang='lat' dir='ltr'>ut</span> <span class='ocrx_word' id='word_1_428' title='bbox 2212 2608 2281 2662; x_wconf 89' lang='lat' dir='ltr'>ad</span> <span class='ocrx_word' id='word_1_429' title='bbox 2282 2606 2503 2679; x_wconf 84' lang='lat' dir='ltr'>jutorio</span> <span class='ocrx_word' id='word_1_430' title='bbox 2533 2607 2634 2662; x_wconf 92' lang='lat' dir='ltr'>Dei</span> <span class='ocrx_word' id='word_1_431' title='bbox 2661 2625 2895 2680; x_wconf 89' lang='lat' dir='ltr'>semper</span> <span class='ocrx_word' id='word_1_432' title='bbox 2924 2612 2981 2663; x_wconf 92' lang='lat' dir='ltr'>et</span> <span class='ocrx_word' id='word_1_433' title='bbox 3010 2607 3471 2679; x_wconf 88' lang='lat' dir='ltr'>comprimendis</span> <span class='ocrx_word' id='word_1_434' title='bbox 3515 2604 3653 2661; x_wconf 90' lang='lat' dir='ltr'>vitiis</span> <span class='ocrx_word' id='word_1_435' title='bbox 3689 2606 3734 2659; x_wconf 88' lang='lat' dir='ltr'>et</span> 
     </span>
    </p>
   </div>
   <div class='ocr_carea' id='block_1_57' title="bbox 2119 2694 3734 2770">
    <p class='ocr_par' dir='ltr' id='par_1_57' title="bbox 2119 2694 3734 2770">
     <span class='ocr_line' id='line_1_57' title="bbox 2119 2694 3734 2770; baseline -0.003 -18"><span class='ocrx_word' id='word_1_436' title='bbox 2119 2696 2451 2753; x_wconf 85' lang='lat' dir='ltr'>obtinendis</span> <span class='ocrx_word' id='word_1_437' title='bbox 2482 2695 2796 2752; x_wconf 85' lang='lat' dir='ltr'>virtutibus</span> <span class='ocrx_word' id='word_1_438' title='bbox 2827 2714 3124 2770; x_wconf 87' lang='lat' dir='ltr'>egeamus.</span> <span class='ocrx_word' id='word_1_439' title='bbox 3142 2697 3265 2753; x_wconf 85' lang='lat' dir='ltr'>Hoc</span> <span class='ocrx_word' id='word_1_440' title='bbox 3288 2702 3345 2753; x_wconf 91' lang='lat' dir='ltr'>et</span> <span class='ocrx_word' id='word_1_441' title='bbox 3374 2694 3734 2768; x_wconf 85' lang='lat' dir='ltr'>unusquisque</span> 
     </span>
    </p>
   </div>
   <div class='ocr_carea' id='block_1_58' title="bbox 2118 2782 3732 2858">
    <p class='ocr_par' dir='ltr' id='par_1_58' title="bbox 2118 2782 3732 2858">
     <span class='ocr_line' id='line_1_58' title="bbox 2118 2782 3732 2858; baseline -0.003 -17"><span class='ocrx_word' id='word_1_442' title='bbox 2118 2786 2233 2841; x_wconf 91' lang='lat' dir='ltr'>Deo</span> <span class='ocrx_word' id='word_1_443' title='bbox 2264 2786 2355 2857; x_wconf 93' lang='lat' dir='ltr'>pie</span> <span class='ocrx_word' id='word_1_444' title='bbox 2388 2785 2647 2841; x_wconf 90' lang='lat' dir='ltr'>militans</span> <span class='ocrx_word' id='word_1_445' title='bbox 2676 2784 2735 2840; x_wconf 90' lang='lat' dir='ltr'>in</span> <span class='ocrx_word' id='word_1_446' title='bbox 2768 2786 3082 2857; x_wconf 89' lang='lat' dir='ltr'>semetipso</span> <span class='ocrx_word' id='word_1_447' title='bbox 3113 2786 3317 2854; x_wconf 88' lang='lat' dir='ltr'>sentit,</span> <span class='ocrx_word' id='word_1_448' title='bbox 3349 2791 3407 2841; x_wconf 91' lang='lat' dir='ltr'>et</span> <span class='ocrx_word' id='word_1_449' title='bbox 3444 2782 3732 2858; x_wconf 81' lang='lat' dir='ltr'>Apostolus,</span> 
     </span>
    </p>
   </div>
   <div class='ocr_carea' id='block_1_59' title="bbox 2108 2871 3737 2945">
    <p class='ocr_par' dir='ltr' id='par_1_59' title="bbox 2108 2871 3737 2945">
     <span class='ocr_line' id='line_1_59' title="bbox 2108 2871 3737 2945; baseline -0.003 -16"><span class='ocrx_word' id='word_1_450' title='bbox 2108 2876 2235 2945; x_wconf 88' lang='lat' dir='ltr'>jam</span> <span class='ocrx_word' id='word_1_451' title='bbox 2269 2874 2481 2929; x_wconf 87' lang='lat' dir='ltr'>Christi</span> <span class='ocrx_word' id='word_1_452' title='bbox 2509 2879 2942 2930; x_wconf 89' lang='lat' dir='ltr'>sacramentum</span> <span class='ocrx_word' id='word_1_453' title='bbox 2975 2874 3445 2940; x_wconf 88' lang='lat' dir='ltr'>consecutus,sic</span> <span class='ocrx_word' id='word_1_454' title='bbox 3476 2871 3737 2929; x_wconf 86' lang='lat' dir='ltr'>humiliter</span> 
     </span>
    </p>
   </div>
   <div class='ocr_carea' id='block_1_60' title="bbox 2116 2963 3735 3032">
    <p class='ocr_par' dir='ltr' id='par_1_60' title="bbox 2116 2963 3735 3032">
     <span class='ocr_line' id='line_1_60' title="bbox 2116 2963 3735 3032; baseline -0.001 -14"><span class='ocrx_word' id='word_1_455' title='bbox 2116 2964 2426 3019; x_wconf 74' lang='lat' dir='ltr'>confitetur</span> <span class='ocrx_word' id='word_1_456' title='bbox 2452 2979 2463 3018; x_wconf 92' lang='lat'>:</span> <span class='ocrx_word' id='word_1_457' title='bbox 2492 2964 2836 3021; x_wconf 87' lang='lat' dir='ltr'>Condelcctor</span> <span class='ocrx_word' id='word_1_458' title='bbox 2857 2964 2966 3032; x_wconf 85' lang='lat' dir='ltr'>legi</span> <span class='ocrx_word' id='word_1_459' title='bbox 2997 2964 3093 3019; x_wconf 88' lang='lat' dir='ltr'>Dei</span> <span class='ocrx_word' id='word_1_460' title='bbox 3121 2963 3427 3019; x_wconf 83' lang='lat' dir='ltr'>secundum</span> <span class='ocrx_word' id='word_1_461' title='bbox 3458 2963 3735 3018; x_wconf 80' lang='lat' dir='ltr'>interiorem</span> 
     </span>
    </p>
   </div>
   <div class='ocr_carea' id='block_1_61' title="bbox 2115 3050 3735 3122">
    <p class='ocr_par' dir='ltr' id='par_1_61' title="bbox 2115 3050 3735 3122">
     <span class='ocr_line' id='line_1_61' title="bbox 2115 3050 3735 3122; baseline -0.002 -15"><span class='ocrx_word' id='word_1_462' title='bbox 2115 3052 2409 3108; x_wconf 84' lang='lat' dir='ltr'>hominem.</span> <span class='ocrx_word' id='word_1_463' title='bbox 2446 3052 2603 3108; x_wconf 85' lang='lat' dir='ltr'>Video</span> <span class='ocrx_word' id='word_1_464' title='bbox 2634 3060 2816 3107; x_wconf 86' lang='lat' dir='ltr'>autem</span> <span class='ocrx_word' id='word_1_465' title='bbox 2844 3052 3018 3107; x_wconf 89' lang='lat' dir='ltr'>aliam</span> <span class='ocrx_word' id='word_1_466' title='bbox 3048 3052 3219 3122; x_wconf 85' lang='lat' dir='ltr'>legem</span> <span class='ocrx_word' id='word_1_467' title='bbox 3248 3054 3314 3107; x_wconf 86' lang='lat' dir='ltr'>in</span> <span class='ocrx_word' id='word_1_468' title='bbox 3359 3051 3603 3107; x_wconf 83' lang='lat' dir='ltr'>membris</span> <span class='ocrx_word' id='word_1_469' title='bbox 3626 3050 3735 3104; x_wconf 83' lang='lat' dir='ltr'>meis</span> 
     </span>
    </p>
   </div>
   <div class='ocr_carea' id='block_1_62' title="bbox 2114 3138 3734 3212">
    <p class='ocr_par' dir='ltr' id='par_1_62' title="bbox 2114 3138 3734 3212">
     <span class='ocr_line' id='line_1_62' title="bbox 2114 3138 3734 3212; baseline -0.002 -17"><span class='ocrx_word' id='word_1_470' title='bbox 2114 3149 2509 3211; x_wconf 83' lang='lat' dir='ltr'>repugnantem</span> <span class='ocrx_word' id='word_1_471' title='bbox 2538 3141 2646 3212; x_wconf 85' lang='lat' dir='ltr'>legi</span> <span class='ocrx_word' id='word_1_472' title='bbox 2670 3143 2869 3196; x_wconf 85' lang='lat' dir='ltr'>mentis</span> <span class='ocrx_word' id='word_1_473' title='bbox 2888 3155 3027 3197; x_wconf 70' lang='lat' dir='ltr'>meae</span> <span class='ocrx_word' id='word_1_474' title='bbox 3055 3149 3107 3196; x_wconf 90' lang='lat' dir='ltr'>et</span> <span class='ocrx_word' id='word_1_475' title='bbox 3130 3143 3418 3212; x_wconf 85' lang='lat' dir='ltr'>captivum</span> <span class='ocrx_word' id='word_1_476' title='bbox 3444 3156 3527 3195; x_wconf 88' lang='lat' dir='ltr'>me</span> <span class='ocrx_word' id='word_1_477' title='bbox 3566 3138 3734 3193; x_wconf 82' lang='lat' dir='ltr'>ducen-</span> 
     </span>
    </p>
   </div>
   <div class='ocr_carea' id='block_1_63' title="bbox 2114 3229 3731 3301">
    <p class='ocr_par' dir='ltr' id='par_1_63' title="bbox 2114 3229 3731 3301">
     <span class='ocr_line' id='line_1_63' title="bbox 2114 3229 3731 3301; baseline -0.004 -16"><span class='ocrx_word' id='word_1_478' title='bbox 2114 3238 2220 3285; x_wconf 89' lang='lat' dir='ltr'>tem</span> <span class='ocrx_word' id='word_1_479' title='bbox 2250 3230 2309 3284; x_wconf 87' lang='lat' dir='ltr'>in</span> <span class='ocrx_word' id='word_1_480' title='bbox 2334 3237 2446 3299; x_wconf 87' lang='lat' dir='ltr'>tege</span> <span class='ocrx_word' id='word_1_481' title='bbox 2462 3232 2822 3301; x_wconf 70' lang='lat' dir='ltr'>peccati,quae</span> <span class='ocrx_word' id='word_1_482' title='bbox 2840 3238 2916 3285; x_wconf 85' lang='lat' dir='ltr'>est</span> <span class='ocrx_word' id='word_1_483' title='bbox 2948 3247 3008 3285; x_wconf 79' lang='lat' dir='ltr'>in</span> <span class='ocrx_word' id='word_1_484' title='bbox 3031 3229 3295 3285; x_wconf 88' lang='lat' dir='ltr'>membris</span> <span class='ocrx_word' id='word_1_485' title='bbox 3311 3232 3445 3286; x_wconf 90' lang='lat' dir='ltr'>meis</span> <span class='ocrx_word' id='word_1_486' title='bbox 3467 3230 3731 3298; x_wconf 63' lang='lat' dir='ltr'>(ROMNII).</span> 
     </span>
    </p>
   </div>
   <div class='ocr_carea' id='block_1_64' title="bbox 357 3294 3731 3394">
    <p class='ocr_par' dir='ltr' id='par_1_64' title="bbox 357 3294 3731 3394">
     <span class='ocr_line' id='line_1_64' title="bbox 357 3294 3731 3394; baseline -0.001 -23"><span class='ocrx_word' id='word_1_487' title='bbox 357 3294 504 3389; x_wconf 89' lang='lat' dir='ltr'>quos</span> <span class='ocrx_word' id='word_1_488' title='bbox 526 3316 891 3373; x_wconf 74' lang='lat' dir='ltr'>fecerit187</span> <span class='ocrx_word' id='word_1_489' title='bbox 919 3317 1117 3374; x_wconf 89' lang='lat' dir='ltr'>beatos</span> <span class='ocrx_word' id='word_1_490' title='bbox 1148 3320 1498 3376; x_wconf 90' lang='lat' dir='ltr'>remittendo</span> <span class='ocrx_word' id='word_1_491' title='bbox 1539 3294 1877 3394; x_wconf 83' lang='lat' dir='ltr'>iniquitates</span> <span class='ocrx_word' id='word_1_492' title='bbox 1904 3340 1997 3378; x_wconf 81' lang='lat' dir='ltr'>eo-</span> <span class='ocrx_word' id='word_1_493' title='bbox 2033 3294 2076 3362; x_wconf 62' lang='grc' dir='ltr'>(ἶ</span> <span class='ocrx_word' id='word_1_494' title='bbox 2114 3318 2194 3373; x_wconf 91' lang='lat' dir='ltr'>De</span> <span class='ocrx_word' id='word_1_495' title='bbox 2240 3294 2422 3372; x_wconf 78' lang='lat' dir='ltr'>libero</span> <span class='ocrx_word' id='word_1_496' title='bbox 2462 3294 2720 3373; x_wconf 44' lang='lat' dir='ltr'>arbitrio-</span> <span class='ocrx_word' id='word_1_497' title='bbox 2762 3318 3125 3374; x_wconf 89' lang='lat' dir='ltr'>concorditer</span> <span class='ocrx_word' id='word_1_498' title='bbox 3170 3317 3255 3373; x_wconf 88' lang='lat' dir='ltr'>ita</span> <span class='ocrx_word' id='word_1_499' title='bbox 3303 3294 3601 3374; x_wconf 84' lang='lat' dir='ltr'>senserunt</span> <span class='ocrx_word' id='word_1_500' title='bbox 3625 3314 3731 3387; x_wconf 88' lang='lat' dir='ltr'>qui-</span> 
     </span>
    </p>
   </div>
   <div class='ocr_carea' id='block_1_65' title="bbox 356 3405 2010 3482">
    <p class='ocr_par' dir='ltr' id='par_1_65' title="bbox 356 3405 2010 3482">
     <span class='ocr_line' id='line_1_65' title="bbox 356 3405 2010 3482; baseline 0.006 -23"><span class='ocrx_word' id='word_1_501' title='bbox 356 3422 488 3460; x_wconf 92' lang='lat' dir='ltr'>rum</span> <span class='ocrx_word' id='word_1_502' title='bbox 519 3409 576 3460; x_wconf 90' lang='lat' dir='ltr'>et</span> <span class='ocrx_word' id='word_1_503' title='bbox 596 3405 843 3476; x_wconf 87' lang='lat' dir='ltr'>tegendo</span> <span class='ocrx_word' id='word_1_504' title='bbox 860 3410 1113 3479; x_wconf 88' lang='lat' dir='ltr'>peccata.</span> <span class='ocrx_word' id='word_1_505' title='bbox 1130 3408 1234 3472; x_wconf 89' lang='lat' dir='ltr'>Qui</span> <span class='ocrx_word' id='word_1_506' title='bbox 1258 3409 1505 3481; x_wconf 88' lang='lat' dir='ltr'>gratiam</span> <span class='ocrx_word' id='word_1_507' title='bbox 1530 3411 1715 3482; x_wconf 82' lang='lat' dir='ltr'>ipsius</span> <span class='ocrx_word' id='word_1_508' title='bbox 1732 3412 1832 3467; x_wconf 89' lang='lat' dir='ltr'>Dei</span> <span class='ocrx_word' id='word_1_509' title='bbox 1851 3430 2010 3469; x_wconf 90' lang='lat' dir='ltr'>sum-</span> 
     </span>
    </p>
   </div>
   <div class='ocr_carea' id='block_1_66' title="bbox 356 3492 2007 3569">
    <p class='ocr_par' dir='ltr' id='par_1_66' title="bbox 356 3492 2007 3569">
     <span class='ocr_line' id='line_1_66' title="bbox 356 3492 2007 3569; baseline 0.005 -22"><span class='ocrx_word' id='word_1_510' title='bbox 356 3492 472 3547; x_wconf 90' lang='lat' dir='ltr'>mis</span> <span class='ocrx_word' id='word_1_511' title='bbox 500 3492 808 3548; x_wconf 79' lang='lat' dir='ltr'>efferentes</span> <span class='ocrx_word' id='word_1_512' title='bbox 841 3493 1144 3564; x_wconf 67' lang='lat' dir='ltr'>praeconiis</span> <span class='ocrx_word' id='word_1_513' title='bbox 1166 3495 1358 3551; x_wconf 90' lang='lat' dir='ltr'>dicere</span> <span class='ocrx_word' id='word_1_514' title='bbox 1389 3502 1779 3569; x_wconf 89' lang='lat' dir='ltr'>possunt,non</span> <span class='ocrx_word' id='word_1_515' title='bbox 1802 3516 2007 3555; x_wconf 90' lang='lat' dir='ltr'>secun-</span> 
     </span>
    </p>
   </div>
   <div class='ocr_carea' id='block_1_67' title="bbox 359 3581 2006 3658">
    <p class='ocr_par' dir='ltr' id='par_1_67' title="bbox 359 3581 2006 3658">
     <span class='ocr_line' id='line_1_67' title="bbox 359 3581 2006 3658; baseline 0.005 -23"><span class='ocrx_word' id='word_1_516' title='bbox 359 3581 502 3635; x_wconf 90' lang='lat' dir='ltr'>dum</span> <span class='ocrx_word' id='word_1_517' title='bbox 530 3585 765 3651; x_wconf 85' lang='lat' dir='ltr'>peccata</span> <span class='ocrx_word' id='word_1_518' title='bbox 796 3586 992 3637; x_wconf 89' lang='lat' dir='ltr'>nostra</span> <span class='ocrx_word' id='word_1_519' title='bbox 1043 3583 1176 3638; x_wconf 87' lang='lat' dir='ltr'>fecit</span> <span class='ocrx_word' id='word_1_520' title='bbox 1219 3585 1409 3650; x_wconf 87' lang='lat' dir='ltr'>nobis,</span> <span class='ocrx_word' id='word_1_521' title='bbox 1444 3603 1630 3658; x_wconf 90' lang='lat' dir='ltr'>neque</span> <span class='ocrx_word' id='word_1_522' title='bbox 1684 3590 2006 3644; x_wconf 81' lang='lat' dir='ltr'>secundum</span> 
     </span>
    </p>
   </div>
   <div class='ocr_carea' id='block_1_68' title="bbox 357 3667 2008 3738">
    <p class='ocr_par' dir='ltr' id='par_1_68' title="bbox 357 3667 2008 3738">
     <span class='ocr_line' id='line_1_68' title="bbox 357 3667 2008 3738; baseline 0.007 -16"><span class='ocrx_word' id='word_1_523' title='bbox 357 3667 702 3738; x_wconf 87' lang='lat' dir='ltr'>iniquitates</span> <span class='ocrx_word' id='word_1_524' title='bbox 724 3673 954 3725; x_wconf 90' lang='lat' dir='ltr'>nostras</span> <span class='ocrx_word' id='word_1_525' title='bbox 985 3671 1255 3726; x_wconf 86' lang='lat' dir='ltr'>retribuit</span> <span class='ocrx_word' id='word_1_526' title='bbox 1285 3674 1865 3731; x_wconf 86' lang='lat' dir='ltr'>nobis.Consentiunt</span> <span class='ocrx_word' id='word_1_527' title='bbox 1889 3680 2008 3733; x_wconf 89' lang='lat' dir='ltr'>Au-</span> 
     </span>
    </p>
   </div>
   <div class='ocr_carea' id='block_1_69' title="bbox 359 3754 2006 3833">
    <p class='ocr_par' dir='ltr' id='par_1_69' title="bbox 359 3754 2006 3833">
     <span class='ocr_line' id='line_1_69' title="bbox 359 3754 2006 3833; baseline 0.007 -24"><span class='ocrx_word' id='word_1_528' title='bbox 359 3754 597 3828; x_wconf 81' lang='lat' dir='ltr'>gustino</span> <span class='ocrx_word' id='word_1_529' title='bbox 619 3755 806 3811; x_wconf 90' lang='lat' dir='ltr'>verbis</span> <span class='ocrx_word' id='word_1_530' title='bbox 828 3756 958 3813; x_wconf 90' lang='lat' dir='ltr'>aliis</span> <span class='ocrx_word' id='word_1_531' title='bbox 971 3758 1357 3831; x_wconf 74' lang='lat' dir='ltr'>Hieronymus</span> <span class='ocrx_word' id='word_1_532' title='bbox 1383 3768 1438 3817; x_wconf 91' lang='lat' dir='ltr'>et</span> <span class='ocrx_word' id='word_1_533' title='bbox 1461 3763 2006 3833; x_wconf 86' lang='lat' dir='ltr'>Gregorius,eodem</span> 
     </span>
    </p>
   </div>
   <div class='ocr_carea' id='block_1_70' title="bbox 360 3844 2008 3923">
    <p class='ocr_par' dir='ltr' id='par_1_70' title="bbox 360 3844 2008 3923">
     <span class='ocr_line' id='line_1_70' title="bbox 360 3844 2008 3923; baseline 0.006 -23"><span class='ocrx_word' id='word_1_534' title='bbox 360 3848 559 3900; x_wconf 89' lang='lat' dir='ltr'>autem</span> <span class='ocrx_word' id='word_1_535' title='bbox 590 3858 722 3897; x_wconf 89' lang='lat' dir='ltr'>vero</span> <span class='ocrx_word' id='word_1_536' title='bbox 750 3844 903 3899; x_wconf 87' lang='lat' dir='ltr'>Beda</span> <span class='ocrx_word' id='word_1_537' title='bbox 944 3850 1002 3900; x_wconf 91' lang='lat' dir='ltr'>et</span> <span class='ocrx_word' id='word_1_538' title='bbox 1044 3845 1497 3911; x_wconf 87' lang='lat' dir='ltr'>lsidorus.Quod</span> <span class='ocrx_word' id='word_1_539' title='bbox 1531 3868 1599 3905; x_wconf 80' lang='lat' dir='ltr'>ex</span> <span class='ocrx_word' id='word_1_540' title='bbox 1630 3852 1774 3923; x_wconf 89' lang='lat' dir='ltr'>ipsis</span> <span class='ocrx_word' id='word_1_541' title='bbox 1806 3860 2008 3910; x_wconf 89' lang='lat' dir='ltr'>aucto-</span> 
     </span>
    </p>
   </div>
   <div class='ocr_carea' id='block_1_71' title="bbox 360 3930 2008 4015">
    <p class='ocr_par' dir='ltr' id='par_1_71' title="bbox 360 3930 2008 4015">
     <span class='ocr_line' id='line_1_71' title="bbox 360 3930 2008 4015; baseline 0.007 -29"><span class='ocrx_word' id='word_1_542' title='bbox 360 3932 547 3998; x_wconf 89' lang='lat' dir='ltr'>ribus,</span> <span class='ocrx_word' id='word_1_543' title='bbox 578 3930 628 3986; x_wconf 90' lang='lat' dir='ltr'>si</span> <span class='ocrx_word' id='word_1_544' title='bbox 660 3935 861 3987; x_wconf 75' lang='lat' dir='ltr'>vestrze</span> <span class='ocrx_word' id='word_1_545' title='bbox 892 3932 1178 4005; x_wconf 86' lang='lat' dir='ltr'>placuerit</span> <span class='ocrx_word' id='word_1_546' title='bbox 1208 3935 1562 4007; x_wconf 89' lang='lat' dir='ltr'>celsitudini,</span> <span class='ocrx_word' id='word_1_547' title='bbox 1595 3941 1759 3997; x_wconf 81' lang='lat' dir='ltr'>facile</span> <span class='ocrx_word' id='word_1_548' title='bbox 1808 3948 2008 4015; x_wconf 90' lang='lat' dir='ltr'>potero</span> 
     </span>
    </p>
   </div>
   <div class='ocr_carea' id='block_1_72' title="bbox 361 4020 782 4076">
    <p class='ocr_par' dir='ltr' id='par_1_72' title="bbox 361 4020 782 4076">
     <span class='ocr_line' id='line_1_72' title="bbox 361 4020 782 4076; baseline 0 -1"><span class='ocrx_word' id='word_1_549' title='bbox 361 4020 782 4076; x_wconf 90' lang='lat' dir='ltr'>demonstrare.</span> 
     </span>
    </p>
   </div>
   <div class='ocr_carea' id='block_1_73' title="bbox 428 4107 2011 4193">
    <p class='ocr_par' dir='ltr' id='par_1_73' title="bbox 428 4107 2011 4193">
     <span class='ocr_line' id='line_1_73' title="bbox 428 4107 2011 4193; baseline 0.008 -29"><span class='ocrx_word' id='word_1_550' title='bbox 428 4107 699 4165; x_wconf 91' lang='lat' dir='ltr'>Liberum</span> <span class='ocrx_word' id='word_1_551' title='bbox 730 4127 871 4167; x_wconf 90' lang='lat' dir='ltr'>sane</span> <span class='ocrx_word' id='word_1_552' title='bbox 903 4111 1210 4169; x_wconf 89' lang='lat' dir='ltr'>arbitrium</span> <span class='ocrx_word' id='word_1_553' title='bbox 1233 4114 1291 4169; x_wconf 92' lang='lat' dir='ltr'>in</span> <span class='ocrx_word' id='word_1_554' title='bbox 1315 4114 1463 4171; x_wconf 90' lang='lat' dir='ltr'>bono</span> <span class='ocrx_word' id='word_1_555' title='bbox 1483 4118 1635 4189; x_wconf 92' lang='lat' dir='ltr'>quod</span> <span class='ocrx_word' id='word_1_556' title='bbox 1659 4121 2011 4193; x_wconf 89' lang='lat' dir='ltr'>contempsit</span> 
     </span>
    </p>
   </div>
   <div class='ocr_carea' id='block_1_74' title="bbox 360 4198 2007 4282">
    <p class='ocr_par' dir='ltr' id='par_1_74' title="bbox 360 4198 2007 4282">
     <span class='ocr_line' id='line_1_74' title="bbox 360 4198 2007 4282; baseline 0.009 -30"><span class='ocrx_word' id='word_1_557' title='bbox 360 4198 588 4270; x_wconf 88' lang='lat' dir='ltr'>primus</span> <span class='ocrx_word' id='word_1_558' title='bbox 617 4199 793 4255; x_wconf 92' lang='lat' dir='ltr'>homo</span> <span class='ocrx_word' id='word_1_559' title='bbox 826 4217 1073 4272; x_wconf 89' lang='lat' dir='ltr'>peccans</span> <span class='ocrx_word' id='word_1_560' title='bbox 1088 4202 1425 4273; x_wconf 89' lang='lat' dir='ltr'>perdidit,in</span> <span class='ocrx_word' id='word_1_561' title='bbox 1446 4205 1601 4262; x_wconf 88' lang='lat' dir='ltr'>malo</span> <span class='ocrx_word' id='word_1_562' title='bbox 1632 4214 1827 4264; x_wconf 91' lang='lat' dir='ltr'>autem</span> <span class='ocrx_word' id='word_1_563' title='bbox 1853 4212 2007 4282; x_wconf 91' lang='lat' dir='ltr'>quod</span> 
     </span>
    </p>
   </div>
   <div class='ocr_carea' id='block_1_75' title="bbox 359 4286 2006 4371">
    <p class='ocr_par' dir='ltr' id='par_1_75' title="bbox 359 4286 2006 4371">
     <span class='ocr_line' id='line_1_75' title="bbox 359 4286 2006 4371; baseline 0.007 -29"><span class='ocrx_word' id='word_1_564' title='bbox 359 4286 533 4359; x_wconf 84' lang='lat' dir='ltr'>elegit</span> <span class='ocrx_word' id='word_1_565' title='bbox 562 4286 821 4343; x_wconf 89' lang='lat' dir='ltr'>retinuit.</span> <span class='ocrx_word' id='word_1_566' title='bbox 845 4289 1349 4353; x_wconf 89' lang='lat' dir='ltr'>Quemadmodum</span> <span class='ocrx_word' id='word_1_567' title='bbox 1393 4310 1547 4360; x_wconf 82' lang='lat' dir='ltr'>vero,</span> <span class='ocrx_word' id='word_1_568' title='bbox 1580 4297 1629 4351; x_wconf 90' lang='lat' dir='ltr'>si</span> <span class='ocrx_word' id='word_1_569' title='bbox 1678 4298 1815 4353; x_wconf 87' lang='lat' dir='ltr'>velit</span> <span class='ocrx_word' id='word_1_570' title='bbox 1855 4299 2006 4371; x_wconf 86' lang='lat' dir='ltr'>quis,</span> 
     </span>
    </p>
   </div>
   <div class='ocr_carea' id='block_1_76' title="bbox 357 4375 2007 4458">
    <p class='ocr_par' dir='ltr' id='par_1_76' title="bbox 357 4375 2007 4458">
     <span class='ocr_line' id='line_1_76' title="bbox 357 4375 2007 4458; baseline 0.009 -28"><span class='ocrx_word' id='word_1_571' title='bbox 357 4375 443 4431; x_wconf 90' lang='lat' dir='ltr'>vel</span> <span class='ocrx_word' id='word_1_572' title='bbox 503 4376 902 4434; x_wconf 89' lang='lat' dir='ltr'>subtrahendo</span> <span class='ocrx_word' id='word_1_573' title='bbox 959 4378 1070 4434; x_wconf 91' lang='lat' dir='ltr'>sibi</span> <span class='ocrx_word' id='word_1_574' title='bbox 1119 4380 1318 4435; x_wconf 87' lang='lat' dir='ltr'>cibum</span> <span class='ocrx_word' id='word_1_575' title='bbox 1371 4400 1431 4437; x_wconf 90' lang='lat' dir='ltr'>se</span> <span class='ocrx_word' id='word_1_576' title='bbox 1477 4389 1667 4456; x_wconf 90' lang='lat' dir='ltr'>potest</span> <span class='ocrx_word' id='word_1_577' title='bbox 1699 4388 2007 4458; x_wconf 84' lang='lat' dir='ltr'>perimere,</span> 
     </span>
    </p>
   </div>
   <div class='ocr_carea' id='block_1_77' title="bbox 358 4468 2011 4548">
    <p class='ocr_par' dir='ltr' id='par_1_77' title="bbox 358 4468 2011 4548">
     <span class='ocr_line' id='line_1_77' title="bbox 358 4468 2011 4548; baseline 0.008 -29"><span class='ocrx_word' id='word_1_578' title='bbox 358 4468 730 4538; x_wconf 87' lang='lat' dir='ltr'>peremptum</span> <span class='ocrx_word' id='word_1_579' title='bbox 773 4471 971 4522; x_wconf 89' lang='lat' dir='ltr'>autem</span> <span class='ocrx_word' id='word_1_580' title='bbox 1005 4484 1120 4523; x_wconf 93' lang='lat' dir='ltr'>non</span> <span class='ocrx_word' id='word_1_581' title='bbox 1152 4473 1341 4540; x_wconf 90' lang='lat' dir='ltr'>potest</span> <span class='ocrx_word' id='word_1_582' title='bbox 1372 4470 1677 4542; x_wconf 80' lang='lat' dir='ltr'>vivificare,</span> <span class='ocrx_word' id='word_1_583' title='bbox 1712 4475 1791 4531; x_wconf 90' lang='lat' dir='ltr'>ita</span> <span class='ocrx_word' id='word_1_584' title='bbox 1821 4476 2011 4548; x_wconf 90' lang='lat' dir='ltr'>potuit</span> 
     </span>
    </p>
   </div>
   <div class='ocr_carea' id='block_1_78' title="bbox 359 4552 2010 4628">
    <p class='ocr_par' dir='ltr' id='par_1_78' title="bbox 359 4552 2010 4628">
     <span class='ocr_line' id='line_1_78' title="bbox 359 4552 2010 4628; baseline 0.007 -21"><span class='ocrx_word' id='word_1_585' title='bbox 359 4552 533 4608; x_wconf 90' lang='lat' dir='ltr'>homo</span> <span class='ocrx_word' id='word_1_586' title='bbox 552 4554 848 4610; x_wconf 92' lang='lat' dir='ltr'>voluntate</span> <span class='ocrx_word' id='word_1_587' title='bbox 869 4555 1215 4628; x_wconf 89' lang='lat' dir='ltr'>delinquens</span> <span class='ocrx_word' id='word_1_588' title='bbox 1240 4574 1410 4613; x_wconf 81' lang='lat' dir='ltr'>usuin</span> <span class='ocrx_word' id='word_1_589' title='bbox 1435 4559 1493 4613; x_wconf 92' lang='lat' dir='ltr'>in</span> <span class='ocrx_word' id='word_1_590' title='bbox 1514 4562 1839 4619; x_wconf 89' lang='lat' dir='ltr'>bonoliberi</span> <span class='ocrx_word' id='word_1_591' title='bbox 1863 4565 2010 4620; x_wconf 85' lang='lat' dir='ltr'>arbi-</span> 
     </span>
    </p>
   </div>
   <div class='ocr_carea' id='block_1_79' title="bbox 2115 3403 3734 3481">
    <p class='ocr_par' dir='ltr' id='par_1_79' title="bbox 2115 3403 3734 3481">
     <span class='ocr_line' id='line_1_79' title="bbox 2115 3403 3734 3481; baseline -0.002 -20"><span class='ocrx_word' id='word_1_592' title='bbox 2115 3424 2344 3479; x_wconf 90' lang='lat' dir='ltr'>cunquc</span> <span class='ocrx_word' id='word_1_593' title='bbox 2367 3411 2624 3463; x_wconf 89' lang='lat' dir='ltr'>mentem</span> <span class='ocrx_word' id='word_1_594' title='bbox 2643 3406 2975 3462; x_wconf 91' lang='lat' dir='ltr'>divinorum</span> <span class='ocrx_word' id='word_1_595' title='bbox 2995 3405 3370 3480; x_wconf 89' lang='lat' dir='ltr'>eloquiorum</span> <span class='ocrx_word' id='word_1_596' title='bbox 3396 3403 3734 3481; x_wconf 84' lang='lat' dir='ltr'>probabiliter</span> 
     </span>
    </p>
   </div>
   <div class='ocr_carea' id='block_1_80' title="bbox 2116 3499 2517 3568">
    <p class='ocr_par' dir='ltr' id='par_1_80' title="bbox 2116 3499 2517 3568">
     <span class='ocr_line' id='line_1_80' title="bbox 2116 3499 2517 3568; baseline -0.005 -17"><span class='ocrx_word' id='word_1_597' title='bbox 2116 3499 2517 3568; x_wconf 91' lang='lat' dir='ltr'>perceperunt.</span> 
     </span>
    </p>
   </div>
   <div class='ocr_carea' id='block_1_81' title="bbox 2186 3599 3736 3676">
    <p class='ocr_par' dir='ltr' id='par_1_81' title="bbox 2186 3599 3736 3676">
     <span class='ocr_line' id='line_1_81' title="bbox 2186 3599 3736 3676; baseline -0.005 -19"><span class='ocrx_word' id='word_1_598' title='bbox 2186 3607 2486 3658; x_wconf 88' lang='lat' dir='ltr'>Postremo</span> <span class='ocrx_word' id='word_1_599' title='bbox 2518 3618 2663 3673; x_wconf 90' lang='lat' dir='ltr'>quos</span> <span class='ocrx_word' id='word_1_600' title='bbox 2695 3602 3005 3660; x_wconf 87' lang='lat' dir='ltr'>redemerit</span> <span class='ocrx_word' id='word_1_601' title='bbox 3034 3602 3325 3661; x_wconf 86' lang='lat' dir='ltr'>Dominus</span> <span class='ocrx_word' id='word_1_602' title='bbox 3357 3599 3626 3676; x_wconf 85' lang='lat' dir='ltr'>sanguine</span> <span class='ocrx_word' id='word_1_603' title='bbox 3651 3611 3736 3653; x_wconf 91' lang='lat' dir='ltr'>suo</span> 
     </span>
    </p>
   </div>
   <div class='ocr_carea' id='block_1_82' title="bbox 2116 3687 3741 3763">
    <p class='ocr_par' dir='ltr' id='par_1_82' title="bbox 2116 3687 3741 3763">
     <span class='ocr_line' id='line_1_82' title="bbox 2116 3687 3741 3763; baseline -0.006 -16"><span class='ocrx_word' id='word_1_604' title='bbox 2116 3691 2447 3763; x_wconf 85' lang='lat' dir='ltr'>evangelica</span> <span class='ocrx_word' id='word_1_605' title='bbox 2477 3690 2723 3747; x_wconf 87' lang='lat' dir='ltr'>lectione</span> <span class='ocrx_word' id='word_1_606' title='bbox 2761 3690 3060 3763; x_wconf 84' lang='lat' dir='ltr'>colligitur</span> <span class='ocrx_word' id='word_1_607' title='bbox 3089 3693 3247 3763; x_wconf 88' lang='lat' dir='ltr'>apud</span> <span class='ocrx_word' id='word_1_608' title='bbox 3289 3692 3616 3748; x_wconf 74' lang='lat' dir='ltr'>Mattbzsum</span> <span class='ocrx_word' id='word_1_609' title='bbox 3638 3704 3649 3742; x_wconf 88' lang='lat'>:</span> <span class='ocrx_word' id='word_1_610' title='bbox 3670 3687 3741 3739; x_wconf 85' lang='lat' dir='ltr'>Bi-</span> 
     </span>
    </p>
   </div>
   <div class='ocr_carea' id='block_1_83' title="bbox 2119 3778 3743 3849">
    <p class='ocr_par' dir='ltr' id='par_1_83' title="bbox 2119 3778 3743 3849">
     <span class='ocr_line' id='line_1_83' title="bbox 2119 3778 3743 3849; baseline -0.004 -15"><span class='ocrx_word' id='word_1_611' title='bbox 2119 3781 2243 3843; x_wconf 90' lang='lat' dir='ltr'>bite,</span> <span class='ocrx_word' id='word_1_612' title='bbox 2268 3778 2458 3849; x_wconf 87' lang='lat' dir='ltr'>inquit</span> <span class='ocrx_word' id='word_1_613' title='bbox 2480 3778 2786 3842; x_wconf 88' lang='lat' dir='ltr'>Dominus,</span> <span class='ocrx_word' id='word_1_614' title='bbox 2811 3796 2881 3834; x_wconf 68' lang='lat' dir='ltr'>ex</span> <span class='ocrx_word' id='word_1_615' title='bbox 2909 3780 3006 3835; x_wconf 88' lang='lat' dir='ltr'>hoc</span> <span class='ocrx_word' id='word_1_616' title='bbox 3036 3782 3353 3848; x_wconf 85' lang='lat' dir='ltr'>omnes,hic</span> <span class='ocrx_word' id='word_1_617' title='bbox 3379 3789 3456 3835; x_wconf 89' lang='lat' dir='ltr'>est</span> <span class='ocrx_word' id='word_1_618' title='bbox 3483 3779 3619 3835; x_wconf 85' lang='lat' dir='ltr'>enim</span> <span class='ocrx_word' id='word_1_619' title='bbox 3639 3790 3743 3830; x_wconf 82' lang='lat' dir='ltr'>san-</span> 
     </span>
    </p>
   </div>
   <div class='ocr_carea' id='block_1_84' title="bbox 2116 3863 3741 3941">
    <p class='ocr_par' dir='ltr' id='par_1_84' title="bbox 2116 3863 3741 3941">
     <span class='ocr_line' id='line_1_84' title="bbox 2116 3863 3741 3941; baseline -0.004 -20"><span class='ocrx_word' id='word_1_620' title='bbox 2116 3869 2241 3937; x_wconf 87' lang='lat' dir='ltr'>guis</span> <span class='ocrx_word' id='word_1_621' title='bbox 2264 3882 2417 3921; x_wconf 89' lang='lat' dir='ltr'>meus</span> <span class='ocrx_word' id='word_1_622' title='bbox 2446 3868 2578 3921; x_wconf 91' lang='lat' dir='ltr'>novi</span> <span class='ocrx_word' id='word_1_623' title='bbox 2595 3870 2904 3923; x_wconf 86' lang='lat' dir='ltr'>testamenti</span> <span class='ocrx_word' id='word_1_624' title='bbox 2911 3870 3027 3940; x_wconf 89' lang='lat' dir='ltr'>,qui</span> <span class='ocrx_word' id='word_1_625' title='bbox 3040 3884 3142 3941; x_wconf 88' lang='lat' dir='ltr'>pro</span> <span class='ocrx_word' id='word_1_626' title='bbox 3170 3869 3372 3926; x_wconf 82' lang='lat' dir='ltr'>multis</span> <span class='ocrx_word' id='word_1_627' title='bbox 3389 3867 3679 3941; x_wconf 65' lang='lat' dir='ltr'>effundatur</span> <span class='ocrx_word' id='word_1_628' title='bbox 3695 3863 3741 3915; x_wconf 78' lang='lat' dir='ltr'>in</span> 
     </span>
    </p>
   </div>
   <div class='ocr_carea' id='block_1_85' title="bbox 2116 3952 3759 4031">
    <p class='ocr_par' dir='ltr' id='par_1_85' title="bbox 2116 3952 3759 4031">
     <span class='ocr_line' id='line_1_85' title="bbox 2116 3952 3759 4031; baseline -0.003 -21"><span class='ocrx_word' id='word_1_629' title='bbox 2116 3956 2492 4012; x_wconf 87' lang='lat' dir='ltr'>remissionem</span> <span class='ocrx_word' id='word_1_630' title='bbox 2519 3963 2860 4027; x_wconf 85' lang='lat' dir='ltr'>peccatorum</span> <span class='ocrx_word' id='word_1_631' title='bbox 2916 3958 3126 4029; x_wconf 81' lang='lat' dir='ltr'>(Matth.</span> <span class='ocrx_word' id='word_1_632' title='bbox 3180 3958 3360 4031; x_wconf 72' lang='lat' dir='ltr'>XXVI).</span> <span class='ocrx_word' id='word_1_633' title='bbox 3410 3955 3570 4031; x_wconf 86' lang='lat' dir='ltr'>Apud</span> <span class='ocrx_word' id='word_1_634' title='bbox 3619 3952 3759 4025; x_wconf 42' lang='lat' dir='ltr'>Mar:</span> 
     </span>
    </p>
   </div>
   <div class='ocr_carea' id='block_1_86' title="bbox 2118 4039 3747 4115">
    <p class='ocr_par' dir='ltr' id='par_1_86' title="bbox 2118 4039 3747 4115">
     <span class='ocr_line' id='line_1_86' title="bbox 2118 4039 3747 4115; baseline -0.001 -15"><span class='ocrx_word' id='word_1_635' title='bbox 2118 4062 2251 4100; x_wconf 91' lang='lat' dir='ltr'>cum</span> <span class='ocrx_word' id='word_1_636' title='bbox 2278 4060 2289 4098; x_wconf 93' lang='lat'>:</span> <span class='ocrx_word' id='word_1_637' title='bbox 2318 4046 2426 4099; x_wconf 81' lang='lat' dir='ltr'>Hic</span> <span class='ocrx_word' id='word_1_638' title='bbox 2449 4052 2528 4100; x_wconf 86' lang='lat' dir='ltr'>est</span> <span class='ocrx_word' id='word_1_639' title='bbox 2555 4047 2781 4114; x_wconf 88' lang='lat' dir='ltr'>sanguis</span> <span class='ocrx_word' id='word_1_640' title='bbox 2801 4063 2948 4102; x_wconf 82' lang='lat' dir='ltr'>meus</span> <span class='ocrx_word' id='word_1_641' title='bbox 2981 4049 3113 4103; x_wconf 83' lang='lat' dir='ltr'>Novi</span> <span class='ocrx_word' id='word_1_642' title='bbox 3139 4049 3487 4115; x_wconf 88' lang='lat' dir='ltr'>Testamenti,</span> <span class='ocrx_word' id='word_1_643' title='bbox 3510 4044 3649 4102; x_wconf 77' lang='grc'>189</span> <span class='ocrx_word' id='word_1_644' title='bbox 3668 4039 3747 4112; x_wconf 73' lang='lat' dir='ltr'>qui</span> 
     </span>
    </p>
   </div>
   <div class='ocr_carea' id='block_1_87' title="bbox 2112 4133 3743 4207">
    <p class='ocr_par' dir='ltr' id='par_1_87' title="bbox 2112 4133 3743 4207">
     <span class='ocr_line' id='line_1_87' title="bbox 2112 4133 3743 4207; baseline -0.001 -21"><span class='ocrx_word' id='word_1_645' title='bbox 2112 4148 2214 4204; x_wconf 87' lang='lat' dir='ltr'>pro</span> <span class='ocrx_word' id='word_1_646' title='bbox 2246 4134 2436 4200; x_wconf 78' lang='lat' dir='ltr'>multis</span> <span class='ocrx_word' id='word_1_647' title='bbox 2467 4133 2779 4204; x_wconf 70' lang='lat' dir='ltr'>effundetur</span> <span class='ocrx_word' id='word_1_648' title='bbox 2805 4136 3336 4207; x_wconf 75' lang='lat' dir='ltr'>(Marc.x1v).Apud</span> <span class='ocrx_word' id='word_1_649' title='bbox 3369 4136 3580 4191; x_wconf 84' lang='lat' dir='ltr'>Lucam</span> <span class='ocrx_word' id='word_1_650' title='bbox 3599 4142 3743 4187; x_wconf 84' lang='lat' dir='ltr'>vero:</span> 
     </span>
    </p>
   </div>
   <div class='ocr_carea' id='block_1_88' title="bbox 2120 4222 3743 4297">
    <p class='ocr_par' dir='ltr' id='par_1_88' title="bbox 2120 4222 3743 4297">
     <span class='ocr_line' id='line_1_88' title="bbox 2120 4222 3743 4297; baseline 0.003 -20"><span class='ocrx_word' id='word_1_651' title='bbox 2120 4224 2226 4277; x_wconf 85' lang='lat' dir='ltr'>Hic</span> <span class='ocrx_word' id='word_1_652' title='bbox 2254 4229 2332 4277; x_wconf 87' lang='lat' dir='ltr'>est</span> <span class='ocrx_word' id='word_1_653' title='bbox 2353 4222 2505 4277; x_wconf 69' lang='lat' dir='ltr'>calix</span> <span class='ocrx_word' id='word_1_654' title='bbox 2532 4222 2743 4277; x_wconf 85' lang='lat' dir='ltr'>Novum</span> <span class='ocrx_word' id='word_1_655' title='bbox 2781 4225 3177 4280; x_wconf 83' lang='lat' dir='ltr'>Testamentum</span> <span class='ocrx_word' id='word_1_656' title='bbox 3207 4227 3270 4279; x_wconf 84' lang='lat' dir='ltr'>in</span> <span class='ocrx_word' id='word_1_657' title='bbox 3325 4227 3589 4297; x_wconf 86' lang='lat' dir='ltr'>sanguine</span> <span class='ocrx_word' id='word_1_658' title='bbox 3629 4233 3743 4282; x_wconf 59' lang='lat' dir='ltr'>mea,</span> 
     </span>
    </p>
   </div>
   <div class='ocr_carea' id='block_1_89' title="bbox 2118 4311 3743 4387">
    <p class='ocr_par' dir='ltr' id='par_1_89' title="bbox 2118 4311 3743 4387">
     <span class='ocr_line' id='line_1_89' title="bbox 2118 4311 3743 4387; baseline -0.004 -22"><span class='ocrx_word' id='word_1_659' title='bbox 2118 4311 2214 4381; x_wconf 89' lang='lat' dir='ltr'>qui</span> <span class='ocrx_word' id='word_1_660' title='bbox 2233 4326 2333 4381; x_wconf 86' lang='lat' dir='ltr'>pro</span> <span class='ocrx_word' id='word_1_661' title='bbox 2365 4311 2512 4365; x_wconf 81' lang='lat' dir='ltr'>vobis</span> <span class='ocrx_word' id='word_1_662' title='bbox 2539 4311 2801 4382; x_wconf 76' lang='lat' dir='ltr'>[nudetur</span> <span class='ocrx_word' id='word_1_663' title='bbox 2830 4313 2981 4380; x_wconf 85' lang='lat' dir='ltr'>(Luc.</span> <span class='ocrx_word' id='word_1_664' title='bbox 3014 4318 3171 4383; x_wconf 72' lang='lat' dir='ltr'>XXII).</span> <span class='ocrx_word' id='word_1_665' title='bbox 3207 4318 3330 4370; x_wconf 91' lang='lat' dir='ltr'>Duo</span> <span class='ocrx_word' id='word_1_666' title='bbox 3365 4330 3499 4387; x_wconf 86' lang='lat' dir='ltr'>ergo</span> <span class='ocrx_word' id='word_1_667' title='bbox 3528 4321 3743 4380; x_wconf 82' lang='lat' dir='ltr'>evange-</span> 
     </span>
    </p>
   </div>
   <div class='ocr_carea' id='block_1_90' title="bbox 2117 4396 3746 4475">
    <p class='ocr_par' dir='ltr' id='par_1_90' title="bbox 2117 4396 3746 4475">
     <span class='ocr_line' id='line_1_90' title="bbox 2117 4396 3746 4475; baseline -0.001 -21"><span class='ocrx_word' id='word_1_668' title='bbox 2117 4398 2265 4454; x_wconf 74' lang='lat' dir='ltr'>listze</span> <span class='ocrx_word' id='word_1_669' title='bbox 2319 4403 2546 4470; x_wconf 91' lang='lat' dir='ltr'>ponunt</span> <span class='ocrx_word' id='word_1_670' title='bbox 2587 4416 2690 4471; x_wconf 86' lang='lat' dir='ltr'>pro</span> <span class='ocrx_word' id='word_1_671' title='bbox 2738 4401 2956 4470; x_wconf 88' lang='lat' dir='ltr'>multis,</span> <span class='ocrx_word' id='word_1_672' title='bbox 2990 4419 3145 4458; x_wconf 89' lang='lat' dir='ltr'>unus</span> <span class='ocrx_word' id='word_1_673' title='bbox 3189 4420 3293 4475; x_wconf 87' lang='lat' dir='ltr'>pro</span> <span class='ocrx_word' id='word_1_674' title='bbox 3344 4405 3514 4467; x_wconf 80' lang='lat' dir='ltr'>vobis,</span> <span class='ocrx_word' id='word_1_675' title='bbox 3546 4399 3670 4472; x_wconf 83' lang='lat' dir='ltr'>quia</span> <span class='ocrx_word' id='word_1_676' title='bbox 3700 4396 3746 4448; x_wconf 68' lang='lat' dir='ltr'>et</span> 
     </span>
    </p>
   </div>
   <div class='ocr_carea' id='block_1_91' title="bbox 2119 4482 3740 4562">
    <p class='ocr_par' dir='ltr' id='par_1_91' title="bbox 2119 4482 3740 4562">
     <span class='ocr_line' id='line_1_91' title="bbox 2119 4482 3740 4562; baseline -0.001 -19"><span class='ocrx_word' id='word_1_677' title='bbox 2119 4486 2394 4558; x_wconf 89' lang='lat' dir='ltr'>discipuli</span> <span class='ocrx_word' id='word_1_678' title='bbox 2425 4485 2627 4543; x_wconf 90' lang='lat' dir='ltr'>multis</span> <span class='ocrx_word' id='word_1_679' title='bbox 2661 4495 3149 4557; x_wconf 86' lang='lat' dir='ltr'>annumerantur,</span> <span class='ocrx_word' id='word_1_680' title='bbox 3184 4490 3388 4547; x_wconf 90' lang='lat' dir='ltr'>nullus</span> <span class='ocrx_word' id='word_1_681' title='bbox 3438 4506 3539 4562; x_wconf 91' lang='lat' dir='ltr'>pro</span> <span class='ocrx_word' id='word_1_682' title='bbox 3581 4482 3740 4542; x_wconf 83' lang='lat' dir='ltr'>omni-</span> 
     </span>
    </p>
   </div>
   <div class='ocr_carea' id='block_1_92' title="bbox 2120 4576 3746 4648">
    <p class='ocr_par' dir='ltr' id='par_1_92' title="bbox 2120 4576 3746 4648">
     <span class='ocr_line' id='line_1_92' title="bbox 2120 4576 3746 4648; baseline -0.002 -17"><span class='ocrx_word' id='word_1_683' title='bbox 2120 4577 2335 4631; x_wconf 79' lang='lat' dir='ltr'>buszEt</span> <span class='ocrx_word' id='word_1_684' title='bbox 2366 4591 2438 4630; x_wconf 91' lang='lat' dir='ltr'>ne</span> <span class='ocrx_word' id='word_1_685' title='bbox 2470 4576 2524 4629; x_wconf 90' lang='lat' dir='ltr'>id</span> <span class='ocrx_word' id='word_1_686' title='bbox 2559 4592 2695 4648; x_wconf 88' lang='lat' dir='ltr'>ergo</span> <span class='ocrx_word' id='word_1_687' title='bbox 2728 4582 2943 4632; x_wconf 90' lang='lat' dir='ltr'>temere</span> <span class='ocrx_word' id='word_1_688' title='bbox 2974 4584 3273 4634; x_wconf 87' lang='lat' dir='ltr'>scrutatus</span> <span class='ocrx_word' id='word_1_689' title='bbox 3295 4578 3606 4643; x_wconf 79' lang='lat' dir='ltr'>existimer,</span> <span class='ocrx_word' id='word_1_690' title='bbox 3636 4587 3746 4627; x_wconf 83' lang='lat' dir='ltr'>san-</span> 
     </span>
    </p>
   </div>
   <div class='ocr_carea' id='block_1_93' title="bbox 357 4640 2014 4740">
    <p class='ocr_par' dir='ltr' id='par_1_93' title="bbox 357 4640 2011 4720">
     <span class='ocr_line' id='line_1_93' title="bbox 357 4640 2011 4720; baseline 0.008 -26"><span class='ocrx_word' id='word_1_691' title='bbox 357 4640 452 4694; x_wconf 87' lang='lat' dir='ltr'>trii</span> <span class='ocrx_word' id='word_1_692' title='bbox 486 4643 743 4711; x_wconf 90' lang='lat' dir='ltr'>perdere,</span> <span class='ocrx_word' id='word_1_693' title='bbox 762 4644 860 4697; x_wconf 88' lang='lat' dir='ltr'>sed</span> <span class='ocrx_word' id='word_1_694' title='bbox 893 4644 1161 4707; x_wconf 85' lang='lat' dir='ltr'>id,etiam</span> <span class='ocrx_word' id='word_1_695' title='bbox 1188 4646 1234 4699; x_wconf 83' lang='lat' dir='ltr'>si</span> <span class='ocrx_word' id='word_1_696' title='bbox 1268 4646 1544 4712; x_wconf 89' lang='lat' dir='ltr'>velit,non</span> <span class='ocrx_word' id='word_1_697' title='bbox 1569 4655 1757 4720; x_wconf 89' lang='lat' dir='ltr'>potest</span> <span class='ocrx_word' id='word_1_698' title='bbox 1788 4653 1912 4706; x_wconf 88' lang='lat' dir='ltr'>suis</span> <span class='ocrx_word' id='word_1_699' title='bbox 1933 4654 2011 4707; x_wconf 87' lang='lat' dir='ltr'>vi-</span> 
     </span>
    </p>
   </div>
   <div class='ocr_carea' id='block_1_94' title="bbox 2122 4640 3741 4740">
    <p class='ocr_par' dir='ltr' id='par_1_94' title="bbox 2122 4662 3741 4740">
     <span class='ocr_line' id='line_1_94' title="bbox 2122 4662 3741 4740; baseline -0.003 -21"><span class='ocrx_word' id='word_1_700' title='bbox 2122 4669 2252 4719; x_wconf 88' lang='lat' dir='ltr'>ctus</span> <span class='ocrx_word' id='word_1_701' title='bbox 2274 4663 2676 4737; x_wconf 82' lang='lat' dir='ltr'>Hieronymus,</span> <span class='ocrx_word' id='word_1_702' title='bbox 2696 4665 3014 4738; x_wconf 83' lang='lat' dir='ltr'>explanans</span> <span class='ocrx_word' id='word_1_703' title='bbox 3036 4665 3231 4722; x_wconf 90' lang='lat' dir='ltr'>locum</span> <span class='ocrx_word' id='word_1_704' title='bbox 3258 4664 3555 4740; x_wconf 87' lang='lat' dir='ltr'>Evangelii</span> <span class='ocrx_word' id='word_1_705' title='bbox 3580 4680 3591 4718; x_wconf 90' lang='lat'><strong>:</strong></span> <span class='ocrx_word' id='word_1_706' title='bbox 3613 4662 3741 4718; x_wconf 72' lang='lat' dir='ltr'>Sicut</span> 
     </span>
    </p>
   </div>
   <div class='ocr_carea' id='block_1_95' title="bbox 362 4726 2007 4808">
    <p class='ocr_par' dir='ltr' id='par_1_95' title="bbox 362 4726 2007 4808">
     <span class='ocr_line' id='line_1_95' title="bbox 362 4726 2007 4808; baseline 0.01 -29"><span class='ocrx_word' id='word_1_707' title='bbox 362 4726 526 4781; x_wconf 90' lang='lat' dir='ltr'>ribus</span> <span class='ocrx_word' id='word_1_708' title='bbox 556 4733 1015 4788; x_wconf 87' lang='lat' dir='ltr'>resumere.Non</span> <span class='ocrx_word' id='word_1_709' title='bbox 1047 4735 1158 4789; x_wconf 87' lang='lat' dir='ltr'>erit</span> <span class='ocrx_word' id='word_1_710' title='bbox 1179 4734 1359 4808; x_wconf 85' lang='lat' dir='ltr'>igitur</span> <span class='ocrx_word' id='word_1_711' title='bbox 1388 4735 1446 4790; x_wconf 89' lang='lat' dir='ltr'>in</span> <span class='ocrx_word' id='word_1_712' title='bbox 1481 4736 1630 4793; x_wconf 91' lang='lat' dir='ltr'>bono</span> <span class='ocrx_word' id='word_1_713' title='bbox 1653 4737 1903 4796; x_wconf 90' lang='lat' dir='ltr'>liberum</span> <span class='ocrx_word' id='word_1_714' title='bbox 1925 4741 2007 4796; x_wconf 90' lang='lat' dir='ltr'>illi</span> 
     </span>
    </p>
   </div>
   <div class='ocr_carea' id='block_1_96' title="bbox 361 4812 2009 4898">
    <p class='ocr_par' dir='ltr' id='par_1_96' title="bbox 361 4812 2009 4898">
     <span class='ocr_line' id='line_1_96' title="bbox 361 4812 2009 4898; baseline 0.013 -32"><span class='ocrx_word' id='word_1_715' title='bbox 361 4812 691 4884; x_wconf 87' lang='lat' dir='ltr'>arbitrium,</span> <span class='ocrx_word' id='word_1_716' title='bbox 726 4816 840 4871; x_wconf 89' lang='lat' dir='ltr'>nisi</span> <span class='ocrx_word' id='word_1_717' title='bbox 876 4820 1047 4876; x_wconf 90' lang='lat' dir='ltr'>fuerit</span> <span class='ocrx_word' id='word_1_718' title='bbox 1088 4822 1281 4879; x_wconf 88' lang='lat' dir='ltr'>divina</span> <span class='ocrx_word' id='word_1_719' title='bbox 1309 4825 1501 4898; x_wconf 89' lang='lat' dir='ltr'>gratia</span> <span class='ocrx_word' id='word_1_720' title='bbox 1530 4826 1862 4885; x_wconf 89' lang='lat' dir='ltr'>liberatum.</span> <span class='ocrx_word' id='word_1_721' title='bbox 1895 4831 2009 4887; x_wconf 93' lang='lat' dir='ltr'>Do-</span> 
     </span>
    </p>
   </div>
   <div class='ocr_carea' id='block_1_97' title="bbox 360 4901 2011 4988">
    <p class='ocr_par' dir='ltr' id='par_1_97' title="bbox 360 4901 2011 4988">
     <span class='ocr_line' id='line_1_97' title="bbox 360 4901 2011 4988; baseline 0.011 -31"><span class='ocrx_word' id='word_1_722' title='bbox 360 4901 559 4957; x_wconf 89' lang='lat' dir='ltr'>minus</span> <span class='ocrx_word' id='word_1_723' title='bbox 586 4903 759 4961; x_wconf 87' lang='lat' dir='ltr'>Jesus</span> <span class='ocrx_word' id='word_1_724' title='bbox 786 4908 1011 4977; x_wconf 84' lang='lat' dir='ltr'>sciebat,</span> <span class='ocrx_word' id='word_1_725' title='bbox 1048 4916 1110 4965; x_wconf 90' lang='lat' dir='ltr'>ut</span> <span class='ocrx_word' id='word_1_726' title='bbox 1139 4913 1423 4983; x_wconf 86' lang='lat' dir='ltr'>scriptum</span> <span class='ocrx_word' id='word_1_727' title='bbox 1456 4920 1563 4981; x_wconf 91' lang='lat' dir='ltr'>est,</span> <span class='ocrx_word' id='word_1_728' title='bbox 1595 4918 1727 4988; x_wconf 89' lang='lat' dir='ltr'>quid</span> <span class='ocrx_word' id='word_1_729' title='bbox 1768 4928 1904 4975; x_wconf 86' lang='lat' dir='ltr'>esset</span> <span class='ocrx_word' id='word_1_730' title='bbox 1948 4923 2011 4975; x_wconf 88' lang='lat' dir='ltr'>in</span> 
     </span>
    </p>
   </div>
   <div class='ocr_carea' id='block_1_98' title="bbox 359 4991 2004 5078">
    <p class='ocr_par' dir='ltr' id='par_1_98' title="bbox 359 4991 2004 5078">
     <span class='ocr_line' id='line_1_98' title="bbox 359 4991 2004 5078; baseline 0.012 -33"><span class='ocrx_word' id='word_1_731' title='bbox 359 4991 579 5045; x_wconf 88' lang='lat' dir='ltr'>homine</span> <span class='ocrx_word' id='word_1_732' title='bbox 607 4995 795 5057; x_wconf 90' lang='lat' dir='ltr'>(Joan.</span> <span class='ocrx_word' id='word_1_733' title='bbox 820 4996 903 5063; x_wconf 81' lang='grc' dir='ltr'>ιι),</span> <span class='ocrx_word' id='word_1_734' title='bbox 934 4996 991 5050; x_wconf 93' lang='lat' dir='ltr'>id</span> <span class='ocrx_word' id='word_1_735' title='bbox 1040 4997 1352 5055; x_wconf 85' lang='lat' dir='ltr'>salubriter</span> <span class='ocrx_word' id='word_1_736' title='bbox 1403 5006 1690 5075; x_wconf 86' lang='lat' dir='ltr'>aperiens,</span> <span class='ocrx_word' id='word_1_737' title='bbox 1719 5010 1853 5063; x_wconf 88' lang='lat' dir='ltr'>Sine</span> <span class='ocrx_word' id='word_1_738' title='bbox 1900 5026 2004 5078; x_wconf 89' lang='lat' dir='ltr'>me,</span> 
     </span>
    </p>
   </div>
   <div class='ocr_carea' id='block_1_99' title="bbox 360 5077 2011 5164">
    <p class='ocr_par' dir='ltr' id='par_1_99' title="bbox 360 5077 2011 5164">
     <span class='ocr_line' id='line_1_99' title="bbox 360 5077 2011 5164; baseline 0.014 -32"><span class='ocrx_word' id='word_1_739' title='bbox 360 5077 575 5149; x_wconf 88' lang='lat' dir='ltr'>inquit,</span> <span class='ocrx_word' id='word_1_740' title='bbox 610 5080 754 5133; x_wconf 86' lang='lat' dir='ltr'>nihil</span> <span class='ocrx_word' id='word_1_741' title='bbox 778 5084 997 5151; x_wconf 78' lang='lat' dir='ltr'>potestis</span> <span class='ocrx_word' id='word_1_742' title='bbox 1023 5086 1205 5155; x_wconf 80' lang='lat' dir='ltr'>facere</span> <span class='ocrx_word' id='word_1_743' title='bbox 1238 5090 1410 5159; x_wconf 88' lang='lat' dir='ltr'>(Joan.</span> <span class='ocrx_word' id='word_1_744' title='bbox 1444 5094 1557 5164; x_wconf 73' lang='lat' dir='ltr'>xv),</span> <span class='ocrx_word' id='word_1_745' title='bbox 1594 5095 1738 5151; x_wconf 87' lang='lat' dir='ltr'>nihil</span> <span class='ocrx_word' id='word_1_746' title='bbox 1790 5077 2011 5154; x_wconf 88' lang='lat' dir='ltr'>scilicet</span> 
     </span>
    </p>
   </div>
   <div class='ocr_carea' id='block_1_100' title="bbox 359 5166 2007 5251">
    <p class='ocr_par' dir='ltr' id='par_1_100' title="bbox 359 5166 2007 5251">
     <span class='ocr_line' id='line_1_100' title="bbox 359 5166 2007 5251; baseline 0.013 -28"><span class='ocrx_word' id='word_1_747' title='bbox 359 5166 519 5223; x_wconf 92' lang='lat' dir='ltr'>boni.</span> <span class='ocrx_word' id='word_1_748' title='bbox 558 5167 705 5223; x_wconf 89' lang='lat' dir='ltr'>Nam</span> <span class='ocrx_word' id='word_1_749' title='bbox 736 5167 860 5240; x_wconf 89' lang='lat' dir='ltr'>ipse</span> <span class='ocrx_word' id='word_1_750' title='bbox 894 5171 1030 5225; x_wconf 90' lang='lat' dir='ltr'>mali</span> <span class='ocrx_word' id='word_1_751' title='bbox 1061 5180 1264 5230; x_wconf 90' lang='lat' dir='ltr'>auctor</span> <span class='ocrx_word' id='word_1_752' title='bbox 1293 5182 1348 5235; x_wconf 85' lang='lat' dir='ltr'>et</span> <span class='ocrx_word' id='word_1_753' title='bbox 1378 5189 1715 5251; x_wconf 85' lang='lat' dir='ltr'>cooperator</span> <span class='ocrx_word' id='word_1_754' title='bbox 1742 5203 1870 5243; x_wconf 90' lang='lat' dir='ltr'>esse</span> <span class='ocrx_word' id='word_1_755' title='bbox 1892 5205 2007 5244; x_wconf 90' lang='lat' dir='ltr'>non</span> 
     </span>
    </p>
   </div>
   <div class='ocr_carea' id='block_1_101' title="bbox 360 5256 2005 5344">
    <p class='ocr_par' dir='ltr' id='par_1_101' title="bbox 360 5256 2005 5344">
     <span class='ocr_line' id='line_1_101' title="bbox 360 5256 2005 5344; baseline 0.014 -33"><span class='ocrx_word' id='word_1_756' title='bbox 360 5261 569 5329; x_wconf 86' lang='lat' dir='ltr'>potest,</span> <span class='ocrx_word' id='word_1_757' title='bbox 606 5256 727 5328; x_wconf 91' lang='lat' dir='ltr'>qui,</span> <span class='ocrx_word' id='word_1_758' title='bbox 750 5262 813 5312; x_wconf 90' lang='lat' dir='ltr'>ut</span> <span class='ocrx_word' id='word_1_759' title='bbox 841 5257 1095 5316; x_wconf 83' lang='lat' dir='ltr'>Joannes</span> <span class='ocrx_word' id='word_1_760' title='bbox 1128 5262 1208 5317; x_wconf 89' lang='lat' dir='ltr'>ait</span> <span class='ocrx_word' id='word_1_761' title='bbox 1238 5264 1497 5336; x_wconf 86' lang='lat' dir='ltr'>Baptista</span> <span class='ocrx_word' id='word_1_762' title='bbox 1526 5286 1537 5322; x_wconf 93' lang='lat'>:</span> <span class='ocrx_word' id='word_1_763' title='bbox 1573 5273 1757 5340; x_wconf 83' lang='lat' dir='ltr'>Agnus</span> <span class='ocrx_word' id='word_1_764' title='bbox 1780 5280 1882 5331; x_wconf 82' lang='lat' dir='ltr'>Dei</span> <span class='ocrx_word' id='word_1_765' title='bbox 1909 5286 2005 5344; x_wconf 87' lang='lat' dir='ltr'>est,</span> 
     </span>
    </p>
   </div>
   <div class='ocr_carea' id='block_1_102' title="bbox 358 5346 2011 5426">
    <p class='ocr_par' dir='ltr' id='par_1_102' title="bbox 358 5346 2011 5426">
     <span class='ocr_line' id='line_1_102' title="bbox 358 5346 2011 5426; baseline 0.015 -28"><span class='ocrx_word' id='word_1_766' title='bbox 358 5347 455 5415; x_wconf 92' lang='lat' dir='ltr'>qui</span> <span class='ocrx_word' id='word_1_767' title='bbox 483 5346 854 5417; x_wconf 88' lang='lat' dir='ltr'>tollitpeccata</span> <span class='ocrx_word' id='word_1_768' title='bbox 880 5348 1074 5402; x_wconf 82' lang='lat' dir='ltr'>mundi</span> <span class='ocrx_word' id='word_1_769' title='bbox 1094 5350 1277 5419; x_wconf 85' lang='lat' dir='ltr'>(Joan.</span> <span class='ocrx_word' id='word_1_770' title='bbox 1306 5353 1436 5423; x_wconf 91' lang='lat' dir='ltr'>I),et</span> <span class='ocrx_word' id='word_1_771' title='bbox 1466 5372 1595 5426; x_wconf 73' lang='lat' dir='ltr'>quae</span> <span class='ocrx_word' id='word_1_772' title='bbox 1617 5362 1835 5418; x_wconf 87' lang='lat' dir='ltr'>scilicet</span> <span class='ocrx_word' id='word_1_773' title='bbox 1858 5367 2011 5422; x_wconf 84' lang='lat' dir='ltr'>facta</span> 
     </span>
    </p>
   </div>
   <div class='ocr_carea' id='block_1_103' title="bbox 360 5435 2009 5511">
    <p class='ocr_par' dir='ltr' id='par_1_103' title="bbox 360 5435 2009 5511">
     <span class='ocr_line' id='line_1_103' title="bbox 360 5435 2009 5511; baseline 0.015 -25"><span class='ocrx_word' id='word_1_774' title='bbox 360 5438 519 5500; x_wconf 89' lang='lat' dir='ltr'>sunt,</span> <span class='ocrx_word' id='word_1_775' title='bbox 552 5439 609 5490; x_wconf 92' lang='lat' dir='ltr'>et</span> <span class='ocrx_word' id='word_1_776' title='bbox 639 5451 710 5490; x_wconf 92' lang='lat' dir='ltr'>ne</span> <span class='ocrx_word' id='word_1_777' title='bbox 743 5435 905 5490; x_wconf 79' lang='lat' dir='ltr'>fiant.</span> <span class='ocrx_word' id='word_1_778' title='bbox 941 5435 1083 5491; x_wconf 89' lang='lat' dir='ltr'>Item</span> <span class='ocrx_word' id='word_1_779' title='bbox 1112 5437 1251 5494; x_wconf 92' lang='lat' dir='ltr'>alibi</span> <span class='ocrx_word' id='word_1_780' title='bbox 1281 5441 1600 5501; x_wconf 89' lang='lat' dir='ltr'>Dominus:</span> <span class='ocrx_word' id='word_1_781' title='bbox 1635 5450 1697 5504; x_wconf 87' lang='lat' dir='ltr'>Si</span> <span class='ocrx_word' id='word_1_782' title='bbox 1726 5468 1812 5507; x_wconf 83' lang='lat' dir='ltr'>vos</span> <span class='ocrx_word' id='word_1_783' title='bbox 1834 5455 2009 5511; x_wconf 82' lang='lat' dir='ltr'>Filius</span> 
     </span>
    </p>
   </div>
   <div class='ocr_carea' id='block_1_104' title="bbox 362 5524 2010 5609">
    <p class='ocr_par' dir='ltr' id='par_1_104' title="bbox 362 5524 2010 5609">
     <span class='ocr_line' id='line_1_104' title="bbox 362 5524 2010 5609; baseline 0.014 -32"><span class='ocrx_word' id='word_1_784' title='bbox 362 5524 693 5590; x_wconf 87' lang='lat' dir='ltr'>liberaverit,</span> <span class='ocrx_word' id='word_1_785' title='bbox 717 5532 843 5581; x_wconf 89' lang='lat' dir='ltr'>tunc</span> <span class='ocrx_word' id='word_1_786' title='bbox 872 5543 993 5582; x_wconf 83' lang='lat' dir='ltr'>vere</span> <span class='ocrx_word' id='word_1_787' title='bbox 1022 5527 1187 5582; x_wconf 86' lang='lat' dir='ltr'>liberi</span> <span class='ocrx_word' id='word_1_788' title='bbox 1212 5531 1367 5585; x_wconf 88' lang='lat' dir='ltr'>eritis</span> <span class='ocrx_word' id='word_1_789' title='bbox 1397 5534 1572 5600; x_wconf 87' lang='lat' dir='ltr'>(Joan.</span> <span class='ocrx_word' id='word_1_790' title='bbox 1596 5540 1737 5609; x_wconf 82' lang='lat' dir='ltr'><strong>VIII).</strong></span> <span class='ocrx_word' id='word_1_791' title='bbox 1762 5541 2010 5601; x_wconf 87' lang='lat' dir='ltr'>Sanctus</span> 
     </span>
    </p>
   </div>
   <div class='ocr_carea' id='block_1_105' title="bbox 359 5610 2011 5689">
    <p class='ocr_par' dir='ltr' id='par_1_105' title="bbox 359 5610 2011 5689">
     <span class='ocr_line' id='line_1_105' title="bbox 359 5610 2011 5689; baseline 0.014 -24"><span class='ocrx_word' id='word_1_792' title='bbox 359 5610 929 5689; x_wconf 79' lang='lat' dir='ltr'>Cyprianus,martyr</span> <span class='ocrx_word' id='word_1_793' title='bbox 948 5615 1415 5688; x_wconf 85' lang='lat' dir='ltr'>gloriosissimus</span> <span class='ocrx_word' id='word_1_794' title='bbox 1438 5628 1492 5677; x_wconf 88' lang='lat' dir='ltr'>et</span> <span class='ocrx_word' id='word_1_795' title='bbox 1513 5624 1713 5681; x_wconf 88' lang='lat' dir='ltr'>doctor</span> <span class='ocrx_word' id='word_1_796' title='bbox 1733 5632 2011 5687; x_wconf 89' lang='lat' dir='ltr'>suavissi-</span> 
     </span>
    </p>
   </div>
   <div class='ocr_carea' id='block_1_106' title="bbox 434 5805 1874 5892">
    <p class='ocr_par' dir='ltr' id='par_1_106' title="bbox 434 5805 1874 5892">
     <span class='ocr_line' id='line_1_106' title="bbox 434 5805 1874 5892; baseline 0.014 -31"><span class='ocrx_word' id='word_1_797' title='bbox 434 5808 510 5877; x_wconf 89' lang='lat' dir='ltr'>(a)</span> <span class='ocrx_word' id='word_1_798' title='bbox 541 5805 732 5879; x_wconf 81' lang='lat' dir='ltr'>Cypr.,</span> <span class='ocrx_word' id='word_1_799' title='bbox 765 5808 868 5869; x_wconf 88' lang='lat' dir='ltr'>lib.</span> <span class='ocrx_word' id='word_1_800' title='bbox 899 5805 1237 5875; x_wconf 34' lang='lat' dir='ltr'>III‘Testim.</span> <span class='ocrx_word' id='word_1_801' title='bbox 1272 5818 1344 5876; x_wconf 88' lang='lat' dir='ltr'>ad</span> <span class='ocrx_word' id='word_1_802' title='bbox 1377 5818 1706 5892; x_wconf 90' lang='lat' dir='ltr'>Quirinum,</span> <span class='ocrx_word' id='word_1_803' title='bbox 1740 5840 1790 5881; x_wconf 90' lang='lat' dir='ltr'>c.</span> <span class='ocrx_word' id='word_1_804' title='bbox 1822 5828 1874 5881; x_wconf 85' lang='grc'>4.</span> 
     </span>
    </p>
   </div>
   <div class='ocr_carea' id='block_1_107' title="bbox 2117 4754 3741 4826">
    <p class='ocr_par' dir='ltr' id='par_1_107' title="bbox 2117 4754 3741 4826">
     <span class='ocr_line' id='line_1_107' title="bbox 2117 4754 3741 4826; baseline 0.002 -18"><span class='ocrx_word' id='word_1_805' title='bbox 2117 4754 2289 4809; x_wconf 80' lang='lat' dir='ltr'>Filius</span> <span class='ocrx_word' id='word_1_806' title='bbox 2319 4754 2556 4810; x_wconf 85' lang='lat' dir='ltr'>hominis</span> <span class='ocrx_word' id='word_1_807' title='bbox 2588 4770 2699 4811; x_wconf 87' lang='lat' dir='ltr'>non</span> <span class='ocrx_word' id='word_1_808' title='bbox 2744 4757 2886 4812; x_wconf 86' lang='lat' dir='ltr'>venit</span> <span class='ocrx_word' id='word_1_809' title='bbox 2926 4759 3261 4826; x_wconf 85' lang='lat' dir='ltr'>ministrari,</span> <span class='ocrx_word' id='word_1_810' title='bbox 3282 4756 3379 4813; x_wconf 88' lang='lat' dir='ltr'>sed</span> <span class='ocrx_word' id='word_1_811' title='bbox 3433 4755 3741 4811; x_wconf 62' lang='lat' dir='ltr'>ministrare,</span> 
     </span>
    </p>
   </div>
   <div class='ocr_carea' id='block_1_108' title="bbox 2116 4836 3739 4917">
    <p class='ocr_par' dir='ltr' id='par_1_108' title="bbox 2116 4836 3739 4917">
     <span class='ocr_line' id='line_1_108' title="bbox 2116 4836 3739 4917; baseline -0.002 -19"><span class='ocrx_word' id='word_1_812' title='bbox 2116 4851 2166 4898; x_wconf 88' lang='lat' dir='ltr'>et</span> <span class='ocrx_word' id='word_1_813' title='bbox 2182 4842 2312 4898; x_wconf 87' lang='lat' dir='ltr'>dare</span> <span class='ocrx_word' id='word_1_814' title='bbox 2341 4845 2589 4898; x_wconf 82' lang='lat' dir='ltr'>animum</span> <span class='ocrx_word' id='word_1_815' title='bbox 2611 4860 2772 4899; x_wconf 87' lang='lat' dir='ltr'>suam</span> <span class='ocrx_word' id='word_1_816' title='bbox 2797 4844 3217 4916; x_wconf 86' lang='lat' dir='ltr'>redemptionem</span> <span class='ocrx_word' id='word_1_817' title='bbox 3236 4863 3333 4917; x_wconf 87' lang='lat' dir='ltr'>pro</span> <span class='ocrx_word' id='word_1_818' title='bbox 3354 4845 3544 4900; x_wconf 86' lang='lat' dir='ltr'>multis</span> <span class='ocrx_word' id='word_1_819' title='bbox 3558 4836 3739 4909; x_wconf 70' lang='lat' dir='ltr'>(Matth.</span> 
     </span>
    </p>
   </div>
   <div class='ocr_carea' id='block_1_109' title="bbox 2115 4930 3742 5004">
    <p class='ocr_par' dir='ltr' id='par_1_109' title="bbox 2115 4930 3742 5004">
     <span class='ocr_line' id='line_1_109' title="bbox 2115 4930 3742 5004; baseline -0.002 -18"><span class='ocrx_word' id='word_1_820' title='bbox 2115 4931 2237 5001; x_wconf 84' lang='lat' dir='ltr'>VII),</span> <span class='ocrx_word' id='word_1_821' title='bbox 2272 4931 2528 5002; x_wconf 89' lang='lat' dir='ltr'>quando,</span> <span class='ocrx_word' id='word_1_822' title='bbox 2561 4930 2776 5003; x_wconf 88' lang='lat' dir='ltr'>inquit,</span> <span class='ocrx_word' id='word_1_823' title='bbox 2810 4932 3058 4987; x_wconf 87' lang='lat' dir='ltr'>formam</span> <span class='ocrx_word' id='word_1_824' title='bbox 3091 4934 3241 4989; x_wconf 86' lang='lat' dir='ltr'>servi</span> <span class='ocrx_word' id='word_1_825' title='bbox 3271 4932 3517 5004; x_wconf 85' lang='lat' dir='ltr'>accepit.</span> <span class='ocrx_word' id='word_1_826' title='bbox 3550 4938 3609 4984; x_wconf 88' lang='lat' dir='ltr'>ut</span> <span class='ocrx_word' id='word_1_827' title='bbox 3655 4938 3742 4997; x_wconf 84' lang='lat' dir='ltr'>pro</span> 
     </span>
    </p>
   </div>
   <div class='ocr_carea' id='block_1_110' title="bbox 2118 5012 3742 5093">
    <p class='ocr_par' dir='ltr' id='par_1_110' title="bbox 2118 5012 3742 5093">
     <span class='ocr_line' id='line_1_110' title="bbox 2118 5012 3742 5093; baseline -0.005 -18"><span class='ocrx_word' id='word_1_828' title='bbox 2118 5019 2339 5075; x_wconf 87' lang='lat' dir='ltr'>mundo</span> <span class='ocrx_word' id='word_1_829' title='bbox 2366 5019 2715 5093; x_wconf 79' lang='lat' dir='ltr'>sanguinem</span> <span class='ocrx_word' id='word_1_830' title='bbox 2751 5021 3035 5090; x_wconf 91' lang='lat' dir='ltr'>funderet,</span> <span class='ocrx_word' id='word_1_831' title='bbox 3069 5027 3127 5077; x_wconf 94' lang='lat' dir='ltr'>et</span> <span class='ocrx_word' id='word_1_832' title='bbox 3156 5038 3269 5078; x_wconf 92' lang='lat' dir='ltr'>non</span> <span class='ocrx_word' id='word_1_833' title='bbox 3302 5021 3448 5076; x_wconf 79' lang='lat' dir='ltr'>dixit</span> <span class='ocrx_word' id='word_1_834' title='bbox 3479 5021 3610 5074; x_wconf 88' lang='lat' dir='ltr'>dare</span> <span class='ocrx_word' id='word_1_835' title='bbox 3638 5012 3742 5069; x_wconf 90' lang='lat' dir='ltr'>ani-</span> 
     </span>
    </p>
   </div>
   <div class='ocr_carea' id='block_1_111' title="bbox 2119 5105 3743 5182">
    <p class='ocr_par' dir='ltr' id='par_1_111' title="bbox 2119 5105 3743 5182">
     <span class='ocr_line' id='line_1_111' title="bbox 2119 5105 3743 5182; baseline -0.001 -19"><span class='ocrx_word' id='word_1_836' title='bbox 2119 5124 2277 5164; x_wconf 90' lang='lat' dir='ltr'>mam</span> <span class='ocrx_word' id='word_1_837' title='bbox 2310 5125 2480 5164; x_wconf 88' lang='lat' dir='ltr'>suam</span> <span class='ocrx_word' id='word_1_838' title='bbox 2534 5109 2997 5181; x_wconf 91' lang='lat' dir='ltr'>redemptionem</span> <span class='ocrx_word' id='word_1_839' title='bbox 3043 5127 3146 5182; x_wconf 89' lang='lat' dir='ltr'>pro</span> <span class='ocrx_word' id='word_1_840' title='bbox 3191 5110 3488 5176; x_wconf 89' lang='lat' dir='ltr'>omnibus,</span> <span class='ocrx_word' id='word_1_841' title='bbox 3533 5105 3629 5162; x_wconf 89' lang='lat' dir='ltr'>sed</span> <span class='ocrx_word' id='word_1_842' title='bbox 3657 5114 3743 5175; x_wconf 81' lang='lat' dir='ltr'>pro</span> 
     </span>
    </p>
   </div>
   <div class='ocr_carea' id='block_1_112' title="bbox 2119 5193 3745 5271">
    <p class='ocr_par' dir='ltr' id='par_1_112' title="bbox 2119 5193 3745 5271">
     <span class='ocr_line' id='line_1_112' title="bbox 2119 5193 3745 5271; baseline 0.002 -19"><span class='ocrx_word' id='word_1_843' title='bbox 2119 5196 2342 5262; x_wconf 91' lang='lat' dir='ltr'>multis,</span> <span class='ocrx_word' id='word_1_844' title='bbox 2372 5196 2429 5252; x_wconf 89' lang='lat' dir='ltr'>id</span> <span class='ocrx_word' id='word_1_845' title='bbox 2464 5202 2571 5264; x_wconf 91' lang='lat' dir='ltr'>est,</span> <span class='ocrx_word' id='word_1_846' title='bbox 2596 5214 2701 5270; x_wconf 89' lang='lat' dir='ltr'>pro</span> <span class='ocrx_word' id='word_1_847' title='bbox 2733 5197 2826 5253; x_wconf 90' lang='lat' dir='ltr'>bis</span> <span class='ocrx_word' id='word_1_848' title='bbox 2866 5198 2969 5271; x_wconf 90' lang='lat' dir='ltr'>qui</span> <span class='ocrx_word' id='word_1_849' title='bbox 3014 5201 3248 5255; x_wconf 89' lang='lat' dir='ltr'>credere</span> <span class='ocrx_word' id='word_1_850' title='bbox 3289 5196 3615 5255; x_wconf 66' lang='lat' dir='ltr'>voluerint.’</span> <span class='ocrx_word' id='word_1_851' title='bbox 3640 5193 3745 5256; x_wconf 75' lang='grc' dir='ltr'>0υᾶ</span> 
     </span>
    </p>
   </div>
   <div class='ocr_carea' id='block_1_113' title="bbox 2119 5277 3744 5358">
    <p class='ocr_par' dir='ltr' id='par_1_113' title="bbox 2119 5277 3744 5358">
     <span class='ocr_line' id='line_1_113' title="bbox 2119 5277 3744 5358; baseline -0.007 -17"><span class='ocrx_word' id='word_1_852' title='bbox 2119 5286 2477 5358; x_wconf 82' lang='lat' dir='ltr'>expositione</span> <span class='ocrx_word' id='word_1_853' title='bbox 2516 5287 2688 5357; x_wconf 82' lang='lat' dir='ltr'>juxta</span> <span class='ocrx_word' id='word_1_854' title='bbox 2741 5286 2916 5342; x_wconf 80' lang='lat' dir='ltr'>ﬁdem</span> <span class='ocrx_word' id='word_1_855' title='bbox 2967 5287 3314 5345; x_wconf 87' lang='lat' dir='ltr'>catholicam</span> <span class='ocrx_word' id='word_1_856' title='bbox 3374 5284 3566 5342; x_wconf 92' lang='lat' dir='ltr'>docuit</span> <span class='ocrx_word' id='word_1_857' title='bbox 3607 5277 3744 5336; x_wconf 87' lang='lat' dir='ltr'>solos</span> 
     </span>
    </p>
   </div>
   <div class='ocr_carea' id='block_1_114' title="bbox 2120 5373 3746 5451">
    <p class='ocr_par' dir='ltr' id='par_1_114' title="bbox 2120 5373 3746 5451">
     <span class='ocr_line' id='line_1_114' title="bbox 2120 5373 3746 5451; baseline -0.006 -22"><span class='ocrx_word' id='word_1_858' title='bbox 2120 5374 2321 5431; x_wconf 83' lang='lat' dir='ltr'>ﬁdeles</span> <span class='ocrx_word' id='word_1_859' title='bbox 2353 5391 2479 5431; x_wconf 91' lang='lat' dir='ltr'>esse</span> <span class='ocrx_word' id='word_1_860' title='bbox 2508 5373 2944 5448; x_wconf 89' lang='lat' dir='ltr'>intelligendos,</span> <span class='ocrx_word' id='word_1_861' title='bbox 2978 5376 3097 5432; x_wconf 90' lang='lat' dir='ltr'>sive</span> <span class='ocrx_word' id='word_1_862' title='bbox 3129 5377 3187 5432; x_wconf 91' lang='lat' dir='ltr'>in</span> <span class='ocrx_word' id='word_1_863' title='bbox 3220 5375 3406 5451; x_wconf 88' lang='lat' dir='ltr'>gratia</span> <span class='ocrx_word' id='word_1_864' title='bbox 3434 5380 3746 5447; x_wconf 85' lang='lat' dir='ltr'>permansu-</span> 
     </span>
    </p>
   </div>
   <div class='ocr_carea' id='block_1_115' title="bbox 2119 5461 3743 5532">
    <p class='ocr_par' dir='ltr' id='par_1_115' title="bbox 2119 5461 3743 5532">
     <span class='ocr_line' id='line_1_115' title="bbox 2119 5461 3743 5532; baseline -0.008 -11"><span class='ocrx_word' id='word_1_865' title='bbox 2119 5463 2371 5532; x_wconf 89' lang='lat' dir='ltr'>ros,sive</span> <span class='ocrx_word' id='word_1_866' title='bbox 2404 5464 2474 5520; x_wconf 91' lang='lat' dir='ltr'>ab</span> <span class='ocrx_word' id='word_1_867' title='bbox 2524 5481 2592 5520; x_wconf 91' lang='lat' dir='ltr'>ea</span> <span class='ocrx_word' id='word_1_868' title='bbox 2639 5480 2745 5519; x_wconf 91' lang='lat' dir='ltr'>suo</span> <span class='ocrx_word' id='word_1_869' title='bbox 2790 5463 2930 5521; x_wconf 89' lang='lat' dir='ltr'>vitio</span> <span class='ocrx_word' id='word_1_870' title='bbox 2981 5482 3333 5523; x_wconf 87' lang='lat' dir='ltr'>recessuros.</span> <span class='ocrx_word' id='word_1_871' title='bbox 3369 5464 3508 5520; x_wconf 88' lang='lat' dir='ltr'>Item</span> <span class='ocrx_word' id='word_1_872' title='bbox 3557 5461 3743 5516; x_wconf 88' lang='lat' dir='ltr'>beatus</span> 
     </span>
    </p>
   </div>
   <div class='ocr_carea' id='block_1_116' title="bbox 2121 5542 3738 5625">
    <p class='ocr_par' dir='ltr' id='par_1_116' title="bbox 2121 5542 3738 5625">
     <span class='ocr_line' id='line_1_116' title="bbox 2121 5542 3738 5625; baseline -0.003 -17"><span class='ocrx_word' id='word_1_873' title='bbox 2121 5551 2482 5624; x_wconf 83' lang='lat' dir='ltr'>Augustinus</span> <span class='ocrx_word' id='word_1_874' title='bbox 2513 5551 2780 5623; x_wconf 89' lang='lat' dir='ltr'>aperiens</span> <span class='ocrx_word' id='word_1_875' title='bbox 2812 5553 3026 5625; x_wconf 91' lang='lat' dir='ltr'>populo</span> <span class='ocrx_word' id='word_1_876' title='bbox 3057 5553 3403 5610; x_wconf 85' lang='lat' dir='ltr'>sententiam</span> <span class='ocrx_word' id='word_1_877' title='bbox 3436 5542 3738 5619; x_wconf 68' lang='lat' dir='ltr'>Evangelii!</span> 
     </span>
    </p>
   </div>
   <div class='ocr_carea' id='block_1_117' title="bbox 2123 5630 3741 5711">
    <p class='ocr_par' dir='ltr' id='par_1_117' title="bbox 2123 5630 3741 5711">
     <span class='ocr_line' id='line_1_117' title="bbox 2123 5630 3741 5711; baseline -0.008 -14"><span class='ocrx_word' id='word_1_878' title='bbox 2123 5642 2218 5698; x_wconf 86' lang='lat' dir='ltr'>Vos</span> <span class='ocrx_word' id='word_1_879' title='bbox 2276 5657 2389 5696; x_wconf 90' lang='lat' dir='ltr'>non</span> <span class='ocrx_word' id='word_1_880' title='bbox 2442 5640 2686 5708; x_wconf 84' lang='lat' dir='ltr'>creditis,</span> <span class='ocrx_word' id='word_1_881' title='bbox 2746 5643 2879 5711; x_wconf 88' lang='lat' dir='ltr'>quia</span> <span class='ocrx_word' id='word_1_882' title='bbox 2934 5657 3047 5697; x_wconf 86' lang='lat' dir='ltr'>non</span> <span class='ocrx_word' id='word_1_883' title='bbox 3101 5644 3228 5697; x_wconf 87' lang='lat' dir='ltr'>estis</span> <span class='ocrx_word' id='word_1_884' title='bbox 3274 5656 3342 5696; x_wconf 73' lang='lat' dir='ltr'>ex</span> <span class='ocrx_word' id='word_1_885' title='bbox 3391 5638 3573 5693; x_wconf 85' lang='lat' dir='ltr'>ovibus</span> <span class='ocrx_word' id='word_1_886' title='bbox 3624 5630 3741 5686; x_wconf 84' lang='lat' dir='ltr'>meis</span> 
     </span>
    </p>
   </div>
  </div>
