3956 6160
219 372 361 444 ωδ

223 602 437 658 ovibus
468 603 627 669 meis,
662 600 803 673 quia
830 599 1063 655 videbat
1091 615 1188 655 eos
1210 598 1283 654 ad
1315 597 1737 671 sempiternum
1761 599 1907 654 inte-

222 690 423 747 ritum
448 689 1044 763 praedestinatosmon
1067 689 1137 743 ad
1156 686 1338 743 vitam
1362 693 1637 743 (sternam
1661 688 1786 743 suis
1807 704 1907 742 an-

221 778 440 852 guinis
474 777 666 850 pretio
696 782 1084 848 comparatos.
1117 777 1219 833 His
1242 783 1362 832 tam
1385 776 1557 832 claris
1580 776 1906 832 luminibus

224 866 583 923 doctrinam
614 882 784 922 suam
815 866 1145 939 evangelico
1169 882 1343 922 sensu
1373 866 1786 922 roborantibus
1806 865 1907 937 qui

224 956 509 1012 audeant
536 955 936 1011 contradicere
957 954 1068 1010 nisi
1092 953 1193 1026 qui
1213 955 1566 1009 erubescunt
1591 954 1717 1009 sine
1736 954 1909 1009 lumi-

221 1044 418 1102 nibus
451 1061 737 1118 apparere
758 1043 787 1099 ?
818 1043 891 1099 Ut
922 1060 1060 1116 pace
1088 1048 1287 1098 tamen
1317 1048 1375 1098 et
1403 1043 1724 1099 reverentia
1757 1043 1905 1099 tanti

221 1133 339 1189 viri
381 1135 622 1189 dictum
662 1133 760 1200 sit,
793 1132 951 1188 hunc
986 1131 1341 1188 intellectum
1373 1132 1701 1205 evangelico
1750 1133 1907 1188 fonte

221 1226 594 1277 manantem
609 1237 723 1276 non
736 1219 939 1276 videns
957 1220 1213 1276 Joannes
1229 1219 1906 1293 Constantinopolitanae

221 1310 586 1384 episcopus,
620 1326 753 1365 cum
803 1314 1114 1381 exponeret
1160 1308 1300 1364 illud
1341 1308 1623 1381 Apostoli,
1657 1309 1908 1381 qualiter

221 1398 433 1473 gratia
453 1398 559 1455 Dei
584 1415 687 1470 pro
708 1397 985 1453 omnibus
1007 1397 1326 1471 gustaverit
1346 1403 1627 1453 mortem:
1653 1399 1779 1455 Non
1803 1415 1907 1471 pro

222 1486 529 1544 ﬁdelibus
560 1490 815 1553 tantum,
850 1485 1063 1557 inquit,
1094 1487 1194 1542 sed
1227 1503 1330 1558 pro
1362 1488 1582 1542 mundo
1613 1487 1904 1556 universo;

222 1582 281 1633 et
301 1576 449 1649 ipse
473 1574 717 1647 quidem
731 1591 837 1646 pro
848 1574 1125 1631 omnibus
1141 1580 1409 1632 mortuus
1422 1581 1530 1632 est.
1551 1576 1697 1641 Quid
1709 1581 1907 1632 autem

223 1663 426 1721 sinon
449 1679 663 1719 omnes
683 1663 965 1718 credunt?
984 1661 1084 1718 Ille
1107 1663 1261 1734 quod
1283 1681 1459 1719 suum
1482 1670 1605 1720 erat
1624 1662 1906 1737 implevit.

221 1752 469 1808 Verum
496 1768 605 1807 cur
629 1751 738 1807 hoc
758 1750 1028 1820 senserit,
1055 1749 1216 1808 nullo
1238 1752 1430 1809 divino
1461 1755 1616 1810 190
1644 1755 1907 1810 testimo-

225 1842 331 1898 nio
367 1839 805 1912 comprobavit.
838 1840 999 1904 Quod
1023 1840 1072 1897 si
1096 1841 1230 1913 quis
1251 1841 1602 1898 excellentiae
1633 1842 1908 1899 culminis

223 1931 424 1988 vestri
445 1930 709 1987 ostendit
729 1933 830 1986 aut
850 1930 1169 1986 ostenderit
1191 1931 1274 2003 (α)
1295 1932 1571 1988 Faustum
1590 1934 1907 2004 quemdam

225 2021 300 2077 de
334 2018 448 2075 his
500 2017 673 2091 longe
721 2017 949 2074 diversa
995 2018 1368 2089 scribentem,
1401 2037 1473 2076 ne
1506 2022 1909 2092 acquieveritis

225 2107 471 2165 erranti
497 2124 511 2163 :
532 2107 812 2180 quoniam
838 2108 1003 2163 docet
1017 2109 1090 2179 (b)
1104 2107 1518 2165 Gelasiuscum
1538 2111 1913 2182 septuaginta

224 2196 552 2271 episcopis
565 2195 707 2251 viris
728 2195 1144 2253 eruditissimis
1157 2197 1256 2269 qui
1285 2198 1597 2269 scriptores
1610 2204 1809 2254 essent
1820 2199 1911 2256 vel

227 2304 361 2343 non
399 2289 612 2341 essent
641 2284 957 2356 recipiendi
983 2301 996 2339 :
1031 2290 1297 2343 statuens
1326 2287 1518 2358 primo
1544 2289 1914 2343 commenda-

223 2377 477 2433 tionem
511 2373 826 2446 Augustini
855 2378 912 2430 et
958 2374 1287 2448 singulares
1316 2375 1522 2432 laudes
1553 2377 1909 2450 Hieronymi,

224 2462 569 2522 memorati
618 2462 815 2518 Fausti
863 2461 1080 2534 scripta
1108 2462 1201 2518 his
1249 2464 1442 2520 verbis
1482 2465 1910 2521 exauctoravit:

227 2553 539 2626 Opuscula
591 2553 787 2607 Fausti
841 2553 1098 2621 Regensis
1164 2552 1311 2608 Galli
1360 2556 1691 2626 apocrypha.
1753 2556 1913 2610 Hanc

227 2644 453 2706 ﬁdem,
490 2656 672 2713 quam
704 2640 959 2713 expressi
990 2639 1049 2695 in
1080 2641 1434 2713 supradictis
1467 2643 1910 2714 quaestionibus,

226 2728 849 2788 tenueruntEcclesize
863 2728 1157 2784 catholicae
1171 2730 1541 2786 invictissimi
1557 2732 1911 2789 defensores.

227 2821 417 2877 Hanc
443 2835 557 2891 ego
590 2818 872 2873 minimus
892 2817 1158 2874 omnium
1183 2820 1468 2887 custodio,
1503 2820 1651 2876 hanc
1671 2820 1913 2878 volenti-

228 2909 356 2965 bus
384 2909 618 2979 absque
638 2906 859 2969 invidia
879 2907 1150 2975 ostendo;
1183 2906 1519 2963 nolentibus
1538 2925 1679 2964 mea:
1700 2910 1917 2965 medio—

229 2997 485 3055 critatis
518 2996 788 3052 conscius
812 3012 925 3051 non
958 2996 1174 3067 iugero.
1204 2995 1338 3060 Nec,
1363 3002 1428 3051 ut
1459 2996 1699 3067 quidam
1721 2998 1917 3069 suspi-

229 3086 367 3144 cari
396 3101 464 3141 se
497 3083 801 3152 simulant,
826 3083 1097 3152 inaniter,
1130 3083 1239 3140 hoc
1269 3090 1377 3155 est,
1402 3101 1564 3140 vanae
1584 3085 1778 3158 gloria
1802 3090 1920 3141 stu-

1738 370 2169 440 EPISTOLIE.

222 512 422 583 (Joan.
458 512 525 581 1):
586 508 908 578 Quomodo,
969 508 1071 579 ait,
1122 507 1252 565 istis
1304 507 1467 577 dixit,
1499 525 1611 565 non
1649 512 1775 565 estis
1830 526 1899 565 ea:
1928 514 1982 577 Α

3537 371 3660 437 606

2401 509 2549 565 191
2578 506 2647 580 (e)
2668 507 3017 565 EPISTOLA
3038 504 3265 565 CXXIX.

2592 615 2666 654 AD
2705 615 3078 655 HINCMARUM.

2086 686 2576 743 Reverentissimo
2607 686 2843 759 praesuli
2890 688 3204 746 Hincmaro
3234 689 3430 762 Lupus
3459 704 3664 764 perpe-

2013 778 2179 830 tuam
2211 775 2269 830 in
2302 775 2546 831 Domino
2577 775 2849 832 salutem.

2086 864 2380 919 Scrutanti
2396 864 2537 919 mihi
2552 865 2650 919 diu
2666 865 3037 937 multumque
3050 866 3120 921 de
3132 867 3661 939 praedestinatione,

2014 953 2085 1015 de
2115 969 2231 1024 qua
2259 952 2317 1007 in
2346 970 2506 1025 pace,
2538 953 2599 1008 in
2632 971 2750 1025 qua
2776 954 2961 1009 vocati
2989 971 3197 1010 sumus
3228 972 3263 1010 a
3292 956 3429 1023 Deo,
3463 960 3668 1030 quieri-

2015 1056 2149 1096 mus
2165 1044 2221 1096 et
2242 1040 2655 1108 deliberamus,
2676 1042 2817 1114 quid
2842 1043 3216 1115 probabiliter
3231 1050 3385 1100 esset
3405 1048 3671 1103 sentien-

2015 1129 2179 1196 dum,
2196 1146 2269 1186 ne
2282 1129 2426 1185 illud
2445 1131 2726 1203 Apostoli,
2745 1148 2875 1203 quos
2887 1134 3168 1203 prwscivit
3186 1141 3237 1189 ct
3246 1135 3667 1205 przdestinavit

2015 1220 2168 1284 (Rom
2194 1222 2340 1287 vm),
2399 1225 2630 1292 pateat;
2680 1219 2825 1275 illud
2878 1237 3033 1287 vero,
3084 1237 3214 1278 vasa
3243 1224 3350 1280 irae
3400 1228 3663 1297 perfecta,

2011 1308 2130 1363 sive
2153 1317 2373 1379 parata,
2404 1310 2520 1364 sive
2546 1317 2669 1381 apta
2702 1311 2766 1364 in
2796 1311 3083 1365 interitum
3107 1312 3282 1373 (Rom.
3308 1313 3406 1380 xx);
3440 1318 3497 1368 et
3521 1314 3667 1371 illud

2016 1396 2172 1466 quod
2203 1395 2485 1452 divinitus
2532 1396 2670 1452 alibi
2721 1396 3016 1463 scribitur,
3062 1401 3236 1455 nescit
3273 1401 3429 1458 homo
3480 1411 3665 1460 utrum

2014 1500 2200 1539 amore
2228 1501 2302 1539 an
2331 1486 2452 1541 odio
2482 1485 2683 1555 dignus
2710 1488 2785 1541 sit
2815 1487 3015 1547 (Eccle.
3049 1487 3145 1554 IX),
3178 1488 3454 1562 itemque,
3481 1492 3670 1549 Consi-

2014 1573 2145 1629 dera
2168 1590 2330 1644 opera
2358 1576 2473 1640 Dei,
2507 1575 2647 1646 quod
2692 1590 2852 1631 nemo
2876 1578 3045 1647 possit
3081 1579 3361 1647 corrigere
3389 1596 3546 1652 quem
3573 1582 3671 1638 ille

2014 1661 2319 1733 despexerit
2368 1664 2553 1730 (Eccti.
2586 1666 2708 1731 v11),
2740 1668 2799 1720 et
2828 1663 3046 1720 similia
3098 1665 3320 1738 passim
3365 1667 3424 1723 in
3457 1669 3669 1726 divinis

2016 1756 2245 1822 reperta
2275 1750 2544 1823 eloquiis,
2573 1752 2818 1825 dignum
2850 1770 2965 1808 non
2992 1752 3248 1810 habeant
3275 1758 3515 1825 exitum,
3547 1756 3672 1814 haec

2013 1838 2320 1896 verissima
2348 1840 2580 1896 videtur
2609 1841 2917 1909 sententia,
2952 1846 3019 1897 ut
3048 1845 3483 1914 praedestinatio
3510 1846 3586 1903 sit
3612 1847 3672 1903 in

2018 1928 2385 1999 bonis,juxta
2400 1928 2759 1985 intellectum
2782 1931 3111 1987 doctissimi
3132 1934 3673 2008 Augustini,gratim

2017 2017 2382 2089 praeparatio,
2402 2018 2830 2090 praedestinatio
2852 2024 3048 2076 autem
3063 2020 3121 2076 in
3138 2020 3329 2090 malis,
3345 2023 3672 2081 secundum

2018 2110 2281 2160 nostram
2313 2107 2715 2177 capacitatem,
2748 2108 2947 2180 gratiae
2975 2110 3316 2166 subtractio.
3349 2110 3428 2167 De
3453 2112 3672 2184 quibus

2016 2192 2171 2250 idem
2195 2194 2562 2251 certissimus
2583 2200 2786 2251 auctor
2807 2196 2887 2252 ita
2908 2196 3139 2253 scribit:
3165 2198 3387 2262 Quibus
3408 2216 3525 2256 non
3548 2201 3675 2257 vult

2019 2282 2327 2339 subvenire
2356 2300 2472 2339 non
2495 2285 2781 2351 subvenit,
2814 2286 2886 2340 de
2917 2285 3134 2358 quibus
3162 2287 3220 2341 in
3253 2304 3361 2343 sua
3378 2288 3675 2360 prmdesti-

2021 2372 2255 2428 natione
2304 2372 2461 2427 aliud
2502 2373 2812 2444 judicavit,
2864 2374 2945 2429 ita
2974 2380 3169 2430 tamen
3200 2380 3266 2431 ut
3304 2376 3364 2431 in
3409 2377 3676 2450 utrisque

2020 2465 2245 2516 creator
2265 2461 2640 2533 aequissimus
2658 2463 3007 2527 inveniatur,
3032 2464 3174 2518 dum
3198 2470 3257 2520 et
3286 2464 3402 2520 illis
3424 2466 3675 2539 gratiam

2023 2549 2424 2605 misericordia
2452 2550 2809 2623 impertitur,
2851 2556 2909 2607 et
2939 2552 3070 2608 istis
3101 2554 3368 2609 eamdem
3400 2555 3674 2626 gratiam,

2022 2655 2361 2709 quanquam
2375 2639 2801 2710 occulto,justo
2815 2645 3010 2696 tamen
3027 2642 3251 2712 judicio
3275 2659 3389 2699 non
3408 2642 3674 2716 largitur.

2026 2727 2289 2798 Dumque
2306 2728 2365 2782 in
2386 2728 2568 2782 Adam
2596 2744 2800 2784 omnes
2821 2730 2964 2785 recti
2985 2730 3161 2784 creati
3184 2747 3415 2798 sumus,
3435 2738 3492 2787 et
3508 2732 3679 2788 liber-

2021 2818 2200 2869 tatem
2215 2815 2439 2870 arbitrii
2453 2817 2673 2888 absque
2686 2816 2865 2872 ullius
2883 2817 3246 2873 difﬁcultatis
3257 2818 3677 2891 impedimento

2023 2906 2080 2957 et
2096 2901 2559 2974 interpellatione
2583 2904 2938 2975 accepimus,
2960 2908 3168 2975 sponte
3181 2910 3378 2960 autem
3402 2913 3678 2978 peccante

2021 2990 2231 3059 Adam,
2262 2993 2323 3045 in
2352 3007 2476 3063 quo,
2508 2996 2573 3047 ut
2600 2991 2914 3063 Apostolus
2945 2992 3114 3048 testis
3144 2997 3252 3060 est,
3284 3009 3469 3050 omnes
3496 3012 3680 3068 pecca-

2022 3088 2218 3135 verunt
2265 3080 2436 3141 (Rom.
2468 3082 2544 3148 v),
2598 3096 2821 3147 omnes,
2855 3097 2922 3136 ex
2965 3097 3031 3136 eo
3090 3076 3374 3138 duntaxat
3430 3089 3679 3157 utroque

230 3176 344 3231 dio
365 3172 552 3245 cupio
576 3173 958 3237 innotescere,
980 3188 1115 3227 cum
1133 3175 1349 3229 terreat
1362 3189 1453 3229 me
1474 3172 1798 3245 plurimum
1818 3173 1919 3229 illa
2026 3169 2180 3225 192
2202 3186 2340 3224 sexu
2366 3169 2675 3242 progeniti,
2712 3168 3065 3226 conditionis
3095 3169 3439 3242 dignitatem
3475 3173 3678 3229 amisi-

232 3265 313 3321 de
351 3260 590 3319 Scribis
620 3265 677 3317 et
708 3259 1013 3317 Pharisaais
1061 3260 1293 3316 Domini
1342 3261 1666 3318 sententia:
1719 3264 1917 3319 Omnia
1945 3246 1988 3313 C
2026 3273 2182 3326 mus,
2210 3262 2268 3312 et
2289 3273 2522 3329 pmnam
2544 3257 2785 3328 peccati,
2813 3256 2922 3313 hoc
2938 3262 3027 3314 est
3042 3258 3601 3332 concupiscentiam,
3622 3265 3681 3318 et

232 3367 426 3425 opera
450 3365 558 3406 sua
584 3351 802 3421 faciunt
827 3357 885 3404 ut
924 3349 1215 3405 videantur
1239 3350 1307 3403 ab
1348 3350 1661 3405 hominibus
1710 3350 1917 3417 (Matth.
2030 3352 2299 3413 mortem,
2332 3364 2446 3402 non
2477 3346 2686 3402 animae
2732 3345 2945 3415 solum,
2978 3362 3181 3402 verum
3213 3346 3387 3404 etiam
3420 3349 3679 3423 corporis

233 3441 468 3507 xxxix);
501 3442 560 3494 et
589 3438 659 3493 de
687 3436 1033 3510 bypocritis:
1064 3443 1231 3493 Amen
1264 3438 1382 3494 dico
1411 3439 1577 3507 vobis,
1608 3447 1923 3511 receperunt
2030 3434 2236 3490 merito
2294 3438 2518 3491 nostro.
2542 3434 2923 3491 incurrimus.
2985 3435 3131 3491 Hinc
3161 3441 3250 3492 cst
3297 3439 3453 3510 quod
3484 3438 3679 3511 qualis

233 3528 563 3587 mercedem
593 3543 752 3583 suam
781 3527 985 3595 (Matth.
1018 3530 1117 3595 v1).
1153 3527 1264 3583 Sed
1308 3528 1632 3584 asserenda:
1665 3528 1921 3585 veritatis
2027 3525 2212 3579 Adam
2242 3543 2275 3580 a
2306 3525 2421 3581 Deo
2444 3528 2673 3581 creatus
2694 3529 2783 3580 est
2813 3541 2929 3580 non
2953 3523 3273 3591 nascimur,
3296 3526 3398 3581 sed
3428 3527 3682 3599 origina-

238 3616 485 3675 intuitu
506 3615 659 3688 quod
681 3615 741 3670 in
763 3614 974 3671 divinis
990 3614 1440 3672 auctoritatibus
1456 3633 1774 3689 earumque
1795 3634 1925 3674 sen-
2030 3611 2162 3667 liter
2192 3617 2546 3685 peccatores,
2594 3612 2974 3685 damnatique
3018 3630 3189 3684 poma
3218 3614 3441 3685 peccati
3466 3631 3480 3670 :
3532 3632 3683 3687 quo-

237 3723 395 3765 sum
428 3704 816 3776 sequentibus
848 3702 1405 3775 praecellentissimis
1434 3706 1773 3761 auctoribus
1805 3707 1920 3763 Deo
2030 3718 2159 3756 rum
2193 3701 2439 3758 alterum
2469 3701 2600 3756 fecit
2631 3706 2953 3774 spontanee.
2973 3700 3147 3775 culpa
3168 3701 3351 3757 nostri
3372 3703 3547 3776 primi
3578 3722 3679 3777 pa-

236 3794 595 3869 inspirante
624 3792 982 3865 deprehendi
1014 3792 1411 3865 quaerentibus
1438 3793 1660 3865 absque
1689 3799 1923 3851 conten-

240 3887 422 3943 tione
441 3881 779 3938 manifesto.
799 3880 1017 3937 Vestra:
1035 3880 1215 3953 igitur
1231 3880 1651 3952 opinatissimaa
1668 3885 1923 3954 pruden-

237 3974 341 4029 tiae
378 3970 431 4027 si
459 3972 590 4043 jam
622 3968 993 4026 satisfactum
1023 3974 1131 4039 est,
1166 3970 1411 4043 gaudeo.
1437 3969 1567 4026 Sint
1591 3976 1806 4039 autem,
1830 3971 1919 4028 vel

238 4076 438 4128 nunc,
472 4058 565 4115 vel
595 4074 730 4114 cum
760 4062 911 4114 Deus
942 4062 1140 4113 noster
1166 4061 1424 4131 optatam
1454 4058 1622 4114 vobis
1662 4059 1920 4131 quietem

239 4148 600 4217 contulerit,
630 4151 868 4221 propter
888 4146 1004 4204 alia
1036 4147 1210 4204 etiam
1245 4148 1475 4220 negotia
1505 4147 1917 4218 ecclesiastica,

240 4237 520 4298 evocatis
539 4238 614 4294 ad
635 4240 984 4294 conventum
1016 4237 1372 4293 doctioribus
1403 4236 1755 4309 quibusque,
1798 4254 1920 4294 rec-

240 4335 413 4395 tene,
438 4342 817 4399 perperamve
838 4324 1110 4392 sentiam,
1135 4323 1408 4380 subtilior
1429 4322 1687 4398 plurium
1714 4330 1922 4383 tracta-

242 4418 349 4476 lus
391 4415 610 4489 poterit
649 4414 925 4470 invenire.
954 4415 1049 4470 Sic
1080 4414 1232 4469 Deus
1263 4431 1384 4483 vos,
1410 4419 1545 4488 opto
1577 4420 1634 4471 et
1663 4432 1783 4483 oro,
1816 4415 1918 4471 diu

244 4505 625 4577 feliciterque
646 4503 818 4560 faciat
844 4519 1106 4577 regnare,
1130 4507 1195 4559 ut
1217 4520 1415 4560 secum
1432 4521 1534 4561 vos
1555 4505 1615 4560 in
1637 4509 1916 4561 internum

242 4608 510 4668 regnare
539 4592 841 4649 concedat.

251 4843 409 4972 11ξι)
441 4843 706 4898 Faustum
751 4840 1056 4915 quemdam.
1108 4840 1254 4896 Vide
1286 4843 1454 4896 notas
1484 4841 1554 4896 ad
1605 4840 1915 4914 epistolam

327 4984 406 5055 (b)
441 4983 683 5039 Gelasius
692 4999 819 5055 cum
832 4984 1190 5055 septuaginta.
1210 4982 1491 5055 Eamdem
1508 4983 1913 5055 auctoritatem

246 5053 472 5126 iisdem
496 5054 679 5110 ferme
706 5053 899 5126 verbis
922 5055 1137 5126 profert
1154 5053 1259 5126 hic
1278 5059 1477 5126 noster
1499 5054 1697 5126 Lupus
1719 5055 1776 5109 in
1799 5056 1915 5111 ﬁne

249 5125 608 5181 Collectanei
633 5126 706 5182 de
734 5124 936 5180 tribus
952 5124 1401 5188 Quaestionibus.
1433 5124 1912 5182 Sane—decretum

251 5197 367 5254 hoc
394 5195 659 5270 deglibris
678 5195 977 5270 canonicis
992 5200 1055 5270 et
1074 5196 1422 5270 apocryphis
1443 5196 1723 5270 tribuitur
1740 5196 1911 5270 vulgo

295 5285 422 5341 apte
455 5267 708 5341 Gelasio.
731 5268 1003 5341 In__veteri
1027 5267 1220 5341 tamen
1244 5267 1574 5341 codicems.
1609 5267 1910 5341 cathedra-

295 5285 422 5341 apa:
455 5285 708 5323 uelaslo.
731 5285 793 5322 1n
826 5285 1003 5323 veteri
1027 5285 1220 5323 tamen
1244 5285 1441 5323 COOICB
1464 5285 1574 5322 ms.
1609 5285 1910 5323 cathedra-

250 5285 329 5396 ἓξ
359 5337 620 5411 ecclesia:
653 5337 1026 5411 Urgellensis,
1061 5338 1119 5393 in
1153 5355 1267 5411 quo
1307 5339 1641 5411 continetur
1686 5338 1915 5395 sincera

254 5409 468 5467 Isidori
493 5408 774 5476 collectio,
798 5409 954 5464 idem
976 5408 1273 5466 decretum
1291 5410 1573 5465 tribuitur
1592 5410 1911 5466 Hormisda:

254 5481 835 5553 pontificigRomano,
857 5480 956 5553 qui
979 5497 1095 5536 non
1126 5480 1312 5553 multo
1328 5479 1784 5553 posthelasium
1808 5482 1909 5536 ﬂo-

254 5551 395 5608 ruit.
428 5551 539 5606 Sed
575 5556 633 5606 et
657 5551 794 5607 olim
826 5551 1107 5607 beneficio
1128 5551 1353 5608 clariss.
1377 5551 1485 5605 viri
1517 5552 1714 5606 domni
1748 5553 1909 5607 Lucae

251 5621 549 5687 Dacherii,
583 5622 853 5681 monachi
887 5622 1265 5691 Benedictini,
1296 5622 1413 5678 vidi
1442 5622 1907 5680 vetustissimum

254 5696 519 5750 codicem
532 5710 647 5751 ms.
664 5693 1027 5752 Collectionis
1044 5694 1410 5768 Dionysianze
1423 5693 1482 5750 in
1497 5710 1611 5765 quo
1623 5693 1908 5767 scriptum

2029 3789 2233 3857 rentis,
2265 3790 2516 3847 alterum
2546 3788 2781 3863 culpam
2804 3788 3058 3863 puniens
3080 3790 3385 3847 tremenda
3405 3791 3681 3850 severitas

2019 3878 2340 3950 justissimi
2379 3879 2620 3951 judicis.
2663 3879 2807 3934 Cum
2836 3895 2973 3950 ergo
3031 3880 3423 3936 communiter
3477 3898 3682 3939 omnes

2028 3969 2291 4023 damnati
2318 3969 2505 4023 simus
2530 3969 2699 4038 cujus
2728 3972 2995 4023 nostrum
3016 3968 3139 4023 vult
3164 3968 3320 4024 Deus
3348 3968 3680 4039 miseretur,

2028 4061 2086 4112 et
2116 4074 2290 4130 quem
2335 4057 2460 4112 vult
2508 4056 2765 4124 indurat,
2815 4056 2924 4112 hoc
2955 4061 3064 4125 est,
3106 4056 3166 4111 in
3194 4057 3433 4129 propria
3463 4058 3681 4114 duritia

2028 4145 2396 4219 derelinquit.
2415 4145 2722 4201 Miseretur
2734 4160 2949 4217 magna
2965 4143 3241 4210 bonitate,
3264 4144 3499 4201 indurat
3518 4146 3682 4203 nulla

2028 4233 2355 4306 iniquitate.
2389 4235 2483 4289 Sic
2516 4234 2712 4305 itaque
2727 4232 2836 4289 hos
2856 4250 3005 4304 quos
3026 4232 3263 4288 indurat
3280 4234 3676 4305 praedestinat,

2028 4339 2144 4377 non
2172 4323 2242 4378 ad
2277 4321 2631 4395 supplicium
2655 4320 3029 4394 impellendo,
3065 4322 3167 4377 sed
3199 4338 3231 4377 a
3263 4326 3496 4393 peccato
3519 4325 3677 4393 quod

2029 4417 2285 4468 meretur
2295 4410 2652 4485 supplicium
2666 4427 2781 4465 non
2794 4409 3164 4478 retrahendo;
3180 4410 3676 4482 quemadmodum

2028 4501 2327 4558 induravit
2356 4518 2454 4557 cor
2486 4500 2827 4569 Pharaonis,
2873 4516 2989 4555 non
3022 4499 3092 4555 ad
3126 4497 3357 4571 culpam
3392 4501 3674 4573 urgendo,

1948 4614 1995 4679 Β
2028 4591 2131 4645 sed
2178 4589 2365 4662 gratia
2412 4588 2738 4679 emollitum
2771 4606 2806 4679 a
2835 4587 3010 4679 culpa
3039 4604 3156 4679 npn
3206 4589 3548 4679 revocando.
3583 4590 3679 4646 Sic

2025 4683 2179 4735 recte
2213 4695 2531 4751 possumus
2555 4678 2764 4747 dicere,
2788 4676 2985 4731 induci
3009 4693 3044 4732 a
3072 4676 3188 4732 Deo
3210 4677 3269 4732 in
3298 4677 3678 4754 tentationem

2025 4844 2148 4896 erat
2168 4839 2465 4894 decretum
2488 4835 2598 4891 hoc
2619 4835 2919 4908 aDamaso
2941 4852 3114 4908 papa,
3138 4836 3237 4891 diu
3256 4835 3522 4894 videlicet
3541 4842 3677 4896 ante

2024 4909 2236 4967 Gelasii
2267 4912 2550 4979 tempora,
2588 4905 2809 4979 editum
2834 4905 3040 4979 fuisse:
3070 4906 3233 4963 Unde
3256 4908 3525 4965 fortassis
3548 4909 3676 4966 elici

2065 4981 2209 5060 ossit
2237 4977 2579 5060 Damasium
2607 4977 2864 5060 primum
2886 4977 3241 5060 omniumhd‘e
3268 4979 3676 5060 hujuscemodi

2050 5052 2190 5109 ibris
2204 5049 2434 5123 publice
2451 5049 3424 5123 statuisse,_deindeveroGelas‘um
3440 5053 3673 5107 Damasi

2025 5120 2323 5194 decretum
2347 5137 2674 5194 renovasse,
2707 5120 2970 5194 illudque
2996 5122 3229 5194 auxisse
3260 5124 3462 5178 eorum
3483 5128 3676 5194 aucto-

2025 5213 2152 5251 rum
2166 5192 2507 5249 nominibus
2518 5193 2617 5264 qui
2637 5196 2771 5264 post
2788 5192 3105 5264 Damasum
3118 5193 3327 5250 vixere.
3344 5193 3503 5264 Quod
3519 5192 3671 5246 idem

2023 5268 2093 5323 de
2120 5264 2431 5321 Hormisda
2465 5262 2698 5335 quoque
2720 5263 2832 5318 dici
2859 5268 3069 5336 potest.
3104 5265 3251 5336 Vide
3275 5262 3668 5336 clarissimum

2020 5332 2525 5409 virumArJoannem
2560 5332 3203 5409 Pearsongepiscopum
3228 5335 3586 5400 Carrensem,
3609 5332 3671 5389 in

2018 5407 2291 5465 vindiciis
2321 5405 2700 5479 epistolarum
2733 5406 2791 5479 S.
2827 5405 3054 5478 Ignatii.

2091 5484 2166 5548 (ο)
2194 5474 2691 5551 Hanc-epistolam
2712 5474 3087 5549 clarfpraases
3109 5474 3460 5551 Mauguinus
3478 5475 3671 5551 existi-

2020 5544 2155 5626 mat
2175 5567 2209 5605 a
2240 5551 2397 5626 Lupo
2419 5544 2707 5626 scriptam
2743 5544 2895 5626 annuo
2917 5550 3039 5626 8_49_,
3075 5547 3161 5626 ad_
3180 5544 3667 5626 consultationem

2020 5617 2345 5689 Hincmari,
2364 5622 2464 5692 qui
2489 5617 2812 5692 Ratramni,
2836 5617 3198 5692 Corbeiensis
3223 5617 3514 5692 monachi,
3540 5636 3670 5676 cen-

2020 5710 2218 5752 suram
2254 5686 2486 5766 passus,
2520 5689 2865 5747 sententiam
2898 5686 3040 5761 Lupi
3073 5687 3465 5760 exquisiverit.
