3956 6160
297 422 414 489 607

1282 425 1354 485 B.
1401 422 1466 486 S.
1514 423 1693 487 LUPI
1735 423 2071 490 ABBATIB
2115 422 2713 486 FERRARIENSIS.

3585 424 3727 507 οὖοῆ

298 558 402 630 qui
432 571 549 612 non
578 553 988 624 exaudiuntur,
1020 558 1284 614 orantes:
1322 561 1386 615 Et
1415 575 1482 614 ne
1507 575 1610 615 nos
1638 557 1863 616 inducas
1884 560 1944 615 in
1972 558 2029 630 Α
2058 558 2212 632 quod
2245 555 2436 631 elegit,
2461 560 2525 613 ut
2544 556 2616 613 de
2645 552 2801 613 malo
2820 554 2967 612 bene
2984 557 3262 629 operante
3290 553 3407 613 Deo
3426 553 3709 616 claresce-

299 648 683 712 tentatione-m;
706 663 821 701 non
854 647 1008 718 quod
1032 646 1155 719 ipse
1176 648 1414 703 inducat
1433 648 1491 703 in
1513 647 1802 704 malorum
1828 654 1949 705 ten-

297 736 599 802 tationem,
653 736 808 806 quod
856 734 1074 806 utique,
1128 739 1193 791 ut
1221 736 1358 792 alibi
1398 738 1659 804 docetur,
1712 740 1947 794 inte-nta-

296 833 381 881 tor
402 826 675 879 malorum
703 831 782 877 est
810 824 939 894 (Jac.
975 825 1034 895 1),
1078 824 1178 879 sed
1224 827 1477 897 quodam
1511 826 1820 882 locutionis
1847 844 1945 900 ge-

297 930 434 969 nere
465 914 737 968 inducere
768 911 982 966 dicitur
1012 930 1146 968 cum
1183 913 1409 985 judicio
1436 916 1697 972 desertos
1728 916 1947 987 patitur

295 1002 354 1057 in
392 999 767 1057 tentationem
804 1000 1021 1067 induci,
1047 1018 1195 1073 quos
1213 1018 1246 1056 a
1270 1002 1585 1058 tentatione
1611 1003 1799 1075 gratia
1828 1021 1943 1060 non

293 1091 507 1149 educit.
543 1091 721 1144 Nemo
752 1094 947 1143 tamen
972 1091 1242 1161 opinetur
1272 1092 1564 1162 autjustis
1585 1097 1687 1148 aut
1707 1093 1944 1164 injustis

292 1179 555 1252 reprobis
586 1178 1115 1251 praedestinationis
1137 1180 1375 1235 veritate
1416 1181 1651 1237 fatalem
1698 1182 1946 1238 necessi-

292 1272 473 1324 tatem
505 1266 727 1336 induci,
753 1284 886 1322 cum
910 1266 967 1321 in
994 1268 1259 1339 utrisque
1281 1269 1673 1340 suspicionem
1698 1272 1943 1327 necessi-

293 1358 426 1413 tatis
476 1356 718 1412 libertas
766 1356 1034 1412 excludat
1062 1355 1397 1413 voluntatis.
1442 1358 1742 1431 Siquidem
1774 1360 1939 1415 electi

291 1445 644 1517 accipientes
668 1462 701 1500 a
722 1446 837 1500 Deo
861 1448 917 1499 et
944 1443 1089 1500 velle
1112 1450 1169 1500 et
1193 1447 1467 1517 perﬁcere
1493 1447 1739 1504 libenter
1759 1454 1941 1522 agunt

292 1535 448 1593 unde
461 1533 775 1604 sempitern
788 1552 815 1586 υ
831 1551 880 1586 2n
900 1533 1204 1605 praemium
1218 1540 1673 1608 consequantur;
1689 1538 1941 1610 perversi

291 1628 487 1680 autem
520 1622 731 1677 deserti
756 1622 827 1676 ab
870 1623 1072 1677 eodem
1099 1622 1235 1690 Deo,
1270 1641 1386 1680 non
1419 1624 1604 1692 inviti,
1629 1627 1729 1682 sed
1753 1627 1940 1700 etipsi

289 1711 537 1768 libenter
566 1714 749 1783 agunt
778 1711 932 1766 unde
962 1711 1021 1765 in
1053 1715 1332 1768 aeternum
1365 1713 1569 1770 merito
1597 1715 1939 1788 puniantur.

291 1803 445 1858 ιω
477 1798 612 1864 Quis
644 1815 778 1855 vero
828 1799 961 1869 nisi,
1015 1805 1080 1855 ut
1112 1800 1313 1858 mitius
1344 1802 1568 1874 loquar,
1604 1805 1810 1861 tardus
1841 1806 1936 1874 sit,

288 1888 369 1945 ibi
393 1892 617 1945 asserat
636 1888 1040 1944 necessitatem
1065 1888 1163 1945 ubi
1183 1890 1373 1948 videat
1404 1909 1643 1965 regnare
1674 1893 1938 1950 volunta-

287 1983 407 2035 tem
457 1977 545 2033 vel
580 1978 843 2049 adjutam
874 1977 1276 2035 misericordia
1304 1980 1392 2036 vel
1425 1981 1715 2038 desertam
1747 1983 1941 2041 divino

280 2065 507 2139 judicio
531 2066 557 2121 ‘2
588 2067 880 2122 Bonorum
904 2084 1040 2141 ergo
1061 2067 1419 2125 voluntatem
1451 2070 1537 2126 sic
1566 2071 1763 2128 divina
1790 2089 1945 2129 com-

289 2157 571 2214 mendant
599 2155 834 2227 eloquia
859 2172 872 2209 :
908 2159 1104 2213 Beatus
1126 2160 1212 2213 vir
1239 2160 1338 2230 qui
1365 2161 1519 2216 timet
1544 2162 1853 2231 Dominum,
1882 2166 1942 2218 in

284 2246 565 2302 mandatis
584 2246 702 2318 ejus
746 2245 883 2300 volet
908 2248 1076 2302 nimis
1101 2248 1273 2317 (Psal.
1309 2248 1413 2319 In).
1449 2249 1623 2305 Porro
1651 2250 1941 2308 malorum

284 2335 644 2392 voluntatem
692 2333 870 2389 talem
922 2334 1266 2392 insinuant:
1318 2337 1505 2393 Noluit
1553 2340 1856 2408 intelligere
1883 2358 1945 2407 ut

286 2423 417 2479 bene
445 2430 646 2491 ageret,
704 2423 1052 2494 iniquitatem
1098 2424 1387 2479 meditatus
1416 2433 1492 2481 est
1536 2428 1598 2480 in
1624 2427 1781 2484 corde
1808 2445 1937 2486 suo:

284 2513 465 2573 astitit
494 2512 646 2567 omni
673 2511 783 2567 viae
811 2527 921 2566 non
952 2511 1127 2581 bonae,
1158 2514 1435 2569 malitiam
1462 2523 1643 2571 autem
1672 2532 1778 2572 non
1816 2520 1937 2575 odi-

283 2602 363 2657 vil
395 2599 566 2671 (Psal.
598 2602 785 2668 xxxv).
822 2599 1151 2656 Permissus
1195 2605 1285 2657 est
1315 2618 1450 2674 ergo
1480 2602 1738 2673 injustus
1767 2622 1938 2679 agere

380 2745 433 2812 a)
464 2741 725 2823 Pardulo.
768 2741 1051 2867 Episcopo
1081 2743 1471 2800 Laudunensi.

380 2816 431 2867 bl
465 2813 593 2867 Haec
624 2817 809 2867 emsto
837 2830 870 2867 a
890 2817 1106 2867 scrmta
1128 2814 1237 2867 fuit
1258 2832 1290 2867 a
1311 2816 1468 2867 Lnno

380 2816 431 2888 b)
465 2813 605 2888 Haec
624 2813 870 2888 epistola
890 2813 1106 2888 scripta
1128 2814 1237 2869 fuit
1252 2832 1290 2888 pa
1311 2816 1468 2888 Lupo
1491 2817 1726 2874 nomine
1746 2818 1936 2875 Weni-

282 2884 456 2963 lonis,
476 2884 912 2963 archiepiscopi
945 2884 1298 2963 Se’nonensis
1327 2884 1931 2963 efsufl’raganeorum

281 2958 432 3028 ejus.
469 2957 752 3033 Caetepum
783 2973 912 3033 eam
955 2973 1070 3033 non
1103 2959 1548 3033 ess_e__int_egram
1581 2957 1739 3033 patet
1767 2980 1835 3017 ex
1865 2980 1935 3019 ea

281 3026 462 3111 quam
494 3027 566 3109 ad
599 3026 727 3111 illos
759 3028 1166 3111 scripsit‘papa
1194 3026 1486 3111 Nicola'us,
1516 3026 1649 3111 quae
1681 3033 1933 3111 solaris-

281 3098 433 3175 simo
462 3098 583 3154 viro
601 3099 839 3175 Joanne
871 3098 1161 3175 Cordesio,
1206 3098 1483 3175 canonico
1516 3098 1930 3175 Eemovicensi,

280 3171 537 3252 primum
551 3170 875 3252 edita‘estin
894 3172 1211 3252 appendice
1224 3170 1927 3252 epistolarumHincmari,

280 3242 415 3298 dein
465 3259 598 3297 vero
626 3258 659 3296 a
689 3242 755 3296 Β.
791 3242 850 3296 Ρ.
898 3242 1207 3298 Sirmondo
1238 3242 1296 3298 in
1347 3249 1489 3300 tom.
1524 3246 1599 3301 IIl
1648 3242 1928 3303 Concilio-3

1971 1936 2021 2003 B

2057 652 2145 704 ret
2164 647 2305 720 quid
2328 662 2457 702 esse
2477 644 2628 701 inter
2663 644 3010 701 servientem
3031 643 3084 701 ei
3111 649 3169 700 et
3197 662 3313 701 non
3334 646 3708 719 servientem,

2056 742 2115 793 et
2143 735 2347 794 salvati
2381 738 2631 807 quantas
2653 733 2866 790 habere
2888 737 2944 790 et
2965 750 3134 806 agere
3155 734 3433 791 deberent
3450 735 3567 807 ipsi
3594 737 3713 793 Deo

2054 826 2274 897 gratias
2294 827 2697 897 agnoscerent,
2713 822 2853 878 dum
2867 822 3133 878 eamdem
3156 821 3441 879 habentes
3461 824 3715 881 damna-

2054 913 2231 968 tionis
2244 912 2573 977 causam,in
2596 912 2707 967 isto
2724 910 3047 984 aspicerent
3065 911 3221 982 quod
3235 909 3569 968 liberatoris
3581 929 3713 985 gra-

2052 1002 2135 1058 tia
2161 1001 2505 1058 evasissent.
2539 1002 2668 1055 Haec
2700 1000 2942 1056 assertio
2975 998 3291 1057 voluntatis
3321 1018 3394 1056 ne
3422 1001 3481 1055 in
3503 1018 3719 1057 recens

2053 1091 2289 1162 quidem
2312 1090 2465 1145 natis
2485 1089 2677 1145 locum
2701 1105 2815 1144 non
2833 1088 3026 1144 habet.
3043 1089 3188 1144 Nam
3201 1094 3305 1144 aut
3324 1095 3607 1162 percepta
3622 1091 3720 1146 ba-

2049 1179 2344 1251 ptismatis
2361 1178 2547 1252 gratia
2559 1177 2608 1234 si
2621 1178 2926 1247 decedunt,
2946 1176 3243 1233 voluntate
3259 1178 3358 1234 Dei
3379 1178 3716 1248 salvantur,

2051 1270 2367 1325 auteadem
2379 1269 2569 1340 gratia
2580 1269 2630 1339 ej
2640 1267 2950 1323 usdemDei
2955 1267 3722 1339 judiciofraudati,beeredi-

2049 1358 2181 1413 tarii
2202 1357 2421 1431 peccati
2436 1356 2638 1413 merito
2657 1361 2901 1429 paterna
2912 1356 3209 1412 commissi
3223 1356 3524 1413 voluntate
3542 1358 3720 1414 dam-

2051 1451 2285 1502 nantur.
2311 1448 2429 1519 Ego
2449 1446 2605 1518 quod
2618 1446 2804 1502 sentio
2818 1444 3165 1518 simpliciter
3174 1444 3338 1500 vobis
3352 1447 3586 1518 aperui.
3602 1447 3720 1503 Vos

2046 1536 2329 1606 vicissim,
2353 1535 2402 1591 si
2433 1536 2492 1590 in
2521 1534 2716 1607 aliquo
2738 1534 2951 1590 diversi
2972 1535 3133 1603 estis,
3160 1552 3232 1591 ne
3260 1535 3598 1606 gravemini
3630 1552 3719 1593 re-

2049 1642 2263 1681 serare.
2284 1623 2484 1682 Simile
2505 1629 2562 1681 et
2582 1625 2657 1697 (ιι)
2682 1621 2931 1680 Pardulo
2952 1627 3150 1680 nostro
3173 1623 3375 1681 direxi.
3401 1623 3599 1698 Cupio
3621 1642 3723 1681 vos

2047 1714 2238 1772 valere
2269 1714 2533 1786 feliciter,

2440 1850 2594 1904 194
2627 1847 2971 1903 EPISTOLA
2996 1846 3179 1903 CXXX
3212 1849 3308 1926 (δ).

2543 1954 2615 1992 AD
2657 1952 2948 1991 NICOLAUM
2990 1953 3199 1992 PAPAM.

2184 2073 2269 2127 Ea:
2292 2080 2449 2143 parte
2492 2070 2811 2127 Gueniloni:
2840 2078 2892 2126 et
2932 2071 3408 2143 suﬂraganeorum
3430 2071 3589 2143 ejus.

2122 2161 2506 2235 Suggerimus
2538 2159 3026 2217 mansuetissimus
3056 2160 3392 2232 paternitati
3411 2164 3634 2219 vestra
3662 2161 3722 2222 in

2050 2256 2253 2308 nostra
2274 2249 2344 2311 (ο)
2365 2248 2619 2317 dioecesi,
2634 2248 2693 2304 in
2710 2248 2922 2321 oppido
2936 2247 3090 2321 quod
3116 2248 3447 2305 Nevernum
3469 2250 3718 2319 dicitur,

2048 2356 2178 2397 esse
2207 2339 2523 2411 quemdam
2551 2336 2867 2410 episcopali
2898 2337 3088 2394 ofﬁcio
3116 2337 3431 2409 praeditum
3466 2340 3720 2399 nomine

2049 2430 2115 2485 H.
2151 2428 2250 2501 qui
2283 2428 2617 2500 frequenter
2659 2425 3016 2494 admonitus,
3049 2430 3107 2481 et
3137 2426 3237 2481 diu
3267 2431 3627 2499 expectatus
3656 2434 3720 2487 ut

2048 2515 2443 2588 revalesceret,
2492 2514 2736 2587 implere
2784 2530 2901 2571 non
2949 2513 3169 2570 sufﬁcit
3207 2514 3405 2587 ipsum
3437 2517 3715 2577 ofﬁcium

2046 2610 2241 2664 mente
2254 2623 2370 2662 non
2386 2604 2633 2678 integra.
2648 2604 2873 2661 Dicitur
2884 2608 3078 2661 autem
3091 2603 3165 2676 (ά)
3181 2602 3546 2663 Melchiades
3559 2625 3720 2682 papa

2044 2748 2346 2803 occasione
2376 2745 2552 2804 statui
2602 2762 2778 2819 posse
2816 2744 3115 2819 intellexit.
3149 2746 3336 2819 Atque
3369 2749 3438 2801 ut
3469 2749 3714 2807 cautius

2043 2824 2257 2893 ageret,
2290 2835 2419 2874 eam
2443 2816 2681 2893 causam
2715 2817 2786 2893 ad
2820 2834 2880 2872 sc
2912 2817 3105 2893 traxit,
3129 2833 3194 2871 eo
3209 2816 3417 2893 _colore
3450 2822 3710 2893 quaesito

2044 2888 2200 2963 quod
2232 2906 2404 2963 nemo
2432 2889 2648 2963 absens
2668 2892 2725 2963 et
2753 2888 3057 2963 inauditus
3079 2888 3575 2963 condemnandus
3599 2897 3711 2959 est,

2041 2960 2363 3034 praisertim
2395 2962 2467 3034 ab
2496 2978 2562 3017 eo
2583 2960 2785 3034 judice
2824 2960 2923 3032 qui
2954 2960 3570 3034 sitprorsusignarus
3596 2965 3711 3020 cri-

2041 3031 2240 3089 minis.
2273 3032 2501 3088 Wenilo
2532 3031 2688 3087 enim
2719 3032 2788 3086 de
2817 3031 3151 3087 excessibus
3174 3031 3517 3087 Herimanni
3556 3035 3712 3091 nihil

2040 3104 2343 3177 speciatim
2377 3103 2773 3177 rescripserat,
2809 3103 2911 3158 sed
2944 3102 3002 3177 in
3045 3102 3383 3172 aversione;
3418 3104 3707 3177 frequen-

2038 3174 2126 3232 ter
2155 3174 2421 3231 videlicet
2438 3174 2827 3241 admonitum,
2860 3178 2918 3229 et
2941 3174 3039 3228 diu
3071 3178 3474 3245 exspectatum
3510 3174 3583 3231 ut
3618 3196 3709 3234 re-

2037 3246 2370 3321 valesceret,
2404 3246 2561 3321 haud
2594 3249 2805 3321 tamen
2828 3245 3205 3300 emendatum
3236 3262 3387 3321 esse,
3429 3248 3710 3321 adeoque

280 3331 411 3392 rum
436 3313 660 3392 Galliae1
680 3312 1009 3392 scribenda:
1028 3332 1198 3386 porro
1222 3316 1393 3372 istius
1415 3316 1672 3388 epistolae
1695 3318 1930 3392 Lupinaz
1960 3308 2004 3375 C
2036 3308 2366 3392 episcopale
2384 3317 2643 3392 ofﬁcium
2666 3315 2909 3388 implere
2932 3332 3047 3392 non
3071 3332 3260 3392 posse.
3288 3308 3494 3392 Itaque
3516 3308 3709 3392 infer-

278 3384 398 3440 hazc
425 3400 606 3440 causa
634 3383 763 3439 fuit.

349 3455 760 3523 Herimannus,
796 3454 1107 3527 episcopus
1129 3456 1518 3525 Nivernensis,
1546 3462 1609 3514 ut
1626 3459 1682 3515 in
1707 3461 1927 3527 synodo

274 3528 427 3598 apud
461 3528 837 3605 Suessionem
888 3527 1106 3605 habita
1131 3545 1298 3605 anno
1332 3531 1459 3605 853,
1492 3548 1690 3605 mense
1721 3527 1923 3605 Aprili,

274 3604 631 3671 conquestus
653 3603 743 3671 est
760 3598 1013 3671 Wenjlo,
1039 3600 1181 3671 adeo
1203 3600 1392 3655 dubiae
1411 3602 1681 3657 sanitatis
1704 3598 1845 3671 erat,
1871 3598 1929 3659 et

273 3672 395 3723 tam
410 3668 577 3741 igravi
603 3668 1030 3741 capitisdolore
1052 3669 1375 3737 laborabat,
1410 3679 1473 3727 ut
1502 3674 1559 3727 in
1608 3668 1925 3730 amentiam

273 3739 708 3815 quodammodo
738 3739 1031 3815 videretur
1062 3741 1391 3815 prolapsus,
1421 3744 1679 3815 adeoque
1709 3746 1924 3815 episco-

274 3808 402 3887 pale
433 3808 742 3887 collegium
775 3809 1038 3887 moribus
1062 3808 1203 3887 suis
1226 3808 1652 3887 dehonestarct.
1677 3839 1703 3865 α
1731 3808 1925 3887 injun-

274 3878 435 3936 ctum
467 3885 557 3952 est
586 3878 1051 3952 metropolitano,
1078 3904 1104 3930 ››
1137 3883 1423 3938 Weniloni
1455 3885 1757 3952 nimirum,
1797 3878 1828 3937 ἱ(
1863 3892 1926 3943 ut

274 3952 343 4007 ad
344 3951 570 4023 junctis
586 3950 1023 4036 secum’ali‘quot
1035 3953 1322 4036 episcopis
1338 3956 1408 4009 ad
1430 3956 1712 4036 oppidum
1723 3950 1923 4036 iver-

275 4022 458 4099 nense
478 4022 798 4099 accederet,
843 4022 915 4077 et
947 4022 1146 4099 omnia
1173 4022 1252 4080 ibi
1276 4022 1925 4099 negotia—ecclesiastica

272 4094 565 4172 sapienter
593 4098 1002 4172 _componeret.
1067 4096 1264 4172 ipsum
1326 4094 1457 4153 véro
1512 4100 1921 4172 coepiscopum

270 4164 445 4238 suum
475 4164 897 4238 Heriman‘num
934 4164 1111 4238 apud
1142 4168 1343 4223 urbem
1375 4164 1669 4225 Senonum
1718 4164 1919 4228 secum

269 4237 508 4312 haberet
532 4256 553 4312 ;_
593 4237 776 4312 donec
822 4237 1083 4312 aestivum
1116 4242 1368 4312 tempus,
1402 4242 1555 4312 quod
1586 4241 1750 4297 valde
1782 4260 1919 4299 con-

268 4309 514 4383 trarium
538 4308 866 4383 inﬁrmitati
908 4308 1065 4383 illius
1098 4308 1470 4379 referebatur,
1505 4315 1915 4383 pertransiret:

267 4386 324 4437 et
334 4381 417 4438 sic
429 4380 676 4456 Domino
688 4385 981 4456 annuente
991 4382 1346 4456 abstinentia
1359 4380 1709 4456 competenti
1725 4403 1920 4441 assue-

266 4457 430 4528 tum,
470 4451 786 4528 episcopali
823 4454 1123 4528 gravitate
1162 4451 1536 4528 instructum,
1585 4456 1918 4528 apostolicis

265 4523 529 4579 moribus
562 4523 941 4595 informatum
965 4523 1156 4595 clerus
1188 4529 1245 4579 et
1276 4525 1526 4595 populus
1557 4523 1691 4582 eu—m
1724 4528 1792 4582 ad
1826 4545 1916 4585 se-

264 4595 396 4648 dem
431 4594 725 4667 propriam
751 4593 970 4649 utiliter
991 4594 1213 4649 favente
1236 4593 1333 4650 Dci
1352 4593 1543 4667 gratia
1562 4605 1868 4654 revocaret.
1886 4622 1915 4650 »

265 4666 587 4749 Transacta
619 4666 799 4749 ferme
817 4670 1036 4749 aestate,
1064 4666 1474 4749 Herimannus,
1498 4668 1598 4749 qui
1621 4668 1807 4723 Caroli
1830 4688 1915 4749 re:
1949 4677 1995 4741 ι]

265 4736 355 4859 gis
404 4736 614 4791 studiis
645 4736 798 4791 haud
833 4736 1025 4793 dubie
1056 4737 1450 4805 attollebatur,
1511 4736 1670 4795 visus
1726 4744 1815 4795 cst
1845 4743 1917 4797 ad

307 4822 481 4859 onum
506 4806 730 4859 frua'cm
756 4808 1019 4859 rediisse.
1044 4812 1227 4859 Onam
1246 4810 1317 4859 ob
1344 4827 1462 4859 ram
1486 4810 1737 4859 eniscnni
1763 4813 1912 4859 amid

307 4822 481 4883 cnam
506 4806 731 4883 frugem
756 4808 1019 4883 rediisse.
1044 4812 1228 4873 Quam
1246 4810 1317 4883 ob
1343 4827 1463 4865 rem
1486 4810 1739 4883 episcopi
1763 4813 1914 4883 apud

263 4875 628 4962 Ver-me'r'iam—
642 4876 924 4947 palatium
941 4882 1271 4962 congregati
1296 4875 1561 4962 sequenti
1581 4875 1914 4962 mense‘Au-

264 4952 438 5025 gusto
475 4946 893 5025 Herimannpm
917 4972 943 4997 ‹‹
967 4946 1084 5005 sua":
1118 4946 1325 5025 (Πξίοηὶ
1357 4946 1413 5025 ξι
1441 4953 1711 5025 potestati
1742 4958 1918 5025 atque

265 5016 581 5097 {episcopali
604 5019 877 5097 custpdiee
909 5036 1146 5097 suaeque
1169 5016 1861 5097 Ecclesizegubernationi
1889 5048 1915 5074 ››

265 5088 664 5146 restituerunt.
718 5091 853 5145 Post
901 5088 1125 5152 aliquot
1172 5094 1376 5149 exinde
1408 5088 1592 5151 minos
1642 5095 1917 5152 Nicolaus

264 5178 417 5235 papa
446 5158 669 5235 locatus
700 5164 792 5217 est
819 5161 879 5216 in
910 5158 1046 5217 sede
1070 5162 1238 5219 Petri.
1261 5165 1652 5222 Herimannus
1684 5168 1915 5223 interim

264 5232 563 5289 revolutus
594 5232 665 5287 ad
696 5249 920 5289 errores
952 5249 1110 5300 suos,
1135 5235 1454 5292 Wenilonis
1486 5239 1748 5293 animum
1775 5240 1834 5293 in
1854 5256 1915 5295 se

264 5304 593 5362 concitavit.
628 5304 696 5359 Et
728 5303 868 5375 quia
905 5302 1296 5361 Herimannus
1328 5306 1512 5363 Caroli
1543 5311 1729 5375 gratia
1760 5311 1913 5366 fove-

263 5378 458 5458 batur,
481 5374 934 5458 adeoq‘uefacil‘e
945 5391 1062 5457 non
1080 5378 1521 5458 erat_episcopis
1545 5374 1700 5458 hunc
1723 5380 1911 5458 virum

264 5450 512 5521 dejicere
541 5467 572 5505 e
593 5446 869 5505 cathedra
889 5446 1251 5521 Nivernensi,
1268 5446 1524 5518 Wenilo,
1558 5454 1621 5504 ut
1640 5466 1774 5507 eum
1798 5454 1909 5509 for-

266 5518 383 5576 tius
399 5522 769 5592 opprimeret,
791 5536 898 5592 suo
917 5518 1537 5592 sul’l‘raganeorumque
1558 5522 1791 5577 nomine
1809 5542 1912 5581 au-

265 5589 593 5667 ctoritatem
646 5591 890 5648 Romani
940 5589 1231 5667 pontiﬁcis
1281 5589 1633 5667 imploravit,
1694 5610 1911 5667 gnarus

263 5661 529 5735 videlicet
544 5668 875 5735 temporum
899 5661 1163 5735 suorum.
1184 5661 1343 5715 Hanc
1364 5661 1727 5719 occasionem
1750 5667 1913 5722 avide

266 5734 380 5808 arri
388 5733 814 5808 puit‘Nicolaus
833 5751 1004 5807 papa,
1025 5733 1376 5808 laudataque
1398 5735 1705 5808 magniﬁce
1723 5737 1915 5793 Weni-

269 5805 420 5878 tonis
432 5805 1053 5878 suﬁraganeorunique
1074 5807 1201 5878 ejus
1222 5805 1433 5878 pietate
1446 5805 1842 5875 ac'reverentia
1854 5809 1913 5864 in

269 5877 465 5935 sedem
516 5874 916 5946 apostolicam,
956 5874 1307 5952 exemplum
1341 5878 1400 5934 in
1445 5874 1711 5937 futurum
1752 5895 1820 5935 ex
1849 5896 1917 5936 ea

2037 3387 2289 3465 locutus
2318 3393 2409 3465 est
2449 3387 2728 3465 Nicolaus
2759 3387 3210 3465 anquirendum
3240 3403 3371 3465 esse
3395 3387 3709 3465 deculpis

2037 3461 2314 3518 accusati.
2356 3460 2502 3526 Quid
2536 3464 2731 3515 autem
2763 3458 2965 3531 postea
2994 3458 3318 3531 actumsit,
3351 3459 3498 3531 mihi
3534 3458 3709 3519 coin-

2035 3539 2402 3606 pertumnon
2417 3535 2537 3606 est._
2560 3529 2847 3587 Fortassis
2863 3530 3208 3606 objurgatus
3222 3529 3455 3606 Wenilo
3476 3532 3555 3606 ab
3578 3536 3709 3606 cpi-

2036 3601 2227 3676 secpis
2260 3602 2595 3676 Gallicanis,
2628 3618 2775 3673 quos
2798 3618 2914 3676 non
2943 3601 3191 3657 obscure
3221 3603 3571 3675 perstringit
3604 3601 3709 3661 Ni-

2035 3672 2235 3732 colaus
2257 3676 2328 3730 ad
2355 3672 2722 3729 Wenilonem
2744 3673 3026 3744 scribens,
3050 3676 3333 3743 tanquam
3356 3672 3575 3744 parum
3602 3678 3706 3734 de-

2035 3749 2284 3803 ferentes
2314 3744 2642 3816 auctoritati
2676 3743 2941 3816 episcopi
2956 3744 3234 3816 Romani,
3265 3743 3530 3816 adeoque
3553 3764 3704 3804 cau-

2034 3836 2129 3874 sas
2160 3818 2567 3889 episcoporum
2598 3815 2658 3889 in
2689 3814 3001 3889 provinciis
3022 3814 3294 3886 suisjure
3315 3814 3703 3889 suo'deﬁnire

2032 3884 2489 3968 praesumentesh
2517 3884 2882 3968 objurgatus,
2915 3884 3179 3968 inquam,
3212 3887 3462 3968 ‘Wenilo,
3491 3893 3635 3968 tum
3668 3909 3702 3946 a

2031 3956 2166 4033 rege
2196 3974 2429 4031 quoque
2462 3956 3232 4033 forteanincrepitus,_quod
3264 3974 3326 4013 se
3355 3958 3543 4033 inscio
3580 3961 3699 4017 Ro-

2032 4028 2276 4111 manum
2333 4028 2544 4102 papam
2604 4028 2977 4111 implorasset
3012 4029 3292 4111 adversus
3340 4030 3698 4103 episcopum

2030 4099 2430 4169 Gallicanum;
2451 4099 2882 4157 accusationem
2914 4099 3132 4155 omisit.

2101 4174 2170 4246 (ς)
2204 4168 2448 4246 ῡὶωίξιζδί.
2485 4173 2543 4227 ld
2568 4172 2993 4246 estprovincia,
3018 4175 3083 4246 ut
3103 4168 3442 4246 monuim_us
3464 4172 3539 4227 ad
3564 4174 3694 4245 epi-

2029 4241 2711 4316 stolam84.Nivernensis
2725 4242 2941 4316 quippe
2951 4241 3261 4316 episcopus
3273 4241 3692 4316 suil‘raganéus

2028 4322 2117 4372 est
2146 4315 2572 4386 archiepiscopi
2619 4312 3003 4386 Senonensisi
3048 4312 3693 4386 Sic'Ivo_Car_notensis

2027 4388 2087 4442 in
2110 4381 2363 4458 epistola
2377 4387 2443 4441 61
2466 4381 2731 4458 scribens
2747 4385 2826 4458 ad
2846 4384 3151 4458 Hugonem
3172 4381 3690 4458 archiepiscopum

2026 4455 2500 4531 Lugdunensem,
2533 4455 2648 4531 ait:
2687 4478 2714 4531 (ξ
2746 4455 2965 4531 Verum
2996 4456 3066 4509 de
3097 4471 3162 4510 eo
3193 4455 3349 4531 quod
3373 4455 3688 4531 Consecra-

2025 4525 2245 4585 tionem
2271 4525 2825 4601 Nivernensiselecti
2850 4526 2922 4581 ad
2950 4525 3533 4601 nostramdicecesim
3555 4546 3688 4601 per-

2026 4601 2331 4665 tinentem,
2357 4598 2771 4672 Augustuduni
2796 4596 3406 4672 iacere_disp_osu_i_stis.
3434 4619 3463 4647 ››

2097 4667 2550 4751 (ιωβιζείεὴίᾳῖζεξ
2588 4686 2755 4751 papa.
2812 4668 2928 4751 lloc
2961 4667 3326 4751 _Melchiad_is
3373 4668 3681 4749 decretum

2026 4738 2215 4814 exstat
2244 4742 2303 4796 in
2347 4738 2748 4814 epistola—ejus
2773 4740 2851 4814 ad
2885 4738 3187 4814 episcopos
3220 4738 3637 4814 Hispanienses
3666 4759 3679 4795 :

2030 4836 2058 4864 «
2090 4809 2424 4885 Episcopos,
2458 4809 2670 4885 inquit,
2693 4809 2871 4885 nolite
2893 4809 3180 4885 judicare,
3206 4809 3382 4885 nolite
3400 4811 3684 4885 condem-

2026 4880 2166 4956 nare
2195 4880 2417 4956 absque
2446 4880 2603 4939 sedis
2620 4882 2802 4956 hujus
2821 4880 3182 4956 auctoritate.
3216 4880 3375 4947 Quod
3391 4882 3451 4956 _si
3474 4882 3685 4956 feceri-

2024 4956 2121 5021 tis,
2154 4952 2523 5010 irrita’erunt
2550 4952 2743 5009 vestra
2763 4952 3008 5024 judicia,
3042 4956 3100 5007 et
3128 4968 3229 5007 vos
3260 4952 3682 5009 condemnabi-

2027 5026 2315 5098 mini.Hoc
2327 5025 2483 5098 enim
2496 5023 3005 5098 privilegiumbuic
3018 5027 3231 5098 sanctae
3243 5024 3408 5098 sedis
3413 5029 3686 5098 etcompo-

2025 5097 2190 5153 ribus
2202 5093 2596 5169 apostolorum
2612 5093 2900 5169 statutum
2913 5099 3002 5151 est
3013 5095 3408 5169 servari,qupd
3424 5093 3683 5169 illaesum

2025 5173 2224 5240 manet
2244 5166 2258 5169 “
2279 5185 2466 5240 usque
2496 5167 2563 5240 in
2609 5166 2963 5240 hodiernum
3023 5166 3467 5240 diem._>{Haud
3500 5167 3683 5225 dubie

2024 5236 2430 5318 episcoporum
2435 5240 2459 5311 j
2470 5236 2663 5318 udicia
2680 5237 2946 5318 Romano
2962 5236 3226 5318 pontiﬁci
3236 5241 3531 5318 reservata
3549 5255 3683 5318 esse

2022 5306 2402 5378 constitisset,
2433 5306 2483 5365 si
2534 5309 2852 5380 auctoritas
2880 5306 3052 5365 istius
3082 5307 3342 5380 epistolae
3370 5306 3678 5366 valuisset.

2024 5382 2134 5438 Sed
2167 5380 2444 5461 quoniam
2474 5380 2721 5461 illatum
2753 5379 3027 5461 primum.
3039 5379 3147 5461 per
3173 5397 3273 5436 eas
3287 5384 3683 5461 tempestates

2021 5451 2336 5533 emerserat
2364 5452 2488 5533 (diu
2518 5451 2785 5533 videlicet
2819 5451 3119 5533 recondita
3148 5452 3305 5533 apud
3337 5451 3680 5533 Hispanias,

2021 5526 2205 5582 donec
2254 5523 2517 5580 Ricullus
2574 5522 2887 5648 episcopus
2923 5522 3347 5603 .Moguntinus,
3400 5522 3675 5605 qui_sub_

2021 5596 2223 5648 Carolo
2256 5596 2465 5648 Magno
2499 5594 2713 5648 floruit.
2732 5594 2775 5648 .ll
2804 5610 2897 5648 inc
2920 5610 2977 5648 ιη
3001 5592 3220 5648 Gallias
3250 5592 3447 5648 attulit
3468 5594 3675 5648 [Sidon

2021 5596 2223 5668 Carolo
2256 5596 2465 5668 Magno
2499 5592 2713 5668 floruit,
2732 5592 2897 5668 illinc
2920 5593 2977 5648 in
3001 5592 3220 5668 Callias
3250 5592 3447 5649 attulit
3468 5592 3678 5668 Isidori

2022 5663 2472 5738 Collectione'm),
2506 5666 2575 5738 de
2620 5665 2872 5738 novitate
2901 5663 3217 5738 periciitari
3248 5665 3675 5738 prorsus_vide-

2021 5740 2223 5812 batur;
2257 5734 2581 5812 praesertim
2602 5753 2735 5812 cum
2758 5734 3469 5812 episcopi_Ga.llicani,_qui
3492 5734 3673 5812 Colle-

2022 5804 2277 5866 ctioneni
2303 5810 2464 5866 illam
2488 5804 3181 5879 admittere—recusabant,
3205 5804 3435 5879 publice
3456 5805 3673 5879 excipe-

2023 5887 2152 5940 rent
2179 5879 2458 5955 epistolas
2479 5880 2611 5938 illas
2640 5883 2901 5939 veterum
2924 5877 3244 5953 praesulum
3275 5877 3670 5936 Romanorum
