3982 6152
395 354 510 418 62³Ῑ

1381 353 1453 415 B.
1501 352 1568 416 S.
1611 350 1793 416 LUPI
1836 348 2168 413 ABBATIS
2211 346 2808 412 FERRARIENSIS.

3615 350 3710 416 628

395 489 557 558 Quod
588 504 893 562 nunquam
923 485 1080 544 enim
1108 484 1328 543 veritus
1359 485 1566 553 fuerat,
1585 484 1854 542 ultricem
1884 484 2038 542 212
2066 482 2122 550 Α
2151 497 2494 554 recuperare
2522 497 2628 537 nec
2656 484 2874 554 posset,
2903 478 3175 537 habituro
3203 476 3408 551 invidit,
3435 485 3487 540 et
3508 482 3715 544 fortasse

394 578 783 650 comitemque
813 577 1030 650 peccati
1066 574 1599 648 concupiscentiam
1631 574 1835 643 sensit,
1860 589 2038 629 mem-

2145 570 2489 643 priusquam
2537 570 2711 627 verba
2766 570 2980 639 ederet,
3023 569 3316 626 incautum
3359 588 3465 643 qua
3513 575 3718 645 perierat

392 668 632 724 brorum
681 664 903 721 scilicet
948 663 1290 738 genitalium
1340 663 1685 736 appetitum,
1727 679 1902 735 quem
1955 662 2039 718 ita
2146 664 2309 733 peste
2337 659 2613 732 corrupit.
2639 657 2939 725 Quomodo
2970 657 3126 714 enim
3145 658 3719 732 adcapiendumcibum

390 753 691 810 exhorruit
720 756 784 807 ut
814 752 885 807 ad
918 752 1160 824 pudoris
1186 751 1508 807 remedium
1537 751 1796 807 velamen
1817 768 2037 823 quare-

2146 747 2400 805 exterius
2429 752 2550 803 tam
2579 747 2690 803 cito
2721 747 3132 820 acquievisset,
3170 746 3280 803 nisi
3310 749 3375 804 ad
3406 749 3721 809 obtinendam

394 847 481 898 ret
503 839 883 906 foliorum,ita
904 840 1200 895 adamavit
1222 844 1287 895 ut
1304 841 1375 895 ad
1390 841 1621 911 justum
1644 839 2039 895 damnationis
2148 836 2445 925 propriam
2527 836 2875 925 libertatem?
2938 835 3254 893 tumuisset
3317 842 3441 894 ante
3482 839 3725 898 interius?

387 930 675 1004 judicium
704 929 1107 1000 importunam
1137 930 1266 1000 ejus
1322 927 1656 983 illeeebram
1707 945 1813 984 nec
1844 928 1893 984 si
1924 927 2039 984 vel-

394 1020 477 1076 let
505 1020 579 1091 (a)
602 1018 782 1075 vitare
804 1018 1286 1083 sufﬁceret.0uod
1310 1018 1507 1089 itaque
1524 1033 1763 1089 peccare
1775 1022 1972 1089 posset
1993 1016 2042 1073 si

394 1108 585 1177 vellet,
619 1108 912 1180 peccando
944 1105 1258 1179 publicavit
1282 1106 1458 1177 ;quod
1490 1123 1621 1161 vero
1649 1109 1846 1178 posset
1866 1105 2043 1162 etiam

398 1215 514 1254 non
545 1213 783 1269 peccare
814 1196 863 1250 si
892 1194 1082 1263 vellet,
1123 1194 1387 1250 conditor
1433 1193 1722 1266 patefecit,
1755 1194 1855 1266 qui
1885 1212 2046 1251 com-

400 1286 660 1342 minatus
692 1300 943 1357 poenam,
978 1300 1049 1339 ne
1096 1287 1362 1355 peccaret
1418 1283 1788 1355 praemonuit.
1835 1283 2048 1340 Habuit

400 1392 535 1448 ergo
552 1375 737 1430 Adam
751 1373 1000 1428 liberum
1014 1371 1329 1428 voluntatis
1345 1372 1652 1428 arbitrium
1666 1377 1723 1429 et
1741 1373 1813 1428 ad
1826 1374 2046 1429 bonum

401 1468 458 1521 et
488 1464 559 1519 ad
590 1462 813 1518 malum
840 1480 853 1529 ;
887 1461 989 1517 sed
1020 1462 1093 1517 ad
1124 1460 1343 1516 bonum
1394 1461 1588 1517 divino
1621 1478 1861 1518 munere
1882 1463 2049 1535 adju-

399 1553 681 1620 vandum,
712 1551 783 1606 ad
816 1549 1036 1606 malum
1064 1553 1260 1605 autem
1294 1550 1487 1606 divino
1523 1550 1748 1622 judicio
1779 1552 2049 1608 deseren-

403 1640 1079 1705 dum.Quemadmodum
1105 1638 1261 1694 enim
1281 1657 1395 1695 non
1420 1640 1793 1712 adjuvaretur
1811 1640 1871 1695 in
1897 1642 2050 1697 bono

406 1731 478 1786 ab
509 1746 574 1785 eo
602 1726 703 1801 qui
731 1727 850 1782 vita
874 1730 1029 1783 esset
1056 1727 1264 1782 animae
1296 1728 1444 1799 ejus,
1480 1732 1544 1783 ut
1571 1728 1769 1784 anima
1792 1728 2052 1802 corporis

404 1817 834 1889 eius?Denique
863 1816 913 1872 si
943 1818 1132 1871 anima
1160 1832 1286 1888 qua:
1299 1819 1616 1888 peecaverit,
1644 1819 1765 1889 ipsa
1790 1821 2056 1875 morietur

407 1906 622 1977 (Ezech.
650 1904 832 1976 xvm),
869 1909 933 1961 ut
988 1904 1326 1977 prophetica
1356 1905 1680 1977 praescribit
1717 1907 2053 1976 auctoritas,

408 2011 773 2067 consequens
794 1998 883 2050 est
897 1998 961 2049 ut
981 1993 1135 2050 vivat
1146 2012 1272 2067 quae
1295 1995 1441 2051 bene
1455 1995 1702 2068 gesserit
1730 1997 2058 2054 vivificante

408 2084 523 2140 Deo
551 2083 669 2139 vita
696 2083 905 2155 ipsius.
942 2082 1213 2139 Liberum
1236 2087 1434 2139 autem
1462 2084 1718 2141 hominis
1748 2085 2056 2142 arbitrium

407 2172 467 2227 in
499 2171 652 2227 malo
683 2171 898 2227 idcirco
929 2172 1119 2227 fuerat
1149 2172 1342 2227 divino
1367 2173 1594 2245 judicio
1626 2175 2012 2231 deserendum
2039 2194 2053 2242 ;

406 2261 547 2334 quia
573 2278 706 2317 cum
737 2259 821 2316 illi
843 2278 1011 2333 aequa
1030 2260 1277 2316 facultas
1305 2262 1440 2316 boni
1464 2262 1722 2336 malique
1742 2268 2053 2334 constaret,

406 2349 569 2406 nulla
615 2349 956 2423 indigentia,
1010 2349 1172 2405 nulla
1227 2350 1518 2418 violentia,
1579 2351 1935 2409 voluntatem
1983 2355 2052 2409 ad

404 2438 627 2495 malum
660 2439 901 2507 inﬂexit,
936 2439 1076 2493 dum
1111 2443 1464 2511 praeceptum
1496 2441 1597 2496 Dei
1629 2442 1718 2496 sui
1747 2442 2056 2498 observatu

408 2527 815 2597 facillimum,a
847 2545 962 2600 quo
988 2544 1048 2583 se
1076 2531 1241 2583 tanta
1270 2528 1424 2584 bona
1444 2530 1772 2602 percepisse
1800 2530 2053 2600 videbat,

407 2616 691 2691 sacrilega
720 2616 1019 2689 impietate
1048 2616 1215 2688 quasi
1244 2622 1583 2690 suspectum
1615 2620 2059 2692 contempsit,et

407 2704 595 2761 hostis
622 2705 825 2778 ignoti,
858 2705 1029 2775 cujus
1060 2704 1118 2758 in
1150 2703 1314 2760 nullo
1346 2706 1581 2778 penitus
1622 2706 1940 2781 indigebat,
1976 2708 2056 2764 in-

409 2794 931 2861 citamentum,non
964 2792 1155 2849 solum
1180 2794 1251 2848 ad
1283 2811 1523 2851 examen
1562 2796 1662 2852 Dei
1697 2814 1812 2853 non
1841 2797 2055 2867 retulit,

409 2901 611 2939 verum
645 2882 851 2939 audaci
883 2883 1209 2939 temeritate
1232 2884 1397 2956 quasi
1421 2885 1793 2957 profuturum
1814 2888 2056 2959 excepit.

413 2971 754 3028 Justissime
783 2971 964 3044 igitur
986 2971 1045 3026 in
1077 2970 1176 3027 illo
1206 2972 1375 3027 haesit
1423 2974 1577 3045 quod
1629 2979 1834 3046 sponte
1865 2975 2057 3049 elegit.

389 3061 483 3140 Ἐἰ
511 3060 670 3132 quia,
705 3064 768 3114 ut
797 3058 1108 3132 Apostolus
1138 3060 1401 3129 assserit,
1434 3062 1494 3114 in
1522 3077 1583 3116 eo
1607 3078 1790 3117 omnes
1815 3079 2062 3135 peccave-

2151 924 2686 998 Quomodocunque
2729 924 3052 999 contigerit,
3087 929 3288 981 auctor
3336 927 3501 982 nostri
3543 928 3730 1000 generis

2152 1032 2280 1082 suo,
2314 1019 2379 1070 ut
2408 1015 2601 1087 palam
2632 1019 2744 1085 est,
2776 1015 2917 1070 vitio
2949 1014 3178 1071 cecidit.
3212 1016 3281 1071 Et
3328 1016 3577 1088 quoniam
3604 1017 3654 1072 in
3678 1035 3731 1074 eo

2152 1120 2357 1160 omnes
2383 1102 2984 1176 peccavimus,omnes
3007 1120 3112 1159 nos
3133 1102 3193 1158 in
3224 1103 3442 1176 lapsum
3461 1106 3574 1176 ejus
3599 1105 3735 1162 ruina

2155 1190 2356 1265 procul
2388 1191 2566 1248 dubio
2597 1207 2797 1247 secum
2820 1192 3207 1265 traxit.Atque
3227 1191 3453 1248 cuilibet
3477 1192 3611 1250 sicut
3629 1210 3734 1267 pos-

2157 1280 2326 1337 sibile
2357 1285 2449 1336 est
2482 1297 2617 1336 cum
2664 1278 2913 1337 voluerit
2943 1280 3002 1336 in
3054 1280 3278 1337 foveam
3325 1298 3384 1337 se
3412 1282 3737 1355 precipitare,

2157 1386 2283 1442 quae
2312 1368 2388 1424 sit
2418 1368 2616 1442 ampla
2647 1385 2751 1425 nec
2772 1369 2979 1426 scabra
2992 1373 3189 1426 tamen
3202 1370 3622 1443 crepidine,cum
3635 1387 3739 1427 vero

2157 1458 2354 1531 egredi
2384 1456 2631 1514 voluerit
2661 1475 2776 1514 non
2805 1457 3040 1525 valebit,
3060 1458 3175 1515 nisi
3204 1458 3531 1532 (b)extrariis
3558 1459 3743 1517 nisibus

2159 1546 2487 1619 adjuvetur,
2519 1547 2599 1603 ita
2649 1547 2876 1620 primus
2916 1547 3093 1604 homo
3138 1552 3344 1621 sponte
3385 1549 3526 1606 214
3552 1548 3743 1621 quidem

2160 1636 2384 1705 cecidit,
2419 1637 2480 1692 in
2509 1653 2623 1709 quo
2660 1636 2772 1709 ipsi
2821 1635 3186 1711 originaliter
3238 1637 3384 1711 lapsi
3439 1654 3645 1706 sumus,
3669 1638 3746 1694 sed

2161 1741 2322 1781 emno
2354 1726 2572 1799 peccati
2604 1742 2731 1795 nos,
2786 1725 3020 1782 etiamsi
3077 1724 3369 1796 volumus,
3398 1725 3639 1800 expedire
3660 1742 3747 1782 non

2165 1830 2481 1885 possumus
2509 1818 2576 1869 ut
2622 1831 3023 1888 resurgamus,
3056 1813 3171 1871 nisi
3202 1819 3512 1889 prostratos
3537 1815 3752 1872 extrahat

2164 1907 2221 1958 et
2248 1901 2435 1976 erigat
2464 1901 2655 1974 gratia
2685 1902 2787 1959 Dei
2818 1919 2920 1975 per
2945 1903 3147 1961 Jesum
3169 1903 3462 1961 Christum
3490 1904 3751 1961 Dominum

2167 1991 2786 2048 nostrum.Voluntarii
2804 1992 3069 2049 criminis
3088 1997 3322 2050 tantum
3345 1993 3552 2049 malum
3568 2010 3665 2049 non
3677 1992 3752 2048 ho-

2166 2079 2384 2136 minem
2416 2080 2672 2154 primum
2705 2082 2900 2150 modo,
2935 2083 3036 2138 sed
3090 2083 3423 2140 universam
3476 2082 3633 2139 etiam
3656 2081 3753 2153 ejus

2166 2168 2625 2238 sobolem,sexus
2656 2170 2964 2243 utriusque
2993 2170 3203 2243 copula
3236 2168 3753 2240 manantem,merito

2166 2256 2559 2313 damnationis
2589 2258 2902 2315 obstrinxit
2921 2276 3288 2332 ;quam,cum
3311 2261 3506 2317 eadem
3534 2275 3686 2317 causa
3701 2257 3759 2313 sit

2165 2346 2452 2417 omnium,
2486 2348 2881 2403 communiter
2900 2365 3105 2405 omnes
3119 2345 3757 2422 paterent‘ur,quippequi

2165 2453 2281 2491 non
2313 2436 2449 2492 Deo.
2496 2436 2598 2493 sed
2648 2436 2880 2494 diabolo
2935 2437 3398 2496 auscultaverint
3446 2454 3649 2495 omnes.
3671 2436 3761 2492 Nec

2165 2514 2303 2581 hinc
2333 2524 2582 2580 oriretur
2639 2526 2796 2596 iusta
2856 2526 3200 2599 conquestio
3264 2527 3530 2601 aequitate
3579 2527 3763 2582 servata

2166 2618 2556 2686 praeterquam
2587 2615 2742 2685 quod
2776 2620 3141 2672 mererentur
3169 2615 3355 2673 nullis
3382 2613 3762 2689 recipientibus,

2166 2701 2278 2759 nisi
2309 2706 2463 2759 esset
2506 2707 2678 2769 Deus,
2733 2704 3231 2775 quemadmodum
3295 2701 3765 2779 incomparabiliter

2163 2791 2468 2864 justus,ita
2500 2790 2865 2848 ineffabiliter
2885 2792 3165 2865 pius,imo
3190 2799 3261 2850 ut
3289 2795 3460 2851 verbo
3482 2797 3763 2851 nostrarum

2168 2879 2600 2952 Scripturarum
2635 2885 2888 2949 utamur,
2927 2899 3043 2954 quo
3095 2880 3448 2958 colligimur,
3481 2899 3585 2956 quo
3611 2878 3764 2940 salva-

2168 2969 2681 3040 mur,misericors.
2708 2970 2854 3026 Cum
2876 2970 3074 3043 itaque
3095 2988 3203 3029 suo
3226 2972 3438 3029 merito
3459 2968 3766 3046 pereundum

2169 3062 2323 3115 esset
2353 3057 2651 3130 omnibus,
2684 3058 2881 3132 plures
2912 3059 3110 3117 divina
3138 3061 3403 3119 bonitate
3430 3055 3766 3118 salvantur.ln

412 3158 543 3204 runt
570 3152 743 3218 (Rom.
776 3148 917 3218 v),in
949 3148 1221 3202 omnibus
1252 3163 1380 3218 ejus
1409 3147 1608 3203 vitiata
1636 3154 1724 3204 est
1755 3155 1964 3206 natura
1993 3169 2060 3207 ex
2170 3146 2262 3202 his
2276 3164 2665 3220 agnoscamus
2680 3152 2735 3203 et
2751 3147 3768 3220 amplectamurmisericordiamejus;

410 3242 659 3308 utroque
688 3253 824 3291 sexu
861 3234 1201 3308 progenitiS,
1223 3240 1288 3290 ut
1310 3238 1379 3290 ad
1413 3236 1562 3292 male
1594 3240 2057 3313 agendum,qua.
2088 3223 2131 3288 C
2169 3238 2226 3291 et
2254 3240 2318 3291 ut
2346 3235 2439 3291 his
2471 3237 2773 3309 aggregari
2804 3253 3136 3293 mereamur
3164 3239 3423 3313 supplici
3458 3233 3772 3295 observantia

410 3336 579 3382 tenus
611 3329 801 3380 tamen
838 3325 1104 3397 progredi
1136 3323 1550 3396 permittimur,
1586 3327 1662 3382 sit
1684 3329 1849 3383 nobis
1880 3335 1944 3384 ut
1974 3329 2057 3385 illi

406 3415 655 3471 liberum
692 3414 844 3471 213
876 3413 1208 3478 arbitrium,
1255 3414 1325 3468 ad
1362 3415 1507 3469 bene
1563 3420 1758 3472 autem
1817 3434 2058 3490 operan-

407 3506 548 3559 dum
581 3520 949 3575 nequaquam
983 3501 1058 3557 sit
1082 3502 1354 3570 liberum,
1387 3503 1500 3559 nisi
1531 3504 1704 3559 fuerit
1747 3506 1845 3562 Dei
1868 3508 2059 3579 gratia

406 3591 738 3647 liberatum.
794 3591 855 3644 In
908 3589 1095 3661 primo
1140 3595 1377 3662 parente
1427 3598 1647 3659 nostro,
1679 3595 1777 3665 qui
1830 3595 2057 3651 utinam

409 3678 693 3745 stetisses,
740 3695 944 3733 omnes
998 3679 1289 3749 peccando
1347 3680 1688 3750 cecidimus,
1747 3687 1802 3737 et
1853 3700 2057 3740 omnes

408 3766 706 3823 communi
736 3766 940 3821 merito
994 3765 1361 3822 atrocissima
1417 3768 1652 3840 quidem
1703 3788 1908 3827 sumus
1955 3774 2057 3829 sed

400 3853 736 3927 justissima
752 3871 920 3926 poena
936 3854 1348 3911 damnati.Non
1371 3857 1577 3913 fuisset
1597 3858 1771 3914 homo
1792 3859 2058 3934 ingratus

410 3943 461 3999 ei
503 3942 601 4015 qui
653 3960 714 3998 se
771 3942 1003 4011 fecerat,
1063 3943 1525 4016 obtemperasset
1580 3948 1886 4015 conditori,
1940 3968 2055 4006 non

408 4031 721 4099 seductori,
752 4030 1033 4086 noluisset
1063 4047 1192 4087 esse
1242 4032 1352 4087 nisi
1405 4035 1558 4106 quod
1589 4035 1759 4092 vellet
1790 4038 1888 4109 qui
1919 4056 2055 4095 eum

408 4121 668 4194 potentia
697 4121 929 4186 fecerat,
962 4120 1271 4176 clementia
1313 4123 1698 4195 gubernabat.
1739 4125 1927 4183 Verba
1957 4128 2056 4184 ho-

406 4210 534 4278 stis,
568 4226 694 4282 quae
726 4208 1050 4265 forinsecus
1075 4227 1175 4282 per
1190 4214 1518 4282 serpentem
1541 4221 2057 4285 sonuerunt,sacra

405 4298 691 4355 revelante
722 4297 1042 4370 Scriptura,
1076 4300 1489 4372 cognovimus:
1525 4319 1652 4373 quae
1682 4320 1814 4360 vero
1844 4304 2053 4361 intrin-

404 4404 573 4444 secus
604 4387 783 4443 menti
806 4387 1075 4442 humanm
1108 4389 1503 4461 suggestionis
1532 4391 1836 4449 molimina
1860 4395 2056 4450 admo-

402 4476 566 4543 verit,
586 4475 815 4531 tametsi
840 4475 1241 4531 indubitanter
1258 4493 1369 4531 non
1391 4476 1654 4534 valemus
1673 4482 2052 4553 comprehen-

2169 3325 2579 3380 mandatorum
2612 3324 2801 3398 ipsius
2831 3330 2888 3380 et
2918 3326 3188 3398 precibus
3228 3329 3490 3384 assiduis
3519 3327 3772 3382 ﬂectamus

2168 3413 2592 3486 indulgentiam
2615 3414 2915 3485 ejus.Cum
2937 3432 3070 3471 vero
3093 3416 3300 3472 itidem
3325 3416 3522 3491 plures
3540 3417 3774 3471 damnan-

2167 3506 2282 3569 tur,
2334 3520 2450 3557 non
2498 3502 3020 3575 reprehendamus,
3049 3504 3191 3575 quia
3245 3506 3457 3563 merito
3513 3521 3612 3561 suo
3644 3503 3773 3573 justo

2167 3592 2555 3659 damnantur;
2591 3593 2691 3647 sed
2727 3592 3214 3664 pertimescamus
3237 3594 3541 3666 judicium
3561 3595 3674 3665 ejus
3698 3585 3775 3661 qni

2168 3684 2255 3735 est
2297 3679 2575 3736 terribilis
2622 3681 2680 3735 in
2739 3680 2998 3737 consiliis
3051 3699 3230 3756 super
3293 3684 3445 3740 filios
3493 3681 3773 3746 hominum,

2168 3785 2390 3841 nosque
2421 3768 2587 3840 paria
2617 3773 2906 3826 merentes
2925 3769 3211 3827 miremur
3227 3771 3496 3844 potuisse
3518 3765 3778 3827 salvarizut

2165 3856 2377 3913 horum
2428 3857 2891 3914 consideratione
2941 3859 3259 3917 ferventius
3321 3861 3691 3918 accendamur
3718 3852 3773 3910 ad

2166 3946 2887 4015 amandam,laudandam,
2902 3948 3337 4020 praedicandam
3364 3943 3777 4007 misericordiam

2166 4035 2314 4106 ejus.
2348 4035 2449 4091 His
2479 4035 2812 4091 constitutis
2842 4039 2899 4090 et
2920 4036 3074 4092 fideli
3095 4054 3353 4095 assensu
3385 4036 3776 4102 retentis,nemo

2165 4122 2355 4179 sobrie
2405 4122 2757 4196 sapientium
2805 4124 2914 4179 erit
2962 4125 3229 4182 nesciens
3299 4145 3417 4184 non
3465 4141 3588 4183 esse
3626 4123 3777 4179 Deum

2164 4216 2459 4267 auctorem
2491 4228 2846 4284 causamque
2892 4212 3236 4284 perditionis
3287 4214 3535 4283 homini,
3567 4226 3718 4285 quem
3736 4208 3781 4261 el-

2163 4304 2387 4356 rectum
2418 4299 2695 4368 condidit,
2729 4305 2786 4355 et
2814 4317 3006 4373 posse,
3031 4300 3079 4358 si
3104 4301 3362 4359 velletin
3396 4320 3502 4360 suo
3530 4305 3673 4359 statu
3687 4311 3780 4353 ma-

2163 4405 2299 4444 nere
2327 4389 2618 4444 monendo
2649 4389 3016 4444 monstravit.
3050 4391 3201 4448 215
3259 4393 3533 4465 Namque
3569 4387 3779 4445 necdum

2161 4481 2285 4532 erat
2313 4478 2440 4549 ejus
2482 4476 2684 4533 vitiata
2735 4482 2945 4533 natura
2992 4482 3058 4533 ut
3113 4478 3203 4535 vel
3254 4480 3503 4536 scienda
3548 4473 3777 4537 nesciret:

404 4565 560 4634 dere,
592 4568 787 4655 tatnen
804 4564 1107 4655 probabili
1128 4652 1138 4655 Δ
1159 4565 1494 4655 conjectura
1544 4584 1862 4639 possumus
1899 4571 2053 4627 zesti-
2083 4591 2129 4655 Β
2159 4565 2246 4621 vel
2276 4565 2998 4655 impedientedifﬁcultate
3019 4567 3249 4641 cognita
3282 4568 3531 4642 implere
3552 4584 3657 4624 non
3673 4577 3782 4655 pose

403 4669 583 4707 mare.
618 4653 917 4723 Siquidem
951 4652 1219 4709 diabolus
1272 4654 1434 4709 misit
1462 4654 1523 4710 in
1578 4672 1677 4712 cor
1709 4662 1773 4713 ut
1801 4660 2056 4716 traderet
2083 4652 2119 4655 —
2163 4654 2565 4711 set.Nimirum
2597 4653 2947 4727 sibimetipsi
2981 4655 3176 4725 homo,
3209 4663 3318 4713 aut
3360 4675 3432 4714 ex
3471 4658 3673 4729 seipso,
3699 4652 3781 4705 aut

402 4740 717 4796 Dominum
750 4741 780 4795 J
790 4742 955 4809 udas,
980 4759 1095 4797 non
1128 4742 1321 4815 palam
1352 4744 1592 4800 vocibus
1613 4750 2047 4820 perstrependo,

398 4844 602 4883 verum
635 4827 1013 4886 clandestinis
1043 4830 1292 4886 avaritiae
1315 4831 1539 4888 facibus
1556 4832 1835 4890 miserum
1854 4853 2051 4893 accen-

403 4915 613 4971 dendo.
647 4915 1065 4974 Celsitudinem
1087 4918 1495 4977 similitudinis
1526 4920 1627 4978 Dei
1656 4924 2047 4996 superbiendo

401 5003 670 5061 diabolus
700 5006 1108 5078 concupierat;
1135 5008 1381 5079 jamque
1420 5008 1593 5065 alieni
1626 5016 1925 5084 appetens,
1956 5014 2048 5070 sui

398 5093 617 5167 gradus
647 5095 930 5167 dignitate
959 5095 1545 5168 deeiderat.Dumque
1576 5098 1725 5156 hanc
1756 5117 1861 5156 nec
1882 5101 2051 5158 vellet

467 5290 543 5360 (α)
570 5292 784 5367 Vitare
815 5291 1117 5367 sufﬁceret.
1164 5289 1433 5367 Valerius
1493 5291 1782 5367 Maximus
1831 5296 1933 5354 lib.
1966 5316 2042 5367 1x,

394 5376 521 5431 cap.
560 5361 626 5414 1:
662 5383 689 5409 «
727 5359 1013 5440 [Blandum
1035 5361 1219 5440 etiam
1278 5360 1497 5440 malum
1548 5363 1812 5440 luxuria:
1866 5359 2044 5440 quam

393 5429 668 5503 accusare
700 5429 998 5503 aliquanto
1031 5430 1259 5485 facilius
1290 5436 1397 5503 est,
1431 5448 1607 5503 quam
1636 5436 1836 5493 vitare.
1865 5429 1899 5488 ›ἷ
1922 5441 2044 5496 Ru-

391 5501 572 5584 ricius
605 5500 704 5584 lib.
740 5500 814 5584 ιμ’
834 5502 1002 5584 epist.
1036 5503 1141 5557 l2:
1183 5500 1603 5584 «Etjdeo'vide
1632 5509 1785 5584 quod
1820 5510 2042 5568 malum

390 5572 703 5647 sit,_lrater
733 5572 1097 5647 charissima,
1155 5573 1334 5647 quod,
1365 5573 1505 5647 dum
1564 5572 1906 5647 detestatur,
1940 5584 2042 5637 ad-

390 5639 644 5718 mittitur
672 5659 686 5708 ;
718 5644 862 5718 dum
892 5639 1212 5718 refugitur',
1232 5642 1324 5718 vix
1352 5644 1772 5718 vitatur.»Eam
1805 5651 1878 5705 ob
1892 5639 2041 5708 'cau-

387 5726 515 5767 sam
550 5710 1052 5772 Pseudo-Plautus
1100 5714 1245 5771 dixit
1274 5713 1333 5769 in
1386 5716 1651 5784 Querolo,
1687 5719 2037 5778 adulterium

2158 4759 2227 4799 ex
2256 4742 2507 4809 diabolo,
2541 4741 2763 4799 malum
2791 4743 3055 4817 concepit
3075 4750 3133 4801 et
3150 4747 3554 4819 peperit,dum
3576 4762 3609 4800 a
3634 4758 3691 4799 se
3708 4736 3783 4794 di-

2154 4832 2349 4888 vinam
2380 4830 2708 4887 amoliendo
2741 4832 3117 4889 reverentiam
3144 4834 3447 4908 deceptori
3479 4830 3723 4894 credidit,
3737 4828 3783 4879 et

2156 4920 2355 4976 cibum
2400 4920 2738 4992 usurpando
2779 4920 3050 4977 illicitum
3091 4923 3347 4996 capitale
3404 4924 3623 4979 crimen
3652 4931 3781 4976 com-

2157 5009 2338 5064 misit.
2375 5008 2719 5076 lstud,istud
2742 5008 2914 5081 plane
2943 5011 3280 5068 mortalium
3303 5012 3519 5086 generi
3549 5006 3781 5067 omnium

2155 5113 2333 5153 causa
2346 5095 2456 5151 fuit
2474 5095 3172 5167 malorum.(c)Peccatum
3186 5098 3489 5172 siquidem
3502 5108 3784 5173 pmnacon-

2154 5292 2383 5367 crimen
2400 5307 2522 5367 non
2558 5307 2705 5367 esse:
2736 5293 2892 5367 fl‘um
2940 5294 3141 5349 addit:
3177 5316 3206 5346 «
3236 5294 3361 5351 Hoc
3401 5299 3495 5352 est
3521 5291 3671 5367 quod
3698 5300 3783 5345 nec

2153 5361 2412 5444 permitti
2431 5377 2563 5444 nec
2578 5362 2879 5444 prohiberi
2911 5369 3120 5444 potest.
3159 5388 3186 5444 ῃ

2226 5435 2299 5506 (b)
2332 5432 2631 5507 Extrarz'is.
2666 5432 2761 5507 Sic
2802 5435 2862 5489 in
2911 5432 3091 5507 epist.
3150 5435 3292 5491 dicit
3349 5435 3596 5491 extrarii
3618 5433 3780 5507 hosta.

2150 5504 2450 5561 Extrarius
2479 5509 2672 5558 autem
2709 5505 2863 5560 idem
2895 5504 2985 5561 est
3013 5508 3114 5578 qui
3164 5511 3507 5574 extraneus,
3539 5509 3598 5561 et
3624 5504 3784 5560 exter-

2152 5594 2284 5633 [1118.

2221 5650 2293 5730 (ε)
2321 5651 2611 5730 Peccatum
2640 5661 2803 5730 panis
2820 5644 3635 5730 consnggiturLSalvianusjn

2149 5714 2337 5790 primo
2369 5716 2440 5772 de
2470 5714 2901 5774 Gubernatione
2942 5714 3043 5775 Dei
3070 5736 3082 5775 :
3117 5742 3146 5769 ‹‹
3178 5717 3354 5785 Quod
3401 5717 3595 5791 potuit
3621 5714 3789 5783 majus
